date,symbol,eps,revenue_ttm,pe_ratio,accumulateddepreciationamortizationppe,beta,book_value,capitalexpenditures,capitalleaseobligations,cashandcashequivalentsatcarryingvalue,cashandshortterminvestments,cashflowfromfinancing,cashflowfrominvestment,changeincashandcashequivalents,changeinexchangerate,changeininventory,changeinoperatingassets,changeinoperatingliabilities,changeinreceivables,commonstock,commonstocksharesoutstanding,comprehensiveincomenetoftax,costofgoodsandservicessold,costofrevenue,currentaccountspayable,currentdebt,currentlongtermdebt,currentnetreceivables,deferredrevenue,depreciation,depreciationandamortization,depreciationdepletionandamortization,dividend_per_share,dividend_yield,dividendpayout,dividendpayoutcommonstock,dividendpayoutpreferredstock,earnings_growth_yoy,earnings_surprise,ebit,ebitda,estimated_eps,fiscaldateending,forward_pe,goodwill,gross_profit_ttm,grossprofit,incomebeforetax,incometaxexpense,intangibleassets,intangibleassetsexcludinggoodwill,interestanddebtexpense,interestexpense,interestincome,inventory,investmentincomenet,investments,longtermdebt,longtermdebtnoncurrent,longterminvestments,netincome,netincomefromcontinuingoperations,netinterestincome,noninterestincome,operating_margin_ttm,operatingcashflow,operatingexpenses,operatingincome,othercurrentassets,othercurrentliabilities,othernoncurrentassets,othernoncurrentliabilities,othernonoperatingincome,paymentsforoperatingactivities,paymentsforrepurchaseofcommonstock,paymentsforrepurchaseofequity,paymentsforrepurchaseofpreferredstock,peg_ratio,price_to_book,price_to_sales_ttm,proceedsfromissuanceofcommonstock,proceedsfromissuanceoflongtermdebtandcapitalsecuritiesnet,proceedsfromissuanceofpreferredstock,proceedsfromoperatingactivities,proceedsfromrepaymentsofshorttermdebt,proceedsfromrepurchaseofequity,proceedsfromsaleoftreasurystock,profit_margin,profitloss,propertyplantequipment,report_date,report_type,reported_eps,reportedcurrency,reporttime,researchanddevelopment,retainedearnings,return_on_assets_ttm,return_on_equity_ttm,revenue_growth_yoy,revenue_per_share_ttm,sellinggeneralandadministrative,shortlongtermdebttotal,shorttermdebt,shortterminvestments,sma_200,sma_50,surprise_pct,totalassets,totalcurrentassets,totalcurrentliabilities,totalliabilities,totalnoncurrentassets,totalnoncurrentliabilities,totalrevenue,totalshareholderequity,trailing_pe,treasurystock,week_52_high,week_52_low
1996-03-31,ADM,,,,,,,,,,,,,,,,,,,,,,,,,,,,,,,,,,,,,,0.03,,,0.22,,,,,,,,,,,,,,,,,,,,,,,,,,,,,,,,,,,,,,,,,,,,,,,,,1996-04-15,,0.25,,pre-market,,,,,,,,,,,,,13.6364,,,,,,,,,,,,
1996-06-30,ADM,,,,,,,,,,,,,,,,,,,,,,,,,,,,,,,,,,,,,,0.0,,,0.22,,,,,,,,,,,,,,,,,,,,,,,,,,,,,,,,,,,,,,,,,,,,,,,,,1996-07-15,,0.22,,pre-market,,,,,,,,,,,,,0.0,,,,,,,,,,,,
1996-09-30,ADM,,,,,,,,,,,,,,,,,,,,,,,,,,,,,,,,,,,,,,0.04,,,0.2,,,,,,,,,,,,,,,,,,,,,,,,,,,,,,,,,,,,,,,,,,,,,,,,,1996-10-15,,0.24,,pre-market,,,,,,,,,,,,,20.0,,,,,,,,,,,,
1996-12-31,ADM,,,,,,,,,,,,,,,,,,,,,,,,,,,,,,,,,,,,,,-0.06,,,0.32,,,,,,,,,,,,,,,,,,,,,,,,,,,,,,,,,,,,,,,,,,,,,,,,,1997-01-16,,0.26,,pre-market,,,,,,,,,,,,,-18.75,,,,,,,,,,,,
1997-03-31,ADM,,,,,,,,,,,,,,,,,,,,,,,,,,,,,,,,,,,,,,-0.14,,,0.22,,,,,,,,,,,,,,,,,,,,,,,,,,,,,,,,,,,,,,,,,,,,,,,,,1997-04-15,,0.08,,pre-market,,,,,,,,,,,,,-63.6364,,,,,,,,,,,,
1997-06-30,ADM,,,,,,,,,,,,,,,,,,,,,,,,,,,,,,,,,,,,,,0.05,,,0.13,,,,,,,,,,,,,,,,,,,,,,,,,,,,,,,,,,,,,,,,,,,,,,,,,1997-07-16,,0.18,,pre-market,,,,,,,,,,,,,38.4615,,,,,,,,,,,,
1997-09-30,ADM,,,,,,,,,,,,,,,,,,,,,,,,,,,,,,,,,,,,,,-0.04,,,0.21,,,,,,,,,,,,,,,,,,,,,,,,,,,,,,,,,,,,,,,,,,,,,,,,,1997-10-15,,0.17,,pre-market,,,,,,,,,,,,,-19.0476,,,,,,,,,,,,
1997-12-31,ADM,,,,,,,,,,,,,,,,,,,,,,,,,,,,,,,,,,,,,,-0.06,,,0.26,,,,,,,,,,,,,,,,,,,,,,,,,,,,,,,,,,,,,,,,,,,,,,,,,1998-01-16,,0.2,,pre-market,,,,,,,,,,,,,-23.0769,,,,,,,,,,,,
1998-03-31,ADM,,,,,,,,,,,,,,,,,,,,,,,,,,,,,,,,,,,,,,-0.06,,,0.22,,,,,,,,,,,,,,,,,,,,,,,,,,,,,,,,,,,,,,,,,,,,,,,,,1998-04-16,,0.16,,pre-market,,,,,,,,,,,,,-27.2727,,,,,,,,,,,,
1998-06-30,ADM,,,,,,,,,,,,,,,,,,,,,,,,,,,,,,,,,,,,,,-0.08,,,0.17,,,,,,,,,,,,,,,,,,,,,,,,,,,,,,,,,,,,,,,,,,,,,,,,,1998-08-06,,0.09,,pre-market,,,,,,,,,,,,,-47.0588,,,,,,,,,,,,
1998-09-30,ADM,,,,,,,,,,,,,,,,,,,,,,,,,,,,,,,,,,,,,,-0.03,,,0.12,,,,,,,,,,,,,,,,,,,,,,,,,,,,,,,,,,,,,,,,,,,,,,,,,1998-10-15,,0.09,,pre-market,,,,,,,,,,,,,-25.0,,,,,,,,,,,,
1998-12-31,ADM,,,,,,,,,,,,,,,,,,,,,,,,,,,,,,,,,,,,,,0.0,,,0.16,,,,,,,,,,,,,,,,,,,,,,,,,,,,,,,,,,,,,,,,,,,,,,,,,1999-01-19,,0.16,,pre-market,,,,,,,,,,,,,0.0,,,,,,,,,,,,
1999-03-31,ADM,,,,,,,,,,,,,,,,,,,,,,,,,,,,,,,,,,,,,,-0.13,,,0.15,,,,,,,,,,,,,,,,,,,,,,,,,,,,,,,,,,,,,,,,,,,,,,,,,1999-04-16,,0.02,,pre-market,,,,,,,,,,,,,-86.6667,,,,,,,,,,,,
1999-06-30,ADM,,,,,,,,,,,,,,,,,,,,,,,,,,,,,,,,,,,,,,0.01,,,0.05,,,,,,,,,,,,,,,,,,,,,,,,,,,,,,,,,,,,,,,,,,,,,,,,,1999-07-16,,0.06,,pre-market,,,,,,,,,,,,,20.0,,,,,,,,,,,,
1999-09-30,ADM,,,,,,,,,,,,,,,,,,,,,,,,,,,,,,,,,,,,,,-0.05,,,0.1,,,,,,,,,,,,,,,,,,,,,,,,,,,,,,,,,,,,,,,,,,,,,,,,,1999-10-15,,0.05,,pre-market,,,,,,,,,,,,,-50.0,,,,,,,,,,,,
1999-12-31,ADM,,,,,,,,,,,,,,,,,,,,,,,,,,,,,,,,,,,,,,0.04,,,0.11,,,,,,,,,,,,,,,,,,,,,,,,,,,,,,,,,,,,,,,,,,,,,,,,,2000-01-18,,0.15,,pre-market,,,,,,,,,,,,,36.3636,,,,,,,,,,,,
2000-03-31,ADM,,,,,,,,,,,,,,,,,,,,,,,,,,,,,,,,,,,,,,0.0,,,0.15,,,,,,,,,,,,,,,,,,,,,,,,,,,,,,,,,,,,,,,,,,,,,,,,,2000-04-17,,0.15,,pre-market,,,,,,,,,,,,,0.0,,,,,,,,,,,,
2000-06-30,ADM,,,,,,,,,,,,,,,,,,,,,,,,,,,,,,,,,,,,,,0.02,,,0.17,,,,,,,,,,,,,,,,,,,,,,,,,,,,,,,,,,,,,,,,,,,,,,,,,2000-07-21,,0.19,,pre-market,,,,,,,,,,,,,11.7647,,,,,,,,,,,,
2000-09-30,ADM,,,,,,,,,,,,,,,,,,,,,,,,,,,,,,,,,,,,,,0.05,,,0.11,,,,,,,,,,,,,,,,,,,,,,,,,,,,,,,,,,,,,,,,,,,,,,,,,2000-10-19,,0.16,,pre-market,,,,,,,,,,,,,45.4545,,,,,,,,,,,,
2000-12-31,ADM,,,,,,,,,,,,,,,,,,,,,,,,,,,,,,,,,,,,,,0.02,,,0.17,,,,,,,,,,,,,,,,,,,,,,,,,,,,,,,,,,,,,,,,,,,,,,,,,2001-01-19,,0.19,,pre-market,,,,,,,,,,,,,11.7647,,,,,,,,,,,,
2001-03-31,ADM,,,,,,,,,,,,,,,,,,,,,,,,,,,,,,,,,,,,,,-0.08,,,0.22,,,,,,,,,,,,,,,,,,,,,,,,,,,,,,,,,,,,,,,,,,,,,,,,,2001-04-23,,0.14,,pre-market,,,,,,,,,,,,,-36.3636,,,,,,,,,,,,
2001-06-30,ADM,,,,,,,,,,,,,,,,,,,,,,,,,,,,,,,,,,,,,,-0.03,,,0.16,,,,,,,,,,,,,,,,,,,,,,,,,,,,,,,,,,,,,,,,,,,,,,,,,2001-07-23,,0.13,,pre-market,,,,,,,,,,,,,-18.75,,,,,,,,,,,,
2001-09-30,ADM,,,,,,,,,,,,,,,,,,,,,,,,,,,,,,,,,,,,,,0.05,,,0.13,,,,,,,,,,,,,,,,,,,,,,,,,,,,,,,,,,,,,,,,,,,,,,,,,2001-10-22,,0.18,,pre-market,,,,,,,,,,,,,38.4615,,,,,,,,,,,,
2001-12-31,ADM,,,,,,,,,,,,,,,,,,,,,,,,,,,,,,,,,,,,,,-0.01,,,0.24,,,,,,,,,,,,,,,,,,,,,,,,,,,,,,,,,,,,,,,,,,,,,,,,,2002-01-23,,0.23,,pre-market,,,,,,,,,,,,,-4.1667,,,,,,,,,,,,
2002-03-31,ADM,,,,,,,,,,,,,,,,,,,,,,,,,,,,,,,,,,,,,,-0.01,,,0.18,,,,,,,,,,,,,,,,,,,,,,,,,,,,,,,,,,,,,,,,,,,,,,,,,2002-04-23,,0.17,,pre-market,,,,,,,,,,,,,-5.5556,,,,,,,,,,,,
2002-06-30,ADM,,,,,,,,,,,,,,,,,,,,,,,,,,,,,,,,,,,,,,-0.06,,,0.18,,,,,,,,,,,,,,,,,,,,,,,,,,,,,,,,,,,,,,,,,,,,,,,,,2002-07-24,,0.12,,pre-market,,,,,,,,,,,,,-33.3333,,,,,,,,,,,,
2002-09-30,ADM,,,,,,,,,,,,,,,,,,,,,,,,,,,,,,,,,,,,,,0.05,,,0.12,,,,,,,,,,,,,,,,,,,,,,,,,,,,,,,,,,,,,,,,,,,,,,,,,2002-10-23,,0.17,,pre-market,,,,,,,,,,,,,41.6667,,,,,,,,,,,,
2002-12-31,ADM,,,,,,,,,,,,,,,,,,,,,,,,,,,,,,,,,,,,,,0.0,,,0.18,,,,,,,,,,,,,,,,,,,,,,,,,,,,,,,,,,,,,,,,,,,,,,,,,2003-01-24,,0.18,,pre-market,,,,,,,,,,,,,0.0,,,,,,,,,,,,
2003-03-31,ADM,,,,,,,,,,,,,,,,,,,,,,,,,,,,,,,,,,,,,,-0.01,,,0.19,,,,,,,,,,,,,,,,,,,,,,,,,,,,,,,,,,,,,,,,,,,,,,,,,2003-04-23,,0.18,,pre-market,,,,,,,,,,,,,-5.2632,,,,,,,,,,,,
2003-06-30,ADM,,,,,,,,,,,,,,,,,,,,,,,,,,,,,,,,,,,,,,0.01,,,0.15,,,,,,,,,,,,,,,,,,,,,,,,,,,,,,,,,,,,,,,,,,,,,,,,,2003-07-24,,0.16,,pre-market,,,,,,,,,,,,,6.6667,,,,,,,,,,,,
2003-09-30,ADM,,,,,,,,,,,,,,,,,,,,,,,,,,,,,,,,,,,,,,0.04,,,0.19,,,,,,,,,,,,,,,,,,,,,,,,,,,,,,,,,,,,,,,,,,,,,,,,,2003-10-31,,0.23,,pre-market,,,,,,,,,,,,,21.0526,,,,,,,,,,,,
2003-12-31,ADM,,,,,,,,,,,,,,,,,,,,,,,,,,,,,,,,,,,,,,0.1,,,0.27,,,,,,,,,,,,,,,,,,,,,,,,,,,,,,,,,,,,,,,,,,,,,,,,,2004-01-30,,0.37,,pre-market,,,,,,,,,,,,,37.037,,,,,,,,,,,,
2004-03-31,ADM,,,,,,,,,,,,,,,,,,,,,,,,,,,,,,,,,,,,,,0.06,,,0.27,,,,,,,,,,,,,,,,,,,,,,,,,,,,,,,,,,,,,,,,,,,,,,,,,2004-04-30,,0.33,,pre-market,,,,,,,,,,,,,22.2222,,,,,,,,,,,,
2004-06-30,ADM,,,,,,,,,,,,,,,,,,,,,,,,,,,,,,,,,,,,,,-0.01,,,0.24,,,,,,,,,,,,,,,,,,,,,,,,,,,,,,,,,,,,,,,,,,,,,,,,,2004-07-30,,0.23,,pre-market,,,,,,,,,,,,,-4.1667,,,,,,,,,,,,
2004-09-30,ADM,,,,,,,,,,,,,,,,,,,,,,,,,,,,,,,,,,,,,,0.14,,,0.27,,,,,,,,,,,,,,,,,,,,,,,,,,,,,,,,,,,,,,,,,,,,,,,,,2004-10-29,,0.41,,pre-market,,,,,,,,,,,,,51.8519,,,,,,,,,,,,
2004-12-31,ADM,,,,,,,,,,,,,,,,,,,,,,,,,,,,,,,,,,,,,,0.02,,,0.39,,,,,,,,,,,,,,,,,,,,,,,,,,,,,,,,,,,,,,,,,,,,,,,,,2005-01-28,,0.41,,pre-market,,,,,,,,,,,,,5.1282,,,,,,,,,,,,
2005-03-31,ADM,,,,,,,,,,,,,,,,,,,,,,,,,,,,,,,,,,,,,,-0.1,,,0.4,,,,,,,,,,,,,,,,,,,,,,,,,,,,,,,,,,,,,,,,,,,,,,,,,2005-04-29,,0.3,,pre-market,,,,,,,,,,,,,-25.0,,,,,,,,,,,,
2005-06-30,ADM,,,,,,,,,,,,,,,,,,,,,,,,,,,,,,,,,,,,,,0.02,,,0.28,,,,,,,,,,,,,,,,,,,,,,,,,,,,,,,,,,,,,,,,,,,,,,,,,2005-07-29,,0.3,,pre-market,,,,,,,,,,,,,7.1429,,,,,,,,,,,,
2005-09-30,ADM,,,,,,,,,,,,,,,,,,,,,,,,,,,,,,,,,,,,,,-0.01,,,0.33,,,,,,,,,,,,,,,,,,,,,,,,,,,,,,,,,,,,,,,,,,,,,,,,,2005-10-28,,0.32,,pre-market,,,,,,,,,,,,,-3.0303,,,,,,,,,,,,
2005-12-31,ADM,,,,,,,,,,,,,,,,,,,,,,,,,,,,,,,,,,,,,,0.12,,,0.42,,,,,,,,,,,,,,,,,,,,,,,,,,,,,,,,,,,,,,,,,,,,,,,,,2006-01-31,,0.54,,pre-market,,,,,,,,,,,,,28.5714,,,,,,,,,,,,
2006-03-31,ADM,,,,,,,,,,,,,,,,,,,,,,,,,,,,,,,,,,,,,,0.08,,,0.46,,,,,,,,,,,,,,,,,,,,,,,,,,,,,,,,,,,,,,,,,,,,,,,,,2006-05-02,,0.54,,pre-market,,,,,,,,,,,,,17.3913,,,,,,,,,,,,
2006-06-30,ADM,,,,,,,,,,,,,,,,,,,,,,,,,,,,,,,,,,,,,,0.1,,,0.52,,,,,,,,,,,,,,,,,,,,,,,,,,,,,,,,,,,,,,,,,,,,,,,,,2006-08-01,,0.62,,pre-market,,,,,,,,,,,,,19.2308,,,,,,,,,,,,
2006-09-30,ADM,,,,,,,,,,,,,,,,,,,,,,,,,,,,,,,,,,,,,,0.06,,,0.55,,,,,,,,,,,,,,,,,,,,,,,,,,,,,,,,,,,,,,,,,,,,,,,,,2006-10-31,,0.61,,pre-market,,,,,,,,,,,,,10.9091,,,,,,,,,,,,
2006-12-31,ADM,,,,,,,,,,,,,,,,,,,,,,,,,,,,,,,,,,,,,,0.07,,,0.6,,,,,,,,,,,,,,,,,,,,,,,,,,,,,,,,,,,,,,,,,,,,,,,,,2007-02-01,,0.67,,pre-market,,,,,,,,,,,,,11.6667,,,,,,,,,,,,
2007-03-31,ADM,,,,,,,,,,,,,,,,,,,,,,,,,,,,,,,,,,,,,,-0.1,,,0.61,,,,,,,,,,,,,,,,,,,,,,,,,,,,,,,,,,,,,,,,,,,,,,,,,2007-05-01,,0.51,,pre-market,,,,,,,,,,,,,-16.3934,,,,,,,,,,,,
2007-06-30,ADM,,,,,,,,,,,,,,,,,,,,,,,,,,,,,,,,,,,,,,0.0,,,0.59,,,,,,,,,,,,,,,,,,,,,,,,,,,,,,,,,,,,,,,,,,,,,,,,,2007-07-30,,0.59,,pre-market,,,,,,,,,,,,,0.0,,,,,,,,,,,,
2007-09-30,ADM,,,,,,,,,,,,,,,,,,,,,,,,,,,,,,,,,,,,,,0.12,,,0.59,,,,,,,,,,,,,,,,,,,,,,,,,,,,,,,,,,,,,,,,,,,,,,,,,2007-11-06,,0.71,,pre-market,,,,,,,,,,,,,20.339,,,,,,,,,,,,
2007-12-31,ADM,,,,,,,,,,,,,,,,,,,,,,,,,,,,,,,,,,,,,,0.01,,,0.74,,,,,,,,,,,,,,,,,,,,,,,,,,,,,,,,,,,,,,,,,,,,,,,,,2008-02-04,,0.75,,pre-market,,,,,,,,,,,,,1.3514,,,,,,,,,,,,
2008-03-31,ADM,,,,,,,,,,,,,,,,,,,,,,,,,,,,,,,,,,,,,,0.1,,,0.7,,,,,,,,,,,,,,,,,,,,,,,,,,,,,,,,,,,,,,,,,,,,,,,,,2008-04-29,,0.8,,pre-market,,,,,,,,,,,,,14.2857,,,,,,,,,,,,
2008-06-30,ADM,,,,,,,,,,,,,,,,,,,,,,,,,,,,,,,,,,,,,,-0.09,,,0.67,,,,,,,,,,,,,,,,,,,,,,,,,,,,,,,,,,,,,,,,,,,,,,,,,2008-08-05,,0.58,,pre-market,,,,,,,,,,,,,-13.4328,,,,,,,,,,,,
2008-09-30,ADM,,,,,,,,,,,,,,,,,,,,,,,,,,,,,,,,,,,,,,0.92,,,0.69,,,,,,,,,,,,,,,,,,,,,,,,,,,,,,,,,,,,,,,,,,,,,,,,,2008-11-04,,1.61,,pre-market,,,,,,,,,,,,,133.3333,,,,,,,,,,,,
2008-12-31,ADM,,,,,,,,,,,,,,,,,,,,,,,,,,,,,,,,,,,,,,0.23,,,0.68,,,,,,,,,,,,,,,,,,,,,,,,,,,,,,,,,,,,,,,,,,,,,,,,,2009-02-03,,0.91,,pre-market,,,,,,,,,,,,,33.8235,,,,,,,,,,,,
2009-03-31,ADM,,,,,,,,,,,,,,,,,,,,,,,,,,,,,,,,,,,,,,-0.15,,,0.49,,,,,,,,,,,,,,,,,,,,,,,,,,,,,,,,,,,,,,,,,,,,,,,,,2009-05-05,,0.34,,pre-market,,,,,,,,,,,,,-30.6122,,,,,,,,,,,,
2009-06-30,ADM,,,,,,,,,,,,,,,,,,,,,,,,,,,,,,,,,,,,,,-0.25,,,0.45,,,,,,,,,,,,,,,,,,,,,,,,,,,,,,,,,,,,,,,,,,,,,,,,,2009-08-04,,0.2,,pre-market,,,,,,,,,,,,,-55.5556,,,,,,,,,,,,
2009-09-30,ADM,,,,,,,,,,,,,,,,,,,,,,,,,,,,,,,,,,,,,,0.2,,,0.57,,,,,,,,,,,,,,,,,,,,,,,,,,,,,,,,,,,,,,,,,,,,,,,,,2009-11-03,,0.77,,pre-market,,,,,,,,,,,,,35.0877,,,,,,,,,,,,
2009-12-31,ADM,,,,,,,,,,,,,,,,,,,,,,,,,,,,,,,,,,,,,,0.16,,,0.72,,,,,,,,,,,,,,,,,,,,,,,,,,,,,,,,,,,,,,,,,,,,,,,,,2010-02-02,,0.88,,pre-market,,,,,,,,,,,,,22.2222,,,,,,,,,,,,
2010-03-31,ADM,,,,,,,,,,,,,,,,,,,,,,,,,,,,,,,,,,,,,,0.01,,,0.71,,,,,,,,,,,,,,,,,,,,,,,,,,,,,,,,,,,,,,,,,,,,,,,,,2010-05-04,,0.72,,pre-market,,,,,,,,,,,,,1.4085,,,,,,,,,,,,
2010-06-30,ADM,,,,,,,,,,,,,,,,,,,,,,,,,,,,,,,,,,,,,,0.16,,,0.53,,,,,,,,,,,,,,,,,,,,,,,,,,,,,,,,,,,,,,,,,,,,,,,,,2010-08-03,,0.69,,pre-market,,,,,,,,,,,,,30.1887,,,,,,,,,,,,
2010-09-30,ADM,,,,,,,,,,,,,,,,,,,,,,,,,,,,,,,,,,,,,,-0.21,,,0.75,,,,,,,,,,,,,,,,,,,,,,,,,,,,,,,,,,,,,,,,,,,,,,,,,2010-11-02,,0.54,,pre-market,,,,,,,,,,,,,-28.0,,,,,,,,,,,,
2010-12-31,ADM,,,,,,,,,,,,,,,,,,,,,,,,,,,,,,,,,,,,,,0.28,,,0.78,,,,,,,,,,,,,,,,,,,,,,,,,,,,,,,,,,,,,,,,,,,,,,,,,2011-02-01,,1.06,,pre-market,,,,,,,,,,,,,35.8974,,,,,,,,,,,,
2011-03-31,ADM,,,,,,,,,,,,,,,,,,,,,,,,,,,,,,,,,,,,,,0.0,,,0.86,,,,,,,,,,,,,,,,,,,,,,,,,,,,,,,,,,,,,,,,,,,,,,,,,2011-05-03,,0.86,,pre-market,,,,,,,,,,,,,0.0,,,,,,,,,,,,
2011-06-30,ADM,,,,,,,,,,,,,,,,,,,,,,,,,,,,,,,,,,,,,,0.16,,,0.85,,,,,,,,,,,,,,,,,,,,,,,,,,,,,,,,,,,,,,,,,,,,,,,,,2011-08-02,,1.01,,pre-market,,,,,,,,,,,,,18.8235,,,,,,,,,,,,
2011-09-30,ADM,,,,,,,,,,,,,,,,,,,,,,,,,,,,,,,,,,,,,,0.02,,,0.67,,,,,,,,,,,,,,,,,,,,,,,,,,,,,,,,,,,,,,,,,,,,,,,,,2011-11-01,,0.69,,pre-market,,,,,,,,,,,,,2.9851,,,,,,,,,,,,
2011-12-31,ADM,,,,,,,,,,,,,,,,,,,,,,,,,,,,,,,,,,,,,,-0.31,,,0.76,,,,,,,,,,,,,,,,,,,,,,,,,,,,,,,,,,,,,,,,,,,,,,,,,2012-01-31,,0.45,,pre-market,,,,,,,,,,,,,-40.7895,,,,,,,,,,,,
2012-03-31,ADM,,,,,,,,,,,,,,,,,,,,,,,,,,,,,,,,,,,,,,0.09,,,0.59,,,,,,,,,,,,,,,,,,,,,,,,,,,,,,,,,,,,,,,,,,,,,,,,,2012-05-01,,0.68,,pre-market,,,,,,,,,,,,,15.2542,,,,,,,,,,,,
2012-06-30,ADM,,,,,,,,,,,,,,,,,,,,,,,,,,,,,,,,,,,,,,-0.22,,,0.6,,,,,,,,,,,,,,,,,,,,,,,,,,,,,,,,,,,,,,,,,,,,,,,,,2012-07-31,,0.38,,pre-market,,,,,,,,,,,,,-36.6667,,,,,,,,,,,,
2012-09-30,ADM,,,,,,,,,,,,,,,,,,,,,,,,,,,,,,,,,,,,,,0.0,,,0.45,,,,,,,,,,,,,,,,,,,,,,,,,,,,,,,,,,,,,,,,,,,,,,,,,2012-10-30,,0.45,,pre-market,,,,,,,,,,,,,0.0,,,,,,,,,,,,
2012-12-31,ADM,,,,,,,,,,,,,,,,,,,,,,,,,,,,,,,,,,,,,,0.02,,,0.58,,,,,,,,,,,,,,,,,,,,,,,,,,,,,,,,,,,,,,,,,,,,,,,,,2013-02-05,,0.6,,pre-market,,,,,,,,,,,,,3.4483,,,,,,,,,,,,
2013-03-31,ADM,,,,,,,,,,,,,,,,,,,,,,,,,,,,,,,,,,,,,,-0.03,,,0.51,,,,,,,,,,,,,,,,,,,,,,,,,,,,,,,,,,,,,,,,,,,,,,,,,2013-05-01,,0.48,,pre-market,,,,,,,,,,,,,-5.8824,,,,,,,,,,,,
2013-06-30,ADM,,,,,,,,,,,,,,,,,,,,,,,,,,,,,,,,,,,,,,0.02,,,0.44,,,,,,,,,,,,,,,,,,,,,,,,,,,,,,,,,,,,,,,,,,,,,,,,,2013-08-06,,0.46,,pre-market,,,,,,,,,,,,,4.5455,,,,,,,,,,,,
2013-09-30,ADM,,,,,,,,,,,,,,,,,,,,,,,,,,,,,,,,,,,,,,-0.01,,,0.47,,,,,,,,,,,,,,,,,,,,,,,,,,,,,,,,,,,,,,,,,,,,,,,,,2013-10-29,,0.46,,pre-market,,,,,,,,,,,,,-2.1277,,,,,,,,,,,,
2013-12-31,ADM,,,,,,,,,,,,,,,,,,,,,,,,,,,,,,,,,,,,,,0.1,,,0.85,,,,,,,,,,,,,,,,,,,,,,,,,,,,,,,,,,,,,,,,,,,,,,,,,2014-02-04,,0.95,,pre-market,,,,,,,,,,,,,11.7647,,,,,,,,,,,,
2014-03-31,ADM,,,,,,,,,,,,,,,,,,,,,,,,,,,,,,,,,,,,,,-0.1,,,0.74,,,,,,,,,,,,,,,,,,,,,,,,,,,,,,,,,,,,,,,,,,,,,,,,,2014-04-29,,0.64,,pre-market,,,,,,,,,,,,,-13.5135,,,,,,,,,,,,
2014-06-30,ADM,,,,,,,,,,,,,,,,,,,,,,,,,,,,,,,,,,,,,,0.04,,,0.73,,,,,,,,,,,,,,,,,,,,,,,,,,,,,,,,,,,,,,,,,,,,,,,,,2014-08-05,,0.77,,pre-market,,,,,,,,,,,,,5.4795,,,,,,,,,,,,
2014-09-30,ADM,,,,,,,,,,,,,,,,,,,,,,,,,,,,,,,,,,,,,,0.08,,,0.73,,,,,,,,,,,,,,,,,,,,,,,,,,,,,,,,,,,,,,,,,,,,,,,,,2014-11-04,,0.81,,pre-market,,,,,,,,,,,,,10.9589,,,,,,,,,,,,
2014-12-31,ADM,,,,,,,,,,,,,,,,,,,,,,,,,,,,,,,,,,,,,,0.06,,,0.94,,,,,,,,,,,,,,,,,,,,,,,,,,,,,,,,,,,,,,,,,,,,,,,,,2015-02-03,,1.0,,pre-market,,,,,,,,,,,,,6.383,,,,,,,,,,,,
2015-03-31,ADM,,,,,,,,,,,,,,,,,,,,,,,,,,,,,,,,,,,,,,0.06,,,0.71,,,,,,,,,,,,,,,,,,,,,,,,,,,,,,,,,,,,,,,,,,,,,,,,,2015-05-05,,0.77,,pre-market,,,,,,,,,,,,,8.4507,,,,,,,,,,,,
2015-06-30,ADM,,,,,,,,,,,,,,,,,,,,,,,,,,,,,,,,,,,,,,-0.06,,,0.66,,,,,,,,,,,,,,,,,,,,,,,,,,,,,,,,,,,,,,,,,,,,,,,,,2015-08-04,,0.6,,pre-market,,,,,,,,,,,,,-9.0909,,,,,,,,,,,,
2015-09-30,ADM,,,,,,,,,,,,,,,,,,,,,,,,,,,,,,,,,,,,,,-0.1,,,0.7,,,,,,,,,,,,,,,,,,,,,,,,,,,,,,,,,,,,,,,,,,,,,,,,,2015-11-03,,0.6,,pre-market,,,,,,,,,,,,,-14.2857,,,,,,,,,,,,
2015-12-31,ADM,,,,,,,,,,,,,,,,,,,,,,,,,,,,,,,,,,,,,,-0.03,,,0.64,,,,,,,,,,,,,,,,,,,,,,,,,,,,,,,,,,,,,,,,,,,,,,,,,2016-02-02,,0.61,,pre-market,,,,,,,,,,,,,-4.6875,,,,,,,,,,,,
2016-03-31,ADM,,,,,,,,,,,,,,,,,,,,,,,,,,,,,,,,,,,,,,-0.03,,,0.45,,,,,,,,,,,,,,,,,,,,,,,,,,,,,,,,,,,,,,,,,,,,,,,,,2016-05-03,,0.42,,pre-market,,,,,,,,,,,,,-6.6667,,,,,,,,,,,,
2016-06-30,ADM,,,,,,,,,,,,,,,,,,,,,,,,,,,,,,,,,,,,,,-0.04,,,0.45,,,,,,,,,,,,,,,,,,,,,,,,,,,,,,,,,,,,,,,,,,,,,,,,,2016-08-02,,0.41,,pre-market,,,,,,,,,,,,,-8.8889,,,,,,,,,,,,
2016-09-30,ADM,,,,,,,,,,,,,,,,,,,,,,,,,,,,,,,,,,,,,,0.13,,,0.46,,,,,,,,,,,,,,,,,,,,,,,,,,,,,,,,,,,,,,,,,,,,,,,,,2016-11-01,,0.59,,pre-market,,,,,,,,,,,,,28.2609,,,,,,,,,,,,
2016-12-31,ADM,,,,,,,,,,,,,,,,,,,,,,,,,,,,,,,,,,,,,,-0.02,,,0.77,,,,,,,,,,,,,,,,,,,,,,,,,,,,,,,,,,,,,,,,,,,,,,,,,2017-02-07,,0.75,,pre-market,,,,,,,,,,,,,-2.5974,,,,,,,,,,,,
2017-03-31,ADM,,,,,,,,,,,,,,,,,,,,,,,,,,,,,,,,,,,,,,-0.02,,,0.62,,,,,,,,,,,,,,,,,,,,,,,,,,,,,,,,,,,,,,,,,,,,,,,,,2017-05-02,,0.6,,pre-market,,,,,,,,,,,,,-3.2258,,,,,,,,,,,,
2017-06-30,ADM,,,,,,,,,,,,,,,,,,,,,,,,,,,,,,,,,,,,,,0.05,,,0.52,,,,,,,,,,,,,,,,,,,,,,,,,,,,,,,,,,,,,,,,,,,,,,,,,2017-08-01,,0.57,,pre-market,,,,,,,,,,,,,9.6154,,,,,,,,,,,,
2017-09-30,ADM,,,,,,,,,,,,,,,,,,,,,,,,,,,,,,,,,,,,,,-0.1,,,0.55,,,,,,,,,,,,,,,,,,,,,,,,,,,,,,,,,,,,,,,,,,,,,,,,,2017-10-31,,0.45,,pre-market,,,,,,,,,,,,,-18.1818,,,,,,,,,,,,
2017-12-31,ADM,,,,,,,,,,,,,,,,,,,,,,,,,,,,,,,,,,,,,,0.12,,,0.7,,,,,,,,,,,,,,,,,,,,,,,,,,,,,,,,,,,,,,,,,,,,,,,,,2018-02-06,,0.82,,pre-market,,,,,,,,,,,,,17.1429,,,,,,,,,,,,
2018-03-31,ADM,,,,,,,,,,,,,,,,,,,,,,,,,,,,,,,,,,,,,,0.18,,,0.5,,,,,,,,,,,,,,,,,,,,,,,,,,,,,,,,,,,,,,,,,,,,,,,,,2018-05-01,,0.68,,pre-market,,,,,,,,,,,,,36.0,,,,,,,,,,,,
2018-06-30,ADM,,,,,,,,,,,,,,,,,,,,,,,,,,,,,,,,,,,,,,0.25,,,0.77,,,,,,,,,,,,,,,,,,,,,,,,,,,,,,,,,,,,,,,,,,,,,,,,,2018-07-31,,1.02,,pre-market,,,,,,,,,,,,,32.4675,,,,,,,,,,,,
2018-09-30,ADM,,,,,,,,,,,,,,,,,,,,,,,,,,,,,,,,,,,,,,0.09,,,0.83,,,,,,,,,,,,,,,,,,,,,,,,,,,,,,,,,,,,,,,,,,,,,,,,,2018-11-06,,0.92,,pre-market,,,,,,,,,,,,,10.8434,,,,,,,,,,,,
2018-12-31,ADM,,,,,,,,,,,,,,,,,,,,,,,,,,,,,,,,,,,,,,-0.04,,,0.92,,,,,,,,,,,,,,,,,,,,,,,,,,,,,,,,,,,,,,,,,,,,,,,,,2019-02-05,,0.88,,pre-market,,,,,,,,,,,,,-4.3478,,,,,,,,,,,,
2019-03-31,ADM,,,,,,,,,,,,,,,,,,,,,,,,,,,,,,,,,,,,,,-0.14,,,0.6,,,,,,,,,,,,,,,,,,,,,,,,,,,,,,,,,,,,,,,,,,,,,,,,,2019-04-26,,0.46,,pre-market,,,,,,,,,,,,,-23.3333,,,,,,,,,,,,
2019-06-30,ADM,,,,,,,,,,,,,,,,,,,,,,,,,,,,,,,,,,,,,,-0.01,,,0.61,,,,,,,,,,,,,,,,,,,,,,,,,,,,,,,,,,,,,,,,,,,,,,,,,2019-08-01,,0.6,,pre-market,,,,,,,,,,,,,-1.6393,,,,,,,,,,,,
2019-09-30,ADM,,,,,,,,,,,,,,,,,,,,,,,,,,,,,,,,,,,,,,0.08,,,0.69,,,,,,,,,,,,,,,,,,,,,,,,,,,,,,,,,,,,,,,,,,,,,,,,,2019-10-31,,0.77,,pre-market,,,,,,,,,,,,,11.5942,,,,,,,,,,,,
2019-12-31,ADM,,,,,,,,,,,,,,,,,,,,,,,,,,,,,,,,,,,,,,0.12,,,0.69,,,,,,,,,,,,,,,,,,,,,,,,,,,,,,,,,,,,,,,,,,,,,,,,,2020-01-29,,0.81,,post-market,,,,,,,,,,,,,17.3913,,,,,,,,,,,,
2020-03-31,ADM,,,,,,,,,,,,,,,,,,,,,,,,,,,,,,,,,,,,,,0.09,,,0.55,,,,,,,,,,,,,,,,,,,,,,,,,,,,,,,,,,,,,,,,,,,,,,,,,2020-04-29,,0.64,,post-market,,,,,,,,,,,,,16.3636,,,,,,,,,,,,
2020-06-30,ADM,,,,,,,,,,,,,,,,,,,,,,,,,,,,,,,,,,,,,,0.34,,,0.51,,,,,,,,,,,,,,,,,,,,,,,,,,,,,,,,,,,,,,,,,,,,,,,,,2020-07-29,,0.85,,post-market,,,,,,,,,,,,,66.6667,,,,,,,,,,,,
2020-09-30,ADM,,,,,,,,,,,,,,,,,,,,,,,,,,,,,,,,,,,,,,0.18,,,0.71,,,,,,,,,,,,,,,,,,,,,,,,,,,,,,,,,,,,,,,,,,,,,,,,,2020-10-29,,0.89,,post-market,,,,,,,,,,,,,25.3521,,,,,,,,,,,,
2020-12-31,ADM,,,,,,,,,,,,,,,,,,,,,,,,,,,,,,,,,,,,,,0.11,,,1.1,,,,,,,,,,,,,,,,,,,,,,,,,,,,,,,,,,,,,,,,,,,,,,,,,2021-01-26,,1.21,,pre-market,,,,,,,,,,,,,10.0,,,,,,,,,,,,
2021-03-31,ADM,,,,,,,,,,,,,,,,,,,,,,,,,,,,,,,,,,,,,,0.35,,,1.04,,,,,,,,,,,,,,,,,,,,,,,,,,,,,,,,,,,,,,,,,,,,,,,,,2021-04-27,,1.39,,pre-market,,,,,,,,,,,,,33.6538,,,,,,,,,,,,
2021-06-30,ADM,,,,,,,,,,,,,,,,,,,,,,,,,,,,,,,,,,,,,,0.3,,,1.03,,,,,,,,,,,,,,,,,,,,,,,,,,,,,,,,,,,,,,,,,,,,,,,,,2021-07-27,,1.33,,pre-market,,,,,,,,,,,,,29.1262,,,,,,,,,,,,
2021-09-30,ADM,,,,,,,,,,,,,,,,,,,,,,,,,,,,,,,,,,,,,,0.08,,,0.89,,,,,,,,,,,,,,,,,,,,,,,,,,,,,,,,,,,,,,,,,,,,,,,,,2021-10-26,,0.97,,pre-market,,,,,,,,,,,,,8.9888,,,,,,,,,,,,
2021-12-31,ADM,,,,,,,,,,,,,,,,,,,,,,,,,,,,,,,,,,,,,,0.13,,,1.37,,,,,,,,,,,,,,,,,,,,,,,,,,,,,,,,,,,,,,,,,,,,,,,,,2022-01-25,,1.5,,pre-market,,,,,,,,,,,,,9.4891,,,,,,,,,,,,
2022-03-31,ADM,,,,,,,,,,,,,,,,,,,,,,,,,,,,,,,,,,,,,,0.49,,,1.41,,,,,,,,,,,,,,,,,,,,,,,,,,,,,,,,,,,,,,,,,,,,,,,,,2022-04-26,,1.9,,pre-market,,,,,,,,,,,,,34.7518,,,,,,,,,,,,
2022-06-30,ADM,,,,,,,,,,,,,,,,,,,,,,,,,,,,,,,,,,,,,,0.44,,,1.71,,,,,,,,,,,,,,,,,,,,,,,,,,,,,,,,,,,,,,,,,,,,,,,,,2022-07-26,,2.15,,pre-market,,,,,,,,,,,,,25.731,,,,,,,,,,,,
2022-09-30,ADM,,,,,,,,,,,,,,,,,,,,,,,,,,,,,,,,,,,,,,0.42,,,1.44,,,,,,,,,,,,,,,,,,,,,,,,,,,,,,,,,,,,,,,,,,,,,,,,,2022-10-25,,1.86,,pre-market,,,,,,,,,,,,,29.1667,,,,,,,,,,,,
2022-12-31,ADM,,,,,,,,,,,,,,,,,,,,,,,,,,,,,,,,,,,,,,0.28,,,1.65,,,,,,,,,,,,,,,,,,,,,,,,,,,,,,,,,,,,,,,,,,,,,,,,,2023-01-26,,1.93,,pre-market,,,,,,,,,,,,,16.9697,,,,,,,,,,,,
2023-03-31,ADM,,,,,,,,,,,,,,,,,,,,,,,,,,,,,,,,,,,,,,0.31,,,1.78,,,,,,,,,,,,,,,,,,,,,,,,,,,,,,,,,,,,,,,,,,,,,,,,,2023-04-25,,2.09,,pre-market,,,,,,,,,,,,,17.4157,,,,,,,,,,,,
2023-06-30,ADM,,,,,,,,,,,,,,,,,,,,,,,,,,,,,,,,,,,,,,0.29,,,1.6,,,,,,,,,,,,,,,,,,,,,,,,,,,,,,,,,,,,,,,,,,,,,,,,,2023-07-25,,1.89,,pre-market,,,,,,,,,,,,,18.125,,,,,,,,,,,,
2023-09-30,ADM,,,,,,,,,,,,,,,,,,,,,,,,,,,,,,,,,,,,,,0.11,,,1.52,,,,,,,,,,,,,,,,,,,,,,,,,,,,,,,,,,,,,,,,,,,,,,,,,2023-10-24,,1.63,,pre-market,,,,,,,,,,,,,7.2368,,,,,,,,,,,,
2023-12-31,ADM,,,,,,,,,,,,,,,,,,,,,,,,,,,,,,,,,,,,,,-0.07,,,1.43,,,,,,,,,,,,,,,,,,,,,,,,,,,,,,,,,,,,,,,,,,,,,,,,,2024-03-12,,1.36,,pre-market,,,,,,,,,,,,,-4.8951,,,,,,,,,,,,
2024-03-31,ADM,,,,,,,,,,,,,,,,,,,,,,,,,,,,,,,,,,,,,,0.1,,,1.36,,,,,,,,,,,,,,,,,,,,,,,,,,,,,,,,,,,,,,,,,,,,,,,,,2024-04-30,,1.46,,pre-market,,,,,,,,,,,,,7.3529,,,,,,,,,,,,
2024-06-30,ADM,,,,,,,,,,,,,,,,,,,,,,,,,,,,,,,,,,,,,,-0.19,,,1.22,,,,,,,,,,,,,,,,,,,,,,,,,,,,,,,,,,,,,,,,,,,,,,,,,2024-07-30,,1.03,,pre-market,,,,,,,,,,,,,-15.5738,,,,,,,,,,,,
2024-09-30,ADM,,,,,,,,,,,,,,,,,,,,,,,,,,,,,,,,,,,,,,0.0,,,1.09,,,,,,,,,,,,,,,,,,,,,,,,,,,,,,,,,,,,,,,,,,,,,,,,,2024-11-18,,1.09,,post-market,,,,,,,,,,,,,0.0,,,,,,,,,,,,
2024-12-31,ADM,,,,,,,,,,,,,,,,,,,,,,,,,,,,,,,,,,,,,,-0.01,,,1.15,,,,,,,,,,,,,,,,,,,,,,,,,,,,,,,,,,,,,,,,,,,,,,,,,2025-02-04,,1.14,,pre-market,,,,,,,,,,,,,-0.8696,,,,,,,,,,,,
2025-03-31,ADM,,,,,,,,,,,,,,,,,,,,,,,,,,,,,,,,,,,,,,0.03,,,0.67,,,,,,,,,,,,,,,,,,,,,,,,,,,,,,,,,,,,,,,,,,,,,,,,,2025-05-06,,0.7,,pre-market,,,,,,,,,,,,,4.4776,,,,,,,,,,,,
2025-06-30,ADM,,,,,,,,,,,,,,,,,,,,,,,,,,,,,,,,,,,,,,0.13,,,0.8,,,,,,,,,,,,,,,,,,,,,,,,,,,,,,,,,,,,,,,,,,,,,,,,,2025-08-05,,0.93,,pre-market,,,,,,,,,,,,,16.25,,,,,,,,,,,,
2025-09-30,ADM,,,,,,,,,,,,,,,,,,,,,,,,,,,,,,,,,,,,,,0.08,,,0.84,,,,,,,,,,,,,,,,,,,,,,,,,,,,,,,,,,,,,,,,,,,,,,,,,2025-10-29,,0.92,,pre-market,,,,,,,,,,,,,9.5238,,,,,,,,,,,,
2025-12-28,ADM,2.46,83211002000.0,23.54,,0.686,46.86,,,,,,,,,,,,,,,,,,,,,,,,,,2.03,0.0351,,,,4.891,0.08,,,0.84,,12.72,,5178000000.0,,,,,,,,,,,,,,,,,,,0.0195,,,,,,,,,,,,,16.43,1.234,0.334,,,,,,,,0.0143,,,2025-10-29,,0.92,,pre-market,,,0.0175,0.0524,0.022,172.28,,,,,55.07,59.6,9.5238,,,,,,,,,23.54,,64.46,39.88
2025-12-28,ADM,2.46,83211002000.0,23.54,,0.686,46.86,,,,,,,,,,,,,,,None,19102000000,19102000000,,,,,,None,296000000,,2.03,0.0351,,,,4.891,0.08,268000000,564000000,0.84,2025-09-30,12.72,,5178000000.0,1270000000,147000000,37000000,,,None,121000000,121000000,,None,,,,,108000000,110000000,-32000000,None,0.0195,,873000000,397000000,,,,,None,,,,,16.43,1.234,0.334,,,,,,,,0.0143,,,2025-10-29,quarterly,0.92,USD,pre-market,None,,0.0175,0.0524,0.022,172.28,873000000,,,,55.07,59.6,9.5238,,,,,,,20372000000,,23.54,,64.46,39.88
2025-12-28,ADM,2.46,83211002000.0,23.54,,0.686,46.86,,,,,,,,,,,,,,,None,20193000000,20193000000,,,,,,None,291000000,,2.03,0.0351,,,,4.891,0.08,438000000,729000000,0.84,2025-06-30,12.72,,5178000000.0,995000000,279000000,62000000,,,None,159000000,95000000,,None,,,,,219000000,217000000,-229000000,None,0.0195,,895000000,100000000,,,,,None,,,,,16.43,1.234,0.334,,,,,,,,0.0143,,,2025-10-29,quarterly,0.92,USD,pre-market,None,,0.0175,0.0524,0.022,172.28,911000000,,,,55.07,59.6,9.5238,,,,,,,21188000000,,23.54,,64.46,39.88
2025-12-28,ADM,2.46,83211002000.0,23.54,,0.686,46.86,,,,,,,,,,,,,,,None,18995000000,18995000000,,,,,,None,287000000,,2.03,0.0351,,,,4.891,0.08,511000000,798000000,0.84,2025-03-31,12.72,,5178000000.0,1180000000,353000000,61000000,,,None,158000000,138000000,,None,,,,,295000000,292000000,-20000000,None,0.0195,,932000000,248000000,,,,,None,,,,,16.43,1.234,0.334,,,,,,,,0.0143,,,2025-10-29,quarterly,0.92,USD,pre-market,None,,0.0175,0.0524,0.022,172.28,932000000,,,,55.07,59.6,9.5238,,,,,,,20175000000,,23.54,,64.46,39.88
2025-12-28,ADM,2.46,83211002000.0,23.54,,0.686,46.86,,,,,,,,,,,,,,,None,20140000000,20140000000,,,,,,None,287000000,,2.03,0.0351,,,,4.891,0.08,846000000,1133000000,0.84,2024-12-31,12.72,,5178000000.0,1358000000,667000000,106000000,,,None,179000000,162000000,,None,,,,,567000000,561000000,-17000000,None,0.0195,,943000000,415000000,,,,,None,,,,,16.43,1.234,0.334,,,,,,,,0.0143,,,2025-10-29,quarterly,0.92,USD,pre-market,269000000,,0.0175,0.0524,0.022,172.28,943000000,,,,55.07,59.6,9.5238,,,,,,,21498000000,,23.54,,64.46,39.88
2025-12-28,ADM,2.46,83211002000.0,23.54,,0.686,46.86,,,,,,,,,,,,,,,None,18572000000,18572000000,,,,,,None,288000000,,2.03,0.0351,,,,4.891,0.08,282000000,570000000,0.84,2024-09-30,12.72,,5178000000.0,1365000000,108000000,90000000,,,None,174000000,137000000,,None,,,,,18000000,18000000,-37000000,None,0.0195,,905000000,460000000,,,,,None,,,,,16.43,1.234,0.334,,,,,,,,0.0143,,,2025-10-29,quarterly,0.92,USD,pre-market,None,,0.0175,0.0524,0.022,172.28,905000000,,,,55.07,59.6,9.5238,,,,,,,19937000000,,23.54,,64.46,39.88
2025-12-28,ADM,2.46,83211002000.0,23.54,,0.686,46.86,,,,,,,,,,,,,,,None,20852000000,20852000000,,,,,,None,286000000,,2.03,0.0351,,,,4.891,0.08,697000000,983000000,0.84,2024-06-30,12.72,,5178000000.0,1396000000,596000000,115000000,,,None,187000000,140000000,,None,,,,,486000000,481000000,-47000000,None,0.0195,,902000000,494000000,,,,,None,,,,,16.43,1.234,0.334,,,,,,,,0.0143,,,2025-10-29,quarterly,0.92,USD,pre-market,None,,0.0175,0.0524,0.022,172.28,907000000,,,,55.07,59.6,9.5238,,,,,,,22248000000,,23.54,,64.46,39.88
2025-12-28,ADM,2.46,83211002000.0,23.54,,0.686,46.86,,,,,,,,,,,,,,,None,20188000000,20188000000,,,,,,None,280000000,,2.03,0.0351,,,,4.891,0.08,1051000000,1331000000,0.84,2024-03-31,12.72,,5178000000.0,1659000000,885000000,166000000,,,None,166000000,123000000,,None,,,,,729000000,719000000,-43000000,None,0.0195,,951000000,708000000,,,,,None,,,,,16.43,1.234,0.334,,,,,,,,0.0143,,,2025-10-29,quarterly,0.92,USD,pre-market,None,,0.0175,0.0524,0.022,172.28,951000000,,,,55.07,59.6,9.5238,,,,,,,21847000000,,23.54,,64.46,39.88
2025-12-28,ADM,2.46,83211002000.0,23.54,,0.686,46.86,,,,,,,,,,,,,,,None,21238000000,21238000000,,,,,,None,277000000,,2.03,0.0351,,,,4.891,0.08,899000000,1176000000,0.84,2023-12-31,12.72,,5178000000.0,1740000000,734000000,192000000,,,None,165000000,71000000,,None,,,,,565000000,542000000,-94000000,None,0.0195,,919000000,821000000,,,,,None,,,,,16.43,1.234,0.334,,,,,,,,0.0143,,,2025-10-29,quarterly,0.92,USD,pre-market,256000000,,0.0175,0.0524,0.022,172.28,919000000,,,,55.07,59.6,9.5238,,,,,,,22978000000,,23.54,,64.46,39.88
2025-12-28,ADM,2.46,83211002000.0,23.54,,0.686,46.86,,,,,,,,,,,,,,,None,19885000000,19885000000,,,,,,None,261000000,,2.03,0.0351,,,,4.891,0.08,1186000000,1447000000,0.84,2023-09-30,12.72,,5178000000.0,1810000000,1031000000,207000000,,,None,155000000,80000000,,None,,,,,821000000,824000000,-3000000,None,0.0195,,815000000,995000000,,,,,None,,,,,16.43,1.234,0.334,,,,,,,,0.0143,,,2025-10-29,quarterly,0.92,USD,pre-market,None,,0.0175,0.0524,0.022,172.28,815000000,,,,55.07,59.6,9.5238,,,,,,,21695000000,,23.54,,64.46,39.88
2025-12-28,ADM,2.46,83211002000.0,23.54,,0.686,46.86,,,,,,,,,,,,,,,None,23307000000,23307000000,,,,,,None,262000000,,2.03,0.0351,,,,4.891,0.08,1312000000,1574000000,0.84,2023-06-30,12.72,,5178000000.0,1883000000,1132000000,204000000,,,None,181000000,142000000,,None,,,,,927000000,928000000,-38000000,None,0.0195,,841000000,1042000000,,,,,188000000,,,,,16.43,1.234,0.334,,,,,,,,0.0143,,,2025-10-29,quarterly,0.92,USD,pre-market,None,,0.0175,0.0524,0.022,172.28,841000000,,,,55.07,59.6,9.5238,,,,,,,25190000000,,23.54,,64.46,39.88
2025-12-28,ADM,2.46,83211002000.0,23.54,,0.686,46.86,,,,,,,,,,,,,,,None,21992000000,21992000000,,,,,,None,259000000,,2.03,0.0351,,,,4.891,0.08,1544000000,1803000000,0.84,2023-03-31,12.72,,5178000000.0,2080000000,1397000000,225000000,,,None,152000000,134000000,,None,,,,,1170000000,1172000000,-13000000,None,0.0195,,881000000,1199000000,,,,,218000000,,,,,16.43,1.234,0.334,,,,,,,,0.0143,,,2025-10-29,quarterly,0.92,USD,pre-market,None,,0.0175,0.0524,0.022,172.28,881000000,,,,55.07,59.6,9.5238,,,,,,,24072000000,,23.54,,64.46,39.88
2025-12-28,ADM,2.46,83211002000.0,23.54,,0.686,46.86,,,,,,,,,,,,,,,None,24177000000,24177000000,,,,,,None,254000000,,2.03,0.0351,,,,4.891,0.08,1347000000,1601000000,0.84,2022-12-31,12.72,,5178000000.0,1762000000,1213000000,189000000,,,None,131000000,212000000,,None,,,,,1019000000,1024000000,-17000000,None,0.0195,,897000000,865000000,,,,,310000000,,,,,16.43,1.234,0.334,,,,,,,,0.0143,,,2025-10-29,quarterly,0.92,USD,pre-market,216000000,,0.0175,0.0524,0.022,172.28,863000000,,,,55.07,59.6,9.5238,,,,,,,25939000000,,23.54,,64.46,39.88
2025-12-28,ADM,2.46,83211002000.0,23.54,,0.686,46.86,,,,,,,,,,,,,,,None,22872000000,22872000000,,,,,,None,260000000,,2.03,0.0351,,,,4.891,0.08,1327000000,1587000000,0.84,2022-09-30,12.72,,5178000000.0,1811000000,1230000000,193000000,,,None,105000000,206000000,,None,,,,,1031000000,1037000000,-12000000,None,0.0195,,818000000,993000000,,,,,277000000,,,,,16.43,1.234,0.334,,,,,,,,0.0143,,,2025-10-29,quarterly,0.92,USD,pre-market,None,,0.0175,0.0524,0.022,172.28,818000000,,,,55.07,59.6,9.5238,,,,,,,24683000000,,23.54,,64.46,39.88
2025-12-28,ADM,2.46,83211002000.0,23.54,,0.686,46.86,,,,,,,,,,,,,,,None,25184000000,25184000000,,,,,,None,257000000,,2.03,0.0351,,,,4.891,0.08,1592000000,1849000000,0.84,2022-06-30,12.72,,5178000000.0,2100000000,1519000000,279000000,,,None,92000000,151000000,,None,,,,,1236000000,1240000000,-73000000,None,0.0195,,814000000,1286000000,,,,,307000000,,,,,16.43,1.234,0.334,,,,,,,,0.0143,,,2025-10-29,quarterly,0.92,USD,pre-market,None,,0.0175,0.0524,0.022,172.28,814000000,,,,55.07,59.6,9.5238,,,,,,,27284000000,,23.54,,64.46,39.88
2025-12-28,ADM,2.46,83211002000.0,23.54,,0.686,46.86,,,,,,,,,,,,,,,None,21753000000,21753000000,,,,,,None,257000000,,2.03,0.0351,,,,4.891,0.08,1363000000,1620000000,0.84,2022-03-31,12.72,,5178000000.0,1897000000,1271000000,207000000,,,None,77000000,171000000,,None,,,,,1054000000,1064000000,-92000000,None,0.0195,,829000000,1068000000,,,,,296000000,,,,,16.43,1.234,0.334,,,,,,,,0.0143,,,2025-10-29,quarterly,0.92,USD,pre-market,None,,0.0175,0.0524,0.022,172.28,829000000,,,,55.07,59.6,9.5238,,,,,,,23650000000,,23.54,,64.46,39.88
2025-12-28,ADM,2.46,83211002000.0,23.54,,0.686,46.86,,,,,,,,,,,,,,,None,21440000000,21440000000,,,,,,None,257000000,,2.03,0.0351,,,,4.891,0.08,1088000000,1345000000,0.84,2021-12-31,12.72,,5178000000.0,1650000000,1011000000,214000000,,,None,79000000,13000000,,None,,,,,782000000,797000000,-64000000,None,0.0195,,786000000,864000000,,,,,304000000,,,,,16.43,1.234,0.334,,,,,,,,0.0143,,,2025-10-29,quarterly,0.92,USD,pre-market,None,,0.0175,0.0524,0.022,172.28,786000000,,,,55.07,59.6,9.5238,,,,,,,23090000000,,23.54,,64.46,39.88
2025-12-28,ADM,2.46,83211002000.0,23.54,,0.686,46.86,,,,,,,,,,,,,,,None,19014000000,19014000000,,,,,,None,247000000,,2.03,0.0351,,,,4.891,0.08,714000000,961000000,0.84,2021-09-30,12.72,,5178000000.0,1326000000,653000000,120000000,,,None,68000000,69000000,,None,,,,,526000000,533000000,-61000000,None,0.0195,,720000000,606000000,,,,,110000000,,,,,16.43,1.234,0.334,,,,,,,,0.0143,,,2025-10-29,quarterly,0.92,USD,pre-market,None,,0.0175,0.0524,0.022,172.28,720000000,,,,55.07,59.6,9.5238,,,,,,,20340000000,,23.54,,64.46,39.88
2025-12-28,ADM,2.46,83211002000.0,23.54,,0.686,46.86,,,,,,,,,,,,,,,None,21463000000,21463000000,,,,,,None,243000000,,2.03,0.0351,,,,4.891,0.08,865000000,1108000000,0.84,2021-06-30,12.72,,5178000000.0,1463000000,825000000,113000000,,,None,70000000,173000000,,None,,,,,712000000,712000000,-40000000,None,0.0195,,739000000,724000000,,,,,164000000,,,,,16.43,1.234,0.334,,,,,,,,0.0143,,,2025-10-29,quarterly,0.92,USD,pre-market,None,,0.0175,0.0524,0.022,172.28,739000000,,,,55.07,59.6,9.5238,,,,,,,22926000000,,23.54,,64.46,39.88
2025-12-28,ADM,2.46,83211002000.0,23.54,,0.686,46.86,,,,,,,,,,,,,,,None,17345000000,17345000000,,,,,,None,249000000,,2.03,0.0351,,,,4.891,0.08,911000000,1160000000,0.84,2021-03-31,12.72,,5178000000.0,1548000000,824000000,131000000,,,None,67000000,13000000,,None,,,,,689000000,693000000,-74000000,None,0.0195,,749000000,799000000,,,,,171000000,,,,,16.43,1.234,0.334,,,,,,,,0.0143,,,2025-10-29,quarterly,0.92,USD,pre-market,None,,0.0175,0.0524,0.022,172.28,749000000,,,,55.07,59.6,9.5238,,,,,,,18893000000,,23.54,,64.46,39.88
2025-12-28,ADM,2.46,83211002000.0,23.54,,0.686,46.86,,,,,,,,,,,,,,,None,16626000000,16626000000,,,,,,None,249000000,,2.03,0.0351,,,,4.891,0.08,825000000,1074000000,0.84,2020-12-31,12.72,,5178000000.0,1352000000,756000000,63000000,,,None,73000000,17000000,,None,,,,,687000000,693000000,-52000000,None,0.0195,,749000000,603000000,,,,,241000000,,,,,16.43,1.234,0.334,,,,,,,,0.0143,,,2025-10-29,quarterly,0.92,USD,pre-market,None,,0.0175,0.0524,0.022,172.28,664000000,,,,55.07,59.6,9.5238,,,,,,,17978000000,,23.54,,64.46,39.88
2025-12-28,ADM,2.46,83211002000.0,23.54,,0.686,46.86,,,,,,,,,,,,,,,None,14084000000,14084000000,,,,,,None,238000000,,2.03,0.0351,,,,4.891,0.08,300000000,538000000,0.84,2020-09-30,12.72,,5178000000.0,1042000000,200000000,-26000000,,,None,85000000,76000000,,None,,,,,225000000,226000000,-84000000,None,0.0195,,636000000,406000000,,,,,-102000000,,,,,16.43,1.234,0.334,,,,,,,,0.0143,,,2025-10-29,quarterly,0.92,USD,pre-market,None,,0.0175,0.0524,0.022,172.28,636000000,,,,55.07,59.6,9.5238,,,,,,,15126000000,,23.54,,64.46,39.88
2025-12-28,ADM,2.46,83211002000.0,23.54,,0.686,46.86,,,,,,,,,,,,,,,None,15173000000,15173000000,,,,,,None,244000000,,2.03,0.0351,,,,4.891,0.08,639000000,883000000,0.84,2020-06-30,12.72,,5178000000.0,1108000000,552000000,80000000,,,None,79000000,15000000,,None,,,,,469000000,472000000,-72000000,None,0.0195,,638000000,470000000,,,,,185000000,,,,,16.43,1.234,0.334,,,,,,,,0.0143,,,2025-10-29,quarterly,0.92,USD,pre-market,None,,0.0175,0.0524,0.022,172.28,638000000,,,,55.07,59.6,9.5238,,,,,,,16281000000,,23.54,,64.46,39.88
2025-12-28,ADM,2.46,83211002000.0,23.54,,0.686,46.86,,,,,,,,,,,,,,,None,14019000000,14019000000,,,,,,None,245000000,,2.03,0.0351,,,,4.891,0.08,458000000,703000000,0.84,2020-03-31,12.72,,5178000000.0,951000000,375000000,-16000000,,,None,83000000,40000000,,None,,,,,391000000,391000000,-43000000,None,0.0195,,664000000,287000000,,,,,212000000,,,,,16.43,1.234,0.334,,,,,,,,0.0143,,,2025-10-29,quarterly,0.92,USD,pre-market,None,,0.0175,0.0524,0.022,172.28,664000000,,,,55.07,59.6,9.5238,,,,,,,14970000000,,23.54,,64.46,39.88
2025-12-28,ADM,2.46,83211002000.0,23.54,,0.686,46.86,,,,,,,,,,,,,,,None,15160000000,15160000000,,,,,,None,251000000,,2.03,0.0351,,,,4.891,0.08,591000000,842000000,0.84,2019-12-31,12.72,,5178000000.0,1169000000,496000000,-3000000,,,None,96000000,50000000,,None,,,,,504000000,499000000,-45000000,None,0.0195,,654000000,515000000,,,,,179000000,,,,,16.43,1.234,0.334,,,,,,,,0.0143,,,2025-10-29,quarterly,0.92,USD,pre-market,None,,0.0175,0.0524,0.022,172.28,654000000,,,,55.07,59.6,9.5238,,,,,,,16329000000,,23.54,,64.46,39.88
2025-12-28,ADM,2.46,83211002000.0,23.54,,0.686,46.86,,,,,,,,,,,,,,,None,15648000000,15648000000,,,,,,None,249000000,,2.03,0.0351,,,,4.891,0.08,600000000,849000000,0.84,2019-09-30,12.72,,5178000000.0,1078000000,503000000,95000000,,,None,97000000,47000000,,None,,,,,407000000,408000000,-50000000,None,0.0195,,578000000,500000000,,,,,153000000,,,,,16.43,1.234,0.334,,,,,,,,0.0143,,,2025-10-29,quarterly,0.92,USD,pre-market,None,,0.0175,0.0524,0.022,172.28,578000000,,,,55.07,59.6,9.5238,,,,,,,16726000000,,23.54,,64.46,39.88
2025-12-28,ADM,2.46,83211002000.0,23.54,,0.686,46.86,,,,,,,,,,,,,,,None,15325000000,15325000000,,,,,,None,248000000,,2.03,0.0351,,,,4.891,0.08,383000000,631000000,0.84,2019-06-30,12.72,,5178000000.0,972000000,274000000,36000000,,,None,109000000,46000000,,None,,,,,235000000,238000000,-63000000,None,0.0195,,602000000,370000000,,,,,149000000,,,,,16.43,1.234,0.334,,,,,,,,0.0143,,,2025-10-29,quarterly,0.92,USD,pre-market,None,,0.0175,0.0524,0.022,172.28,602000000,,,,55.07,59.6,9.5238,,,,,,,16297000000,,23.54,,64.46,39.88
2025-12-28,ADM,2.46,83211002000.0,23.54,,0.686,46.86,,,,,,,,,,,,,,,None,14376000000,14376000000,,,,,,None,245000000,,2.03,0.0351,,,,4.891,0.08,416000000,661000000,0.84,2019-03-31,12.72,,5178000000.0,928000000,315000000,81000000,,,None,101000000,19000000,,None,,,,,233000000,234000000,-52000000,None,0.0195,,659000000,269000000,,,,,158000000,,,,,16.43,1.234,0.334,,,,,,,,0.0143,,,2025-10-29,quarterly,0.92,USD,pre-market,None,,0.0175,0.0524,0.022,172.28,659000000,,,,55.07,59.6,9.5238,,,,,,,15304000000,,23.54,,64.46,39.88
2025-12-28,ADM,2.46,83211002000.0,23.54,,0.686,46.86,,,,,,,,,,,,,,,None,14894000000,14894000000,,,,,,None,235000000,,2.03,0.0351,,,,4.891,0.08,409000000,644000000,0.84,2018-12-31,12.72,,5178000000.0,1053000000,312000000,-5000000,,,None,97000000,None,,None,,,,,315000000,317000000,None,None,0.0195,,558000000,495000000,,,,,44000000,,,,,16.43,1.234,0.334,,,,,,,,0.0143,,,2025-10-29,quarterly,0.92,USD,pre-market,141000000,,0.0175,0.0524,0.022,172.28,558000000,,,,55.07,59.6,9.5238,,,,,,,15947000000,,23.54,,64.46,39.88
2025-12-28,ADM,2.46,83211002000.0,23.54,,0.686,46.86,,,,,,,,,,,,,,,None,14742000000,14742000000,,,,,,None,232000000,,2.03,0.0351,,,,4.891,0.08,719000000,951000000,0.84,2018-09-30,12.72,,5178000000.0,1058000000,632000000,96000000,,,None,87000000,None,,None,,,,,536000000,536000000,None,None,0.0195,,534000000,524000000,,,,,196000000,,,,,16.43,1.234,0.334,,,,,,,,0.0143,,,2025-10-29,quarterly,0.92,USD,pre-market,0,,0.0175,0.0524,0.022,172.28,534000000,,,,55.07,59.6,9.5238,,,,,,,15800000000,,23.54,,64.46,39.88
2025-12-28,ADM,2.46,83211002000.0,23.54,,0.686,46.86,,,,,,,,,,,,,,,None,15887000000,15887000000,,,,,,None,239000000,,2.03,0.0351,,,,4.891,0.08,741000000,980000000,0.84,2018-06-30,12.72,,5178000000.0,1181000000,652000000,86000000,,,None,90000000,None,,None,,,,,566000000,566000000,None,None,0.0195,,560000000,621000000,,,,,144000000,,,,,16.43,1.234,0.334,,,,,,,,0.0143,,,2025-10-29,quarterly,0.92,USD,pre-market,0,,0.0175,0.0524,0.022,172.28,560000000,,,,55.07,59.6,9.5238,,,,,,,17068000000,,23.54,,64.46,39.88
2025-12-28,ADM,2.46,83211002000.0,23.54,,0.686,46.86,,,,,,,,,,,,,,,None,14637000000,14637000000,,,,,,None,235000000,,2.03,0.0351,,,,4.891,0.08,555000000,790000000,0.84,2018-03-31,12.72,,5178000000.0,889000000,464000000,68000000,,,None,91000000,None,,None,,,,,393000000,396000000,None,None,0.0195,,513000000,376000000,,,,,195000000,,,,,16.43,1.234,0.334,,,,,,,,0.0143,,,2025-10-29,quarterly,0.92,USD,pre-market,0,,0.0175,0.0524,0.022,172.28,513000000,,,,55.07,59.6,9.5238,,,,,,,15526000000,,23.54,,64.46,39.88
2025-12-28,ADM,2.46,83211002000.0,23.54,,0.686,46.86,,,,,,,,,,,,,,,None,15131000000,15131000000,,,,,,None,240000000,,2.03,0.0351,,,,4.891,0.08,627000000,867000000,0.84,2017-12-31,12.72,,5178000000.0,939000000,543000000,-249000000,,,None,85000000,None,,None,,,,,788000000,792000000,None,None,0.0195,,463000000,476000000,,,,,184000000,,,,,16.43,1.234,0.334,,,,,,,,0.0143,,,2025-10-29,quarterly,0.92,USD,pre-market,129000000,,0.0175,0.0524,0.022,172.28,463000000,,,,55.07,59.6,9.5238,,,,,,,16070000000,,23.54,,64.46,39.88
2025-12-28,ADM,2.46,83211002000.0,23.54,,0.686,46.86,,,,,,,,,,,,,,,None,14015000000,14015000000,,,,,,None,232000000,,2.03,0.0351,,,,4.891,0.08,304000000,536000000,0.84,2017-09-30,12.72,,5178000000.0,812000000,225000000,30000000,,,None,79000000,None,,None,,,,,192000000,195000000,None,None,0.0195,,478000000,334000000,,,,,77000000,,,,,16.43,1.234,0.334,,,,,,,,0.0143,,,2025-10-29,quarterly,0.92,USD,pre-market,0,,0.0175,0.0524,0.022,172.28,478000000,,,,55.07,59.6,9.5238,,,,,,,14827000000,,23.54,,64.46,39.88
2025-12-28,ADM,2.46,83211002000.0,23.54,,0.686,46.86,,,,,,,,,,,,,,,None,14051000000,14051000000,,,,,,None,227000000,,2.03,0.0351,,,,4.891,0.08,469000000,696000000,0.84,2017-06-30,12.72,,5178000000.0,892000000,383000000,108000000,,,None,86000000,None,,None,,,,,276000000,275000000,None,None,0.0195,,525000000,367000000,,,,,136000000,,,,,16.43,1.234,0.334,,,,,,,,0.0143,,,2025-10-29,quarterly,0.92,USD,pre-market,0,,0.0175,0.0524,0.022,172.28,531000000,,,,55.07,59.6,9.5238,,,,,,,14943000000,,23.54,,64.46,39.88
2025-12-28,ADM,2.46,83211002000.0,23.54,,0.686,46.86,,,,,,,,,,,,,,,None,14116000000,14116000000,,,,,,None,225000000,,2.03,0.0351,,,,4.891,0.08,539000000,764000000,0.84,2017-03-31,12.72,,5178000000.0,872000000,458000000,118000000,,,None,81000000,None,,None,,,,,339000000,340000000,None,None,0.0195,,516000000,356000000,,,,,202000000,,,,,16.43,1.234,0.334,,,,,,,,0.0143,,,2025-10-29,quarterly,0.92,USD,pre-market,0,,0.0175,0.0524,0.022,172.28,521000000,,,,55.07,59.6,9.5238,,,,,,,14988000000,,23.54,,64.46,39.88
2025-12-28,ADM,2.46,83211002000.0,23.54,,0.686,46.86,,,,,,,,,,,,,,,None,15475000000,15475000000,,,,,,None,222000000,,2.03,0.0351,,,,4.891,0.08,709000000,931000000,0.84,2016-12-31,12.72,,5178000000.0,1026000000,629000000,203000000,,,None,80000000,None,,None,,,,,424000000,426000000,None,None,0.0195,,470000000,556000000,,,,,191000000,,,,,16.43,1.234,0.334,,,,,,,,0.0143,,,2025-10-29,quarterly,0.92,USD,pre-market,123000000,,0.0175,0.0524,0.022,172.28,470000000,,,,55.07,59.6,9.5238,,,,,,,16501000000,,23.54,,64.46,39.88
2025-12-28,ADM,2.46,83211002000.0,23.54,,0.686,46.86,,,,,,,,,,,,,,,None,14742000000,14742000000,,,,,,None,226000000,,2.03,0.0351,,,,4.891,0.08,558000000,784000000,0.84,2016-09-30,12.72,,5178000000.0,1090000000,480000000,136000000,,,None,76000000,None,,None,,,,,341000000,344000000,None,None,0.0195,,546000000,544000000,,,,,25000000,,,,,16.43,1.234,0.334,,,,,,,,0.0143,,,2025-10-29,quarterly,0.92,USD,pre-market,0,,0.0175,0.0524,0.022,172.28,561000000,,,,55.07,59.6,9.5238,,,,,,,15832000000,,23.54,,64.46,39.88
2025-12-28,ADM,2.46,83211002000.0,23.54,,0.686,46.86,,,,,,,,,,,,,,,None,14892000000,14892000000,,,,,,None,221000000,,2.03,0.0351,,,,4.891,0.08,472000000,693000000,0.84,2016-06-30,12.72,,5178000000.0,737000000,407000000,119000000,,,None,65000000,None,,None,,,,,284000000,288000000,None,None,0.0195,,500000000,237000000,,,,,247000000,,,,,16.43,1.234,0.334,,,,,,,,0.0143,,,2025-10-29,quarterly,0.92,USD,pre-market,0,,0.0175,0.0524,0.022,172.28,520000000,,,,55.07,59.6,9.5238,,,,,,,15629000000,,23.54,,64.46,39.88
2025-12-28,ADM,2.46,83211002000.0,23.54,,0.686,46.86,,,,,,,,,,,,,,,None,13603000000,13603000000,,,,,,None,231000000,,2.03,0.0351,,,,4.891,0.08,376000000,607000000,0.84,2016-03-31,12.72,,5178000000.0,781000000,306000000,76000000,,,None,70000000,None,,None,,,,,230000000,230000000,None,None,0.0195,,479000000,302000000,,,,,68000000,,,,,16.43,1.234,0.334,,,,,,,,0.0143,,,2025-10-29,quarterly,0.92,USD,pre-market,0,,0.0175,0.0524,0.022,172.28,475000000,,,,55.07,59.6,9.5238,,,,,,,14384000000,,23.54,,64.46,39.88
2025-12-28,ADM,2.46,83211002000.0,23.54,,0.686,46.86,,,,,,,,,,,,,,,None,15580000000,15580000000,,,,,,None,224000000,,2.03,0.0351,,,,4.891,0.08,774000000,998000000,0.84,2015-12-31,12.72,,5178000000.0,865000000,701000000,-16000000,,,None,73000000,None,,None,,,,,718000000,717000000,None,None,0.0195,,482000000,383000000,,,,,495000000,,,,,16.43,1.234,0.334,,,,,,,,0.0143,,,2025-10-29,quarterly,0.92,USD,pre-market,112000000,,0.0175,0.0524,0.022,172.28,482000000,,,,55.07,59.6,9.5238,,,,,,,16445000000,,23.54,,64.46,39.88
2025-12-28,ADM,2.46,83211002000.0,23.54,,0.686,46.86,,,,,,,,,,,,,,,None,15476000000,15476000000,,,,,,None,217000000,,2.03,0.0351,,,,4.891,0.08,436000000,653000000,0.84,2015-09-30,12.72,,5178000000.0,1089000000,367000000,114000000,,,None,69000000,None,,None,,,,,252000000,253000000,None,None,0.0195,,519000000,570000000,,,,,-77000000,,,,,16.43,1.234,0.334,,,,,,,,0.0143,,,2025-10-29,quarterly,0.92,USD,pre-market,0,,0.0175,0.0524,0.022,172.28,511000000,,,,55.07,59.6,9.5238,,,,,,,16565000000,,23.54,,64.46,39.88
2025-12-28,ADM,2.46,83211002000.0,23.54,,0.686,46.86,,,,,,,,,,,,,,,None,16222000000,16222000000,,,,,,None,225000000,,2.03,0.0351,,,,4.891,0.08,611000000,836000000,0.84,2015-06-30,12.72,,5178000000.0,964000000,526000000,143000000,,,None,85000000,None,,None,,,,,386000000,383000000,None,None,0.0195,,525000000,439000000,,,,,197000000,,,,,16.43,1.234,0.334,,,,,,,,0.0143,,,2025-10-29,quarterly,0.92,USD,pre-market,0,,0.0175,0.0524,0.022,172.28,519000000,,,,55.07,59.6,9.5238,,,,,,,17186000000,,23.54,,64.46,39.88
2025-12-28,ADM,2.46,83211002000.0,23.54,,0.686,46.86,,,,,,,,,,,,,,,None,16404000000,16404000000,,,,,,None,216000000,,2.03,0.0351,,,,4.891,0.08,771000000,987000000,0.84,2015-03-31,12.72,,5178000000.0,1102000000,690000000,197000000,,,None,81000000,None,,None,,,,,493000000,493000000,None,None,0.0195,,498000000,604000000,,,,,167000000,,,,,16.43,1.234,0.334,,,,,,,,0.0143,,,2025-10-29,quarterly,0.92,USD,pre-market,0,,0.0175,0.0524,0.022,172.28,498000000,,,,55.07,59.6,9.5238,,,,,,,17506000000,,23.54,,64.46,39.88
2025-12-28,ADM,2.46,83211002000.0,23.54,,0.686,46.86,,,,,,,,,,,,,,,None,19443000000,19443000000,,,,,,None,248000000,,2.03,0.0351,,,,4.891,0.08,1082000000,1330000000,0.84,2014-12-31,12.72,,5178000000.0,1451000000,996000000,291000000,,,None,86000000,None,,None,,,,,701000000,705000000,None,None,0.0195,,637000000,814000000,,,,,342000000,,,,,16.43,1.234,0.334,,,,,,,,0.0143,,,2025-10-29,quarterly,0.92,USD,pre-market,79000000,,0.0175,0.0524,0.022,172.28,637000000,,,,55.07,59.6,9.5238,,,,,,,20894000000,,23.54,,64.46,39.88
2025-12-28,ADM,2.46,83211002000.0,23.54,,0.686,46.86,,,,,,,,,,,,,,,None,16647000000,16647000000,,,,,,None,214000000,,2.03,0.0351,,,,4.891,0.08,1112000000,1326000000,0.84,2014-09-30,12.72,,5178000000.0,1470000000,1033000000,285000000,,,None,79000000,None,,None,,,,,747000000,748000000,None,None,0.0195,,451000000,1019000000,,,,,93000000,,,,,16.43,1.234,0.334,,,,,,,,0.0143,,,2025-10-29,quarterly,0.92,USD,pre-market,0,,0.0175,0.0524,0.022,172.28,451000000,,,,55.07,59.6,9.5238,,,,,,,18117000000,,23.54,,64.46,39.88
2025-12-28,ADM,2.46,83211002000.0,23.54,,0.686,46.86,,,,,,,,,,,,,,,None,20322000000,20322000000,,,,,,None,213000000,,2.03,0.0351,,,,4.891,0.08,814000000,1027000000,0.84,2014-06-30,12.72,,5178000000.0,1172000000,735000000,203000000,,,None,79000000,None,,None,,,,,533000000,532000000,None,None,0.0195,,426000000,746000000,,,,,99000000,,,,,16.43,1.234,0.334,,,,,,,,0.0143,,,2025-10-29,quarterly,0.92,USD,pre-market,0,,0.0175,0.0524,0.022,172.28,426000000,,,,55.07,59.6,9.5238,,,,,,,21494000000,,23.54,,64.46,39.88
2025-12-28,ADM,2.46,83211002000.0,23.54,,0.686,46.86,,,,,,,,,,,,,,,None,20021000000,20021000000,,,,,,None,219000000,,2.03,0.0351,,,,4.891,0.08,459000000,678000000,0.84,2014-03-31,12.72,,5178000000.0,675000000,366000000,98000000,,,None,93000000,None,,None,,,,,267000000,268000000,None,None,0.0195,,393000000,282000000,,,,,177000000,,,,,16.43,1.234,0.334,,,,,,,,0.0143,,,2025-10-29,quarterly,0.92,USD,pre-market,0,,0.0175,0.0524,0.022,172.28,393000000,,,,55.07,59.6,9.5238,,,,,,,20696000000,,23.54,,64.46,39.88
2025-12-28,ADM,2.46,83211002000.0,23.54,,0.686,46.86,,,,,,,,,,,,,,,None,22973000000,22973000000,,,,,,None,228000000,,2.03,0.0351,,,,4.891,0.08,718000000,946000000,0.84,2013-12-31,12.72,,5178000000.0,1170000000,623000000,246000000,,,None,95000000,None,,None,,,,,374000000,377000000,None,None,0.0195,,442000000,728000000,,,,,226000000,,,,,16.43,1.234,0.334,,,,,,,,0.0143,,,2025-10-29,quarterly,0.92,USD,pre-market,59000000,,0.0175,0.0524,0.022,172.28,442000000,,,,55.07,59.6,9.5238,,,,,,,24143000000,,23.54,,64.46,39.88
2025-12-28,ADM,2.46,83211002000.0,23.54,,0.686,46.86,,,,,,,,,,,,,,,None,20237000000,20237000000,,,,,,None,227000000,,2.03,0.0351,,,,4.891,0.08,814000000,1041000000,0.84,2013-09-30,12.72,,5178000000.0,1156000000,709000000,228000000,,,None,105000000,None,,None,,,,,476000000,481000000,None,None,0.0195,,429000000,727000000,,,,,110000000,,,,,16.43,1.234,0.334,,,,,,,,0.0143,,,2025-10-29,quarterly,0.92,USD,pre-market,0,,0.0175,0.0524,0.022,172.28,429000000,,,,55.07,59.6,9.5238,,,,,,,21393000000,,23.54,,64.46,39.88
2025-12-28,ADM,2.46,83211002000.0,23.54,,0.686,46.86,,,,,,,,,,,,,,,None,21734000000,21734000000,,,,,,None,227000000,,2.03,0.0351,,,,4.891,0.08,424000000,651000000,0.84,2013-06-30,12.72,,5178000000.0,807000000,317000000,91000000,,,None,107000000,None,,None,,,,,223000000,226000000,None,None,0.0195,,452000000,355000000,,,,,69000000,,,,,16.43,1.234,0.334,,,,,,,,0.0143,,,2025-10-29,quarterly,0.92,USD,pre-market,0,,0.0175,0.0524,0.022,172.28,452000000,,,,55.07,59.6,9.5238,,,,,,,22541000000,,23.54,,64.46,39.88
2025-12-28,ADM,2.46,83211002000.0,23.54,,0.686,46.86,,,,,,,,,,,,,,,None,20971000000,20971000000,,,,,,None,227000000,,2.03,0.0351,,,,4.891,0.08,481000000,708000000,0.84,2013-03-31,12.72,,5178000000.0,756000000,375000000,105000000,,,None,106000000,None,,None,,,,,269000000,270000000,None,None,0.0195,,436000000,320000000,,,,,161000000,,,,,16.43,1.234,0.334,,,,,,,,0.0143,,,2025-10-29,quarterly,0.92,USD,pre-market,0,,0.0175,0.0524,0.022,172.28,436000000,,,,55.07,59.6,9.5238,,,,,,,21727000000,,23.54,,64.46,39.88
2025-12-28,ADM,2.46,83211002000.0,23.54,,0.686,46.86,,,,,,,,,,,,,,,None,23925000000,23925000000,,,,,,None,218000000,,2.03,0.0351,,,,4.891,0.08,596000000,814000000,0.84,2012-12-31,12.72,,5178000000.0,996000000,702000000,192000000,,,None,106000000,None,,None,,,,,510000000,None,None,None,0.0195,,379000000,617000000,,,,,None,,,,,16.43,1.234,0.334,,,,,,,,0.0143,,,2025-10-29,quarterly,0.92,USD,pre-market,None,,0.0175,0.0524,0.022,172.28,479000000,,,,55.07,59.6,9.5238,,,,,,,24921000000,,23.54,,64.46,39.88
2025-12-28,ADM,2.46,83211002000.0,23.54,,0.686,46.86,,,,,,,,,,,,,,,None,21002000000,21002000000,,,,,,None,217000000,,2.03,0.0351,,,,4.891,0.08,401000000,618000000,0.84,2012-09-30,12.72,,5178000000.0,806000000,295000000,111000000,,,None,106000000,None,,None,,,,,182000000,184000000,None,None,0.0195,,390000000,416000000,,,,,131000000,,,,,16.43,1.234,0.334,,,,,,,,0.0143,,,2025-10-29,quarterly,0.92,USD,pre-market,0,,0.0175,0.0524,0.022,172.28,390000000,,,,55.07,59.6,9.5238,,,,,,,21808000000,,23.54,,64.46,39.88
2025-12-28,ADM,2.46,83211002000.0,23.54,,0.686,46.86,,,,,,,,,,,,,,,None,21862000000,21862000000,,,,,,None,220000000,,2.03,0.0351,,,,4.891,0.08,532000000,752000000,0.84,2012-06-30,12.72,,5178000000.0,813000000,416000000,123000000,,,None,116000000,None,,None,,,,,284000000,293000000,None,None,0.0195,,394000000,419000000,,,,,113000000,,,,,16.43,1.234,0.334,,,,,,,,0.0143,,,2025-10-29,quarterly,0.92,USD,pre-market,27000000,,0.0175,0.0524,0.022,172.28,394000000,,,,55.07,59.6,9.5238,,,,,,,22675000000,,23.54,,64.46,39.88
2025-12-28,ADM,2.46,83211002000.0,23.54,,0.686,46.86,,,,,,,,,,,,,,,None,20147000000,20147000000,,,,,,None,214000000,,2.03,0.0351,,,,4.891,0.08,684000000,898000000,0.84,2012-03-31,12.72,,5178000000.0,1008000000,568000000,163000000,,,None,116000000,None,,None,,,,,399000000,405000000,None,None,0.0195,,402000000,606000000,,,,,163000000,,,,,16.43,1.234,0.334,,,,,,,,0.0143,,,2025-10-29,quarterly,0.92,USD,pre-market,29000000,,0.0175,0.0524,0.022,172.28,402000000,,,,55.07,59.6,9.5238,,,,,,,21155000000,,23.54,,64.46,39.88
2025-12-28,ADM,2.46,83211002000.0,23.54,,0.686,46.86,,,,,,,,,,,,,,,None,22493000000,22493000000,,,,,,None,207000000,,2.03,0.0351,,,,4.891,0.08,10000000,217000000,0.84,2011-12-31,12.72,,5178000000.0,813000000,121000000,38000000,,,None,96000000,None,,None,,,,,80000000,83000000,None,None,0.0195,,423000000,390000000,,,,,179000000,,,,,16.43,1.234,0.334,,,,,,,,0.0143,,,2025-10-29,quarterly,0.92,USD,pre-market,29000000,,0.0175,0.0524,0.022,172.28,423000000,,,,55.07,59.6,9.5238,,,,,,,23306000000,,23.54,,64.46,39.88
2025-12-28,ADM,2.46,83211002000.0,23.54,,0.686,46.86,,,,,,,,,,,,,,,None,20868000000,20868000000,,,,,,None,207000000,,2.03,0.0351,,,,4.891,0.08,773000000,980000000,0.84,2011-09-30,12.72,,5178000000.0,1034000000,660000000,199000000,,,None,113000000,None,,None,,,,,460000000,461000000,None,None,0.0195,,407000000,627000000,,,,,146000000,,,,,16.43,1.234,0.334,,,,,,,,0.0143,,,2025-10-29,quarterly,0.92,USD,pre-market,0,,0.0175,0.0524,0.022,172.28,407000000,,,,55.07,59.6,9.5238,,,,,,,21902000000,,23.54,,64.46,39.88
2025-12-28,ADM,2.46,83211002000.0,23.54,,0.686,46.86,,,,,,,,,,,,,,,None,21772000000,21772000000,,,,,,None,212000000,,2.03,0.0351,,,,4.891,0.08,893000000,1105000000,0.84,2011-06-30,12.72,,5178000000.0,1098000000,764000000,385000000,,,None,129000000,None,,None,,,,,381000000,379000000,None,None,0.0195,,423000000,675000000,,,,,571000000,,,,,16.43,1.234,0.334,,,,,,,,0.0143,,,2025-10-29,quarterly,0.92,USD,pre-market,60000000,,0.0175,0.0524,0.022,172.28,423000000,,,,55.07,59.6,9.5238,,,,,,,22870000000,,23.54,,64.46,39.88
2025-12-28,ADM,2.46,83211002000.0,23.54,,0.686,46.86,,,,,,,,,,,,,,,None,18917000000,18917000000,,,,,,None,202000000,,2.03,0.0351,,,,4.891,0.08,912000000,1114000000,0.84,2011-03-31,12.72,,5178000000.0,1160000000,791000000,223000000,,,None,121000000,None,,None,,,,,578000000,568000000,None,None,0.0195,,395000000,765000000,,,,,26000000,,,,,16.43,1.234,0.334,,,,,,,,0.0143,,,2025-10-29,quarterly,0.92,USD,pre-market,0,,0.0175,0.0524,0.022,172.28,395000000,,,,55.07,59.6,9.5238,,,,,,,20077000000,,23.54,,64.46,39.88
2025-12-28,ADM,2.46,83211002000.0,23.54,,0.686,46.86,,,,,,,,,,,,,,,None,19696000000,19696000000,,,,,,None,211000000,,2.03,0.0351,,,,4.891,0.08,1113000000,1324000000,0.84,2010-12-31,12.72,,5178000000.0,1234000000,998000000,269000000,,,None,115000000,None,,None,,,,,732000000,729000000,None,None,0.0195,,412000000,822000000,,,,,176000000,,,,,16.43,1.234,0.334,,,,,,,,0.0143,,,2025-10-29,quarterly,0.92,USD,pre-market,0,,0.0175,0.0524,0.022,172.28,412000000,,,,55.07,59.6,9.5238,,,,,,,20930000000,,23.54,,64.46,39.88
2025-12-28,ADM,2.46,83211002000.0,23.54,,0.686,46.86,,,,,,,,,,,,,,,None,15991000000,15991000000,,,,,,None,252000000,,2.03,0.0351,,,,4.891,0.08,579000000,831000000,0.84,2010-09-30,12.72,,5178000000.0,808000000,462000000,120000000,,,None,117000000,None,,None,,,,,345000000,342000000,None,None,0.0195,,381000000,427000000,,,,,35000000,,,,,16.43,1.234,0.334,,,,,,,,0.0143,,,2025-10-29,quarterly,0.92,USD,pre-market,0,,0.0175,0.0524,0.022,172.28,381000000,,,,55.07,59.6,9.5238,,,,,,,16799000000,,23.54,,64.46,39.88
2025-12-28,ADM,2.46,83211002000.0,23.54,,0.686,46.86,,,,,,,,,,,,,,,None,14777000000,14777000000,,,,,,None,239000000,,2.03,0.0351,,,,4.891,0.08,668000000,907000000,0.84,2010-06-30,12.72,,5178000000.0,926000000,550000000,105000000,,,None,118000000,None,,None,,,,,446000000,445000000,None,None,0.0195,,331000000,595000000,,,,,-45000000,,,,,16.43,1.234,0.334,,,,,,,,0.0143,,,2025-10-29,quarterly,0.92,USD,pre-market,56000000,,0.0175,0.0524,0.022,172.28,331000000,,,,55.07,59.6,9.5238,,,,,,,15703000000,,23.54,,64.46,39.88
2025-12-28,ADM,2.46,83211002000.0,23.54,,0.686,46.86,,,,,,,,,,,,,,,None,14254000000,14254000000,,,,,,None,242000000,,2.03,0.0351,,,,4.891,0.08,635000000,877000000,0.84,2010-03-31,12.72,,5178000000.0,891000000,534000000,118000000,,,None,101000000,None,,None,,,,,421000000,416000000,None,None,0.0195,,355000000,536000000,,,,,-2000000,,,,,16.43,1.234,0.334,,,,,,,,0.0143,,,2025-10-29,quarterly,0.92,USD,pre-market,0,,0.0175,0.0524,0.022,172.28,355000000,,,,55.07,59.6,9.5238,,,,,,,15145000000,,23.54,,64.46,39.88
2025-12-28,ADM,2.46,83211002000.0,23.54,,0.686,46.86,,,,,,,,,,,,,,,None,14860000000,14860000000,,,,,,None,222000000,,2.03,0.0351,,,,4.891,0.08,987000000,1209000000,0.84,2009-12-31,12.72,,5178000000.0,1053000000,784000000,223000000,,,None,203000000,None,,None,,,,,567000000,561000000,None,None,0.0195,,358000000,695000000,,,,,89000000,,,,,16.43,1.234,0.334,,,,,,,,0.0143,,,2025-10-29,quarterly,0.92,USD,pre-market,0,,0.0175,0.0524,0.022,172.28,358000000,,,,55.07,59.6,9.5238,,,,,,,15913000000,,23.54,,64.46,39.88
2025-12-28,ADM,2.46,83211002000.0,23.54,,0.686,46.86,,,,,,,,,,,,,,,None,13948000000,13948000000,,,,,,None,209000000,,2.03,0.0351,,,,4.891,0.08,815000000,1024000000,0.84,2009-09-30,12.72,,5178000000.0,973000000,717000000,220000000,,,None,98000000,None,,None,,,,,496000000,497000000,None,None,0.0195,,354000000,619000000,,,,,98000000,,,,,16.43,1.234,0.334,,,,,,,,0.0143,,,2025-10-29,quarterly,0.92,USD,pre-market,0,,0.0175,0.0524,0.022,172.28,354000000,,,,55.07,59.6,9.5238,,,,,,,14921000000,,23.54,,64.46,39.88
2025-12-28,ADM,2.46,83211002000.0,23.54,,0.686,46.86,,,,,,,,,,,,,,,None,16171000000,16171000000,,,,,,None,191000000,,2.03,0.0351,,,,4.891,0.08,150000000,341000000,0.84,2009-06-30,12.72,,5178000000.0,361000000,62000000,-2000000,,,None,88000000,None,,None,,,,,64000000,0,None,None,0.0195,,320000000,41000000,,,,,None,,,,,16.43,1.234,0.334,,,,,,,,0.0143,,,2025-10-29,quarterly,0.92,USD,pre-market,50000000,,0.0175,0.0524,0.022,172.28,320000000,,,,55.07,59.6,9.5238,,,,,,,16532000000,,23.54,,64.46,39.88
2025-12-28,ADM,2.46,83211002000.0,23.54,,0.686,46.86,,,,,,,,,,,,,,,None,14193000000,14193000000,,,,,,None,195000000,,2.03,0.0351,,,,4.891,0.08,246000000,441000000,0.84,2009-03-31,12.72,,5178000000.0,649000000,143000000,140000000,,,None,103000000,None,,None,,,,,3000000,0,None,None,0.0195,,346000000,303000000,,,,,None,,,,,16.43,1.234,0.334,,,,,,,,0.0143,,,2025-10-29,quarterly,0.92,USD,pre-market,0,,0.0175,0.0524,0.022,172.28,346000000,,,,55.07,59.6,9.5238,,,,,,,14842000000,,23.54,,64.46,39.88
2025-12-28,ADM,2.46,83211002000.0,23.54,,0.686,46.86,,,,,,,,,,,,,,,None,15461000000,15461000000,,,,,,None,204000000,,2.03,0.0351,,,,4.891,0.08,947000000,1151000000,0.84,2008-12-31,12.72,,5178000000.0,1212000000,817000000,238000000,,,None,130000000,None,,None,,,,,578000000,0,None,None,0.0195,,337000000,875000000,,,,,None,,,,,16.43,1.234,0.334,,,,,,,,0.0143,,,2025-10-29,quarterly,0.92,USD,pre-market,0,,0.0175,0.0524,0.022,172.28,337000000,,,,55.07,59.6,9.5238,,,,,,,16673000000,,23.54,,64.46,39.88
2025-12-28,ADM,2.46,83211002000.0,23.54,,0.686,46.86,,,,,,,,,,,,,,,None,19293000000,19293000000,,,,,,None,177000000,,2.03,0.0351,,,,4.891,0.08,1458000000,1635000000,0.84,2008-09-30,12.72,,5178000000.0,1867000000,1494000000,444000000,,,None,78000000,None,,None,,,,,1050000000,0,None,None,0.0195,,409000000,1458000000,,,,,None,,,,,16.43,1.234,0.334,,,,,,,,0.0143,,,2025-10-29,quarterly,0.92,USD,pre-market,0,,0.0175,0.0524,0.022,172.28,409000000,,,,55.07,59.6,9.5238,,,,,,,21160000000,,23.54,,64.46,39.88
2025-12-28,ADM,2.46,83211002000.0,23.54,,0.686,46.86,,,,,,,,,,,,,,,None,20977000000,20977000000,,,,,,None,181000000,,2.03,0.0351,,,,4.891,0.08,459000000,640000000,0.84,2008-06-30,12.72,,5178000000.0,807000000,538000000,166000000,,,None,170000000,None,,None,,,,,372000000,0,None,None,0.0195,,348000000,459000000,,,,,None,,,,,16.43,1.234,0.334,,,,,,,,0.0143,,,2025-10-29,quarterly,0.92,USD,pre-market,49000000,,0.0175,0.0524,0.022,172.28,348000000,,,,55.07,59.6,9.5238,,,,,,,21784000000,,23.54,,64.46,39.88
2025-12-28,ADM,2.46,83211002000.0,23.54,,0.686,46.86,,,,,,,,,,,,,,,None,17551000000,17551000000,,,,,,None,180000000,,2.03,0.0351,,,,4.891,0.08,779000000,959000000,0.84,2008-03-31,12.72,,5178000000.0,1157000000,755000000,238000000,,,None,10000000,None,,None,,,,,517000000,0,None,None,0.0195,,378000000,779000000,,,,,None,,,,,16.43,1.234,0.334,,,,,,,,0.0143,,,2025-10-29,quarterly,0.92,USD,pre-market,0,,0.0175,0.0524,0.022,172.28,378000000,,,,55.07,59.6,9.5238,,,,,,,18708000000,,23.54,,64.46,39.88
2025-12-28,ADM,2.46,83211002000.0,23.54,,0.686,46.86,,,,,,,,,,,,,,,None,15548000000,15548000000,,,,,,None,175000000,,2.03,0.0351,,,,4.891,0.08,610000000,785000000,0.84,2007-12-31,12.72,,5178000000.0,948000000,685000000,212000000,,,None,139000000,None,,None,,,,,473000000,0,None,None,0.0195,,338000000,610000000,,,,,None,,,,,16.43,1.234,0.334,,,,,,,,0.0143,,,2025-10-29,quarterly,0.92,USD,pre-market,0,,0.0175,0.0524,0.022,172.28,338000000,,,,55.07,59.6,9.5238,,,,,,,16496000000,,23.54,,64.46,39.88
2025-12-28,ADM,2.46,83211002000.0,23.54,,0.686,46.86,,,,,,,,,,,,,,,None,11898000000,11898000000,,,,,,None,185000000,,2.03,0.0351,,,,4.891,0.08,576000000,761000000,0.84,2007-09-30,12.72,,5178000000.0,930000000,647000000,206000000,,,None,145000000,None,,None,,,,,441000000,0,None,None,0.0195,,354000000,576000000,,,,,None,,,,,16.43,1.234,0.334,,,,,,,,0.0143,,,2025-10-29,quarterly,0.92,USD,pre-market,0,,0.0175,0.0524,0.022,172.28,354000000,,,,55.07,59.6,9.5238,,,,,,,12828000000,,23.54,,64.46,39.88
2025-12-28,ADM,2.46,83211002000.0,23.54,,0.686,46.86,,,,,,,,,,,,,,,None,11496297000,11496297000,,,,,,None,181224000,,2.03,0.0351,,,,4.891,0.08,424675000,605899000,0.84,2007-06-30,12.72,,5178000000.0,717592000,1393816000,438720000,,,None,1964269000,None,,None,,,,,955096000,0,None,None,0.0195,,292917000,424675000,,,,,None,,,,,16.43,1.234,0.334,,,,,,,,0.0143,,,2025-10-29,quarterly,0.92,USD,pre-market,45000000,,0.0175,0.0524,0.022,172.28,292917000,,,,55.07,59.6,9.5238,,,,,,,12213889000,,23.54,,64.46,39.88
2025-12-28,ADM,2.46,83211002000.0,23.54,,0.686,46.86,,,,,,,,,,,,,,,None,10635000000,10635000000,,,,,,None,175000000,,2.03,0.0351,,,,4.891,0.08,452000000,627000000,0.84,2007-03-31,12.72,,5178000000.0,746000000,556000000,193000000,,,None,239154000,None,,None,,,,,363000000,0,None,None,0.0195,,294000000,452000000,,,,,None,,,,,16.43,1.234,0.334,,,,,,,,0.0143,,,2025-10-29,quarterly,0.92,USD,pre-market,0,,0.0175,0.0524,0.022,172.28,294037000,,,,55.07,59.6,9.5238,,,,,,,11381000000,,23.54,,64.46,39.88
2025-12-28,ADM,2.46,83211002000.0,23.54,,0.686,46.86,,,,,,,,,,,,,,,None,10068000000,10068000000,,,,,,None,173875000,,2.03,0.0351,,,,4.891,0.08,610000000,783875000,0.84,2006-12-31,12.72,,5178000000.0,908000000,629000000,187000000,,,None,83121000,None,,None,,,,,441000000,0,None,None,0.0195,,298000000,610000000,,,,,None,,,,,16.43,1.234,0.334,,,,,,,,0.0143,,,2025-10-29,quarterly,0.92,USD,pre-market,0,,0.0175,0.0524,0.022,172.28,298211000,,,,55.07,59.6,9.5238,,,,,,,10976000000,,23.54,,64.46,39.88
2025-12-28,ADM,2.46,83211002000.0,23.54,,0.686,46.86,,,,,,,,,,,,,,,None,8581344000,8581344000,,,,,,None,171125000,,2.03,0.0351,,,,4.891,0.08,555743000,726868000,0.84,2006-09-30,12.72,,5178000000.0,865578000,575253000,172508000,,,None,79456000,None,,None,,,,,402745000,0,None,None,0.0195,,309835000,555743000,,,,,None,,,,,16.43,1.234,0.334,,,,,,,,0.0143,,,2025-10-29,quarterly,0.92,USD,pre-market,0,,0.0175,0.0524,0.022,172.28,309835000,,,,55.07,59.6,9.5238,,,,,,,9446922000,,23.54,,64.46,39.88
2025-12-28,ADM,2.46,83211002000.0,23.54,,0.686,46.86,,,,,,,,,,,,,,,None,8718433000,8718433000,,,,,,None,165934000,,2.03,0.0351,,,,4.891,0.08,532362000,698296000,0.84,2006-06-30,12.72,,5178000000.0,828903000,581851000,171592000,,,None,286222000,None,,None,,,,,410259000,0,None,None,0.0195,,296541000,532362000,,,,,None,,,,,16.43,1.234,0.334,,,,,,,,0.0143,,,2025-10-29,quarterly,0.92,USD,pre-market,45000000,,0.0175,0.0524,0.022,172.28,296541000,,,,55.07,59.6,9.5238,,,,,,,9547336000,,23.54,,64.46,39.88
2025-12-28,ADM,2.46,83211002000.0,23.54,,0.686,46.86,,,,,,,,,,,,,,,None,8352109000,8352109000,,,,,,None,163515000,,2.03,0.0351,,,,4.891,0.08,473437000,636952000,0.84,2006-03-31,12.72,,5178000000.0,770732000,492963000,145167000,,,None,26273000,None,,None,,,,,347796000,0,None,None,0.0195,,297295000,473437000,,,,,None,,,,,16.43,1.234,0.334,,,,,,,,0.0143,,,2025-10-29,quarterly,0.92,USD,pre-market,0,,0.0175,0.0524,0.022,172.28,297295000,,,,55.07,59.6,9.5238,,,,,,,9122841000,,23.54,,64.46,39.88
2025-12-28,ADM,2.46,83211002000.0,23.54,,0.686,46.86,,,,,,,,,,,,,,,None,8515517000,8515517000,,,,,,None,163092000,,2.03,0.0351,,,,4.891,0.08,489076000,652168000,0.84,2005-12-31,12.72,,5178000000.0,783468000,506704000,139027000,,,None,98871000,None,,None,,,,,367677000,0,None,None,0.0195,,294392000,489076000,,,,,None,,,,,16.43,1.234,0.334,,,,,,,,0.0143,,,2025-10-29,quarterly,0.92,USD,pre-market,0,,0.0175,0.0524,0.022,172.28,294392000,,,,55.07,59.6,9.5238,,,,,,,9298985000,,23.54,,64.46,39.88
2025-12-28,ADM,2.46,83211002000.0,23.54,,0.686,46.86,,,,,,,,,,,,,,,None,8044238000,8044238000,,,,,,None,164173000,,2.03,0.0351,,,,4.891,0.08,278256000,442429000,0.84,2005-09-30,12.72,,5178000000.0,582711000,273732000,87394000,,,None,9048000,None,,None,,,,,186338000,0,None,None,0.0195,,304455000,278256000,,,,,None,,,,,16.43,1.234,0.334,,,,,,,,0.0143,,,2025-10-29,quarterly,0.92,USD,pre-market,0,,0.0175,0.0524,0.022,172.28,304455000,,,,55.07,59.6,9.5238,,,,,,,8626949000,,23.54,,64.46,39.88
2025-12-28,ADM,2.46,83211002000.0,23.54,,0.686,46.86,,,,,,,,,,,,,,,None,79752000000,79752000000,,,,,,None,1141000000,,2.03,0.0351,,,,4.891,0.08,2961000000,4102000000,0.84,2024-12-31,12.72,,5178000000.0,5778000000,2255000000,476000000,,,None,706000000,562000000,,None,,,,,1800000000,1779000000,-144000000,None,0.0195,,3706000000,2072000000,,,,,None,,,,,16.43,1.234,0.334,,,,,,,,0.0143,,,2025-10-29,annual,0.92,USD,pre-market,269000000,,0.0175,0.0524,0.022,172.28,3706000000,,,,55.07,59.6,9.5238,,,,,,,85530000000,,23.54,,64.46,39.88
2025-12-28,ADM,2.46,83211002000.0,23.54,,0.686,46.86,,,,,,,,,,,,,,,None,86422000000,86422000000,,,,,,None,1059000000,,2.03,0.0351,,,,4.891,0.08,4947000000,6006000000,0.84,2023-12-31,12.72,,5178000000.0,7513000000,4294000000,828000000,,,None,647000000,499000000,,None,,,,,3483000000,3466000000,-148000000,None,0.0195,,3456000000,4057000000,,,,,None,,,,,16.43,1.234,0.334,,,,,,,,0.0143,,,2025-10-29,annual,0.92,USD,pre-market,256000000,,0.0175,0.0524,0.022,172.28,3456000000,,,,55.07,59.6,9.5238,,,,,,,93935000000,,23.54,,64.46,39.88
2025-12-28,ADM,2.46,83211002000.0,23.54,,0.686,46.86,,,,,,,,,,,,,,,None,93986000000,93986000000,,,,,,None,1028000000,,2.03,0.0351,,,,4.891,0.08,5629000000,6657000000,0.84,2022-12-31,12.72,,5178000000.0,7570000000,5233000000,868000000,,,None,405000000,720000000,,None,,,,,4340000000,4365000000,-103000000,None,0.0195,,3358000000,4212000000,,,,,1190000000,,,,,16.43,1.234,0.334,,,,,,,,0.0143,,,2025-10-29,annual,0.92,USD,pre-market,216000000,,0.0175,0.0524,0.022,172.28,3314000000,,,,55.07,59.6,9.5238,,,,,,,101556000000,,23.54,,64.46,39.88
2025-12-28,ADM,2.46,83211002000.0,23.54,,0.686,46.86,,,,,,,,,,,,,,,None,79262000000,79262000000,,,,,,None,996000000,,2.03,0.0351,,,,4.891,0.08,3578000000,4574000000,0.84,2021-12-31,12.72,,5178000000.0,5987000000,3313000000,578000000,,,None,284000000,96000000,,None,,,,,2709000000,2735000000,-169000000,None,0.0195,,2994000000,2993000000,,,,,749000000,,,,,16.43,1.234,0.334,,,,,,,,0.0143,,,2025-10-29,annual,0.92,USD,pre-market,171000000,,0.0175,0.0524,0.022,172.28,2994000000,,,,55.07,59.6,9.5238,,,,,,,85249000000,,23.54,,64.46,39.88
2025-12-28,ADM,2.46,83211002000.0,23.54,,0.686,46.86,,,,,,,,,,,,,,,None,59902000000,59902000000,,,,,,None,976000000,,2.03,0.0351,,,,4.891,0.08,2222000000,3198000000,0.84,2020-12-31,12.72,,5178000000.0,4453000000,1883000000,101000000,,,None,320000000,88000000,,None,,,,,1772000000,1782000000,-251000000,None,0.0195,,2687000000,1766000000,,,,,536000000,,,,,16.43,1.234,0.334,,,,,,,,0.0143,,,2025-10-29,annual,0.92,USD,pre-market,160000000,,0.0175,0.0524,0.022,172.28,2687000000,,,,55.07,59.6,9.5238,,,,,,,64355000000,,23.54,,64.46,39.88
2025-12-28,ADM,2.46,83211002000.0,23.54,,0.686,46.86,,,,,,,,,,,,,,,None,60509000000,60509000000,,,,,,None,993000000,,2.03,0.0351,,,,4.891,0.08,1990000000,2983000000,0.84,2019-12-31,12.72,,5178000000.0,4147000000,1588000000,209000000,,,None,403000000,192000000,,None,,,,,1379000000,1379000000,-210000000,None,0.0195,,2493000000,1654000000,,,,,639000000,,,,,16.43,1.234,0.334,,,,,,,,0.0143,,,2025-10-29,annual,0.92,USD,pre-market,154000000,,0.0175,0.0524,0.022,172.28,2493000000,,,,55.07,59.6,9.5238,,,,,,,64656000000,,23.54,,64.46,39.88
2025-12-28,ADM,2.46,83211002000.0,23.54,,0.686,46.86,,,,,,,,,,,,,,,None,60160000000,60160000000,,,,,,None,941000000,,2.03,0.0351,,,,4.891,0.08,2424000000,3365000000,0.84,2018-12-31,12.72,,5178000000.0,4181000000,2060000000,245000000,,,None,365000000,162000000,,None,,,,,1810000000,1815000000,-202000000,None,0.0195,,2165000000,2016000000,,,,,579000000,,,,,16.43,1.234,0.334,,,,,,,,0.0143,,,2025-10-29,annual,0.92,USD,pre-market,141000000,,0.0175,0.0524,0.022,172.28,2165000000,,,,55.07,59.6,9.5238,,,,,,,64341000000,,23.54,,64.46,39.88
2025-12-28,ADM,2.46,83211002000.0,23.54,,0.686,46.86,,,,,,,,,,,,,,,None,57310000000,57310000000,,,,,,None,924000000,,2.03,0.0351,,,,4.891,0.08,1939000000,2863000000,0.84,2017-12-31,12.72,,5178000000.0,3518000000,1609000000,7000000,,,None,331000000,106000000,,None,,,,,1595000000,1602000000,-224000000,None,0.0195,,1978000000,1540000000,,,,,599000000,,,,,16.43,1.234,0.334,,,,,,,,0.0143,,,2025-10-29,annual,0.92,USD,pre-market,129000000,,0.0175,0.0524,0.022,172.28,1993000000,,,,55.07,59.6,9.5238,,,,,,,60828000000,,23.54,,64.46,39.88
2025-12-28,ADM,2.46,83211002000.0,23.54,,0.686,46.86,,,,,,,,,,,,,,,None,58728000000,58728000000,,,,,,None,900000000,,2.03,0.0351,,,,4.891,0.08,2115000000,3015000000,0.84,2016-12-31,12.72,,5178000000.0,3618000000,1822000000,534000000,,,None,291000000,92000000,,None,,,,,1279000000,1288000000,-201000000,None,0.0195,,1981000000,1637000000,,,,,531000000,,,,,16.43,1.234,0.334,,,,,,,,0.0143,,,2025-10-29,annual,0.92,USD,pre-market,123000000,,0.0175,0.0524,0.022,172.28,2045000000,,,,55.07,59.6,9.5238,,,,,,,62346000000,,23.54,,64.46,39.88
2025-12-28,ADM,2.46,83211002000.0,23.54,,0.686,46.86,,,,,,,,,,,,,,,None,63736000000,63736000000,,,,,,None,882000000,,2.03,0.0351,,,,4.891,0.08,2592000000,3474000000,0.84,2015-12-31,12.72,,5178000000.0,3966000000,2284000000,438000000,,,None,309000000,161000000,,None,,,,,1849000000,1846000000,None,None,0.0195,,1985000000,1981000000,,,,,782000000,,,,,16.43,1.234,0.334,,,,,,,,0.0143,,,2025-10-29,annual,0.92,USD,pre-market,122000000,,0.0175,0.0524,0.022,172.28,2010000000,,,,55.07,59.6,9.5238,,,,,,,67702000000,,23.54,,64.46,39.88
2025-12-28,ADM,2.46,83211002000.0,23.54,,0.686,46.86,,,,,,,,,,,,,,,None,76433000000,76433000000,,,,,,None,894000000,,2.03,0.0351,,,,4.891,0.08,3467000000,4361000000,0.84,2014-12-31,12.72,,5178000000.0,4768000000,3130000000,877000000,,,None,338000000,None,,None,,,,,2248000000,2253000000,None,None,0.0195,,1933000000,2835000000,,,,,711000000,,,,,16.43,1.234,0.334,,,,,,,,0.0143,,,2025-10-29,annual,0.92,USD,pre-market,79000000,,0.0175,0.0524,0.022,172.28,1907000000,,,,55.07,59.6,9.5238,,,,,,,81201000000,,23.54,,64.46,39.88
2025-12-28,ADM,2.46,83211002000.0,23.54,,0.686,46.86,,,,,,,,,,,,,,,None,85915000000,85915000000,,,,,,None,909000000,,2.03,0.0351,,,,4.891,0.08,2437000000,3346000000,0.84,2013-12-31,12.72,,5178000000.0,3889000000,2024000000,670000000,,,None,414000000,None,,None,,,,,1342000000,1354000000,None,None,0.0195,,1759000000,2130000000,,,,,566000000,,,,,16.43,1.234,0.334,,,,,,,,0.0143,,,2025-10-29,annual,0.92,USD,pre-market,59000000,,0.0175,0.0524,0.022,172.28,1759000000,,,,55.07,59.6,9.5238,,,,,,,89804000000,,23.54,,64.46,39.88
2025-12-28,ADM,2.46,83211002000.0,23.54,,0.686,46.86,,,,,,,,,,,,,,,None,85370000000,85370000000,,,,,,None,848000000,,2.03,0.0351,,,,4.891,0.08,1979000000,2827000000,0.84,2012-12-31,12.72,,5178000000.0,3668000000,1765000000,523000000,,,None,441000000,None,,None,,,,,1223000000,None,None,None,0.0195,,2063000000,1765000000,,,,,None,,,,,16.43,1.234,0.334,,,,,,,,0.0143,,,2025-10-29,annual,0.92,USD,pre-market,28000000,,0.0175,0.0524,0.022,172.28,1611000000,,,,55.07,59.6,9.5238,,,,,,,89038000000,,23.54,,64.46,39.88
2025-12-28,ADM,2.46,83211002000.0,23.54,,0.686,46.86,,,,,,,,,,,,,,,None,76376000000,76376000000,,,,,,None,877000000,,2.03,0.0351,,,,4.891,0.08,3367000000,4244000000,0.84,2011-12-31,12.72,,5178000000.0,4300000000,3015000000,997000000,,,None,482000000,None,,None,,,,,2036000000,1242000000,None,None,0.0195,,1611000000,3367000000,,,,,601000000,,,,,16.43,1.234,0.334,,,,,,,,0.0143,,,2025-10-29,annual,0.92,USD,pre-market,56000000,,0.0175,0.0524,0.022,172.28,1611000000,,,,55.07,59.6,9.5238,,,,,,,80676000000,,23.54,,64.46,39.88
2025-12-28,ADM,2.46,83211002000.0,23.54,,0.686,46.86,,,,,,,,,,,,,,,None,76376000000,76376000000,,,,,,None,877000000,,2.03,0.0351,,,,4.891,0.08,3497000000,4374000000,0.84,2010-12-31,12.72,,5178000000.0,4300000000,3015000000,997000000,,,None,483000000,None,,None,,,,,2036000000,2018000000,None,None,0.0195,,1611000000,2689000000,,,,,808000000,,,,,16.43,1.234,0.334,,,,,,,,0.0143,,,2025-10-29,annual,0.92,USD,pre-market,60000000,,0.0175,0.0524,0.022,172.28,1611000000,,,,55.07,59.6,9.5238,,,,,,,80676000000,,23.54,,64.46,39.88
2025-12-28,ADM,2.46,83211002000.0,23.54,,0.686,46.86,,,,,,,,,,,,,,,None,57839000000,57839000000,,,,,,None,912000000,,2.03,0.0351,,,,4.891,0.08,3007000000,3919000000,0.84,2009-12-31,12.72,,5178000000.0,3843000000,2585000000,666000000,,,None,422000000,None,,None,,,,,1930000000,1919000000,None,None,0.0195,,1398000000,2445000000,,,,,140000000,,,,,16.43,1.234,0.334,,,,,,,,0.0143,,,2025-10-29,annual,0.92,USD,pre-market,56000000,,0.0175,0.0524,0.022,172.28,1412000000,,,,55.07,59.6,9.5238,,,,,,,61682000000,,23.54,,64.46,39.88
2025-12-28,ADM,2.46,83211002000.0,23.54,,0.686,46.86,,,,,,,,,,,,,,,None,65118000000,65118000000,,,,,,None,780000000,,2.03,0.0351,,,,4.891,0.08,2969000000,3749000000,0.84,2008-12-31,12.72,,5178000000.0,4089000000,2500000000,812000000,,,None,430000000,None,,None,,,,,1684000000,None,None,None,0.0195,,1412000000,2677000000,,,,,None,,,,,16.43,1.234,0.334,,,,,,,,0.0143,,,2025-10-29,annual,0.92,USD,pre-market,50000000,,0.0175,0.0524,0.022,172.28,1419000000,,,,55.07,59.6,9.5238,,,,,,,69207000000,,23.54,,64.46,39.88
2025-12-28,ADM,2.46,83211002000.0,23.54,,0.686,46.86,,,,,,,,,,,,,,,None,65974000000,65974000000,,,,,,None,721000000,,2.03,0.0351,,,,4.891,0.08,3101000000,3822000000,0.84,2007-12-31,12.72,,5178000000.0,3842000000,2624000000,822000000,,,None,477000000,None,,None,,,,,1802000000,None,None,None,0.0195,,1419000000,2423000000,,,,,None,,,,,16.43,1.234,0.334,,,,,,,,0.0143,,,2025-10-29,annual,0.92,USD,pre-market,49000000,,0.0175,0.0524,0.022,172.28,1195000000,,,,55.07,59.6,9.5238,,,,,,,69816000000,,23.54,,64.46,39.88
2025-12-28,ADM,2.46,83211002000.0,23.54,,0.686,46.86,,,,,,,,,,,,,,,None,40781000000,40781000000,,,,,,None,701000000,,2.03,0.0351,,,,4.891,0.08,2042000000,2743000000,0.84,2006-12-31,12.72,,5178000000.0,3237000000,3154000000,992000000,,,None,434000000,None,,None,,,,,2162000000,None,None,None,0.0195,,1195000000,2042000000,,,,,None,,,,,16.43,1.234,0.334,,,,,,,,0.0143,,,2025-10-29,annual,0.92,USD,pre-market,45000000,,0.0175,0.0524,0.022,172.28,1192683000,,,,55.07,59.6,9.5238,,,,,,,44018000000,,23.54,,64.46,39.88
2025-12-28,ADM,2.46,83211002000.0,23.54,,0.686,46.86,,,,,,,,,,,,,,,None,33630297000,33630297000,,,,,,None,656714000,,2.03,0.0351,,,,4.891,0.08,1773131000,2429845000,0.84,2005-12-31,12.72,,5178000000.0,2965814000,1855250000,543180000,,,None,365180000,None,,None,,,,,1312070000,None,None,None,0.0195,,1192683000,1773131000,,,,,None,,,,,16.43,1.234,0.334,,,,,,,,0.0143,,,2025-10-29,annual,0.92,USD,pre-market,45000000,,0.0175,0.0524,0.022,172.28,1080811000,,,,55.07,59.6,9.5238,,,,,,,36596111000,,23.54,,64.46,39.88
2025-12-28,ADM,2.46,83211002000.0,23.54,None,0.686,46.86,,1351000000,1235000000,1235000000,,,,,,,,,3291000000,484000000,None,33630297000,33630297000,4988000000,None,1247000000,6088000000,None,None,656714000,,2.03,0.0351,,,,4.891,0.08,1773131000,2429845000,0.84,2025-09-30,12.72,4764000000,5178000000.0,2965814000,1855250000,543180000,2043000000,2043000000,None,365180000,None,8700000000,None,None,6609000000,None,5205000000,1312070000,None,None,None,0.0195,,1192683000,1773131000,10409000000,2761000000,None,1114000000,None,,,,,16.43,1.234,0.334,,,,,,,,0.0143,,12418000000,2025-10-29,quarterly,0.92,USD,pre-market,45000000,21813000000,0.0175,0.0524,0.022,172.28,1080811000,9207000000,1559000000,0,55.07,59.6,9.5238,51918000000,26432000000,19268000000,29166000000,25486000000,9898000000,36596111000,22494000000,23.54,None,64.46,39.88
2025-12-28,ADM,2.46,83211002000.0,23.54,None,0.686,46.86,,1389000000,1057000000,1057000000,,,,,,,,,3270000000,484000000,None,33630297000,33630297000,4475000000,None,1622000000,5804000000,None,None,656714000,,2.03,0.0351,,,,4.891,0.08,1773131000,2429845000,0.84,2025-06-30,12.72,4769000000,5178000000.0,2965814000,1855250000,543180000,2267000000,2267000000,None,365180000,None,9723000000,None,None,8372000000,None,5175000000,1312070000,None,None,None,0.0195,,1192683000,1773131000,9699000000,3143000000,None,1032000000,None,,,,,16.43,1.234,0.334,,,,,,,,0.0143,,11142000000,2025-10-29,quarterly,0.92,USD,pre-market,45000000,21952000000,0.0175,0.0524,0.022,172.28,1080811000,10617000000,1945000000,9000000,55.07,59.6,9.5238,51996000000,26292000000,18471000000,29309000000,25704000000,10838000000,36596111000,22430000000,23.54,None,64.46,39.88
2025-12-28,ADM,2.46,83211002000.0,23.54,None,0.686,46.86,,1358000000,864000000,864000000,,,,,,,,,3246000000,483000000,None,33630297000,33630297000,5151000000,None,3469000000,6578000000,None,None,656714000,,2.03,0.0351,,,,4.891,0.08,1773131000,2429845000,0.84,2025-03-31,12.72,4623000000,5178000000.0,2965814000,1855250000,543180000,2252000000,2252000000,None,365180000,None,11550000000,None,None,7596000000,None,5022000000,1312070000,None,None,None,0.0195,,1192683000,1773131000,8857000000,2442000000,None,1024000000,None,,,,,16.43,1.234,0.334,,,,,,,,0.0143,,12334000000,2025-10-29,quarterly,0.92,USD,pre-market,45000000,21981000000,0.0175,0.0524,0.022,172.28,1080811000,12423000000,3783000000,33000000,55.07,59.6,9.5238,53402000000,27882000000,20171000000,31020000000,25520000000,10849000000,36596111000,22119000000,23.54,None,64.46,39.88
2025-12-28,ADM,2.46,83211002000.0,23.54,None,0.686,46.86,,1381000000,611000000,611000000,,,,,,,,,3223000000,484000000,None,33630297000,33630297000,5535000000,None,2577000000,5950000000,None,None,656714000,,2.03,0.0351,,,,4.891,0.08,1773131000,2429845000,0.84,2024-12-31,12.72,4509000000,5178000000.0,2965814000,1855250000,543180000,2260000000,2260000000,None,365180000,None,11572000000,None,None,7580000000,None,5276000000,1312070000,None,None,None,0.0195,,1192683000,1773131000,9339000000,3040000000,None,997000000,None,,,,,16.43,1.234,0.334,,,,,,,,0.0143,,12195000000,2025-10-29,quarterly,0.92,USD,pre-market,45000000,21933000000,0.0175,0.0524,0.022,172.28,1080811000,11538000000,2901000000,246000000,55.07,59.6,9.5238,53271000000,27718000000,19938000000,30840000000,25553000000,10902000000,36596111000,22168000000,23.54,None,64.46,39.88
2025-12-28,ADM,2.46,83211002000.0,23.54,None,0.686,46.86,,1313000000,784000000,784000000,,,,,,,,,3208000000,483000000,None,33630297000,33630297000,4911000000,None,2458000000,5898000000,None,None,656714000,,2.03,0.0351,,,,4.891,0.08,1773131000,2429845000,0.84,2024-09-30,12.72,None,5178000000.0,2965814000,1855250000,543180000,6999000000,6999000000,None,365180000,None,10746000000,None,None,7578000000,None,5142000000,1312070000,None,None,None,0.0195,,1192683000,1773131000,9198000000,3306000000,None,1054000000,None,,,,,16.43,1.234,0.334,,,,,,,,0.0143,,12119000000,2025-10-29,quarterly,0.92,USD,pre-market,45000000,21606000000,0.0175,0.0524,0.022,172.28,1080811000,11349000000,2752000000,6975000000,55.07,59.6,9.5238,52199000000,26626000000,19003000000,29932000000,25573000000,10929000000,36596111000,21974000000,23.54,None,64.46,39.88
2025-12-28,ADM,2.46,83211002000.0,23.54,None,0.686,46.86,,1316000000,764000000,764000000,,,,,,,,,3200000000,493000000,None,33630297000,33630297000,5035000000,None,2313000000,6383000000,None,None,656714000,,2.03,0.0351,,,,4.891,0.08,1773131000,2429845000,0.84,2024-06-30,12.72,None,5178000000.0,2965814000,1855250000,543180000,6970000000,6970000000,None,365180000,None,10443000000,None,None,8247000000,None,5557000000,1312070000,None,None,None,0.0195,,1192683000,1773131000,9372000000,3003000000,None,1000000000,None,,,,,16.43,1.234,0.334,,,,,,,,0.0143,,None,2025-10-29,quarterly,0.92,USD,pre-market,45000000,21828000000,0.0175,0.0524,0.022,172.28,1080811000,11876000000,2612000000,6975000000,55.07,59.6,9.5238,52698000000,26962000000,18684000000,30237000000,25736000000,11553000000,36596111000,22148000000,23.54,None,64.46,39.88
2025-12-28,ADM,2.46,83211002000.0,23.54,None,0.686,46.86,,1308000000,830000000,830000000,,,,,,,,,2720000000,514000000,None,33630297000,33630297000,5599000000,None,1735000000,6467000000,None,None,656714000,,2.03,0.0351,,,,4.891,0.08,1773131000,2429845000,0.84,2024-03-31,12.72,None,5178000000.0,2965814000,1855250000,543180000,7051000000,7051000000,None,365180000,None,11634000000,None,None,8245000000,None,5566000000,1312070000,None,None,None,0.0195,,1192683000,1773131000,10075000000,3102000000,None,1016000000,None,,,,,16.43,1.234,0.334,,,,,,,,0.0143,,None,2025-10-29,quarterly,0.92,USD,pre-market,45000000,23069000000,0.0175,0.0524,0.022,172.28,1080811000,11288000000,2033000000,7381000000,55.07,59.6,9.5238,54831000000,29006000000,19730000000,31292000000,25825000000,11562000000,36596111000,23219000000,23.54,None,64.46,39.88
2025-12-28,ADM,2.46,83211002000.0,23.54,None,0.686,46.86,,1231000000,1368000000,1368000000,,,,,,,,,3154000000,531000000,None,33630297000,33630297000,6313000000,None,106000000,6496000000,None,None,656714000,,2.03,0.0351,,,,4.891,0.08,1773131000,2429845000,0.84,2023-12-31,12.72,4103000000,5178000000.0,2965814000,1855250000,543180000,2238000000,2238000000,None,365180000,None,11957000000,None,None,8259000000,None,5500000000,1312070000,None,None,None,0.0195,,1192683000,1773131000,9946000000,3016000000,None,1005000000,None,,,,,16.43,1.234,0.334,,,,,,,,0.0143,,None,2025-10-29,quarterly,0.92,USD,pre-market,45000000,23465000000,0.0175,0.0524,0.022,172.28,1080811000,9596000000,406000000,7228000000,55.07,59.6,9.5238,54631000000,29767000000,18662000000,30166000000,24864000000,11504000000,36596111000,24132000000,23.54,None,64.46,39.88
2025-12-28,ADM,2.46,83211002000.0,23.54,None,0.686,46.86,,1159000000,1498000000,1498000000,,,,,,,,,3140000000,540000000,None,33630297000,33630297000,5252000000,None,116000000,6656000000,None,None,656714000,,2.03,0.0351,,,,4.891,0.08,1773131000,2429845000,0.84,2023-09-30,12.72,None,5178000000.0,2965814000,1855250000,543180000,6392000000,6392000000,None,365180000,None,11224000000,None,None,8224000000,None,5469000000,1312070000,None,None,None,0.0195,,1192683000,1773131000,11144000000,3311000000,None,929000000,None,,,,,16.43,1.234,0.334,,,,,,,,0.0143,,11359000000,2025-10-29,quarterly,0.92,USD,pre-market,45000000,24699000000,0.0175,0.0524,0.022,172.28,1080811000,9500000000,412000000,7739000000,55.07,59.6,9.5238,55093000000,30522000000,18105000000,29512000000,24571000000,11407000000,36596111000,25228000000,23.54,None,64.46,39.88
2025-12-28,ADM,2.46,83211002000.0,23.54,-17229000000,0.686,46.86,,1155000000,1426000000,1426000000,,,,,,,,,3128000000,546000000,None,33630297000,33630297000,5079000000,None,125000000,6459000000,None,None,656714000,,2.03,0.0351,,,,4.891,0.08,1773131000,2429845000,0.84,2023-06-30,12.72,None,5178000000.0,2965814000,1855250000,543180000,6542000000,6542000000,None,365180000,None,11902000000,None,None,8545000000,None,5665000000,1312070000,None,None,None,0.0195,,1192683000,1773131000,10899000000,3537000000,None,984000000,None,,,,,16.43,1.234,0.334,,,,,,,,0.0143,,10127000000,2025-10-29,quarterly,0.92,USD,pre-market,45000000,24244000000,0.0175,0.0524,0.022,172.28,1080811000,9825000000,728000000,8167000000,55.07,59.6,9.5238,55499000000,30686000000,18788000000,30220000000,24813000000,11432000000,36596111000,24939000000,23.54,None,64.46,39.88
2025-12-28,ADM,2.46,83211002000.0,23.54,-17040000000,0.686,46.86,,1044000000,899000000,899000000,,,,,,,,,3106000000,551000000,None,33630297000,33630297000,6271000000,None,1809000000,6880000000,None,None,656714000,,2.03,0.0351,,,,4.891,0.08,1773131000,2429845000,0.84,2023-03-31,12.72,None,5178000000.0,2965814000,1855250000,543180000,6583000000,6583000000,None,365180000,None,14771000000,None,None,7745000000,None,14406000000,1312070000,None,None,None,0.0195,,1192683000,1773131000,11775000000,3223000000,None,1768000000,None,,,,,16.43,1.234,0.334,,,,,,,,0.0143,,10071000000,2025-10-29,quarterly,0.92,USD,pre-market,45000000,24217000000,0.0175,0.0524,0.022,172.28,1080811000,11550000000,3048000000,8736000000,55.07,59.6,9.5238,58802000000,34325000000,22730000000,33605000000,24477000000,10875000000,36596111000,24860000000,23.54,None,64.46,39.88
2025-12-28,ADM,2.46,83211002000.0,23.54,-16842000000,0.686,46.86,,1108000000,1037000000,1037000000,,,,,,,,,3147000000,554000000,None,33630297000,33630297000,7803000000,None,503000000,7569000000,None,None,656714000,,2.03,0.0351,,,,4.891,0.08,1773131000,2429845000,0.84,2022-12-31,12.72,4162000000,5178000000.0,2965814000,1855250000,543180000,2382000000,2382000000,None,365180000,None,14771000000,None,None,8677000000,None,5467000000,1312070000,None,None,None,0.0195,,1192683000,1773131000,153000000,4101000000,None,1014000000,None,,,,,16.43,1.234,0.334,,,,,,,,0.0143,,9933000000,2025-10-29,quarterly,0.92,USD,pre-market,45000000,23646000000,0.0175,0.0524,0.022,172.28,1080811000,10414000000,1737000000,109000000,55.07,59.6,9.5238,59774000000,35410000000,24191000000,35158000000,24364000000,10967000000,36596111000,24284000000,23.54,None,64.46,39.88
2025-12-28,ADM,2.46,83211002000.0,23.54,-16589000000,0.686,46.86,,1002000000,1099000000,1099000000,,,,,,,,,3110000000,563000000,None,33630297000,33630297000,6543000000,None,1069000000,7144000000,None,None,656714000,,2.03,0.0351,,,,4.891,0.08,1773131000,2429845000,0.84,2022-09-30,12.72,None,5178000000.0,2965814000,1855250000,543180000,6364000000,6364000000,None,365180000,None,13282000000,None,None,7671000000,None,14130000000,1312070000,None,None,None,0.0195,,1192683000,1773131000,13044000000,3911000000,None,1739000000,None,,,,,16.43,1.234,0.334,,,,,,,,0.0143,,9605000000,2025-10-29,quarterly,0.92,USD,pre-market,45000000,23099000000,0.0175,0.0524,0.022,172.28,1080811000,9742000000,1348000000,105000000,55.07,59.6,9.5238,58304000000,34569000000,22936000000,33985000000,23735000000,11049000000,36596111000,23997000000,23.54,None,64.46,39.88
2025-12-28,ADM,2.46,83211002000.0,23.54,-16595000000,0.686,46.86,,1020000000,906000000,906000000,,,,,,,,,3066000000,568000000,None,33630297000,33630297000,5601000000,None,3456000000,8309000000,None,None,656714000,,2.03,0.0351,,,,4.891,0.08,1773131000,2429845000,0.84,2022-06-30,12.72,None,5178000000.0,2965814000,1855250000,543180000,6547000000,6547000000,None,365180000,None,14485000000,None,None,8062000000,None,14501000000,1312070000,None,None,None,0.0195,,1192683000,1773131000,13947000000,4159000000,None,1840000000,None,,,,,16.43,1.234,0.334,,,,,,,,0.0143,,9680000000,2025-10-29,quarterly,0.92,USD,pre-market,45000000,23292000000,0.0175,0.0524,0.022,172.28,1080811000,12538000000,3738000000,95000000,55.07,59.6,9.5238,61828000000,37647000000,25660000000,37141000000,24181000000,11481000000,36596111000,24393000000,23.54,None,64.46,39.88
2025-12-28,ADM,2.46,83211002000.0,23.54,-16554000000,0.686,46.86,,1019000000,1079000000,1079000000,,,,,,,,,3028000000,568000000,None,33630297000,33630297000,6135000000,None,4320000000,7288000000,None,None,656714000,,2.03,0.0351,,,,4.891,0.08,1773131000,2429845000,0.84,2022-03-31,12.72,None,5178000000.0,2965814000,1855250000,543180000,6750000000,6750000000,None,365180000,None,17290000000,None,None,8752000000,None,14619000000,1312070000,None,None,None,0.0195,,1192683000,1773131000,14796000000,5400000000,None,1970000000,None,,,,,16.43,1.234,0.334,,,,,,,,0.0143,,9794000000,2025-10-29,quarterly,0.92,USD,pre-market,45000000,22483000000,0.0175,0.0524,0.022,172.28,1080811000,14091000000,4600000000,10132000000,55.07,59.6,9.5238,64866000000,40453000000,28523000000,40849000000,24413000000,12326000000,36596111000,23722000000,23.54,None,64.46,39.88
2025-12-28,ADM,2.46,83211002000.0,23.54,-16420000000,0.686,46.86,,1042000000,943000000,943000000,,,,,,,,,2994000000,566000000,None,33630297000,33630297000,6388000000,None,958000000,5771000000,None,None,656714000,,2.03,0.0351,,,,4.891,0.08,1773131000,2429845000,0.84,2021-12-31,12.72,4182000000,5178000000.0,2965814000,1855250000,543180000,2565000000,2565000000,None,365180000,None,14481000000,None,None,8581000000,None,5285000000,1312070000,None,None,None,0.0195,,1192683000,1773131000,10714000000,3909000000,None,1998000000,None,,,,,16.43,1.234,0.334,,,,,,,,0.0143,,9890000000,2025-10-29,quarterly,0.92,USD,pre-market,45000000,21655000000,0.0175,0.0524,0.022,172.28,1080811000,10581000000,1805000000,8016000000,55.07,59.6,9.5238,56136000000,31909000000,21948000000,33369000000,24227000000,11421000000,36596111000,22477000000,23.54,None,64.46,39.88
2025-12-28,ADM,2.46,83211002000.0,23.54,-16313000000,0.686,46.86,,1027000000,1083000000,1083000000,,,,,,,,,2964000000,566000000,None,33630297000,33630297000,4617000000,None,895000000,6118000000,None,None,656714000,,2.03,0.0351,,,,4.891,0.08,1773131000,2429845000,0.84,2021-09-30,12.72,None,5178000000.0,2965814000,1855250000,543180000,5705000000,5705000000,None,365180000,None,11169000000,None,None,8620000000,None,5148000000,1312070000,None,None,None,0.0195,,1192683000,1773131000,10920000000,3461000000,None,1358000000,None,,,,,16.43,1.234,0.334,,,,,,,,0.0143,,9848000000,2025-10-29,quarterly,0.92,USD,pre-market,45000000,21081000000,0.0175,0.0524,0.022,172.28,1080811000,9961000000,1163000000,7891000000,55.07,59.6,9.5238,52298000000,29290000000,18576000000,30083000000,23008000000,11507000000,36596111000,21969000000,23.54,None,64.46,39.88
2025-12-28,ADM,2.46,83211002000.0,23.54,-16674000000,0.686,46.86,,1068000000,869000000,869000000,,,,,,,,,2941000000,566000000,None,33630297000,33630297000,3441000000,None,1289000000,5693000000,None,None,656714000,,2.03,0.0351,,,,4.891,0.08,1773131000,2429845000,0.84,2021-06-30,12.72,None,5178000000.0,2965814000,1855250000,543180000,5266000000,5266000000,None,365180000,None,11446000000,None,None,8432000000,None,5113000000,1312070000,None,None,None,0.0195,,1192683000,1773131000,10496000000,3873000000,None,1385000000,None,,,,,16.43,1.234,0.334,,,,,,,,0.0143,,10916000000,2025-10-29,quarterly,0.92,USD,pre-market,45000000,20762000000,0.0175,0.0524,0.022,172.28,1080811000,10789000000,1557000000,7114000000,55.07,59.6,9.5238,50958000000,28504000000,17296000000,29284000000,22454000000,11988000000,36596111000,21582000000,23.54,None,64.46,39.88
2025-12-28,ADM,2.46,83211002000.0,23.54,-16497000000,0.686,46.86,,1092000000,694000000,694000000,,,,,,,,,2858000000,564000000,None,33630297000,33630297000,4011000000,None,2763000000,5634000000,None,None,656714000,,2.03,0.0351,,,,4.891,0.08,1773131000,2429845000,0.84,2021-03-31,12.72,None,5178000000.0,2965814000,1855250000,543180000,5249000000,5249000000,None,365180000,None,12764000000,None,None,8437000000,None,12395000000,1312070000,None,None,None,0.0195,,1192683000,1773131000,10192000000,3611000000,None,2201000000,None,,,,,16.43,1.234,0.334,,,,,,,,0.0143,,9799000000,2025-10-29,quarterly,0.92,USD,pre-market,45000000,20261000000,0.0175,0.0524,0.022,172.28,1080811000,12292000000,3025000000,6403000000,55.07,59.6,9.5238,51478000000,29284000000,18512000000,30535000000,22194000000,12023000000,36596111000,20841000000,23.54,None,64.46,39.88
2025-12-28,ADM,2.46,83211002000.0,23.54,-16388000000,0.686,46.86,,1124000000,666000000,666000000,,,,,,,,,2824000000,563000000,None,33630297000,33630297000,4474000000,None,2044000000,4984000000,None,None,656714000,,2.03,0.0351,,,,4.891,0.08,1773131000,2429845000,0.84,2020-12-31,12.72,3451000000,5178000000.0,2965814000,1855250000,543180000,2134000000,2134000000,None,365180000,None,11713000000,None,None,7885000000,None,12482000000,1312070000,None,None,None,0.0195,,1192683000,1773131000,9923000000,4149000000,None,2254000000,None,,,,,16.43,1.234,0.334,,,,,,,,0.0143,,9951000000,2025-10-29,quarterly,0.92,USD,pre-market,45000000,19780000000,0.0175,0.0524,0.022,172.28,1080811000,11053000000,2305000000,5890000000,55.07,59.6,9.5238,49719000000,27286000000,18182000000,29623000000,22433000000,11441000000,36596111000,20000000000,23.54,None,64.46,39.88
2025-12-28,ADM,2.46,83211002000.0,23.54,-16180000000,0.686,46.86,,251000000,948000000,948000000,,,,,,,,,2760000000,562000000,None,33630297000,33630297000,3347000000,None,211000000,4910000000,None,None,656714000,,2.03,0.0351,,,,4.891,0.08,1773131000,2429845000,0.84,2020-09-30,12.72,None,5178000000.0,2965814000,1855250000,543180000,5275000000,5275000000,None,365180000,None,8762000000,None,None,7922000000,None,12213000000,1312070000,None,None,None,0.0195,,1192683000,1773131000,8146000000,3487000000,None,2196000000,None,,,,,16.43,1.234,0.334,,,,,,,,0.0143,,9816000000,2025-10-29,quarterly,0.92,USD,pre-market,45000000,19311000000,0.0175,0.0524,0.022,172.28,1080811000,8384000000,462000000,5484000000,55.07,59.6,9.5238,44795000000,22766000000,13907000000,25369000000,22029000000,11462000000,36596111000,19322000000,23.54,None,64.46,39.88
2025-12-28,ADM,2.46,83211002000.0,23.54,-16066000000,0.686,46.86,,239000000,1203000000,1203000000,,,,,,,,,2705000000,562000000,None,33630297000,33630297000,2897000000,None,541000000,5323000000,None,None,656714000,,2.03,0.0351,,,,4.891,0.08,1773131000,2429845000,0.84,2020-06-30,12.72,None,5178000000.0,2965814000,1855250000,543180000,5212000000,5212000000,None,365180000,None,7626000000,None,None,8632000000,None,12497000000,1312070000,None,None,None,0.0195,,1192683000,1773131000,7859000000,2709000000,None,2157000000,None,,,,,16.43,1.234,0.334,,,,,,,,0.0143,,9833000000,2025-10-29,quarterly,0.92,USD,pre-market,45000000,19293000000,0.0175,0.0524,0.022,172.28,1080811000,9412000000,780000000,5045000000,55.07,59.6,9.5238,44341000000,22011000000,12809000000,24945000000,22330000000,12136000000,36596111000,19293000000,23.54,None,64.46,39.88
2025-12-28,ADM,2.46,83211002000.0,23.54,-15926000000,0.686,46.86,,218000000,4734000000,4734000000,,,,,,,,,2690000000,564000000,None,33630297000,33630297000,3440000000,None,3890000000,4965000000,None,None,656714000,,2.03,0.0351,,,,4.891,0.08,1773131000,2429845000,0.84,2020-03-31,12.72,None,5178000000.0,2965814000,1855250000,543180000,5194000000,5194000000,None,365180000,None,8830000000,None,None,8613000000,None,12366000000,1312070000,None,None,None,0.0195,,1192683000,1773131000,7617000000,2911000000,None,2071000000,None,,,,,16.43,1.234,0.334,,,,,,,,0.0143,,9883000000,2025-10-29,quarterly,0.92,USD,pre-market,45000000,19026000000,0.0175,0.0524,0.022,172.28,1080811000,12721000000,4108000000,5098000000,55.07,59.6,9.5238,48395000000,26146000000,17317000000,29348000000,22249000000,12031000000,36596111000,18952000000,23.54,None,64.46,39.88
2025-12-28,ADM,2.46,83211002000.0,23.54,-15893000000,0.686,46.86,,215000000,852000000,852000000,,,,,,,,,2655000000,563000000,None,33630297000,33630297000,3746000000,None,1209000000,5206000000,None,None,656714000,,2.03,0.0351,,,,4.891,0.08,1773131000,2429845000,0.84,2019-12-31,12.72,3385000000,5178000000.0,2965814000,1855250000,543180000,2091000000,2091000000,None,365180000,None,9170000000,None,None,7672000000,None,12544000000,1312070000,None,None,None,0.0195,,1192683000,1773131000,6119000000,2414000000,None,2114000000,None,,,,,16.43,1.234,0.334,,,,,,,,0.0143,,10106000000,2025-10-29,quarterly,0.92,USD,pre-market,45000000,18958000000,0.0175,0.0524,0.022,172.28,1080811000,9877000000,1424000000,4458000000,55.07,59.6,9.5238,43997000000,21347000000,13734000000,24714000000,22650000000,10980000000,36596111000,19208000000,23.54,None,64.46,39.88
2025-12-28,ADM,2.46,83211002000.0,23.54,-15633000000,0.686,46.86,,186000000,932000000,932000000,,,,,,,,,2617000000,563000000,None,33630297000,33630297000,2973000000,None,1257000000,4369000000,None,None,656714000,,2.03,0.0351,,,,4.891,0.08,1773131000,2429845000,0.84,2019-09-30,12.72,None,5178000000.0,2965814000,1855250000,543180000,5401000000,5401000000,None,365180000,None,8075000000,None,None,7631000000,None,5409000000,1312070000,None,None,None,0.0195,,1192683000,1773131000,5776000000,2260000000,None,1903000000,None,,,,,16.43,1.234,0.334,,,,,,,,0.0143,,10911000000,2025-10-29,quarterly,0.92,USD,pre-market,45000000,18651000000,0.0175,0.0524,0.022,172.28,1080811000,9074000000,1443000000,26000000,55.07,59.6,9.5238,41804000000,19178000000,12020000000,22856000000,22626000000,10836000000,36596111000,18873000000,23.54,None,64.46,39.88
2025-12-28,ADM,2.46,83211002000.0,23.54,-15593000000,0.686,46.86,,None,849000000,849000000,,,,,,,,,2588000000,566000000,None,33630297000,33630297000,3067000000,None,1711000000,4414000000,None,None,656714000,,2.03,0.0351,,,,4.891,0.08,1773131000,2429845000,0.84,2019-06-30,12.72,None,5178000000.0,2965814000,1855250000,543180000,5545000000,5545000000,None,365180000,None,8294000000,None,None,7701000000,None,5457000000,1312070000,None,None,None,0.0195,,1192683000,1773131000,5987000000,2618000000,None,1976000000,None,,,,,16.43,1.234,0.334,,,,,,,,0.0143,,10245000000,2025-10-29,quarterly,0.92,USD,pre-market,45000000,18497000000,0.0175,0.0524,0.022,172.28,1080811000,9412000000,1711000000,4000000,55.07,59.6,9.5238,42616000000,19548000000,12602000000,23584000000,23068000000,10982000000,36596111000,18955000000,23.54,None,64.46,39.88
2025-12-28,ADM,2.46,83211002000.0,23.54,-15346000000,0.686,46.86,,None,926000000,926000000,,,,,,,,,2584000000,566000000,None,33630297000,33630297000,3538000000,None,2209000000,4615000000,None,None,656714000,,2.03,0.0351,,,,4.891,0.08,1773131000,2429845000,0.84,2019-03-31,12.72,None,5178000000.0,2965814000,1855250000,543180000,5459000000,5459000000,None,365180000,None,8946000000,None,None,7675000000,None,12590000000,1312070000,None,None,None,0.0195,,1192683000,1773131000,5766000000,2345000000,None,1906000000,None,,,,,16.43,1.234,0.334,,,,,,,,0.0143,,10299000000,2025-10-29,quarterly,0.92,USD,pre-market,45000000,18553000000,0.0175,0.0524,0.022,172.28,1080811000,9884000000,2209000000,9000000,55.07,59.6,9.5238,43151000000,20262000000,13361000000,24192000000,22889000000,10831000000,36596111000,18895000000,23.54,None,64.46,39.88
2025-12-28,ADM,2.46,83211002000.0,23.54,-15149000000,0.686,46.86,,None,1997000000,1997000000,,,,,,,,,2560000000,567000000,None,33630297000,33630297000,3545000000,None,582000000,3844000000,None,None,656714000,,2.03,0.0351,,,,4.891,0.08,1773131000,2429845000,0.84,2018-12-31,12.72,2496000000,5178000000.0,2965814000,1855250000,543180000,1545000000,1545000000,None,365180000,None,8813000000,None,None,7698000000,None,10292000000,1312070000,None,None,None,0.0195,,1192683000,1773131000,5934000000,2314000000,None,1247000000,None,,,,,16.43,1.234,0.334,,,,,,,,0.0143,,9953000000,2025-10-29,quarterly,0.92,USD,pre-market,45000000,18527000000,0.0175,0.0524,0.022,172.28,1080811000,8388000000,690000000,6000000,55.07,59.6,9.5238,40833000000,20588000000,11776000000,21788000000,20245000000,10012000000,36596111000,18981000000,23.54,None,64.46,39.88
2025-12-28,ADM,2.46,83211002000.0,23.54,-14992000000,0.686,46.86,,None,915000000,915000000,,,,,,,,,2541000000,568000000,None,33630297000,33630297000,3082000000,None,590000000,3756000000,None,None,656714000,,2.03,0.0351,,,,4.891,0.08,1773131000,2429845000,0.84,2018-09-30,12.72,0,5178000000.0,2965814000,1855250000,543180000,4065000000,4065000000,None,365180000,None,8483000000,None,None,6730000000,None,10314000000,1312070000,None,None,None,0.0195,,1192683000,1773131000,6311000000,2564000000,None,1275000000,None,,,,,16.43,1.234,0.334,,,,,,,,0.0143,,9885000000,2025-10-29,quarterly,0.92,USD,pre-market,45000000,18478000000,0.0175,0.0524,0.022,172.28,1080811000,7852000000,1122000000,4426000000,55.07,59.6,9.5238,39664000000,19465000000,11648000000,20618000000,20199000000,8970000000,36596111000,18987000000,23.54,0,64.46,39.88
2025-12-28,ADM,2.46,83211002000.0,23.54,-14929000000,0.686,46.86,,None,851000000,851000000,,,,,,,,,2489000000,567000000,None,33630297000,33630297000,2609000000,None,595000000,3682000000,None,None,656714000,,2.03,0.0351,,,,4.891,0.08,1773131000,2429845000,0.84,2018-06-30,12.72,0,5178000000.0,2965814000,1855250000,543180000,3834000000,3834000000,None,365180000,None,7953000000,None,None,5981000000,None,10160000000,1312070000,None,None,None,0.0195,,1192683000,1773131000,6161000000,2740000000,None,1289000000,None,,,,,16.43,1.234,0.334,,,,,,,,0.0143,,9948000000,2025-10-29,quarterly,0.92,USD,pre-market,45000000,18132000000,0.0175,0.0524,0.022,172.28,1080811000,7623000000,1642000000,4301000000,55.07,59.6,9.5238,38755000000,18647000000,11718000000,19990000000,20108000000,8272000000,36596111000,18710000000,23.54,0,64.46,39.88
2025-12-28,ADM,2.46,83211002000.0,23.54,-14857000000,0.686,46.86,,None,797000000,797000000,,,,,,,,,2428000000,565000000,None,33630297000,33630297000,3340000000,None,13000000,4277000000,None,None,656714000,,2.03,0.0351,,,,4.891,0.08,1773131000,2429845000,0.84,2018-03-31,12.72,0,5178000000.0,2965814000,1855250000,543180000,3970000000,3970000000,None,365180000,None,9820000000,None,None,6657000000,None,10071000000,1312070000,None,None,None,0.0195,,1192683000,1773131000,6012000000,2560000000,None,1325000000,None,,,,,16.43,1.234,0.334,,,,,,,,0.0143,,10123000000,2025-10-29,quarterly,0.92,USD,pre-market,45000000,17755000000,0.0175,0.0524,0.022,172.28,1080811000,9000000000,2343000000,4408000000,55.07,59.6,9.5238,41100000000,20906000000,13285000000,22304000000,20194000000,9019000000,36596111000,18732000000,23.54,0,64.46,39.88
2025-12-28,ADM,2.46,83211002000.0,23.54,-14655000000,0.686,46.86,,None,804000000,804000000,,,,,,,,,2398000000,565000000,None,33630297000,33630297000,3894000000,None,13000000,3762000000,None,None,656714000,,2.03,0.0351,,,,4.891,0.08,1773131000,2429845000,0.84,2017-12-31,12.72,2374000000,5178000000.0,2965814000,1855250000,543180000,1544000000,1544000000,None,365180000,None,9173000000,None,None,6623000000,None,9900000000,1312070000,None,None,None,0.0195,,1192683000,1773131000,6186000000,2075000000,None,1342000000,None,,,,,16.43,1.234,0.334,,,,,,,,0.0143,,10138000000,2025-10-29,quarterly,0.92,USD,pre-market,45000000,17552000000,0.0175,0.0524,0.022,172.28,1080811000,7493000000,870000000,4826000000,55.07,59.6,9.5238,39963000000,19925000000,12570000000,21588000000,20038000000,9018000000,36596111000,18313000000,23.54,-5500000000,64.46,39.88
2025-12-28,ADM,2.46,83211002000.0,23.54,-14509000000,0.686,46.86,,None,518000000,518000000,,,,,,,,,2390000000,569000000,None,33630297000,33630297000,3449000000,None,13000000,3726000000,None,None,656714000,,2.03,0.0351,,,,4.891,0.08,1773131000,2429845000,0.84,2017-09-30,12.72,0,5178000000.0,2965814000,1855250000,543180000,3939000000,3939000000,None,365180000,None,8326000000,None,None,6595000000,None,9873000000,1312070000,None,None,None,0.0195,,1192683000,1773131000,6309000000,1978000000,None,1117000000,None,,,,,16.43,1.234,0.334,,,,,,,,0.0143,,9956000000,2025-10-29,quarterly,0.92,USD,pre-market,45000000,17023000000,0.0175,0.0524,0.022,172.28,1080811000,7336000000,741000000,261000000,55.07,59.6,9.5238,38969000000,19140000000,11873000000,21339000000,19829000000,9466000000,36596111000,17570000000,23.54,0,64.46,39.88
2025-12-28,ADM,2.46,83211002000.0,23.54,-14227000000,0.686,46.86,,None,433000000,433000000,,,,,,,,,2376000000,574000000,None,33630297000,33630297000,2926000000,None,6980000000,3267000000,None,None,656714000,,2.03,0.0351,,,,4.891,0.08,1773131000,2429845000,0.84,2017-06-30,12.72,0,5178000000.0,2965814000,1855250000,543180000,3866000000,3866000000,None,365180000,None,7846000000,None,None,6056000000,None,9671000000,1312070000,None,None,None,0.0195,,1192683000,1773131000,6418000000,2099000000,None,1289000000,None,,,,,16.43,1.234,0.334,,,,,,,,0.0143,,9945000000,2025-10-29,quarterly,0.92,USD,pre-market,45000000,17176000000,0.0175,0.0524,0.022,172.28,1080811000,6980000000,924000000,237000000,55.07,59.6,9.5238,37817000000,18201000000,11421000000,20372000000,19616000000,8951000000,36596111000,17411000000,23.54,0,64.46,39.88
2025-12-28,ADM,2.46,83211002000.0,23.54,-13848000000,0.686,46.86,,None,476000000,476000000,,,,,,,,,2350000000,579000000,None,33630297000,33630297000,3415000000,None,1251000000,4201000000,None,None,656714000,,2.03,0.0351,,,,4.891,0.08,1773131000,2429845000,0.84,2017-03-31,12.72,0,5178000000.0,2965814000,1855250000,543180000,3780000000,3780000000,None,365180000,None,8664000000,None,None,5956000000,None,9373000000,1312070000,None,None,None,0.0195,,1192683000,1773131000,6873000000,2827000000,None,1235000000,None,,,,,16.43,1.234,0.334,,,,,,,,0.0143,,9771000000,2025-10-29,quarterly,0.92,USD,pre-market,45000000,17345000000,0.0175,0.0524,0.022,172.28,1080811000,7207000000,1251000000,272000000,55.07,59.6,9.5238,39630000000,20486000000,13602000000,22475000000,19144000000,8873000000,36596111000,17121000000,23.54,0,64.46,39.88
2025-12-28,ADM,2.46,83211002000.0,23.54,-13739000000,0.686,46.86,,None,619000000,619000000,,,,,,,,,2327000000,583000000,None,33630297000,33630297000,3606000000,None,273000000,4405000000,None,None,656714000,,2.03,0.0351,,,,4.891,0.08,1773131000,2429845000,0.84,2016-12-31,12.72,2246000000,5178000000.0,2965814000,1855250000,543180000,1457000000,1457000000,None,365180000,None,8831000000,None,None,6504000000,None,8966000000,1312070000,None,None,None,0.0195,,1192683000,1773131000,6894000000,2917000000,None,1218000000,None,,,,,16.43,1.234,0.334,,,,,,,,0.0143,,9758000000,2025-10-29,quarterly,0.92,USD,pre-market,45000000,17444000000,0.0175,0.0524,0.022,172.28,1080811000,6931000000,427000000,296000000,55.07,59.6,9.5238,39769000000,21045000000,13173000000,22564000000,18724000000,9391000000,36596111000,17173000000,23.54,-5500000000,64.46,39.88
2025-12-28,ADM,2.46,83211002000.0,23.54,-13802000000,0.686,46.86,,None,701000000,701000000,,,,,,,,,2536000000,589000000,None,33630297000,33630297000,2927000000,None,479000000,4844000000,None,None,656714000,,2.03,0.0351,,,,4.891,0.08,1773131000,2429845000,0.84,2016-09-30,12.72,0,5178000000.0,2965814000,1855250000,543180000,3852000000,3852000000,None,365180000,None,7228000000,None,None,6594000000,None,9457000000,1312070000,None,None,None,0.0195,,1192683000,1773131000,7514000000,2978000000,None,1284000000,None,,,,,16.43,1.234,0.334,,,,,,,,0.0143,,9853000000,2025-10-29,quarterly,0.92,USD,pre-market,45000000,17192000000,0.0175,0.0524,0.022,172.28,1080811000,7073000000,479000000,256000000,55.07,59.6,9.5238,39853000000,20543000000,12737000000,22257000000,19310000000,9520000000,36596111000,17538000000,23.54,0,64.46,39.88
2025-12-28,ADM,2.46,83211002000.0,23.54,-13678000000,0.686,46.86,,None,334000000,334000000,,,,,,,,,2714000000,594000000,None,33630297000,33630297000,2770000000,None,1825000000,4528000000,None,None,656714000,,2.03,0.0351,,,,4.891,0.08,1773131000,2429845000,0.84,2016-06-30,12.72,0,5178000000.0,2965814000,1855250000,543180000,3865000000,3865000000,None,365180000,None,8000000000,None,None,5561000000,None,9429000000,1312070000,None,None,None,0.0195,,1192683000,1773131000,7609000000,3174000000,None,1364000000,None,,,,,16.43,1.234,0.334,,,,,,,,0.0143,,9802000000,2025-10-29,quarterly,0.92,USD,pre-market,45000000,17079000000,0.0175,0.0524,0.022,172.28,1080811000,7386000000,1825000000,396000000,55.07,59.6,9.5238,40098000000,20867000000,13778000000,22388000000,19231000000,8610000000,36596111000,17655000000,23.54,0,64.46,39.88
2025-12-28,ADM,2.46,83211002000.0,23.54,-13690000000,0.686,46.86,,None,706000000,706000000,,,,,,,,,2875000000,597000000,None,33630297000,33630297000,2969000000,None,795000000,4330000000,None,None,656714000,,2.03,0.0351,,,,4.891,0.08,1773131000,2429845000,0.84,2016-03-31,12.72,0,5178000000.0,2965814000,1855250000,543180000,3889000000,3889000000,None,365180000,None,7914000000,None,None,5851000000,None,8820000000,1312070000,None,None,None,0.0195,,1192683000,1773131000,7495000000,2897000000,None,1429000000,None,,,,,16.43,1.234,0.334,,,,,,,,0.0143,,9891000000,2025-10-29,quarterly,0.92,USD,pre-market,45000000,16971000000,0.0175,0.0524,0.022,172.28,1080811000,6646000000,795000000,525000000,55.07,59.6,9.5238,39681000000,20970000000,12867000000,21768000000,18711000000,8901000000,36596111000,17899000000,23.54,0,64.46,39.88
2025-12-28,ADM,2.46,83211002000.0,23.54,-13421000000,0.686,46.86,,None,910000000,910000000,,,,,,,,,3180000000,603000000,None,33630297000,33630297000,3474000000,None,12000000,4660000000,None,None,656714000,,2.03,0.0351,,,,4.891,0.08,1773131000,2429845000,0.84,2015-12-31,12.72,2185000000,5178000000.0,2965814000,1855250000,543180000,1503000000,1503000000,None,365180000,None,8243000000,None,None,5779000000,None,8475000000,1312070000,None,None,None,0.0195,,1192683000,1773131000,7578000000,2961000000,None,1395000000,None,,,,,16.43,1.234,0.334,,,,,,,,0.0143,,9853000000,2025-10-29,quarterly,0.92,USD,pre-market,45000000,16865000000,0.0175,0.0524,0.022,172.28,1080811000,5877000000,98000000,438000000,55.07,59.6,9.5238,40157000000,21829000000,13505000000,22242000000,18328000000,8737000000,36596111000,17899000000,23.54,-4700000000,64.46,39.88
2025-12-28,ADM,2.46,83211002000.0,23.54,-13310000000,0.686,46.86,,None,720000000,720000000,,,,,,,,,3412000000,615000000,None,33630297000,33630297000,3072000000,None,None,3739000000,None,None,656714000,,2.03,0.0351,,,,4.891,0.08,1773131000,2429845000,0.84,2015-09-30,12.72,0,5178000000.0,2965814000,1855250000,543180000,3213000000,3213000000,None,365180000,None,7428000000,None,None,5829000000,None,7932000000,1312070000,None,None,None,0.0195,,1192683000,1773131000,10741000000,4305000000,None,1362000000,None,,,,,16.43,1.234,0.334,,,,,,,,0.0143,,9900000000,2025-10-29,quarterly,0.92,USD,pre-market,45000000,16313000000,0.0175,0.0524,0.022,172.28,1080811000,6782000000,953000000,417000000,55.07,59.6,9.5238,40877000000,23045000000,14130000000,22999000000,17832000000,8869000000,36596111000,17863000000,23.54,0,64.46,39.88
2025-12-28,ADM,2.46,83211002000.0,23.54,-13147000000,0.686,46.86,,None,867000000,867000000,,,,,,,,,4017000000,627000000,None,33630297000,33630297000,3017000000,None,None,3960000000,None,None,656714000,,2.03,0.0351,,,,4.891,0.08,1773131000,2429845000,0.84,2015-06-30,12.72,0,5178000000.0,2965814000,1855250000,543180000,3256000000,3256000000,None,365180000,None,7845000000,None,None,5965000000,None,8083000000,1312070000,None,None,None,0.0195,,1192683000,1773131000,9607000000,3521000000,None,1568000000,None,,,,,16.43,1.234,0.334,,,,,,,,0.0143,,9897000000,2025-10-29,quarterly,0.92,USD,pre-market,45000000,16232000000,0.0175,0.0524,0.022,172.28,1080811000,6923000000,958000000,309000000,55.07,59.6,9.5238,40568000000,22588000000,12859000000,22010000000,17980000000,9151000000,36596111000,18544000000,23.54,0,64.46,39.88
2025-12-28,ADM,2.46,83211002000.0,23.54,-12957000000,0.686,46.86,,None,890000000,890000000,,,,,,,,,4584000000,639000000,None,33630297000,33630297000,3142000000,None,None,4123000000,None,None,656714000,,2.03,0.0351,,,,4.891,0.08,1773131000,2429845000,0.84,2015-03-31,12.72,0,5178000000.0,2965814000,1855250000,543180000,3124000000,3124000000,None,365180000,None,8372000000,None,None,5575000000,None,7986000000,1312070000,None,None,None,0.0195,,1192683000,1773131000,10105000000,4379000000,None,1534000000,None,,,,,16.43,1.234,0.334,,,,,,,,0.0143,,9833000000,2025-10-29,quarterly,0.92,USD,pre-market,45000000,16019000000,0.0175,0.0524,0.022,172.28,1080811000,6441000000,866000000,406000000,55.07,59.6,9.5238,41715000000,23896000000,14235000000,22958000000,17819000000,8723000000,36596111000,18724000000,23.54,0,64.46,39.88
2025-12-28,ADM,2.46,83211002000.0,23.54,-13012000000,0.686,46.86,,None,1099000000,1099000000,,,,,,,,,5115000000,649000000,None,33630297000,33630297000,4326000000,None,24000000,6243000000,None,None,656714000,,2.03,0.0351,,,,4.891,0.08,1773131000,2429845000,0.84,2014-12-31,12.72,2010000000,5178000000.0,2965814000,1855250000,543180000,1382000000,1382000000,None,365180000,None,9374000000,None,None,5558000000,None,8039000000,1312070000,None,None,None,0.0195,,1192683000,1773131000,616000000,1156000000,None,1575000000,None,,,,,16.43,1.234,0.334,,,,,,,,0.0143,,9960000000,2025-10-29,quarterly,0.92,USD,pre-market,45000000,15701000000,0.0175,0.0524,0.022,172.28,1080811000,5690000000,132000000,515000000,55.07,59.6,9.5238,43997000000,26028000000,15602000000,24367000000,17969000000,8765000000,36596111000,19575000000,23.54,-2700000000,64.46,39.88
2025-12-28,ADM,2.46,83211002000.0,23.54,-13660000000,0.686,46.86,,None,4539000000,4539000000,,,,,,,,,5541000000,653000000,None,33630297000,33630297000,3134000000,None,None,3981000000,None,None,656714000,,2.03,0.0351,,,,4.891,0.08,1773131000,2429845000,0.84,2014-09-30,12.72,0,5178000000.0,2965814000,1855250000,543180000,732000000,732000000,None,365180000,None,8034000000,None,None,5346000000,None,5187000000,1312070000,None,None,None,0.0195,,1192683000,1773131000,9737000000,4677000000,None,941000000,None,,,,,16.43,1.234,0.334,,,,,,,,0.0143,,9995000000,2025-10-29,quarterly,0.92,USD,pre-market,45000000,15154000000,0.0175,0.0524,0.022,172.28,1080811000,5541000000,195000000,348000000,55.07,59.6,9.5238,41821000000,26639000000,13751000000,21560000000,15182000000,7809000000,36596111000,20226000000,23.54,0,64.46,39.88
2025-12-28,ADM,2.46,83211002000.0,23.54,-13691000000,0.686,46.86,,None,1630000000,1630000000,,,,,,,,,5692000000,659000000,None,33630297000,33630297000,2904000000,None,None,6003000000,None,None,656714000,,2.03,0.0351,,,,4.891,0.08,1773131000,2429845000,0.84,2014-06-30,12.72,0,5178000000.0,2965814000,1855250000,543180000,753000000,753000000,None,365180000,None,9024000000,None,None,5369000000,None,5162000000,1312070000,None,None,None,0.0195,,1192683000,1773131000,7635000000,3358000000,None,962000000,None,,,,,16.43,1.234,0.334,,,,,,,,0.0143,,10110000000,2025-10-29,quarterly,0.92,USD,pre-market,45000000,14562000000,0.0175,0.0524,0.022,172.28,1080811000,5622000000,253000000,366000000,55.07,59.6,9.5238,39930000000,24658000000,11891000000,19711000000,15272000000,7820000000,36596111000,20184000000,23.54,0,64.46,39.88
2025-12-28,ADM,2.46,83211002000.0,23.54,-13530000000,0.686,46.86,,None,1083000000,1083000000,,,,,,,,,5995000000,663000000,None,33630297000,33630297000,3653000000,None,None,4671000000,None,None,656714000,,2.03,0.0351,,,,4.891,0.08,1773131000,2429845000,0.84,2014-03-31,12.72,0,5178000000.0,2965814000,1855250000,543180000,758000000,758000000,None,365180000,None,11394000000,None,None,5353000000,None,5116000000,1312070000,None,None,None,0.0195,,1192683000,1773131000,8626000000,4399000000,None,1093000000,None,,,,,16.43,1.234,0.334,,,,,,,,0.0143,,10102000000,2025-10-29,quarterly,0.92,USD,pre-market,45000000,14186000000,0.0175,0.0524,0.022,172.28,1080811000,5673000000,320000000,452000000,55.07,59.6,9.5238,41444000000,26226000000,13456000000,21382000000,15218000000,7926000000,36596111000,20023000000,23.54,0,64.46,39.88
2025-12-28,ADM,2.46,83211002000.0,23.54,-13393000000,0.686,46.86,,None,3121000000,3121000000,,,,,,,,,6136000000,663000000,None,33630297000,33630297000,4513000000,None,None,5098000000,None,None,656714000,,2.03,0.0351,,,,4.891,0.08,1773131000,2429845000,0.84,2013-12-31,12.72,364000000,5178000000.0,2965814000,1855250000,543180000,197000000,197000000,None,365180000,None,11441000000,None,None,5347000000,None,3848000000,1312070000,None,None,None,0.0195,,1192683000,1773131000,8437000000,4790000000,None,1105000000,None,,,,,16.43,1.234,0.334,,,,,,,,0.0143,,10137000000,2025-10-29,quarterly,0.92,USD,pre-market,45000000,14077000000,0.0175,0.0524,0.022,172.28,1080811000,6870000000,1523000000,433000000,55.07,59.6,9.5238,43752000000,28530000000,15658000000,23558000000,15222000000,7900000000,36596111000,20156000000,23.54,-1600000000,64.46,39.88
2025-12-28,ADM,2.46,83211002000.0,23.54,-13312000000,0.686,46.86,,None,3252000000,3252000000,,,,,,,,,6108000000,664000000,None,33630297000,33630297000,2942000000,None,None,3447000000,None,None,656714000,,2.03,0.0351,,,,4.891,0.08,1773131000,2429845000,0.84,2013-09-30,12.72,552000000,5178000000.0,2965814000,1855250000,543180000,552000000,552000000,None,365180000,None,9278000000,None,None,5364000000,None,3868000000,1312070000,None,None,None,0.0195,,1192683000,1773131000,9871000000,9291000000,None,1483000000,None,,,,,16.43,1.234,0.334,,,,,,,,0.0143,,10125000000,2025-10-29,quarterly,0.92,USD,pre-market,45000000,13828000000,0.0175,0.0524,0.022,172.28,1080811000,6884000000,1520000000,242000000,55.07,59.6,9.5238,41448000000,26090000000,13753000000,21882000000,15358000000,8129000000,36596111000,19538000000,23.54,0,64.46,39.88
2025-12-28,ADM,2.46,83211002000.0,23.54,-13268000000,0.686,46.86,,None,1848000000,1848000000,,,,,,,,,6150000000,663000000,None,33630297000,33630297000,2971000000,None,None,3520000000,None,None,656714000,,2.03,0.0351,,,,4.891,0.08,1773131000,2429845000,0.84,2013-06-30,12.72,545000000,5178000000.0,2965814000,1855250000,543180000,545000000,545000000,None,365180000,None,10194000000,None,None,5366000000,None,3865000000,1312070000,None,None,None,0.0195,,1192683000,1773131000,9293000000,7994000000,None,2736000000,None,,,,,16.43,1.234,0.334,,,,,,,,0.0143,,10091000000,2025-10-29,quarterly,0.92,USD,pre-market,45000000,13478000000,0.0175,0.0524,0.022,172.28,1080811000,7524000000,2158000000,181000000,55.07,59.6,9.5238,40238000000,25036000000,13123000000,21225000000,15202000000,8102000000,36596111000,18990000000,23.54,0,64.46,39.88
2025-12-28,ADM,2.46,83211002000.0,23.54,-13131000000,0.686,46.86,,None,1448000000,1448000000,,,,,,,,,6175000000,662000000,None,33630297000,33630297000,3474000000,None,None,3553000000,None,None,656714000,,2.03,0.0351,,,,4.891,0.08,1773131000,2429845000,0.84,2013-03-31,12.72,544000000,5178000000.0,2965814000,1855250000,543180000,544000000,544000000,None,365180000,None,12408000000,None,None,5374000000,None,3935000000,1312070000,None,None,None,0.0195,,1192683000,1773131000,10273000000,9179000000,None,2734000000,None,,,,,16.43,1.234,0.334,,,,,,,,0.0143,,10122000000,2025-10-29,quarterly,0.92,USD,pre-market,45000000,13369000000,0.0175,0.0524,0.022,172.28,1080811000,8863000000,3489000000,183000000,55.07,59.6,9.5238,43226000000,27865000000,16142000000,24250000000,15361000000,8108000000,36596111000,18953000000,23.54,0,64.46,39.88
2025-12-28,ADM,2.46,83211002000.0,23.54,None,0.686,46.86,,None,1714000000,1714000000,,,,,,,,,None,661000000,None,33630297000,33630297000,None,None,None,6167000000,None,None,656714000,,2.03,0.0351,,,,4.891,0.08,1773131000,2429845000,0.84,2012-12-31,12.72,551000000,5178000000.0,2965814000,1855250000,543180000,208000000,208000000,None,365180000,None,13836000000,None,None,None,None,None,1312070000,None,None,None,0.0195,,1192683000,1773131000,None,None,None,None,None,,,,,16.43,1.234,0.334,,,,,,,,0.0143,,None,2025-10-29,quarterly,0.92,USD,pre-market,45000000,13236000000,0.0175,0.0524,0.022,172.28,1080811000,9272000000,2816000000,576000000,55.07,59.6,9.5238,45136000000,29762000000,16993000000,26216000000,15374000000,9223000000,36596111000,None,23.54,None,64.46,39.88
2025-12-28,ADM,2.46,83211002000.0,23.54,-13088000000,0.686,46.86,,None,1235000000,1235000000,,,,,,,,,6130000000,661000000,None,33630297000,33630297000,3674000000,None,None,3003000000,None,None,656714000,,2.03,0.0351,,,,4.891,0.08,1773131000,2429845000,0.84,2012-09-30,12.72,541000000,5178000000.0,2965814000,1855250000,543180000,0,0,None,365180000,None,13699000000,None,None,6547000000,None,3625000000,1312070000,None,None,None,0.0195,,1192683000,1773131000,11710000000,9942000000,None,2210000000,None,,,,,16.43,1.234,0.334,,,,,,,,0.0143,,9883000000,2025-10-29,quarterly,0.92,USD,pre-market,45000000,12841000000,0.0175,0.0524,0.022,172.28,1080811000,10493000000,3946000000,507000000,55.07,59.6,9.5238,44760000000,30154000000,17562000000,26319000000,14606000000,8757000000,36596111000,18237000000,23.54,0,64.46,39.88
2025-12-28,ADM,2.46,83211002000.0,23.54,-12878000000,0.686,46.86,,None,1291000000,1291000000,,,,,,,,,6102000000,661000000,None,33630297000,33630297000,2474000000,None,None,3439000000,None,None,656714000,,2.03,0.0351,,,,4.891,0.08,1773131000,2429845000,0.84,2012-06-30,12.72,603000000,5178000000.0,2965814000,1855250000,543180000,345000000,345000000,None,365180000,None,12192000000,None,None,6535000000,None,3650000000,1312070000,None,None,None,0.0195,,1192683000,1773131000,9856000000,8367000000,None,2223000000,None,,,,,16.43,1.234,0.334,,,,,,,,0.0143,,9812000000,2025-10-29,quarterly,0.92,USD,pre-market,45000000,12774000000,0.0175,0.0524,0.022,172.28,1080811000,10320000000,3785000000,176000000,55.07,59.6,9.5238,41771000000,26954000000,14626000000,23602000000,14817000000,8976000000,36596111000,17969000000,23.54,-1600000000,64.46,39.88
2025-12-28,ADM,2.46,83211002000.0,23.54,-12839000000,0.686,46.86,,None,818000000,818000000,,,,,,,,,6170000000,663000000,None,33630297000,33630297000,3122000000,None,None,3078000000,None,None,656714000,,2.03,0.0351,,,,4.891,0.08,1773131000,2429845000,0.84,2012-03-31,12.72,596000000,5178000000.0,2965814000,1855250000,543180000,596000000,596000000,None,365180000,None,13232000000,None,None,6543000000,None,3705000000,1312070000,None,None,None,0.0195,,1192683000,1773131000,9659000000,7885000000,None,1097000000,None,,,,,16.43,1.234,0.334,,,,,,,,0.0143,,9800000000,2025-10-29,quarterly,0.92,USD,pre-market,45000000,12606000000,0.0175,0.0524,0.022,172.28,1080811000,10330000000,3787000000,428000000,55.07,59.6,9.5238,41858000000,27215000000,14794000000,23307000000,14643000000,8513000000,36596111000,18353000000,23.54,0,64.46,39.88
2025-12-28,ADM,2.46,83211002000.0,23.54,-12302000000,0.686,46.86,,None,864000000,864000000,,,,,,,,,6218000000,667000000,None,33630297000,33630297000,4136000000,None,None,5093000000,None,None,656714000,,2.03,0.0351,,,,4.891,0.08,1773131000,2429845000,0.84,2011-12-31,12.72,591000000,5178000000.0,2965814000,1855250000,543180000,591000000,591000000,None,365180000,None,12415000000,None,None,6762000000,None,3563000000,1312070000,None,None,None,0.0195,,1192683000,1773131000,8258000000,8257000000,None,863000000,None,,,,,16.43,1.234,0.334,,,,,,,,0.0143,,9601000000,2025-10-29,quarterly,0.92,USD,pre-market,45000000,12322000000,0.0175,0.0524,0.022,172.28,1080811000,9198000000,2436000000,594000000,55.07,59.6,9.5238,41516000000,27224000000,14829000000,23351000000,14292000000,8522000000,36596111000,17977000000,23.54,0,64.46,39.88
2025-12-28,ADM,2.46,83211002000.0,23.54,-12202000000,0.686,46.86,,None,1320000000,1320000000,,,,,,,,,6408000000,674000000,None,33630297000,33630297000,7371000000,None,None,10336000000,None,None,656714000,,2.03,0.0351,,,,4.891,0.08,1773131000,2429845000,0.84,2011-09-30,12.72,607000000,5178000000.0,2965814000,1855250000,543180000,607000000,607000000,None,365180000,None,11122000000,None,None,6678000000,None,3508000000,1312070000,None,None,None,0.0195,,1192683000,1773131000,3995000000,4289000000,None,1046000000,None,,,,,16.43,1.234,0.334,,,,,,,,0.0143,,9655000000,2025-10-29,quarterly,0.92,USD,pre-market,45000000,12349000000,0.0175,0.0524,0.022,172.28,1080811000,9497000000,2819000000,506000000,55.07,59.6,9.5238,41448000000,27279000000,14479000000,23039000000,14169000000,8560000000,36596111000,18383000000,23.54,0,64.46,39.88
2025-12-28,ADM,2.46,83211002000.0,23.54,-12228000000,0.686,46.86,,None,615000000,615000000,,,,,,,,,6636000000,676000000,None,33630297000,33630297000,2581000000,None,None,4808000000,None,None,656714000,,2.03,0.0351,,,,4.891,0.08,1773131000,2429845000,0.84,2011-06-30,12.72,602000000,5178000000.0,2965814000,1855250000,543180000,344000000,344000000,None,365180000,None,12055000000,None,None,8266000000,None,3906000000,1312070000,None,None,None,0.0195,,1192683000,1773131000,9287000000,8584000000,None,1012000000,None,,,,,16.43,1.234,0.334,,,,,,,,0.0143,,9500000000,2025-10-29,quarterly,0.92,USD,pre-market,45000000,11996000000,0.0175,0.0524,0.022,172.28,1080811000,10319000000,2053000000,739000000,55.07,59.6,9.5238,42352000000,27504000000,13218000000,23514000000,14848000000,10296000000,36596111000,18808000000,23.54,-1100000000,64.46,39.88
2025-12-28,ADM,2.46,83211002000.0,23.54,-12034000000,0.686,46.86,,None,858000000,858000000,,,,,,,,,5086000000,684000000,None,33630297000,33630297000,7703000000,None,None,10428000000,None,None,656714000,,2.03,0.0351,,,,4.891,0.08,1773131000,2429845000,0.84,2011-03-31,12.72,594000000,5178000000.0,2965814000,1855250000,543180000,594000000,594000000,None,365180000,None,13409000000,None,None,8350000000,None,3909000000,1312070000,None,None,None,0.0195,,1192683000,1773131000,741000000,3252000000,None,1353000000,None,,,,,16.43,1.234,0.334,,,,,,,,0.0143,,9315000000,2025-10-29,quarterly,0.92,USD,pre-market,45000000,11718000000,0.0175,0.0524,0.022,172.28,1080811000,14258000000,5908000000,3816000000,55.07,59.6,9.5238,43763000000,29252000000,16863000000,27083000000,14511000000,10220000000,36596111000,16652000000,23.54,0,64.46,39.88
2025-12-28,ADM,2.46,83211002000.0,23.54,-11968000000,0.686,46.86,,None,526000000,526000000,,,,,,,,,5095000000,641000000,None,33630297000,33630297000,8141000000,None,None,10625000000,None,None,656714000,,2.03,0.0351,,,,4.891,0.08,1773131000,2429845000,0.84,2010-12-31,12.72,587000000,5178000000.0,2965814000,1855250000,543180000,587000000,587000000,None,365180000,None,12654000000,None,None,6848000000,None,3798000000,1312070000,None,None,None,0.0195,,1192683000,1773131000,3919000000,4085000000,None,1249000000,None,,,,,16.43,1.234,0.334,,,,,,,,0.0143,,9194000000,2025-10-29,quarterly,0.92,USD,pre-market,45000000,11242000000,0.0175,0.0524,0.022,172.28,1080811000,12685000000,5837000000,633000000,55.07,59.6,9.5238,42610000000,28357000000,18063000000,26706000000,14253000000,8643000000,36596111000,15886000000,23.54,0,64.46,39.88
2025-12-28,ADM,2.46,83211002000.0,23.54,-11637000000,0.686,46.86,,None,862000000,862000000,,,,,,,,,5138000000,641000000,None,33630297000,33630297000,7025000000,None,None,8174000000,None,None,656714000,,2.03,0.0351,,,,4.891,0.08,1773131000,2429845000,0.84,2010-09-30,12.72,531000000,5178000000.0,2965814000,1855250000,543180000,531000000,531000000,None,365180000,None,9024000000,None,None,6834000000,None,3777000000,1312070000,None,None,None,0.0195,,1192683000,1773131000,3518000000,3141000000,None,1185000000,None,,,,,16.43,1.234,0.334,,,,,,,,0.0143,,8908000000,2025-10-29,quarterly,0.92,USD,pre-market,45000000,10605000000,0.0175,0.0524,0.022,172.28,1080811000,8903000000,2069000000,508000000,55.07,59.6,9.5238,36036000000,22086000000,12235000000,20649000000,13950000000,8414000000,36596111000,15368000000,23.54,0,64.46,39.88
2025-12-28,ADM,2.46,83211002000.0,23.54,-11292000000,0.686,46.86,,None,1046000000,1046000000,,,,,,,,,5151000000,641000000,None,33630297000,33630297000,5538000000,None,None,6122000000,None,None,656714000,,2.03,0.0351,,,,4.891,0.08,1773131000,2429845000,0.84,2010-06-30,12.72,523000000,5178000000.0,2965814000,1855250000,543180000,262000000,262000000,None,365180000,None,7871000000,None,None,6830000000,None,3477000000,1312070000,None,None,None,0.0195,,1192683000,1773131000,2961000000,2577000000,None,1075000000,None,,,,,16.43,1.234,0.334,,,,,,,,0.0143,,8712000000,2025-10-29,quarterly,0.92,USD,pre-market,45000000,10357000000,0.0175,0.0524,0.022,172.28,1080811000,7548000000,718000000,394000000,55.07,59.6,9.5238,31808000000,18394000000,8833000000,17177000000,13414000000,8344000000,36596111000,14609000000,23.54,-838000000,64.46,39.88
2025-12-28,ADM,2.46,83211002000.0,23.54,-11365000000,0.686,46.86,,None,1659000000,1659000000,,,,,,,,,5245000000,645000000,None,33630297000,33630297000,6406000000,None,None,5876000000,None,None,656714000,,2.03,0.0351,,,,4.891,0.08,1773131000,2429845000,0.84,2010-03-31,12.72,519000000,5178000000.0,2965814000,1855250000,543180000,519000000,519000000,None,365180000,None,8219000000,None,None,6910000000,None,3344000000,1312070000,None,None,None,0.0195,,1192683000,1773131000,3039000000,2319000000,None,986000000,None,,,,,16.43,1.234,0.334,,,,,,,,0.0143,,8642000000,2025-10-29,quarterly,0.92,USD,pre-market,45000000,10011000000,0.0175,0.0524,0.022,172.28,1080811000,7421000000,511000000,407000000,55.07,59.6,9.5238,32326000000,19200000000,9236000000,17557000000,13126000000,8321000000,36596111000,14744000000,23.54,0,64.46,39.88
2025-12-28,ADM,2.46,83211002000.0,23.54,-11323000000,0.686,46.86,,None,1317000000,1317000000,,,,,,,,,5234000000,645000000,None,33630297000,33630297000,6832000000,None,None,7075000000,None,None,656714000,,2.03,0.0351,,,,4.891,0.08,1773131000,2429845000,0.84,2009-12-31,12.72,524000000,5178000000.0,2965814000,1855250000,543180000,524000000,524000000,None,365180000,None,9126000000,None,None,7398000000,None,3344000000,1312070000,None,None,None,0.0195,,1192683000,1773131000,2553000000,2301000000,None,1183000000,None,,,,,16.43,1.234,0.334,,,,,,,,0.0143,,8636000000,2025-10-29,quarterly,0.92,USD,pre-market,45000000,9686000000,0.0175,0.0524,0.022,172.28,1080811000,7865000000,467000000,317000000,55.07,59.6,9.5238,33529000000,20388000000,9600000000,18734000000,13141000000,9134000000,36596111000,14765000000,23.54,None,64.46,39.88
2025-12-28,ADM,2.46,83211002000.0,23.54,None,0.686,46.86,,None,2390000000,2390000000,,,,,,,,,5219000000,644000000,None,33630297000,33630297000,5812000000,None,None,6600000000,None,None,656714000,,2.03,0.0351,,,,4.891,0.08,1773131000,2429845000,0.84,2009-09-30,12.72,531000000,5178000000.0,2965814000,1855250000,543180000,531000000,531000000,None,365180000,None,7139000000,None,None,7573000000,None,3203000000,1312070000,None,None,None,0.0195,,1192683000,1773131000,2618000000,2431000000,None,1182000000,None,,,,,16.43,1.234,0.334,,,,,,,,0.0143,,8366000000,2025-10-29,quarterly,0.92,USD,pre-market,45000000,9185000000,0.0175,0.0524,0.022,172.28,1080811000,7877000000,304000000,408000000,55.07,59.6,9.5238,31861000000,19155000000,8547000000,17618000000,12706000000,9071000000,36596111000,14207000000,23.54,0,64.46,39.88
2025-12-28,ADM,2.46,83211002000.0,23.54,None,0.686,46.86,,None,1055000000,1055000000,,,,,,,,,5022000000,644000000,None,33630297000,33630297000,5786000000,None,None,7311000000,None,None,656714000,,2.03,0.0351,,,,4.891,0.08,1773131000,2429845000,0.84,2009-06-30,12.72,532000000,5178000000.0,2965814000,1855250000,543180000,256000000,256000000,None,365180000,None,7782000000,None,None,7800000000,None,None,1312070000,None,None,None,0.0195,,1192683000,1773131000,2760000000,2695000000,None,None,None,,,,,16.43,1.234,0.334,,,,,,,,0.0143,,7950000000,2025-10-29,quarterly,0.92,USD,pre-market,45000000,8778000000,0.0175,0.0524,0.022,172.28,1080811000,7996000000,404000000,500000000,55.07,59.6,9.5238,31582000000,19408000000,8885000000,17929000000,12174000000,9044000000,36596111000,13627000000,23.54,-765000000,64.46,39.88
2025-12-28,ADM,2.46,83211002000.0,23.54,None,0.686,46.86,,None,2188000000,2188000000,,,,,,,,,5016000000,644000000,None,33630297000,33630297000,6450000000,None,None,7236000000,None,None,656714000,,2.03,0.0351,,,,4.891,0.08,1773131000,2429845000,0.84,2009-03-31,12.72,493000000,5178000000.0,2965814000,1855250000,543180000,493000000,493000000,None,365180000,None,7840000000,None,None,7751000000,None,None,1312070000,None,None,None,0.0195,,1192683000,1773131000,2631000000,2663000000,None,None,None,,,,,16.43,1.234,0.334,,,,,,,,0.0143,,7583000000,2025-10-29,quarterly,0.92,USD,pre-market,45000000,8866000000,0.0175,0.0524,0.022,172.28,1080811000,8049000000,298000000,419000000,55.07,59.6,9.5238,31975000000,20314000000,9411000000,18548000000,11661000000,9137000000,36596111000,13427000000,23.54,None,64.46,39.88
2025-12-28,ADM,2.46,83211002000.0,23.54,None,0.686,46.86,,None,2248000000,2248000000,,,,,,,,,4999000000,643000000,None,33630297000,33630297000,6762000000,None,None,8673000000,None,None,656714000,,2.03,0.0351,,,,4.891,0.08,1773131000,2429845000,0.84,2008-12-31,12.72,501000000,5178000000.0,2965814000,1855250000,543180000,501000000,501000000,None,365180000,None,7681000000,None,None,7751000000,None,None,1312070000,None,None,None,0.0195,,1192683000,1773131000,2398000000,3727000000,None,None,None,,,,,16.43,1.234,0.334,,,,,,,,0.0143,,7412000000,2025-10-29,quarterly,0.92,USD,pre-market,45000000,8947000000,0.0175,0.0524,0.022,172.28,1080811000,8363000000,612000000,1104000000,55.07,59.6,9.5238,33901000000,22104000000,11101000000,20207000000,11797000000,9106000000,36596111000,13694000000,23.54,None,64.46,39.88
2025-12-28,ADM,2.46,83211002000.0,23.54,None,0.686,46.86,,None,2532000000,2532000000,,,,,,,,,5001000000,645000000,None,33630297000,33630297000,7189000000,None,None,8884000000,None,None,656714000,,2.03,0.0351,,,,4.891,0.08,1773131000,2429845000,0.84,2008-09-30,12.72,501000000,5178000000.0,2965814000,1855250000,543180000,501000000,501000000,None,365180000,None,8333000000,None,None,7754000000,None,None,1312070000,None,None,None,0.0195,,1192683000,1773131000,2872000000,4161000000,None,None,None,,,,,16.43,1.234,0.334,,,,,,,,0.0143,,7155000000,2025-10-29,quarterly,0.92,USD,pre-market,45000000,8446000000,0.0175,0.0524,0.022,172.28,1080811000,8505000000,751000000,453000000,55.07,59.6,9.5238,34707000000,23074000000,12101000000,21174000000,11633000000,9073000000,36596111000,13533000000,23.54,None,64.46,39.88
2025-12-28,ADM,2.46,83211002000.0,23.54,None,0.686,46.86,,None,810000000,810000000,,,,,,,,,5758000000,645000000,None,33630297000,33630297000,6544000000,None,None,11483000000,None,None,656714000,,2.03,0.0351,,,,4.891,0.08,1773131000,2429845000,0.84,2008-06-30,12.72,506000000,5178000000.0,2965814000,1855250000,543180000,246000000,246000000,None,365180000,None,10160000000,None,None,7690000000,None,None,1312070000,None,None,None,0.0195,,1192683000,1773131000,512000000,4722000000,None,None,None,,,,,16.43,1.234,0.334,,,,,,,,0.0143,,7125000000,2025-10-29,quarterly,0.92,USD,pre-market,45000000,7494000000,0.0175,0.0524,0.022,172.28,1080811000,11045000000,3355000000,2490000000,55.07,59.6,9.5238,37056000000,25455000000,14621000000,23566000000,11601000000,8945000000,36596111000,13490000000,23.54,-719000000,64.46,39.88
2025-12-28,ADM,2.46,83211002000.0,23.54,None,0.686,46.86,,None,1206000000,1206000000,,,,,,,,,5121000000,647000000,None,33630297000,33630297000,6936000000,None,None,10447000000,None,None,656714000,,2.03,0.0351,,,,4.891,0.08,1773131000,2429845000,0.84,2008-03-31,12.72,329000000,5178000000.0,2965814000,1855250000,543180000,329000000,329000000,None,365180000,None,10569000000,None,None,6026000000,None,None,1312070000,None,None,None,0.0195,,1192683000,1773131000,2481000000,3979000000,None,None,None,,,,,16.43,1.234,0.334,,,,,,,,0.0143,,6860000000,2025-10-29,quarterly,0.92,USD,pre-market,45000000,7206000000,0.0175,0.0524,0.022,172.28,1080811000,10996000000,4970000000,526000000,55.07,59.6,9.5238,36513000000,25229000000,15885000000,23351000000,11284000000,7466000000,36596111000,13162000000,23.54,None,64.46,39.88
2025-12-28,ADM,2.46,83211002000.0,23.54,None,0.686,46.86,,None,1105000000,1105000000,,,,,,,,,5083000000,646000000,None,33630297000,33630297000,6156000000,None,None,10026000000,None,None,656714000,,2.03,0.0351,,,,4.891,0.08,1773131000,2429845000,0.84,2007-12-31,12.72,323000000,5178000000.0,2965814000,1855250000,543180000,323000000,323000000,None,365180000,None,9517000000,None,None,5233000000,None,None,1312070000,None,None,None,0.0195,,1192683000,1773131000,2012000000,3810000000,None,None,None,,,,,16.43,1.234,0.334,,,,,,,,0.0143,,6574000000,2025-10-29,quarterly,0.92,USD,pre-market,45000000,6773000000,0.0175,0.0524,0.022,172.28,1080811000,9828000000,4595000000,1322000000,55.07,59.6,9.5238,33490000000,22660000000,14561000000,21166000000,10830000000,6605000000,36596111000,12324000000,23.54,None,64.46,39.88
2025-12-28,ADM,2.46,83211002000.0,23.54,None,0.686,46.86,,None,1121000000,1121000000,,,,,,,,,5056000000,647000000,None,33630297000,33630297000,5512000000,None,None,8428000000,None,None,656714000,,2.03,0.0351,,,,4.891,0.08,1773131000,2429845000,0.84,2007-09-30,12.72,319000000,5178000000.0,2965814000,1855250000,543180000,319000000,319000000,None,365180000,None,7747000000,None,None,4733000000,None,None,1312070000,None,None,None,0.0195,,1192683000,1773131000,1722000000,3424000000,None,None,None,,,,,16.43,1.234,0.334,,,,,,,,0.0143,,6228000000,2025-10-29,quarterly,0.92,USD,pre-market,45000000,6375000000,0.0175,0.0524,0.022,172.28,1080811000,7323000000,2590000000,1182000000,55.07,59.6,9.5238,29392000000,19018000000,11526000000,17572000000,10374000000,6046000000,36596111000,11820000000,23.54,None,64.46,39.88
2025-12-28,ADM,2.46,83211002000.0,23.54,None,0.686,46.86,,None,663000000,663000000,,,,,,,,,5813000000,647000000,None,33630297000,33630297000,4919000000,None,None,6404000000,None,None,656714000,,2.03,0.0351,,,,4.891,0.08,1773131000,2429845000,0.84,2007-06-30,12.72,317000000,5178000000.0,2965814000,1855250000,543180000,234000000,234000000,None,365180000,None,6060000000,None,None,4752000000,None,None,1312070000,None,None,None,0.0195,,1192683000,1773131000,1783000000,2416000000,None,None,None,,,,,16.43,1.234,0.334,,,,,,,,0.0143,,6010000000,2025-10-29,quarterly,0.92,USD,pre-market,45000000,5982000000,0.0175,0.0524,0.022,172.28,1080811000,5285000000,533000000,212000000,55.07,59.6,9.5238,25118000000,15122000000,7868000000,13865000000,9996000000,5997000000,36596111000,11253000000,23.54,-723000000,64.46,39.88
2025-12-28,ADM,2.46,83211002000.0,23.54,None,0.686,46.86,,None,896526000,896526000,,,,,,,,,5067901000,653000000,None,33630297000,33630297000,4872322000,None,None,5805087000,None,None,656714000,,2.03,0.0351,,,,4.891,0.08,1773131000,2429845000,0.84,2007-03-31,12.72,320322000,5178000000.0,2965814000,1855250000,543180000,320322000,320322000,None,365180000,None,6603449000,None,None,5157271000,None,None,1312070000,None,None,None,0.0195,,1192683000,1773131000,1938296000,2214593000,None,None,None,,,,,16.43,1.234,0.334,,,,,,,,0.0143,,5822959000,2025-10-29,quarterly,0.92,USD,pre-market,45000000,5088222000,0.0175,0.0524,0.022,172.28,1080811000,6371912000,1214641000,-24244000,55.07,59.6,9.5238,25351416000,15243358000,8301556000,14672067000,10108058000,6370511000,36596111000,10679349000,23.54,None,64.46,39.88
2025-12-28,ADM,2.46,83211002000.0,23.54,None,0.686,46.86,,None,822780000,822780000,,,,,,,,,5457649000,661000000,None,33630297000,33630297000,5175348000,None,None,5978888000,None,None,656714000,,2.03,0.0351,,,,4.891,0.08,1773131000,2429845000,0.84,2006-12-31,12.72,319799000,5178000000.0,2965814000,1855250000,543180000,319799000,319799000,None,365180000,None,6286536000,None,None,4011194000,None,None,1312070000,None,None,None,0.0195,,1192683000,1773131000,2104696000,1994626000,None,None,None,,,,,16.43,1.234,0.334,,,,,,,,0.0143,,5697770000,2025-10-29,quarterly,0.92,USD,pre-market,45000000,4793889000,0.0175,0.0524,0.022,172.28,1080811000,5823794000,1812600000,-10759000,55.07,59.6,9.5238,25045614000,15192900000,8982574000,14272930000,9852714000,5290356000,36596111000,10772684000,23.54,None,64.46,39.88
2025-12-28,ADM,2.46,83211002000.0,23.54,None,0.686,46.86,,None,958491000,958491000,,,,,,,,,5571922000,660863000,None,33630297000,33630297000,4115458000,None,None,4774548000,None,None,656714000,,2.03,0.0351,,,,4.891,0.08,1773131000,2429845000,0.84,2006-09-30,12.72,321649000,5178000000.0,2965814000,1855250000,543180000,321649000,321649000,None,365180000,None,5003778000,None,None,4012676000,None,None,1312070000,None,None,None,0.0195,,1192683000,1773131000,1642390000,1498978000,None,None,None,,,,,16.43,1.234,0.334,,,,,,,,0.0143,,5378873000,2025-10-29,quarterly,0.92,USD,pre-market,45000000,4418366000,0.0175,0.0524,0.022,172.28,1080811000,4814927000,802251000,-4273000,55.07,59.6,9.5238,21972020000,12379207000,6416687000,11682275000,9592813000,5265588000,36596111000,10289745000,23.54,None,64.46,39.88
2025-12-28,ADM,2.46,83211002000.0,23.54,None,0.686,46.86,,None,1112853000,1112853000,,,,,,,,,5511019000,660863000,None,33630297000,33630297000,4014392000,None,None,4471201000,None,None,656714000,,2.03,0.0351,,,,4.891,0.08,1773131000,2429845000,0.84,2006-06-30,12.72,322292000,5178000000.0,2965814000,1855250000,543180000,227183000,227183000,None,365180000,None,4677508000,None,None,4050323000,None,None,1312070000,None,None,None,0.0195,,1192683000,1773131000,1564715000,1521188000,None,None,None,,,,,16.43,1.234,0.334,,,,,,,,0.0143,,5293032000,2025-10-29,quarterly,0.92,USD,pre-market,45000000,4081490000,0.0175,0.0524,0.022,172.28,1080811000,4679510000,629187000,1220666000,55.07,59.6,9.5238,21269030000,11826277000,6164767000,11462150000,9442753000,5297383000,36596111000,9806880000,23.54,None,64.46,39.88
2025-12-28,ADM,2.46,83211002000.0,23.54,None,0.686,46.86,,None,918228000,918228000,,,,,,,,,5471070000,657130000,None,33630297000,33630297000,3916285000,None,None,4486541000,None,None,656714000,,2.03,0.0351,,,,4.891,0.08,1773131000,2429845000,0.84,2006-03-31,12.72,318978000,5178000000.0,2965814000,1855250000,543180000,None,None,None,365180000,None,4456077000,None,None,4027787000,None,None,1312070000,None,None,None,0.0195,,1192683000,1773131000,1471524000,1557311000,None,None,None,,,,,16.43,1.234,0.334,,,,,,,,0.0143,,5235524000,2025-10-29,quarterly,0.92,USD,pre-market,45000000,3735882000,0.0175,0.0524,0.022,172.28,1080811000,4713276000,685489000,-27952000,55.07,59.6,9.5238,20546481000,11332370000,6159085000,11371083000,9214111000,5211998000,36596111000,9175398000,23.54,None,64.46,39.88
2025-12-28,ADM,2.46,83211002000.0,23.54,None,0.686,46.86,,None,823866000,823866000,,,,,,,,,5487332000,655508000,None,33630297000,33630297000,3947440000,None,None,4225498000,None,None,656714000,,2.03,0.0351,,,,4.891,0.08,1773131000,2429845000,0.84,2005-12-31,12.72,None,5178000000.0,2965814000,1855250000,543180000,323845000,323845000,None,365180000,None,4363055000,None,None,4025112000,None,None,1312070000,None,None,None,0.0195,,1192683000,1773131000,1621626000,1445594000,None,None,None,,,,,16.43,1.234,0.334,,,,,,,,0.0143,,5170551000,2025-10-29,quarterly,0.92,USD,pre-market,45000000,3414407000,0.0175,0.0524,0.022,172.28,1080811000,4613811000,588699000,-28234000,55.07,59.6,9.5238,20098708000,11034045000,5981733000,11233356000,9064663000,5251623000,36596111000,8865352000,23.54,None,64.46,39.88
2025-12-28,ADM,2.46,83211002000.0,23.54,None,0.686,46.86,,None,1154837000,1154837000,,,,,,,,,5430866000,653805000,None,33630297000,33630297000,3643017000,None,None,4309043000,None,None,656714000,,2.03,0.0351,,,,4.891,0.08,1773131000,2429845000,0.84,2005-09-30,12.72,None,5178000000.0,2965814000,1855250000,543180000,345022000,345022000,None,365180000,None,4159299000,None,None,4071544000,None,None,1312070000,None,None,None,0.0195,,1192683000,1773131000,1195891000,1565102000,None,None,None,,,,,16.43,1.234,0.334,,,,,,,,0.0143,,5213529000,2025-10-29,quarterly,0.92,USD,pre-market,45000000,3141295000,0.0175,0.0524,0.022,172.28,1080811000,4721230000,649686000,-117485000,55.07,59.6,9.5238,19852793000,10819070000,5857805000,11202345000,9033723000,5344540000,36596111000,8650448000,23.54,None,64.46,39.88
2025-12-28,ADM,2.46,83211002000.0,23.54,None,0.686,46.86,,1381000000,611000000,611000000,,,,,,,,,3223000000,493000000,None,33630297000,33630297000,5535000000,None,2577000000,5950000000,None,None,656714000,,2.03,0.0351,,,,4.891,0.08,1773131000,2429845000,0.84,2024-12-31,12.72,4509000000,5178000000.0,2965814000,1855250000,543180000,2260000000,2260000000,None,365180000,None,11572000000,None,None,7580000000,None,5276000000,1312070000,None,None,None,0.0195,,1192683000,1773131000,9339000000,3040000000,None,997000000,None,,,,,16.43,1.234,0.334,,,,,,,,0.0143,,12195000000,2025-10-29,annual,0.92,USD,pre-market,45000000,21933000000,0.0175,0.0524,0.022,172.28,1080811000,11538000000,2901000000,246000000,55.07,59.6,9.5238,53271000000,27718000000,19938000000,30840000000,25553000000,10902000000,36596111000,22168000000,23.54,None,64.46,39.88
2025-12-28,ADM,2.46,83211002000.0,23.54,None,0.686,46.86,,1231000000,1368000000,1368000000,,,,,,,,,3154000000,542000000,None,33630297000,33630297000,6313000000,None,106000000,6496000000,None,None,656714000,,2.03,0.0351,,,,4.891,0.08,1773131000,2429845000,0.84,2023-12-31,12.72,4103000000,5178000000.0,2965814000,1855250000,543180000,2238000000,2238000000,None,365180000,None,11957000000,None,None,8259000000,None,5500000000,1312070000,None,None,None,0.0195,,1192683000,1773131000,9946000000,3016000000,None,1005000000,None,,,,,16.43,1.234,0.334,,,,,,,,0.0143,,11719000000,2025-10-29,annual,0.92,USD,pre-market,45000000,23465000000,0.0175,0.0524,0.022,172.28,1080811000,9596000000,406000000,7228000000,55.07,59.6,9.5238,54631000000,29767000000,18662000000,30166000000,24864000000,11504000000,36596111000,24132000000,23.54,None,64.46,39.88
2025-12-28,ADM,2.46,83211002000.0,23.54,-16842000000,0.686,46.86,,1108000000,1037000000,1037000000,,,,,,,,,3147000000,563000000,None,33630297000,33630297000,7803000000,None,503000000,7569000000,None,None,656714000,,2.03,0.0351,,,,4.891,0.08,1773131000,2429845000,0.84,2022-12-31,12.72,4162000000,5178000000.0,2965814000,1855250000,543180000,2382000000,2382000000,None,365180000,None,14771000000,None,None,8677000000,None,5467000000,1312070000,None,None,None,0.0195,,1192683000,1773131000,153000000,4101000000,None,1014000000,None,,,,,16.43,1.234,0.334,,,,,,,,0.0143,,9933000000,2025-10-29,annual,0.92,USD,pre-market,45000000,23646000000,0.0175,0.0524,0.022,172.28,1080811000,10414000000,1737000000,109000000,55.07,59.6,9.5238,59774000000,35410000000,24191000000,35158000000,24364000000,10967000000,36596111000,24284000000,23.54,None,64.46,39.88
2025-12-28,ADM,2.46,83211002000.0,23.54,-16420000000,0.686,46.86,,1042000000,943000000,943000000,,,,,,,,,2994000000,566000000,None,33630297000,33630297000,6388000000,None,958000000,5771000000,None,None,656714000,,2.03,0.0351,,,,4.891,0.08,1773131000,2429845000,0.84,2021-12-31,12.72,4182000000,5178000000.0,2965814000,1855250000,543180000,2565000000,2565000000,None,365180000,None,14481000000,None,None,8581000000,None,5285000000,1312070000,None,None,None,0.0195,,1192683000,1773131000,10714000000,3909000000,None,1998000000,None,,,,,16.43,1.234,0.334,,,,,,,,0.0143,,9890000000,2025-10-29,annual,0.92,USD,pre-market,45000000,21655000000,0.0175,0.0524,0.022,172.28,1080811000,10581000000,1805000000,46000000,55.07,59.6,9.5238,56136000000,31909000000,21948000000,33369000000,24227000000,11421000000,36596111000,22477000000,23.54,None,64.46,39.88
2025-12-28,ADM,2.46,83211002000.0,23.54,-16388000000,0.686,46.86,,1124000000,666000000,666000000,,,,,,,,,2824000000,563000000,None,33630297000,33630297000,4474000000,None,2044000000,4984000000,None,None,656714000,,2.03,0.0351,,,,4.891,0.08,1773131000,2429845000,0.84,2020-12-31,12.72,3451000000,5178000000.0,2965814000,1855250000,543180000,2134000000,2134000000,None,365180000,None,11713000000,None,None,7885000000,None,12482000000,1312070000,None,None,None,0.0195,,1192683000,1773131000,9923000000,4149000000,None,2254000000,None,,,,,16.43,1.234,0.334,,,,,,,,0.0143,,9951000000,2025-10-29,annual,0.92,USD,pre-market,45000000,19780000000,0.0175,0.0524,0.022,172.28,1080811000,11053000000,2305000000,61000000,55.07,59.6,9.5238,49719000000,27286000000,18182000000,29623000000,22433000000,11441000000,36596111000,20000000000,23.54,None,64.46,39.88
2025-12-28,ADM,2.46,83211002000.0,23.54,-15893000000,0.686,46.86,,215000000,852000000,852000000,,,,,,,,,2655000000,565000000,None,33630297000,33630297000,3746000000,None,1209000000,5206000000,None,None,656714000,,2.03,0.0351,,,,4.891,0.08,1773131000,2429845000,0.84,2019-12-31,12.72,3385000000,5178000000.0,2965814000,1855250000,543180000,2091000000,2091000000,None,365180000,None,9170000000,None,None,7672000000,None,12544000000,1312070000,None,None,None,0.0195,,1192683000,1773131000,6119000000,2414000000,None,2114000000,None,,,,,16.43,1.234,0.334,,,,,,,,0.0143,,10106000000,2025-10-29,annual,0.92,USD,pre-market,45000000,18958000000,0.0175,0.0524,0.022,172.28,1080811000,9877000000,1424000000,3000000,55.07,59.6,9.5238,43997000000,21347000000,13734000000,24714000000,22650000000,10980000000,36596111000,19208000000,23.54,None,64.46,39.88
2025-12-28,ADM,2.46,83211002000.0,23.54,-15149000000,0.686,46.86,,None,1997000000,1997000000,,,,,,,,,2560000000,567000000,None,33630297000,33630297000,3545000000,None,690000000,3844000000,None,None,656714000,,2.03,0.0351,,,,4.891,0.08,1773131000,2429845000,0.84,2018-12-31,12.72,2496000000,5178000000.0,2965814000,1855250000,543180000,1545000000,1545000000,None,365180000,None,8813000000,None,None,7698000000,None,5324000000,1312070000,None,None,None,0.0195,,1192683000,1773131000,5934000000,2314000000,None,1247000000,None,,,,,16.43,1.234,0.334,,,,,,,,0.0143,,9953000000,2025-10-29,annual,0.92,USD,pre-market,45000000,18527000000,0.0175,0.0524,0.022,172.28,1080811000,8388000000,690000000,6000000,55.07,59.6,9.5238,40833000000,20588000000,11776000000,21788000000,20245000000,10012000000,36596111000,18981000000,23.54,None,64.46,39.88
2025-12-28,ADM,2.46,83211002000.0,23.54,-14655000000,0.686,46.86,,None,804000000,804000000,,,,,,,,,2398000000,572000000,None,33630297000,33630297000,3894000000,None,870000000,3762000000,None,None,656714000,,2.03,0.0351,,,,4.891,0.08,1773131000,2429845000,0.84,2017-12-31,12.72,2374000000,5178000000.0,2965814000,1855250000,543180000,1544000000,1544000000,None,365180000,None,9173000000,None,None,6623000000,None,5180000000,1312070000,None,None,None,0.0195,,1192683000,1773131000,6186000000,2075000000,None,1342000000,None,,,,,16.43,1.234,0.334,,,,,,,,0.0143,,10138000000,2025-10-29,annual,0.92,USD,pre-market,45000000,17552000000,0.0175,0.0524,0.022,172.28,1080811000,7493000000,870000000,4826000000,55.07,59.6,9.5238,39963000000,19925000000,12570000000,21588000000,20038000000,9018000000,36596111000,18313000000,23.54,-5500000000,64.46,39.88
2025-12-28,ADM,2.46,83211002000.0,23.54,-13739000000,0.686,46.86,,None,619000000,619000000,,,,,,,,,2327000000,591000000,None,33630297000,33630297000,3606000000,None,427000000,4405000000,None,None,656714000,,2.03,0.0351,,,,4.891,0.08,1773131000,2429845000,0.84,2016-12-31,12.72,2246000000,5178000000.0,2965814000,1855250000,543180000,1457000000,1457000000,None,365180000,None,8831000000,None,None,6504000000,None,4684000000,1312070000,None,None,None,0.0195,,1192683000,1773131000,6894000000,2917000000,None,1218000000,None,,,,,16.43,1.234,0.334,,,,,,,,0.0143,,9758000000,2025-10-29,annual,0.92,USD,pre-market,45000000,17444000000,0.0175,0.0524,0.022,172.28,1080811000,6931000000,427000000,296000000,55.07,59.6,9.5238,39769000000,21045000000,13173000000,22564000000,18724000000,9391000000,36596111000,17173000000,23.54,-5500000000,64.46,39.88
2025-12-28,ADM,2.46,83211002000.0,23.54,-13421000000,0.686,46.86,,None,910000000,910000000,,,,,,,,,3180000000,621000000,None,33630297000,33630297000,3474000000,None,12000000,4660000000,None,None,656714000,,2.03,0.0351,,,,4.891,0.08,1773131000,2429845000,0.84,2015-12-31,12.72,2185000000,5178000000.0,2965814000,1855250000,543180000,1503000000,1503000000,None,365180000,None,8243000000,None,None,5779000000,None,8475000000,1312070000,None,None,None,0.0195,,1192683000,1773131000,7578000000,2961000000,None,1395000000,None,,,,,16.43,1.234,0.334,,,,,,,,0.0143,,9853000000,2025-10-29,annual,0.92,USD,pre-market,45000000,16865000000,0.0175,0.0524,0.022,172.28,1080811000,5877000000,98000000,438000000,55.07,59.6,9.5238,40157000000,21829000000,13505000000,22242000000,18328000000,8737000000,36596111000,17899000000,23.54,-4700000000,64.46,39.88
2025-12-28,ADM,2.46,83211002000.0,23.54,None,0.686,46.86,,None,1099000000,1099000000,,,,,,,,,5115000000,656000000,None,33630297000,33630297000,4326000000,None,24000000,6243000000,None,None,656714000,,2.03,0.0351,,,,4.891,0.08,1773131000,2429845000,0.84,2014-12-31,12.72,2010000000,5178000000.0,2965814000,1855250000,543180000,1382000000,1382000000,None,365180000,None,9374000000,None,None,5558000000,None,4377000000,1312070000,None,None,None,0.0195,,1192683000,1773131000,8797000000,3586000000,None,None,None,,,,,16.43,1.234,0.334,,,,,,,,0.0143,,9960000000,2025-10-29,annual,0.92,USD,pre-market,45000000,15701000000,0.0175,0.0524,0.022,172.28,1080811000,5660000000,132000000,515000000,55.07,59.6,9.5238,43997000000,26028000000,15602000000,24367000000,17969000000,8765000000,36596111000,19575000000,23.54,-2700000000,64.46,39.88
2025-12-28,ADM,2.46,83211002000.0,23.54,-13393000000,0.686,46.86,,None,3121000000,3121000000,,,,,,,,,6136000000,663000000,None,33630297000,33630297000,4513000000,None,None,5098000000,None,None,656714000,,2.03,0.0351,,,,4.891,0.08,1773131000,2429845000,0.84,2013-12-31,12.72,364000000,5178000000.0,2965814000,1855250000,543180000,197000000,197000000,None,365180000,None,11441000000,None,None,5347000000,None,3848000000,1312070000,None,None,None,0.0195,,1192683000,1773131000,8437000000,4790000000,None,1105000000,None,,,,,16.43,1.234,0.334,,,,,,,,0.0143,,10137000000,2025-10-29,annual,0.92,USD,pre-market,45000000,14077000000,0.0175,0.0524,0.022,172.28,1080811000,6870000000,1523000000,433000000,55.07,59.6,9.5238,43752000000,28530000000,15658000000,23558000000,15222000000,7900000000,36596111000,20156000000,23.54,-1600000000,64.46,39.88
2025-12-28,ADM,2.46,83211002000.0,23.54,None,0.686,46.86,,None,1291000000,1291000000,,,,,,,,,6102000000,662000000,None,33630297000,33630297000,2474000000,None,None,3439000000,None,None,656714000,,2.03,0.0351,,,,4.891,0.08,1773131000,2429845000,0.84,2012-12-31,12.72,551000000,5178000000.0,2965814000,1855250000,543180000,208000000,208000000,None,365180000,None,12192000000,None,None,None,None,None,1312070000,None,None,None,0.0195,,1192683000,1773131000,-985000000,12411000000,None,None,None,,,,,16.43,1.234,0.334,,,,,,,,0.0143,,None,2025-10-29,annual,0.92,USD,pre-market,45000000,12774000000,0.0175,0.0524,0.022,172.28,1080811000,10320000000,2108000000,176000000,55.07,59.6,9.5238,30712000000,16113000000,2108000000,12543000000,14599000000,10435000000,36596111000,18169000000,23.54,None,64.46,39.88
2025-12-28,ADM,2.46,83211002000.0,23.54,-12878000000,0.686,46.86,,None,1291000000,1291000000,,,,,,,,,6102000000,654000000,None,33630297000,33630297000,2474000000,None,None,3439000000,None,None,656714000,,2.03,0.0351,,,,4.891,0.08,1773131000,2429845000,0.84,2011-12-31,12.72,603000000,5178000000.0,2965814000,1855250000,543180000,345000000,345000000,None,365180000,None,12192000000,None,None,6535000000,None,3650000000,1312070000,None,None,None,0.0195,,1192683000,1773131000,9856000000,8367000000,None,2223000000,None,,,,,16.43,1.234,0.334,,,,,,,,0.0143,,9812000000,2025-10-29,annual,0.92,USD,pre-market,45000000,12774000000,0.0175,0.0524,0.022,172.28,1080811000,10320000000,3785000000,176000000,55.07,59.6,9.5238,41771000000,26954000000,14626000000,23602000000,14817000000,8976000000,36596111000,17969000000,23.54,-1600000000,64.46,39.88
2025-12-28,ADM,2.46,83211002000.0,23.54,-12228000000,0.686,46.86,,None,615000000,615000000,,,,,,,,,6636000000,644000000,None,33630297000,33630297000,2581000000,None,None,4808000000,None,None,656714000,,2.03,0.0351,,,,4.891,0.08,1773131000,2429845000,0.84,2010-12-31,12.72,602000000,5178000000.0,2965814000,1855250000,543180000,344000000,344000000,None,365180000,None,12055000000,None,None,8266000000,None,3906000000,1312070000,None,None,None,0.0195,,1192683000,1773131000,9287000000,8584000000,None,1012000000,None,,,,,16.43,1.234,0.334,,,,,,,,0.0143,,9500000000,2025-10-29,annual,0.92,USD,pre-market,45000000,11996000000,0.0175,0.0524,0.022,172.28,1080811000,10319000000,2053000000,739000000,55.07,59.6,9.5238,42352000000,27504000000,13218000000,23514000000,14848000000,10296000000,36596111000,18808000000,23.54,-1100000000,64.46,39.88
2025-12-28,ADM,2.46,83211002000.0,23.54,-11292000000,0.686,46.86,,None,1046000000,1046000000,,,,,,,,,5022000000,644000000,None,33630297000,33630297000,5538000000,None,None,6122000000,None,None,656714000,,2.03,0.0351,,,,4.891,0.08,1773131000,2429845000,0.84,2009-12-31,12.72,523000000,5178000000.0,2965814000,1855250000,543180000,262000000,262000000,None,365180000,None,7871000000,None,None,6830000000,None,3477000000,1312070000,None,None,None,0.0195,,1192683000,1773131000,2961000000,2577000000,None,1075000000,None,,,,,16.43,1.234,0.334,,,,,,,,0.0143,,8712000000,2025-10-29,annual,0.92,USD,pre-market,45000000,10357000000,0.0175,0.0524,0.022,172.28,1080811000,7548000000,718000000,394000000,55.07,59.6,9.5238,31808000000,18394000000,8833000000,17177000000,13414000000,8344000000,36596111000,14609000000,23.54,-838000000,64.46,39.88
2025-12-28,ADM,2.46,83211002000.0,23.54,None,0.686,46.86,,None,1055000000,1055000000,,,,,,,,,5039000000,646000000,None,33630297000,33630297000,5786000000,None,None,7311000000,None,None,656714000,,2.03,0.0351,,,,4.891,0.08,1773131000,2429845000,0.84,2008-12-31,12.72,532000000,5178000000.0,2965814000,1855250000,543180000,256000000,256000000,None,365180000,None,7782000000,None,None,7800000000,None,None,1312070000,None,None,None,0.0195,,1192683000,1773131000,2760000000,2695000000,None,None,None,,,,,16.43,1.234,0.334,,,,,,,,0.0143,,7950000000,2025-10-29,annual,0.92,USD,pre-market,45000000,8778000000,0.0175,0.0524,0.022,172.28,1080811000,7996000000,404000000,500000000,55.07,59.6,9.5238,31582000000,19408000000,8885000000,17929000000,12174000000,9044000000,36596111000,13627000000,23.54,-765000000,64.46,39.88
2025-12-28,ADM,2.46,83211002000.0,23.54,None,0.686,46.86,,None,810000000,810000000,,,,,,,,,5090000000,656000000,None,33630297000,33630297000,6544000000,None,None,11483000000,None,None,656714000,,2.03,0.0351,,,,4.891,0.08,1773131000,2429845000,0.84,2007-12-31,12.72,506000000,5178000000.0,2965814000,1855250000,543180000,246000000,246000000,None,365180000,None,10160000000,None,None,7690000000,None,None,1312070000,None,None,None,0.0195,,1192683000,1773131000,512000000,4722000000,None,None,None,,,,,16.43,1.234,0.334,,,,,,,,0.0143,,7125000000,2025-10-29,annual,0.92,USD,pre-market,45000000,7494000000,0.0175,0.0524,0.022,172.28,1080811000,11045000000,3355000000,2490000000,55.07,59.6,9.5238,37056000000,25455000000,14621000000,23566000000,11601000000,8945000000,36596111000,13490000000,23.54,-719000000,64.46,39.88
2025-12-28,ADM,2.46,83211002000.0,23.54,None,0.686,46.86,,None,663000000,663000000,,,,,,,,,5511019000,656000000,None,33630297000,33630297000,4919000000,None,None,6404000000,None,None,656714000,,2.03,0.0351,,,,4.891,0.08,1773131000,2429845000,0.84,2006-12-31,12.72,317000000,5178000000.0,2965814000,1855250000,543180000,234000000,234000000,None,365180000,None,6060000000,None,None,4752000000,None,None,1312070000,None,None,None,0.0195,,1192683000,1773131000,1783000000,2416000000,None,None,None,,,,,16.43,1.234,0.334,,,,,,,,0.0143,,6010000000,2025-10-29,annual,0.92,USD,pre-market,45000000,5982000000,0.0175,0.0524,0.022,172.28,1080811000,5285000000,533000000,212000000,55.07,59.6,9.5238,25118000000,15122000000,7868000000,13865000000,9996000000,5997000000,36596111000,11253000000,23.54,-723000000,64.46,39.88
2025-12-28,ADM,2.46,83211002000.0,23.54,None,0.686,46.86,,None,1112853000,1112853000,,,,,,,,,5385840000,656000000,None,33630297000,33630297000,4014392000,None,None,4471201000,None,None,656714000,,2.03,0.0351,,,,4.891,0.08,1773131000,2429845000,0.84,2005-12-31,12.72,322292000,5178000000.0,2965814000,1855250000,543180000,325167000,325167000,None,365180000,None,4677508000,None,None,4050323000,None,None,1312070000,None,None,None,0.0195,,1192683000,1773131000,1564715000,1521188000,None,None,None,,,,,16.43,1.234,0.334,,,,,,,,0.0143,,5293032000,2025-10-29,annual,0.92,USD,pre-market,45000000,4081490000,0.0175,0.0524,0.022,172.28,1080811000,4679510000,629187000,908001000,55.07,59.6,9.5238,21269030000,11826277000,6164767000,11462150000,9442753000,5297383000,36596111000,9806880000,23.54,None,64.46,39.88
2025-12-28,ADM,2.46,83211002000.0,23.54,None,0.686,46.86,296000000,None,1112853000,1112853000,-1618000000,-253000000,None,None,-2152000000,None,None,None,5385840000,656000000,None,33630297000,33630297000,4014392000,None,None,4471201000,None,None,656714000,296000000,2.03,0.0351,248000000,248000000,None,4.891,0.08,1773131000,2429845000,0.84,2025-09-30,12.72,322292000,5178000000.0,2965814000,1855250000,543180000,325167000,325167000,None,365180000,None,4677508000,None,None,4050323000,None,None,110000000,None,None,None,0.0195,1809000000,1192683000,1773131000,1564715000,1521188000,None,None,None,None,None,None,None,16.43,1.234,0.334,None,None,None,None,None,0,None,0.0143,None,5293032000,2025-10-29,quarterly,0.92,USD,pre-market,45000000,4081490000,0.0175,0.0524,0.022,172.28,1080811000,4679510000,629187000,908001000,55.07,59.6,9.5238,21269030000,11826277000,6164767000,11462150000,9442753000,5297383000,36596111000,9806880000,23.54,None,64.46,39.88
2025-12-28,ADM,2.46,83211002000.0,23.54,None,0.686,46.86,305000000,None,1112853000,1112853000,-2166000000,-262000000,None,None,2015000000,None,None,None,5385840000,656000000,None,33630297000,33630297000,4014392000,None,None,4471201000,None,None,656714000,291000000,2.03,0.0351,248000000,248000000,None,4.891,0.08,1773131000,2429845000,0.84,2025-06-30,12.72,322292000,5178000000.0,2965814000,1855250000,543180000,325167000,325167000,None,365180000,None,4677508000,None,None,4050323000,None,None,217000000,None,None,None,0.0195,4298000000,1192683000,1773131000,1564715000,1521188000,None,None,None,None,None,None,None,16.43,1.234,0.334,None,None,None,None,None,0,None,0.0143,None,5293032000,2025-10-29,quarterly,0.92,USD,pre-market,45000000,4081490000,0.0175,0.0524,0.022,172.28,1080811000,4679510000,629187000,908001000,55.07,59.6,9.5238,21269030000,11826277000,6164767000,11462150000,9442753000,5297383000,36596111000,9806880000,23.54,None,64.46,39.88
2025-12-28,ADM,2.46,83211002000.0,23.54,None,0.686,46.86,291000000,None,1112853000,1112853000,587000000,-129000000,None,None,137000000,None,None,None,5385840000,656000000,None,33630297000,33630297000,4014392000,None,None,4471201000,None,None,656714000,287000000,2.03,0.0351,247000000,247000000,None,4.891,0.08,1773131000,2429845000,0.84,2025-03-31,12.72,322292000,5178000000.0,2965814000,1855250000,543180000,325167000,325167000,None,365180000,None,4677508000,None,None,4050323000,None,None,292000000,None,None,None,0.0195,-342000000,1192683000,1773131000,1564715000,1521188000,None,None,None,None,None,None,None,16.43,1.234,0.334,None,None,None,None,None,0,None,0.0143,None,5293032000,2025-10-29,quarterly,0.92,USD,pre-market,45000000,4081490000,0.0175,0.0524,0.022,172.28,1080811000,4679510000,629187000,908001000,55.07,59.6,9.5238,21269030000,11826277000,6164767000,11462150000,9442753000,5297383000,36596111000,9806880000,23.54,None,64.46,39.88
2025-12-28,ADM,2.46,83211002000.0,23.54,None,0.686,46.86,492000000,None,1112853000,1112853000,-65000000,-700000000,None,None,-1071000000,None,None,None,5385840000,656000000,None,33630297000,33630297000,4014392000,None,None,4471201000,None,None,656714000,287000000,2.03,0.0351,241000000,241000000,None,4.891,0.08,1773131000,2429845000,0.84,2024-12-31,12.72,322292000,5178000000.0,2965814000,1855250000,543180000,325167000,325167000,None,365180000,None,4677508000,None,None,4050323000,None,None,567000000,None,None,None,0.0195,322000000,1192683000,1773131000,1564715000,1521188000,None,None,None,None,None,None,None,16.43,1.234,0.334,None,None,None,None,None,-2327000000,None,0.0143,None,5293032000,2025-10-29,quarterly,0.92,USD,pre-market,45000000,4081490000,0.0175,0.0524,0.022,172.28,1080811000,4679510000,629187000,908001000,55.07,59.6,9.5238,21269030000,11826277000,6164767000,11462150000,9442753000,5297383000,36596111000,9806880000,23.54,None,64.46,39.88
2025-12-28,ADM,2.46,83211002000.0,23.54,None,0.686,46.86,381000000,None,1112853000,1112853000,-804000000,-390000000,None,None,-210000000,None,None,None,5385840000,656000000,None,33630297000,33630297000,4014392000,None,None,4471201000,None,None,656714000,288000000,2.03,0.0351,241000000,241000000,None,4.891,0.08,1773131000,2429845000,0.84,2024-09-30,12.72,322292000,5178000000.0,2965814000,1855250000,543180000,325167000,325167000,None,365180000,None,4677508000,None,None,4050323000,None,None,18000000,None,None,None,0.0195,1300000000,1192683000,1773131000,1564715000,1521188000,None,None,None,None,None,None,None,16.43,1.234,0.334,None,None,None,None,None,-1000000000,None,0.0143,None,5293032000,2025-10-29,quarterly,0.92,USD,pre-market,45000000,4081490000,0.0175,0.0524,0.022,172.28,1080811000,4679510000,629187000,908001000,55.07,59.6,9.5238,21269030000,11826277000,6164767000,11462150000,9442753000,5297383000,36596111000,9806880000,23.54,None,64.46,39.88
2025-12-28,ADM,2.46,83211002000.0,23.54,None,0.686,46.86,362000000,None,1112853000,1112853000,-659000000,-382000000,None,None,1148000000,None,None,None,5385840000,656000000,None,33630297000,33630297000,4014392000,None,None,4471201000,None,None,656714000,286000000,2.03,0.0351,246000000,246000000,None,4.891,0.08,1773131000,2429845000,0.84,2024-06-30,12.72,322292000,5178000000.0,2965814000,1855250000,543180000,325167000,325167000,None,365180000,None,4677508000,None,None,4050323000,None,None,486000000,None,None,None,0.0195,468000000,1192683000,1773131000,1564715000,1521188000,None,None,None,None,None,None,None,16.43,1.234,0.334,None,None,None,None,None,-1000000000,None,0.0143,None,5293032000,2025-10-29,quarterly,0.92,USD,pre-market,45000000,4081490000,0.0175,0.0524,0.022,172.28,1080811000,4679510000,629187000,908001000,55.07,59.6,9.5238,21269030000,11826277000,6164767000,11462150000,9442753000,5297383000,36596111000,9806880000,23.54,None,64.46,39.88
2025-12-28,ADM,2.46,83211002000.0,23.54,None,0.686,46.86,328000000,None,1112853000,1112853000,-2000000,-1230000000,None,None,295000000,None,None,None,5385840000,656000000,None,33630297000,33630297000,4014392000,None,None,4471201000,None,None,656714000,280000000,2.03,0.0351,257000000,257000000,None,4.891,0.08,1773131000,2429845000,0.84,2024-03-31,12.72,322292000,5178000000.0,2965814000,1855250000,543180000,325167000,325167000,None,365180000,None,4677508000,None,None,4050323000,None,None,729000000,None,None,None,0.0195,700000000,1192683000,1773131000,1564715000,1521188000,None,None,None,None,None,None,None,16.43,1.234,0.334,None,None,None,None,None,-1327000000,None,0.0143,None,5293032000,2025-10-29,quarterly,0.92,USD,pre-market,45000000,4081490000,0.0175,0.0524,0.022,172.28,1080811000,4679510000,629187000,908001000,55.07,59.6,9.5238,21269030000,11826277000,6164767000,11462150000,9442753000,5297383000,36596111000,9806880000,23.54,None,64.46,39.88
2025-12-28,ADM,2.46,83211002000.0,23.54,None,0.686,46.86,439000000,None,1112853000,1112853000,-1804000000,-435000000,None,None,-612000000,None,None,None,5385840000,656000000,None,33630297000,33630297000,4014392000,None,None,4471201000,None,None,656714000,277000000,2.03,0.0351,239000000,239000000,None,4.891,0.08,1773131000,2429845000,0.84,2023-12-31,12.72,322292000,5178000000.0,2965814000,1855250000,543180000,325167000,325167000,None,365180000,None,4677508000,None,None,4050323000,None,None,565000000,None,None,None,0.0195,2569000000,1192683000,1773131000,1564715000,1521188000,None,None,None,None,None,None,None,16.43,1.234,0.334,None,None,None,None,None,-1555000000,None,0.0143,None,5293032000,2025-10-29,quarterly,0.92,USD,pre-market,45000000,4081490000,0.0175,0.0524,0.022,172.28,1080811000,4679510000,629187000,908001000,55.07,59.6,9.5238,21269030000,11826277000,6164767000,11462150000,9442753000,5297383000,36596111000,9806880000,23.54,None,64.46,39.88
2025-12-28,ADM,2.46,83211002000.0,23.54,None,0.686,46.86,441000000,None,1112853000,1112853000,-669000000,-1061000000,None,None,584000000,None,None,None,5385840000,656000000,None,33630297000,33630297000,4014392000,None,None,4471201000,None,None,656714000,261000000,2.03,0.0351,244000000,244000000,None,4.891,0.08,1773131000,2429845000,0.84,2023-09-30,12.72,322292000,5178000000.0,2965814000,1855250000,543180000,325167000,325167000,None,365180000,None,4677508000,None,None,4050323000,None,None,824000000,None,None,None,0.0195,992000000,1192683000,1773131000,1564715000,1521188000,None,None,None,None,None,None,None,16.43,1.234,0.334,None,None,None,None,None,-117000000,None,0.0143,None,5293032000,2025-10-29,quarterly,0.92,USD,pre-market,45000000,4081490000,0.0175,0.0524,0.022,172.28,1080811000,4679510000,629187000,908001000,55.07,59.6,9.5238,21269030000,11826277000,6164767000,11462150000,9442753000,5297383000,36596111000,9806880000,23.54,None,64.46,39.88
2025-12-28,ADM,2.46,83211002000.0,23.54,None,0.686,46.86,287000000,None,1112853000,1112853000,-2729000000,-283000000,-503000000,None,2865000000,None,None,358000000,5385840000,656000000,None,33630297000,33630297000,4014392000,None,None,4471201000,None,None,656714000,262000000,2.03,0.0351,246000000,246000000,None,4.891,0.08,1773131000,2429845000,0.84,2023-06-30,12.72,322292000,5178000000.0,2965814000,1855250000,543180000,325167000,325167000,None,365180000,None,4677508000,None,None,4050323000,None,None,928000000,None,None,None,0.0195,2509000000,1192683000,1773131000,1564715000,1521188000,None,None,None,None,None,None,None,16.43,1.234,0.334,None,None,None,None,None,-650000000,None,0.0143,None,5293032000,2025-10-29,quarterly,0.92,USD,pre-market,45000000,4081490000,0.0175,0.0524,0.022,172.28,1080811000,4679510000,629187000,908001000,55.07,59.6,9.5238,21269030000,11826277000,6164767000,11462150000,9442753000,5297383000,36596111000,9806880000,23.54,None,64.46,39.88
2025-12-28,ADM,2.46,83211002000.0,23.54,None,0.686,46.86,327000000,None,1112853000,1112853000,598000000,-328000000,-1340000000,None,52000000,None,None,488000000,5385840000,656000000,None,33630297000,33630297000,4014392000,None,None,4471201000,None,None,656714000,259000000,2.03,0.0351,248000000,248000000,None,4.891,0.08,1773131000,2429845000,0.84,2023-03-31,12.72,322292000,5178000000.0,2965814000,1855250000,543180000,325167000,325167000,None,365180000,None,4677508000,None,None,4050323000,None,None,1172000000,None,None,None,0.0195,-1610000000,1192683000,1773131000,1564715000,1521188000,None,None,None,None,None,None,None,16.43,1.234,0.334,None,None,None,None,None,-351000000,None,0.0143,None,5293032000,2025-10-29,quarterly,0.92,USD,pre-market,45000000,4081490000,0.0175,0.0524,0.022,172.28,1080811000,4679510000,629187000,908001000,55.07,59.6,9.5238,21269030000,11826277000,6164767000,11462150000,9442753000,5297383000,36596111000,9806880000,23.54,None,64.46,39.88
2025-12-28,ADM,2.46,83211002000.0,23.54,None,0.686,46.86,478000000,None,1112853000,1112853000,-135000000,-1400000000,-457000000,None,-885000000,None,None,-69000000,5385840000,656000000,None,33630297000,33630297000,4014392000,None,None,4471201000,None,None,656714000,254000000,2.03,0.0351,222000000,222000000,None,4.891,0.08,1773131000,2429845000,0.84,2022-12-31,12.72,322292000,5178000000.0,2965814000,1855250000,543180000,325167000,325167000,None,365180000,None,4677508000,None,None,4050323000,None,None,1024000000,None,None,None,0.0195,130000000,1192683000,1773131000,1564715000,1521188000,None,None,None,None,None,None,None,16.43,1.234,0.334,None,None,None,None,None,-250000000,None,0.0143,None,5293032000,2025-10-29,quarterly,0.92,USD,pre-market,45000000,4081490000,0.0175,0.0524,0.022,172.28,1080811000,4679510000,629187000,908001000,55.07,59.6,9.5238,21269030000,11826277000,6164767000,11462150000,9442753000,5297383000,36596111000,9806880000,23.54,None,64.46,39.88
2025-12-28,ADM,2.46,83211002000.0,23.54,None,0.686,46.86,341000000,None,1112853000,1112853000,-3855000000,-301000000,-133000000,None,939000000,None,None,542000000,5385840000,656000000,None,33630297000,33630297000,4014392000,None,None,4471201000,None,None,656714000,260000000,2.03,0.0351,224000000,224000000,None,4.891,0.08,1773131000,2429845000,0.84,2022-09-30,12.72,322292000,5178000000.0,2965814000,1855250000,543180000,325167000,325167000,None,365180000,None,4677508000,None,None,4050323000,None,None,1037000000,None,None,None,0.0195,4023000000,1192683000,1773131000,1564715000,1521188000,None,None,None,None,None,None,None,16.43,1.234,0.334,None,None,None,None,None,-1000000000,None,0.0143,None,5293032000,2025-10-29,quarterly,0.92,USD,pre-market,45000000,4081490000,0.0175,0.0524,0.022,172.28,1080811000,4679510000,629187000,908001000,55.07,59.6,9.5238,21269030000,11826277000,6164767000,11462150000,9442753000,5297383000,36596111000,9806880000,23.54,None,64.46,39.88
2025-12-28,ADM,2.46,83211002000.0,23.54,None,0.686,46.86,283000000,None,1112853000,1112853000,-1827000000,-305000000,-1601000000,None,2532000000,None,None,-1218000000,5385840000,656000000,None,33630297000,33630297000,4014392000,None,None,4471201000,None,None,656714000,257000000,2.03,0.0351,227000000,227000000,None,4.891,0.08,1773131000,2429845000,0.84,2022-06-30,12.72,322292000,5178000000.0,2965814000,1855250000,543180000,325167000,325167000,None,365180000,None,4677508000,None,None,4050323000,None,None,1240000000,None,None,None,0.0195,531000000,1192683000,1773131000,1564715000,1521188000,None,None,None,None,None,None,None,16.43,1.234,0.334,None,None,None,None,None,-200000000,None,0.0143,None,5293032000,2025-10-29,quarterly,0.92,USD,pre-market,45000000,4081490000,0.0175,0.0524,0.022,172.28,1080811000,4679510000,629187000,908001000,55.07,59.6,9.5238,21269030000,11826277000,6164767000,11462150000,9442753000,5297383000,36596111000,9806880000,23.54,None,64.46,39.88
2025-12-28,ADM,2.46,83211002000.0,23.54,None,0.686,46.86,217000000,None,1112853000,1112853000,3318000000,-342000000,1770000000,None,-2881000000,None,None,-937000000,5385840000,656000000,None,33630297000,33630297000,4014392000,None,None,4471201000,None,None,656714000,257000000,2.03,0.0351,226000000,226000000,None,4.891,0.08,1773131000,2429845000,0.84,2022-03-31,12.72,322292000,5178000000.0,2965814000,1855250000,543180000,325167000,325167000,None,365180000,None,4677508000,None,None,4050323000,None,None,1064000000,None,None,None,0.0195,-1206000000,1192683000,1773131000,1564715000,1521188000,None,None,None,None,None,None,None,16.43,1.234,0.334,None,None,None,None,None,None,None,0.0143,None,5293032000,2025-10-29,quarterly,0.92,USD,pre-market,45000000,4081490000,0.0175,0.0524,0.022,172.28,1080811000,4679510000,629187000,908001000,55.07,59.6,9.5238,21269030000,11826277000,6164767000,11462150000,9442753000,5297383000,36596111000,9806880000,23.54,None,64.46,39.88
2025-12-28,ADM,2.46,83211002000.0,23.54,None,0.686,46.86,455000000,None,1112853000,1112853000,436000000,-1382000000,-204000000,None,-3244000000,None,None,482000000,5385840000,656000000,None,33630297000,33630297000,4014392000,None,None,4471201000,None,None,656714000,257000000,2.03,0.0351,208000000,208000000,None,4.891,0.08,1773131000,2429845000,0.84,2021-12-31,12.72,322292000,5178000000.0,2965814000,1855250000,543180000,325167000,325167000,None,365180000,None,4677508000,None,None,4050323000,None,None,797000000,None,None,None,0.0195,742000000,1192683000,1773131000,1564715000,1521188000,None,None,None,None,None,None,None,16.43,1.234,0.334,None,None,None,None,None,0,None,0.0143,None,5293032000,2025-10-29,quarterly,0.92,USD,pre-market,45000000,4081490000,0.0175,0.0524,0.022,172.28,1080811000,4679510000,629187000,908001000,55.07,59.6,9.5238,21269030000,11826277000,6164767000,11462150000,9442753000,5297383000,36596111000,9806880000,23.54,None,64.46,39.88
2025-12-28,ADM,2.46,83211002000.0,23.54,None,0.686,46.86,287000000,None,1112853000,1112853000,-978000000,-893000000,975000000,None,182000000,None,None,-350000000,5385840000,656000000,None,33630297000,33630297000,4014392000,None,None,4471201000,None,None,656714000,247000000,2.03,0.0351,209000000,209000000,None,4.891,0.08,1773131000,2429845000,0.84,2021-09-30,12.72,322292000,5178000000.0,2965814000,1855250000,543180000,325167000,325167000,None,365180000,None,4677508000,None,None,4050323000,None,None,533000000,None,None,None,0.0195,2846000000,1192683000,1773131000,1564715000,1521188000,None,None,None,None,None,None,None,16.43,1.234,0.334,None,None,None,None,None,0,None,0.0143,None,5293032000,2025-10-29,quarterly,0.92,USD,pre-market,45000000,4081490000,0.0175,0.0524,0.022,172.28,1080811000,4679510000,629187000,908001000,55.07,59.6,9.5238,21269030000,11826277000,6164767000,11462150000,9442753000,5297383000,36596111000,9806880000,23.54,None,64.46,39.88
2025-12-28,ADM,2.46,83211002000.0,23.54,None,0.686,46.86,253000000,None,1112853000,1112853000,-1653000000,-225000000,831000000,None,1361000000,None,None,-195000000,5385840000,656000000,None,33630297000,33630297000,4014392000,None,None,4471201000,None,None,656714000,243000000,2.03,0.0351,209000000,209000000,None,4.891,0.08,1773131000,2429845000,0.84,2021-06-30,12.72,322292000,5178000000.0,2965814000,1855250000,543180000,325167000,325167000,None,365180000,None,4677508000,None,None,4050323000,None,None,712000000,None,None,None,0.0195,2709000000,1192683000,1773131000,1564715000,1521188000,None,None,None,None,None,None,None,16.43,1.234,0.334,None,None,None,None,None,0,None,0.0143,None,5293032000,2025-10-29,quarterly,0.92,USD,pre-market,45000000,4081490000,0.0175,0.0524,0.022,172.28,1080811000,4679510000,629187000,908001000,55.07,59.6,9.5238,21269030000,11826277000,6164767000,11462150000,9442753000,5297383000,36596111000,9806880000,23.54,None,64.46,39.88
2025-12-28,ADM,2.46,83211002000.0,23.54,None,0.686,46.86,174000000,None,1112853000,1112853000,1077000000,-174000000,1206000000,None,-1138000000,None,None,-515000000,5385840000,656000000,None,33630297000,33630297000,4014392000,None,None,4471201000,None,None,656714000,249000000,2.03,0.0351,208000000,208000000,None,4.891,0.08,1773131000,2429845000,0.84,2021-03-31,12.72,322292000,5178000000.0,2965814000,1855250000,543180000,325167000,325167000,None,365180000,None,4677508000,None,None,4050323000,None,None,693000000,None,None,None,0.0195,298000000,1192683000,1773131000,1564715000,1521188000,None,None,None,None,None,None,None,16.43,1.234,0.334,None,None,None,None,None,0,None,0.0143,None,5293032000,2025-10-29,quarterly,0.92,USD,pre-market,45000000,4081490000,0.0175,0.0524,0.022,172.28,1080811000,4679510000,629187000,908001000,55.07,59.6,9.5238,21269030000,11826277000,6164767000,11462150000,9442753000,5297383000,36596111000,9806880000,23.54,None,64.46,39.88
2025-12-28,ADM,2.46,83211002000.0,23.54,None,0.686,46.86,265000000,None,1112853000,1112853000,1520000000,-263000000,387000000,None,-2796000000,None,None,194000000,5385840000,656000000,None,33630297000,33630297000,4014392000,None,None,4471201000,None,None,656714000,249000000,2.03,0.0351,202000000,202000000,None,4.891,0.08,1773131000,2429845000,0.84,2020-12-31,12.72,322292000,5178000000.0,2965814000,1855250000,543180000,325167000,325167000,None,365180000,None,4677508000,None,None,4050323000,None,None,693000000,None,None,None,0.0195,-870000000,1192683000,1773131000,1564715000,1521188000,None,None,None,None,None,None,None,16.43,1.234,0.334,None,None,None,None,None,-16000000,None,0.0143,None,5293032000,2025-10-29,quarterly,0.92,USD,pre-market,45000000,4081490000,0.0175,0.0524,0.022,172.28,1080811000,4679510000,629187000,908001000,55.07,59.6,9.5238,21269030000,11826277000,6164767000,11462150000,9442753000,5297383000,36596111000,9806880000,23.54,None,64.46,39.88
2025-12-28,ADM,2.46,83211002000.0,23.54,None,0.686,46.86,198000000,None,1112853000,1112853000,-1715000000,2555000000,-240000000,None,-1069000000,None,None,21000000,5385840000,656000000,None,33630297000,33630297000,4014392000,None,None,4471201000,None,None,656714000,238000000,2.03,0.0351,202000000,202000000,None,4.891,0.08,1773131000,2429845000,0.84,2020-09-30,12.72,322292000,5178000000.0,2965814000,1855250000,543180000,325167000,325167000,None,365180000,None,4677508000,None,None,4050323000,None,None,226000000,None,None,None,0.0195,-1080000000,1192683000,1773131000,1564715000,1521188000,None,None,None,None,None,None,None,16.43,1.234,0.334,None,None,None,None,None,-5000000,None,0.0143,None,5293032000,2025-10-29,quarterly,0.92,USD,pre-market,45000000,4081490000,0.0175,0.0524,0.022,172.28,1080811000,4679510000,629187000,908001000,55.07,59.6,9.5238,21269030000,11826277000,6164767000,11462150000,9442753000,5297383000,36596111000,9806880000,23.54,None,64.46,39.88
2025-12-28,ADM,2.46,83211002000.0,23.54,None,0.686,46.86,166000000,None,1112853000,1112853000,-3570000000,320000000,-3031000000,None,1257000000,None,None,-113000000,5385840000,656000000,None,33630297000,33630297000,4014392000,None,None,4471201000,None,None,656714000,244000000,2.03,0.0351,202000000,202000000,None,4.891,0.08,1773131000,2429845000,0.84,2020-06-30,12.72,322292000,5178000000.0,2965814000,1855250000,543180000,325167000,325167000,None,365180000,None,4677508000,None,None,4050323000,None,None,472000000,None,None,None,0.0195,219000000,1192683000,1773131000,1564715000,1521188000,None,None,None,None,None,None,None,16.43,1.234,0.334,None,None,None,None,None,-112000000,None,0.0143,None,5293032000,2025-10-29,quarterly,0.92,USD,pre-market,45000000,4081490000,0.0175,0.0524,0.022,172.28,1080811000,4679510000,629187000,908001000,55.07,59.6,9.5238,21269030000,11826277000,6164767000,11462150000,9442753000,5297383000,36596111000,9806880000,23.54,None,64.46,39.88
2025-12-28,ADM,2.46,83211002000.0,23.54,None,0.686,46.86,194000000,None,1112853000,1112853000,3342000000,1853000000,4540000000,None,182000000,None,None,-251000000,5385840000,656000000,None,33630297000,33630297000,4014392000,None,None,4471201000,None,None,656714000,245000000,2.03,0.0351,203000000,203000000,None,4.891,0.08,1773131000,2429845000,0.84,2020-03-31,12.72,322292000,5178000000.0,2965814000,1855250000,543180000,325167000,325167000,None,365180000,None,4677508000,None,None,4050323000,None,None,391000000,None,None,None,0.0195,-655000000,1192683000,1773131000,1564715000,1521188000,None,None,None,None,None,None,None,16.43,1.234,0.334,None,None,None,None,None,-112000000,None,0.0143,None,5293032000,2025-10-29,quarterly,0.92,USD,pre-market,45000000,4081490000,0.0175,0.0524,0.022,172.28,1080811000,4679510000,629187000,908001000,55.07,59.6,9.5238,21269030000,11826277000,6164767000,11462150000,9442753000,5297383000,36596111000,9806880000,23.54,None,64.46,39.88
2025-12-28,ADM,2.46,83211002000.0,23.54,None,0.686,46.86,262000000,None,1112853000,1112853000,-230000000,2008000000,-35000000,None,-1015000000,None,None,11000000,5385840000,656000000,None,33630297000,33630297000,4014392000,None,None,4471201000,None,None,656714000,251000000,2.03,0.0351,197000000,197000000,None,4.891,0.08,1773131000,2429845000,0.84,2019-12-31,12.72,322292000,5178000000.0,2965814000,1855250000,543180000,325167000,325167000,None,365180000,None,4677508000,None,None,4050323000,None,None,499000000,None,None,None,0.0195,-1813000000,1192683000,1773131000,1564715000,1521188000,None,None,None,None,None,None,None,16.43,1.234,0.334,None,None,None,None,None,56000000,None,0.0143,None,5293032000,2025-10-29,quarterly,0.92,USD,pre-market,45000000,4081490000,0.0175,0.0524,0.022,172.28,1080811000,4679510000,629187000,908001000,55.07,59.6,9.5238,21269030000,11826277000,6164767000,11462150000,9442753000,5297383000,36596111000,9806880000,23.54,None,64.46,39.88
2025-12-28,ADM,2.46,83211002000.0,23.54,None,0.686,46.86,183000000,None,1112853000,1112853000,-703000000,1905000000,276000000,None,142000000,None,None,147000000,5385840000,656000000,None,33630297000,33630297000,4014392000,None,None,4471201000,None,None,656714000,249000000,2.03,0.0351,197000000,197000000,None,4.891,0.08,1773131000,2429845000,0.84,2019-09-30,12.72,322292000,5178000000.0,2965814000,1855250000,543180000,325167000,325167000,None,365180000,None,4677508000,None,None,4050323000,None,None,408000000,None,None,None,0.0195,-926000000,1192683000,1773131000,1564715000,1521188000,None,None,None,None,None,None,None,16.43,1.234,0.334,None,None,None,None,None,-56000000,None,0.0143,None,5293032000,2025-10-29,quarterly,0.92,USD,pre-market,45000000,4081490000,0.0175,0.0524,0.022,172.28,1080811000,4679510000,629187000,908001000,55.07,59.6,9.5238,21269030000,11826277000,6164767000,11462150000,9442753000,5297383000,36596111000,9806880000,23.54,None,64.46,39.88
2025-12-28,ADM,2.46,83211002000.0,23.54,None,0.686,46.86,185000000,None,1112853000,1112853000,-792000000,1617000000,147000000,None,686000000,None,None,95000000,5385840000,656000000,None,33630297000,33630297000,4014392000,None,None,4471201000,None,None,656714000,248000000,2.03,0.0351,197000000,197000000,None,4.891,0.08,1773131000,2429845000,0.84,2019-06-30,12.72,322292000,5178000000.0,2965814000,1855250000,543180000,325167000,325167000,None,365180000,None,4677508000,None,None,4050323000,None,None,238000000,None,None,None,0.0195,-678000000,1192683000,1773131000,1564715000,1521188000,None,None,None,None,None,None,None,16.43,1.234,0.334,None,None,None,None,None,-94000000,None,0.0143,None,5293032000,2025-10-29,quarterly,0.92,USD,pre-market,45000000,4081490000,0.0175,0.0524,0.022,172.28,1080811000,4679510000,629187000,908001000,55.07,59.6,9.5238,21269030000,11826277000,6164767000,11462150000,9442753000,5297383000,36596111000,9806880000,23.54,None,64.46,39.88
2025-12-28,ADM,2.46,83211002000.0,23.54,None,0.686,46.86,198000000,None,1112853000,1112853000,1065000000,-271000000,-1241000000,None,166000000,None,None,34000000,5385840000,656000000,None,33630297000,33630297000,4014392000,None,None,4471201000,None,None,656714000,245000000,2.03,0.0351,198000000,198000000,None,4.891,0.08,1773131000,2429845000,0.84,2019-03-31,12.72,322292000,5178000000.0,2965814000,1855250000,543180000,325167000,325167000,None,365180000,None,4677508000,None,None,4050323000,None,None,234000000,None,None,None,0.0195,-2035000000,1192683000,1773131000,1564715000,1521188000,None,None,None,None,None,None,None,16.43,1.234,0.334,None,None,None,None,None,None,None,0.0143,None,5293032000,2025-10-29,quarterly,0.92,USD,pre-market,45000000,4081490000,0.0175,0.0524,0.022,172.28,1080811000,4679510000,629187000,908001000,55.07,59.6,9.5238,21269030000,11826277000,6164767000,11462150000,9442753000,5297383000,36596111000,9806880000,23.54,None,64.46,39.88
2025-12-28,ADM,2.46,83211002000.0,23.54,None,0.686,46.86,287000000,None,1112853000,1112853000,291000000,2007000000,1194000000,None,-352000000,None,None,-314000000,5385840000,656000000,None,33630297000,33630297000,4014392000,None,None,4471201000,None,None,656714000,235000000,2.03,0.0351,190000000,190000000,None,4.891,0.08,1773131000,2429845000,0.84,2018-12-31,12.72,322292000,5178000000.0,2965814000,1855250000,543180000,325167000,325167000,None,365180000,None,4677508000,None,None,4050323000,None,None,317000000,None,None,None,0.0195,-1104000000,1192683000,1773131000,1564715000,1521188000,None,None,None,None,None,None,None,16.43,1.234,0.334,None,None,None,None,None,-77000000,None,0.0143,None,5293032000,2025-10-29,quarterly,0.92,USD,pre-market,45000000,4081490000,0.0175,0.0524,0.022,172.28,1080811000,4679510000,629187000,908001000,55.07,59.6,9.5238,21269030000,11826277000,6164767000,11462150000,9442753000,5297383000,36596111000,9806880000,23.54,None,64.46,39.88
2025-12-28,ADM,2.46,83211002000.0,23.54,None,0.686,46.86,176000000,None,1112853000,1112853000,72000000,1027000000,598000000,None,-578000000,None,None,-32000000,5385840000,656000000,None,33630297000,33630297000,4014392000,None,None,4471201000,None,None,656714000,232000000,2.03,0.0351,189000000,189000000,None,4.891,0.08,1773131000,2429845000,0.84,2018-09-30,12.72,322292000,5178000000.0,2965814000,1855250000,543180000,325167000,325167000,None,365180000,None,4677508000,None,None,4050323000,None,None,536000000,None,None,None,0.0195,-501000000,1192683000,1773131000,1564715000,1521188000,None,None,None,None,None,None,None,16.43,1.234,0.334,None,None,None,None,None,0,None,0.0143,None,5293032000,2025-10-29,quarterly,0.92,USD,pre-market,45000000,4081490000,0.0175,0.0524,0.022,172.28,1080811000,4679510000,629187000,908001000,55.07,59.6,9.5238,21269030000,11826277000,6164767000,11462150000,9442753000,5297383000,36596111000,9806880000,23.54,None,64.46,39.88
2025-12-28,ADM,2.46,83211002000.0,23.54,None,0.686,46.86,183000000,None,1112853000,1112853000,-1453000000,1368000000,310000000,None,1756000000,None,None,155000000,5385840000,656000000,None,33630297000,33630297000,4014392000,None,None,4471201000,None,None,656714000,239000000,2.03,0.0351,189000000,189000000,None,4.891,0.08,1773131000,2429845000,0.84,2018-06-30,12.72,322292000,5178000000.0,2965814000,1855250000,543180000,325167000,325167000,None,365180000,None,4677508000,None,None,4050323000,None,None,566000000,None,None,None,0.0195,395000000,1192683000,1773131000,1564715000,1521188000,None,None,None,None,None,None,None,16.43,1.234,0.334,None,None,None,None,None,0,None,0.0143,None,5293032000,2025-10-29,quarterly,0.92,USD,pre-market,45000000,4081490000,0.0175,0.0524,0.022,172.28,1080811000,4679510000,629187000,908001000,55.07,59.6,9.5238,21269030000,11826277000,6164767000,11462150000,9442753000,5297383000,36596111000,9806880000,23.54,None,64.46,39.88
2025-12-28,ADM,2.46,83211002000.0,23.54,None,0.686,46.86,196000000,None,1112853000,1112853000,1277000000,2180000000,-117000000,None,-600000000,None,None,-185000000,5385840000,656000000,None,33630297000,33630297000,4014392000,None,None,4471201000,None,None,656714000,235000000,2.03,0.0351,190000000,190000000,None,4.891,0.08,1773131000,2429845000,0.84,2018-03-31,12.72,322292000,5178000000.0,2965814000,1855250000,543180000,325167000,325167000,None,365180000,None,4677508000,None,None,4050323000,None,None,396000000,None,None,None,0.0195,-3574000000,1192683000,1773131000,1564715000,1521188000,None,None,None,None,None,None,None,16.43,1.234,0.334,None,None,None,None,None,0,None,0.0143,None,5293032000,2025-10-29,quarterly,0.92,USD,pre-market,45000000,4081490000,0.0175,0.0524,0.022,172.28,1080811000,4679510000,629187000,908001000,55.07,59.6,9.5238,21269030000,11826277000,6164767000,11462150000,9442753000,5297383000,36596111000,9806880000,23.54,None,64.46,39.88
2025-12-28,ADM,2.46,83211002000.0,23.54,None,0.686,46.86,353000000,None,1112853000,1112853000,-39000000,47000000,64000000,None,-840000000,None,None,-33000000,5385840000,656000000,None,33630297000,33630297000,4014392000,None,None,4471201000,None,None,656714000,240000000,2.03,0.0351,186000000,186000000,None,4.891,0.08,1773131000,2429845000,0.84,2017-12-31,12.72,322292000,5178000000.0,2965814000,1855250000,543180000,325167000,325167000,None,365180000,None,4677508000,None,None,4050323000,None,None,792000000,None,None,None,0.0195,56000000,1192683000,1773131000,1564715000,1521188000,None,None,None,None,None,None,None,16.43,1.234,0.334,None,None,None,None,None,-74000000,None,0.0143,None,5293032000,2025-10-29,quarterly,0.92,USD,pre-market,45000000,4081490000,0.0175,0.0524,0.022,172.28,1080811000,4679510000,629187000,908001000,55.07,59.6,9.5238,21269030000,11826277000,6164767000,11462150000,9442753000,5297383000,36596111000,9806880000,23.54,None,64.46,39.88
2025-12-28,ADM,2.46,83211002000.0,23.54,None,0.686,46.86,244000000,None,1112853000,1112853000,-50000000,-367000000,424000000,None,-426000000,None,None,-172000000,5385840000,656000000,None,33630297000,33630297000,4014392000,None,None,4471201000,None,None,656714000,232000000,2.03,0.0351,180000000,180000000,None,4.891,0.08,1773131000,2429845000,0.84,2017-09-30,12.72,322292000,5178000000.0,2965814000,1855250000,543180000,325167000,325167000,None,365180000,None,4677508000,None,None,4050323000,None,None,195000000,None,None,None,0.0195,841000000,1192683000,1773131000,1564715000,1521188000,None,None,None,None,None,None,None,16.43,1.234,0.334,None,None,None,None,None,-165000000,None,0.0143,None,5293032000,2025-10-29,quarterly,0.92,USD,pre-market,45000000,4081490000,0.0175,0.0524,0.022,172.28,1080811000,4679510000,629187000,908001000,55.07,59.6,9.5238,21269030000,11826277000,6164767000,11462150000,9442753000,5297383000,36596111000,9806880000,23.54,None,64.46,39.88
2025-12-28,ADM,2.46,83211002000.0,23.54,None,0.686,46.86,252000000,None,1112853000,1112853000,-759000000,-185000000,-39000000,None,907000000,None,None,109000000,5385840000,656000000,None,33630297000,33630297000,4014392000,None,None,4471201000,None,None,656714000,227000000,2.03,0.0351,181000000,181000000,None,4.891,0.08,1773131000,2429845000,0.84,2017-06-30,12.72,322292000,5178000000.0,2965814000,1855250000,543180000,325167000,325167000,None,365180000,None,4677508000,None,None,4050323000,None,None,275000000,None,None,None,0.0195,905000000,1192683000,1773131000,1564715000,1521188000,None,None,None,None,None,None,None,16.43,1.234,0.334,None,None,None,None,None,-263000000,None,0.0143,None,5293032000,2025-10-29,quarterly,0.92,USD,pre-market,45000000,4081490000,0.0175,0.0524,0.022,172.28,1080811000,4679510000,629187000,908001000,55.07,59.6,9.5238,21269030000,11826277000,6164767000,11462150000,9442753000,5297383000,36596111000,9806880000,23.54,None,64.46,39.88
2025-12-28,ADM,2.46,83211002000.0,23.54,None,0.686,46.86,200000000,None,1112853000,1112853000,-180000000,-381000000,-152000000,None,222000000,None,None,169000000,5385840000,656000000,None,33630297000,33630297000,4014392000,None,None,4471201000,None,None,656714000,225000000,2.03,0.0351,183000000,183000000,None,4.891,0.08,1773131000,2429845000,0.84,2017-03-31,12.72,322292000,5178000000.0,2965814000,1855250000,543180000,325167000,325167000,None,365180000,None,4677508000,None,None,4050323000,None,None,340000000,None,None,None,0.0195,409000000,1192683000,1773131000,1564715000,1521188000,None,None,None,None,None,None,None,16.43,1.234,0.334,None,None,None,None,None,-248000000,None,0.0143,None,5293032000,2025-10-29,quarterly,0.92,USD,pre-market,45000000,4081490000,0.0175,0.0524,0.022,172.28,1080811000,4679510000,629187000,908001000,55.07,59.6,9.5238,21269030000,11826277000,6164767000,11462150000,9442753000,5297383000,36596111000,9806880000,23.54,None,64.46,39.88
2025-12-28,ADM,2.46,83211002000.0,23.54,None,0.686,46.86,261000000,None,1112853000,1112853000,-445000000,20000000,-106000000,None,-1707000000,None,None,303000000,5385840000,656000000,None,33630297000,33630297000,4014392000,None,None,4471201000,None,None,656714000,222000000,2.03,0.0351,173000000,173000000,None,4.891,0.08,1773131000,2429845000,0.84,2016-12-31,12.72,322292000,5178000000.0,2965814000,1855250000,543180000,325167000,325167000,None,365180000,None,4677508000,None,None,4050323000,None,None,426000000,None,None,None,0.0195,319000000,1192683000,1773131000,1564715000,1521188000,None,None,None,None,None,None,None,16.43,1.234,0.334,None,None,None,None,None,-246000000,None,0.0143,None,5293032000,2025-10-29,quarterly,0.92,USD,pre-market,45000000,4081490000,0.0175,0.0524,0.022,172.28,1080811000,4679510000,629187000,908001000,55.07,59.6,9.5238,21269030000,11826277000,6164767000,11462150000,9442753000,5297383000,36596111000,9806880000,23.54,None,64.46,39.88
2025-12-28,ADM,2.46,83211002000.0,23.54,None,0.686,46.86,225000000,None,1112853000,1112853000,-737000000,-418000000,367000000,None,770000000,None,None,14000000,5385840000,656000000,None,33630297000,33630297000,4014392000,None,None,4471201000,None,None,656714000,226000000,2.03,0.0351,175000000,175000000,None,4.891,0.08,1773131000,2429845000,0.84,2016-09-30,12.72,322292000,5178000000.0,2965814000,1855250000,543180000,325167000,325167000,None,365180000,None,4677508000,None,None,4050323000,None,None,344000000,None,None,None,0.0195,1522000000,1192683000,1773131000,1564715000,1521188000,None,None,None,None,None,None,None,16.43,1.234,0.334,None,None,None,None,None,-267000000,None,0.0143,None,5293032000,2025-10-29,quarterly,0.92,USD,pre-market,45000000,4081490000,0.0175,0.0524,0.022,172.28,1080811000,4679510000,629187000,908001000,55.07,59.6,9.5238,21269030000,11826277000,6164767000,11462150000,9442753000,5297383000,36596111000,9806880000,23.54,None,64.46,39.88
2025-12-28,ADM,2.46,83211002000.0,23.54,None,0.686,46.86,216000000,None,1112853000,1112853000,382000000,-365000000,-372000000,None,-123000000,None,None,-305000000,5385840000,656000000,None,33630297000,33630297000,4014392000,None,None,4471201000,None,None,656714000,221000000,2.03,0.0351,176000000,176000000,None,4.891,0.08,1773131000,2429845000,0.84,2016-06-30,12.72,322292000,5178000000.0,2965814000,1855250000,543180000,325167000,325167000,None,365180000,None,4677508000,None,None,4050323000,None,None,288000000,None,None,None,0.0195,-389000000,1192683000,1773131000,1564715000,1521188000,None,None,None,None,None,None,None,16.43,1.234,0.334,None,None,None,None,None,-191000000,None,0.0143,None,5293032000,2025-10-29,quarterly,0.92,USD,pre-market,45000000,4081490000,0.0175,0.0524,0.022,172.28,1080811000,4679510000,629187000,908001000,55.07,59.6,9.5238,21269030000,11826277000,6164767000,11462150000,9442753000,5297383000,36596111000,9806880000,23.54,None,64.46,39.88
2025-12-28,ADM,2.46,83211002000.0,23.54,None,0.686,46.86,180000000,None,1112853000,1112853000,221000000,-448000000,-204000000,None,406000000,None,None,-172000000,5385840000,656000000,None,33630297000,33630297000,4014392000,None,None,4471201000,None,None,656714000,231000000,2.03,0.0351,177000000,177000000,None,4.891,0.08,1773131000,2429845000,0.84,2016-03-31,12.72,322292000,5178000000.0,2965814000,1855250000,543180000,325167000,325167000,None,365180000,None,4677508000,None,None,4050323000,None,None,230000000,None,None,None,0.0195,23000000,1192683000,1773131000,1564715000,1521188000,None,None,None,None,None,None,None,16.43,1.234,0.334,None,None,None,None,None,-296000000,None,0.0143,None,5293032000,2025-10-29,quarterly,0.92,USD,pre-market,45000000,4081490000,0.0175,0.0524,0.022,172.28,1080811000,4679510000,629187000,908001000,55.07,59.6,9.5238,21269030000,11826277000,6164767000,11462150000,9442753000,5297383000,36596111000,9806880000,23.54,None,64.46,39.88
2025-12-28,ADM,2.46,83211002000.0,23.54,None,0.686,46.86,306000000,None,1112853000,1112853000,-1479000000,286000000,190000000,None,-815000000,None,None,418000000,5385840000,656000000,None,33630297000,33630297000,4014392000,None,None,4471201000,None,None,656714000,224000000,2.03,0.0351,167000000,167000000,None,4.891,0.08,1773131000,2429845000,0.84,2015-12-31,12.72,322292000,5178000000.0,2965814000,1855250000,543180000,325167000,325167000,None,365180000,None,4677508000,None,None,4050323000,None,None,717000000,None,None,None,0.0195,1383000000,1192683000,1773131000,1564715000,1521188000,None,None,None,None,None,None,None,16.43,1.234,0.334,None,None,None,None,None,-252000000,None,0.0143,None,5293032000,2025-10-29,quarterly,0.92,USD,pre-market,45000000,4081490000,0.0175,0.0524,0.022,172.28,1080811000,4679510000,629187000,908001000,55.07,59.6,9.5238,21269030000,11826277000,6164767000,11462150000,9442753000,5297383000,36596111000,9806880000,23.54,None,64.46,39.88
2025-12-28,ADM,2.46,83211002000.0,23.54,None,0.686,46.86,279000000,None,1112853000,1112853000,-938000000,100000000,-147000000,None,353000000,None,None,72000000,5385840000,656000000,None,33630297000,33630297000,4014392000,None,None,4471201000,None,None,656714000,217000000,2.03,0.0351,170000000,170000000,None,4.891,0.08,1773131000,2429845000,0.84,2015-09-30,12.72,322292000,5178000000.0,2965814000,1855250000,543180000,325167000,325167000,None,365180000,None,4677508000,None,None,4050323000,None,None,253000000,None,None,None,0.0195,691000000,1192683000,1773131000,1564715000,1521188000,None,None,None,None,None,None,None,16.43,1.234,0.334,None,None,None,None,None,-624000000,None,0.0143,None,5293032000,2025-10-29,quarterly,0.92,USD,pre-market,45000000,4081490000,0.0175,0.0524,0.022,172.28,1080811000,4679510000,629187000,908001000,55.07,59.6,9.5238,21269030000,11826277000,6164767000,11462150000,9442753000,5297383000,36596111000,9806880000,23.54,None,64.46,39.88
2025-12-28,ADM,2.46,83211002000.0,23.54,None,0.686,46.86,296000000,None,1112853000,1112853000,-239000000,-146000000,-23000000,None,595000000,None,None,-127000000,5385840000,656000000,None,33630297000,33630297000,4014392000,None,None,4471201000,None,None,656714000,225000000,2.03,0.0351,173000000,173000000,None,4.891,0.08,1773131000,2429845000,0.84,2015-06-30,12.72,322292000,5178000000.0,2965814000,1855250000,543180000,325167000,325167000,None,365180000,None,4677508000,None,None,4050323000,None,None,383000000,None,None,None,0.0195,362000000,1192683000,1773131000,1564715000,1521188000,None,None,None,None,None,None,None,16.43,1.234,0.334,None,None,None,None,None,-598000000,None,0.0143,None,5293032000,2025-10-29,quarterly,0.92,USD,pre-market,45000000,4081490000,0.0175,0.0524,0.022,172.28,1080811000,4679510000,629187000,908001000,55.07,59.6,9.5238,21269030000,11826277000,6164767000,11462150000,9442753000,5297383000,36596111000,9806880000,23.54,None,64.46,39.88
2025-12-28,ADM,2.46,83211002000.0,23.54,None,0.686,46.86,244000000,None,1112853000,1112853000,7000000,-261000000,-209000000,None,739000000,None,None,550000000,5385840000,656000000,None,33630297000,33630297000,4014392000,None,None,4471201000,None,None,656714000,216000000,2.03,0.0351,177000000,177000000,None,4.891,0.08,1773131000,2429845000,0.84,2015-03-31,12.72,322292000,5178000000.0,2965814000,1855250000,543180000,325167000,325167000,None,365180000,None,4677508000,None,None,4050323000,None,None,493000000,None,None,None,0.0195,45000000,1192683000,1773131000,1564715000,1521188000,None,None,None,None,None,None,None,16.43,1.234,0.334,None,None,None,None,None,-566000000,None,0.0143,None,5293032000,2025-10-29,quarterly,0.92,USD,pre-market,45000000,4081490000,0.0175,0.0524,0.022,172.28,1080811000,4679510000,629187000,908001000,55.07,59.6,9.5238,21269030000,11826277000,6164767000,11462150000,9442753000,5297383000,36596111000,9806880000,23.54,None,64.46,39.88
2025-12-28,ADM,2.46,83211002000.0,23.54,None,0.686,46.86,289000000,None,1112853000,1112853000,-991000000,-2946000000,-3440000000,None,-1907000000,None,None,-532000000,5385840000,656000000,None,33630297000,33630297000,4014392000,None,None,4471201000,None,None,656714000,248000000,2.03,0.0351,154000000,154000000,None,4.891,0.08,1773131000,2429845000,0.84,2014-12-31,12.72,322292000,5178000000.0,2965814000,1855250000,543180000,325167000,325167000,None,365180000,None,4677508000,None,None,4050323000,None,None,705000000,None,None,None,0.0195,619000000,1192683000,1773131000,1564715000,1521188000,None,None,None,None,None,None,None,16.43,1.234,0.334,None,None,None,None,None,-481000000,None,0.0143,None,5293032000,2025-10-29,quarterly,0.92,USD,pre-market,45000000,4081490000,0.0175,0.0524,0.022,172.28,1080811000,4679510000,629187000,908001000,55.07,59.6,9.5238,21269030000,11826277000,6164767000,11462150000,9442753000,5297383000,36596111000,9806880000,23.54,None,64.46,39.88
2025-12-28,ADM,2.46,83211002000.0,23.54,None,0.686,46.86,207000000,None,1112853000,1112853000,-369000000,-163000000,2909000000,None,780000000,None,None,1853000000,5385840000,656000000,None,33630297000,33630297000,4014392000,None,None,4471201000,None,None,656714000,214000000,2.03,0.0351,155000000,155000000,None,4.891,0.08,1773131000,2429845000,0.84,2014-09-30,12.72,322292000,5178000000.0,2965814000,1855250000,543180000,325167000,325167000,None,365180000,None,4677508000,None,None,4050323000,None,None,748000000,None,None,None,0.0195,3441000000,1192683000,1773131000,1564715000,1521188000,None,None,None,None,None,None,None,16.43,1.234,0.334,None,None,None,None,None,-209000000,None,0.0143,None,5293032000,2025-10-29,quarterly,0.92,USD,pre-market,45000000,4081490000,0.0175,0.0524,0.022,172.28,1080811000,4679510000,629187000,908001000,55.07,59.6,9.5238,21269030000,11826277000,6164767000,11462150000,9442753000,5297383000,36596111000,9806880000,23.54,None,64.46,39.88
2025-12-28,ADM,2.46,83211002000.0,23.54,None,0.686,46.86,210000000,None,1112853000,1112853000,-682000000,-112000000,547000000,None,2373000000,None,None,-1329000000,5385840000,656000000,None,33630297000,33630297000,4014392000,None,None,4471201000,None,None,656714000,213000000,2.03,0.0351,157000000,157000000,None,4.891,0.08,1773131000,2429845000,0.84,2014-06-30,12.72,322292000,5178000000.0,2965814000,1855250000,543180000,325167000,325167000,None,365180000,None,4677508000,None,None,4050323000,None,None,532000000,None,None,None,0.0195,1341000000,1192683000,1773131000,1564715000,1521188000,None,None,None,None,None,None,None,16.43,1.234,0.334,None,None,None,None,None,-318000000,None,0.0143,None,5293032000,2025-10-29,quarterly,0.92,USD,pre-market,45000000,4081490000,0.0175,0.0524,0.022,172.28,1080811000,4679510000,629187000,908001000,55.07,59.6,9.5238,21269030000,11826277000,6164767000,11462150000,9442753000,5297383000,36596111000,9806880000,23.54,None,64.46,39.88
2025-12-28,ADM,2.46,83211002000.0,23.54,None,0.686,46.86,188000000,None,1112853000,1112853000,-1535000000,-145000000,-2038000000,None,28000000,None,None,433000000,5385840000,656000000,None,33630297000,33630297000,4014392000,None,None,4471201000,None,None,656714000,219000000,2.03,0.0351,158000000,158000000,None,4.891,0.08,1773131000,2429845000,0.84,2014-03-31,12.72,322292000,5178000000.0,2965814000,1855250000,543180000,325167000,325167000,None,365180000,None,4677508000,None,None,4050323000,None,None,268000000,None,None,None,0.0195,-358000000,1192683000,1773131000,1564715000,1521188000,None,None,None,None,None,None,None,16.43,1.234,0.334,None,None,None,None,None,-175000000,None,0.0143,None,5293032000,2025-10-29,quarterly,0.92,USD,pre-market,45000000,4081490000,0.0175,0.0524,0.022,172.28,1080811000,4679510000,629187000,908001000,55.07,59.6,9.5238,21269030000,11826277000,6164767000,11462150000,9442753000,5297383000,36596111000,9806880000,23.54,None,64.46,39.88
2025-12-28,ADM,2.46,83211002000.0,23.54,None,0.686,46.86,254000000,None,1112853000,1112853000,-85000000,-403000000,-131000000,None,-2247000000,None,None,204000000,5385840000,656000000,None,33630297000,33630297000,4014392000,None,None,4471201000,None,None,656714000,228000000,2.03,0.0351,125000000,125000000,None,4.891,0.08,1773131000,2429845000,0.84,2013-12-31,12.72,322292000,5178000000.0,2965814000,1855250000,543180000,325167000,325167000,None,365180000,None,4677508000,None,None,4050323000,None,None,377000000,None,None,None,0.0195,357000000,1192683000,1773131000,1564715000,1521188000,None,None,None,None,None,None,None,16.43,1.234,0.334,None,None,None,None,None,-6000000,None,0.0143,None,5293032000,2025-10-29,quarterly,0.92,USD,pre-market,45000000,4081490000,0.0175,0.0524,0.022,172.28,1080811000,4679510000,629187000,908001000,55.07,59.6,9.5238,21269030000,11826277000,6164767000,11462150000,9442753000,5297383000,36596111000,9806880000,23.54,None,64.46,39.88
2025-12-28,ADM,2.46,83211002000.0,23.54,None,0.686,46.86,217000000,None,1112853000,1112853000,-885000000,-232000000,1404000000,None,1161000000,None,None,189000000,5385840000,656000000,None,33630297000,33630297000,4014392000,None,None,4471201000,None,None,656714000,227000000,2.03,0.0351,126000000,126000000,None,4.891,0.08,1773131000,2429845000,0.84,2013-09-30,12.72,322292000,5178000000.0,2965814000,1855250000,543180000,325167000,325167000,None,365180000,None,4677508000,None,None,4050323000,None,None,481000000,None,None,None,0.0195,2521000000,1192683000,1773131000,1564715000,1521188000,None,None,None,None,None,None,None,16.43,1.234,0.334,None,None,None,None,None,-84000000,None,0.0143,None,5293032000,2025-10-29,quarterly,0.92,USD,pre-market,45000000,4081490000,0.0175,0.0524,0.022,172.28,1080811000,4679510000,629187000,908001000,55.07,59.6,9.5238,21269030000,11826277000,6164767000,11462150000,9442753000,5297383000,36596111000,9806880000,23.54,None,64.46,39.88
2025-12-28,ADM,2.46,83211002000.0,23.54,None,0.686,46.86,194000000,None,1112853000,1112853000,-1480000000,-111000000,400000000,None,2241000000,None,None,49000000,5385840000,656000000,None,33630297000,33630297000,4014392000,None,None,4471201000,None,None,656714000,227000000,2.03,0.0351,125000000,125000000,None,4.891,0.08,1773131000,2429845000,0.84,2013-06-30,12.72,322292000,5178000000.0,2965814000,1855250000,543180000,325167000,325167000,None,365180000,None,4677508000,None,None,4050323000,None,None,226000000,None,None,None,0.0195,1991000000,1192683000,1773131000,1564715000,1521188000,None,None,None,None,None,None,None,16.43,1.234,0.334,None,None,None,None,None,-11000000,None,0.0143,None,5293032000,2025-10-29,quarterly,0.92,USD,pre-market,45000000,4081490000,0.0175,0.0524,0.022,172.28,1080811000,4679510000,629187000,908001000,55.07,59.6,9.5238,21269030000,11826277000,6164767000,11462150000,9442753000,5297383000,36596111000,9806880000,23.54,None,64.46,39.88
2025-12-28,ADM,2.46,83211002000.0,23.54,None,0.686,46.86,248000000,None,1112853000,1112853000,-792000000,169000000,-266000000,None,1386000000,None,None,-146000000,5385840000,656000000,None,33630297000,33630297000,4014392000,None,None,4471201000,None,None,656714000,227000000,2.03,0.0351,125000000,125000000,None,4.891,0.08,1773131000,2429845000,0.84,2013-03-31,12.72,322292000,5178000000.0,2965814000,1855250000,543180000,325167000,325167000,None,365180000,None,4677508000,None,None,4050323000,None,None,270000000,None,None,None,0.0195,357000000,1192683000,1773131000,1564715000,1521188000,None,None,None,None,None,None,None,16.43,1.234,0.334,None,None,None,None,None,0,None,0.0143,None,5293032000,2025-10-29,quarterly,0.92,USD,pre-market,45000000,4081490000,0.0175,0.0524,0.022,172.28,1080811000,4679510000,629187000,908001000,55.07,59.6,9.5238,21269030000,11826277000,6164767000,11462150000,9442753000,5297383000,36596111000,9806880000,23.54,None,64.46,39.88
2025-12-28,ADM,2.46,83211002000.0,23.54,None,0.686,46.86,363000000,None,1112853000,1112853000,-1105000000,-411000000,None,None,-97000000,None,None,None,5385840000,656000000,None,33630297000,33630297000,4014392000,None,None,4471201000,None,None,656714000,218000000,2.03,0.0351,115000000,115000000,None,4.891,0.08,1773131000,2429845000,0.84,2012-12-31,12.72,322292000,5178000000.0,2965814000,1855250000,543180000,325167000,325167000,None,365180000,None,4677508000,None,None,4050323000,None,None,510000000,None,None,None,0.0195,1995000000,1192683000,1773131000,1564715000,1521188000,None,None,None,None,None,None,None,16.43,1.234,0.334,None,None,None,None,None,None,None,0.0143,None,5293032000,2025-10-29,quarterly,0.92,USD,pre-market,45000000,4081490000,0.0175,0.0524,0.022,172.28,1080811000,4679510000,629187000,908001000,55.07,59.6,9.5238,21269030000,11826277000,6164767000,11462150000,9442753000,5297383000,36596111000,9806880000,23.54,None,64.46,39.88
2025-12-28,ADM,2.46,83211002000.0,23.54,None,0.686,46.86,252000000,None,1112853000,1112853000,23000000,-562000000,-56000000,None,-1415000000,None,None,472000000,5385840000,656000000,None,33630297000,33630297000,4014392000,None,None,4471201000,None,None,656714000,217000000,2.03,0.0351,115000000,115000000,None,4.891,0.08,1773131000,2429845000,0.84,2012-09-30,12.72,322292000,5178000000.0,2965814000,1855250000,543180000,325167000,325167000,None,365180000,None,4677508000,None,None,4050323000,None,None,184000000,None,None,None,0.0195,483000000,1192683000,1773131000,1564715000,1521188000,None,None,None,None,None,None,None,16.43,1.234,0.334,None,None,None,None,None,0,None,0.0143,None,5293032000,2025-10-29,quarterly,0.92,USD,pre-market,45000000,4081490000,0.0175,0.0524,0.022,172.28,1080811000,4679510000,629187000,908001000,55.07,59.6,9.5238,21269030000,11826277000,6164767000,11462150000,9442753000,5297383000,36596111000,9806880000,23.54,None,64.46,39.88
2025-12-28,ADM,2.46,83211002000.0,23.54,None,0.686,46.86,284000000,None,1112853000,1112853000,-163000000,-25000000,473000000,None,837000000,None,None,-455000000,5385840000,656000000,None,33630297000,33630297000,4014392000,None,None,4471201000,None,None,656714000,220000000,2.03,0.0351,116000000,116000000,None,4.891,0.08,1773131000,2429845000,0.84,2012-06-30,12.72,322292000,5178000000.0,2965814000,1855250000,543180000,325167000,325167000,None,365180000,None,4677508000,None,None,4050323000,None,None,293000000,None,None,None,0.0195,661000000,1192683000,1773131000,1564715000,1521188000,None,None,None,None,None,None,None,16.43,1.234,0.334,None,None,None,None,None,-44000000,None,0.0143,None,5293032000,2025-10-29,quarterly,0.92,USD,pre-market,45000000,4081490000,0.0175,0.0524,0.022,172.28,1080811000,4679510000,629187000,908001000,55.07,59.6,9.5238,21269030000,11826277000,6164767000,11462150000,9442753000,5297383000,36596111000,9806880000,23.54,None,64.46,39.88
2025-12-28,ADM,2.46,83211002000.0,23.54,None,0.686,46.86,341000000,None,1112853000,1112853000,900000000,-163000000,-46000000,None,-629000000,None,None,2170000000,5385840000,656000000,None,33630297000,33630297000,4014392000,None,None,4471201000,None,None,656714000,214000000,2.03,0.0351,115000000,115000000,None,4.891,0.08,1773131000,2429845000,0.84,2012-03-31,12.72,322292000,5178000000.0,2965814000,1855250000,543180000,325167000,325167000,None,365180000,None,4677508000,None,None,4050323000,None,None,405000000,None,None,None,0.0195,-783000000,1192683000,1773131000,1564715000,1521188000,None,None,None,None,None,None,None,16.43,1.234,0.334,None,None,None,None,None,-56000000,None,0.0143,None,5293032000,2025-10-29,quarterly,0.92,USD,pre-market,45000000,4081490000,0.0175,0.0524,0.022,172.28,1080811000,4679510000,629187000,908001000,55.07,59.6,9.5238,21269030000,11826277000,6164767000,11462150000,9442753000,5297383000,36596111000,9806880000,23.54,None,64.46,39.88
2025-12-28,ADM,2.46,83211002000.0,23.54,None,0.686,46.86,409000000,None,1112853000,1112853000,-725000000,-685000000,-456000000,None,-1289000000,None,None,133000000,5385840000,656000000,None,33630297000,33630297000,4014392000,None,None,4471201000,None,None,656714000,207000000,2.03,0.0351,117000000,117000000,None,4.891,0.08,1773131000,2429845000,0.84,2011-12-31,12.72,322292000,5178000000.0,2965814000,1855250000,543180000,325167000,325167000,None,365180000,None,4677508000,None,None,4050323000,None,None,83000000,None,None,None,0.0195,954000000,1192683000,1773131000,1564715000,1521188000,None,None,None,None,None,None,None,16.43,1.234,0.334,None,None,None,None,None,-187000000,None,0.0143,None,5293032000,2025-10-29,quarterly,0.92,USD,pre-market,45000000,4081490000,0.0175,0.0524,0.022,172.28,1080811000,4679510000,629187000,908001000,55.07,59.6,9.5238,21269030000,11826277000,6164767000,11462150000,9442753000,5297383000,36596111000,9806880000,23.54,None,64.46,39.88
2025-12-28,ADM,2.46,83211002000.0,23.54,None,0.686,46.86,443000000,None,1112853000,1112853000,-1133000000,-249000000,705000000,None,809000000,None,None,-874000000,5385840000,656000000,None,33630297000,33630297000,4014392000,None,None,4471201000,None,None,656714000,207000000,2.03,0.0351,107000000,107000000,None,4.891,0.08,1773131000,2429845000,0.84,2011-09-30,12.72,322292000,5178000000.0,2965814000,1855250000,543180000,325167000,325167000,None,365180000,None,4677508000,None,None,4050323000,None,None,461000000,None,None,None,0.0195,2087000000,1192683000,1773131000,1564715000,1521188000,None,None,None,None,None,None,None,16.43,1.234,0.334,None,None,None,None,None,-240000000,None,0.0143,None,5293032000,2025-10-29,quarterly,0.92,USD,pre-market,45000000,4081490000,0.0175,0.0524,0.022,172.28,1080811000,4679510000,629187000,908001000,55.07,59.6,9.5238,21269030000,11826277000,6164767000,11462150000,9442753000,5297383000,36596111000,9806880000,23.54,None,64.46,39.88
2025-12-28,ADM,2.46,83211002000.0,23.54,None,0.686,46.86,334000000,None,1112853000,1112853000,-2564000000,-88000000,-243000000,None,1709000000,None,None,708000000,5385840000,656000000,None,33630297000,33630297000,4014392000,None,None,4471201000,None,None,656714000,212000000,2.03,0.0351,102000000,102000000,None,4.891,0.08,1773131000,2429845000,0.84,2011-06-30,12.72,322292000,5178000000.0,2965814000,1855250000,543180000,325167000,325167000,None,365180000,None,4677508000,None,None,4050323000,None,None,1676000000,None,None,None,0.0195,2409000000,1192683000,1773131000,1564715000,1521188000,None,None,None,None,None,None,None,16.43,1.234,0.334,None,None,None,None,None,-207000000,None,0.0143,None,5293032000,2025-10-29,quarterly,0.92,USD,pre-market,45000000,4081490000,0.0175,0.0524,0.022,172.28,1080811000,4679510000,629187000,908001000,55.07,59.6,9.5238,21269030000,11826277000,6164767000,11462150000,9442753000,5297383000,36596111000,9806880000,23.54,None,64.46,39.88
2025-12-28,ADM,2.46,83211002000.0,23.54,None,0.686,46.86,268000000,None,1112853000,1112853000,1444000000,-446000000,332000000,None,-501000000,None,None,435000000,5385840000,656000000,None,33630297000,33630297000,4014392000,None,None,4471201000,None,None,656714000,202000000,2.03,0.0351,101000000,101000000,None,4.891,0.08,1773131000,2429845000,0.84,2011-03-31,12.72,322292000,5178000000.0,2965814000,1855250000,543180000,325167000,325167000,None,365180000,None,4677508000,None,None,4050323000,None,None,-1135000000,None,None,None,0.0195,-666000000,1192683000,1773131000,1564715000,1521188000,None,None,None,None,None,None,None,16.43,1.234,0.334,None,None,None,None,None,-8000000,None,0.0143,None,5293032000,2025-10-29,quarterly,0.92,USD,pre-market,45000000,4081490000,0.0175,0.0524,0.022,172.28,1080811000,4679510000,629187000,908001000,55.07,59.6,9.5238,21269030000,11826277000,6164767000,11462150000,9442753000,5297383000,36596111000,9806880000,23.54,None,64.46,39.88
2025-12-28,ADM,2.46,83211002000.0,23.54,None,0.686,46.86,310000000,None,1112853000,1112853000,3515000000,-639000000,-336000000,None,-3463000000,None,None,-2340000000,5385840000,656000000,None,33630297000,33630297000,4014392000,None,None,4471201000,None,None,656714000,211000000,2.03,0.0351,96000000,96000000,None,4.891,0.08,1773131000,2429845000,0.84,2010-12-31,12.72,322292000,5178000000.0,2965814000,1855250000,543180000,325167000,325167000,None,365180000,None,4677508000,None,None,4050323000,None,None,729000000,None,None,None,0.0195,-3212000000,1192683000,1773131000,1564715000,1521188000,None,None,None,None,None,None,None,16.43,1.234,0.334,None,None,None,None,None,-55000000,None,0.0143,None,5293032000,2025-10-29,quarterly,0.92,USD,pre-market,45000000,4081490000,0.0175,0.0524,0.022,172.28,1080811000,4679510000,629187000,908001000,55.07,59.6,9.5238,21269030000,11826277000,6164767000,11462150000,9442753000,5297383000,36596111000,9806880000,23.54,None,64.46,39.88
2025-12-28,ADM,2.46,83211002000.0,23.54,None,0.686,46.86,335000000,None,1112853000,1112853000,1189000000,-502000000,-184000000,None,-1157000000,None,None,-1685000000,5385840000,656000000,None,33630297000,33630297000,4014392000,None,None,4471201000,None,None,656714000,252000000,2.03,0.0351,96000000,96000000,None,4.891,0.08,1773131000,2429845000,0.84,2010-09-30,12.72,322292000,5178000000.0,2965814000,1855250000,543180000,325167000,325167000,None,365180000,None,4677508000,None,None,4050323000,None,None,342000000,None,None,None,0.0195,-871000000,1192683000,1773131000,1564715000,1521188000,None,None,None,None,None,None,None,16.43,1.234,0.334,None,None,None,None,None,-31000000,None,0.0143,None,5293032000,2025-10-29,quarterly,0.92,USD,pre-market,45000000,4081490000,0.0175,0.0524,0.022,172.28,1080811000,4679510000,629187000,908001000,55.07,59.6,9.5238,21269030000,11826277000,6164767000,11462150000,9442753000,5297383000,36596111000,9806880000,23.54,None,64.46,39.88
2025-12-28,ADM,2.46,83211002000.0,23.54,None,0.686,46.86,377000000,None,1112853000,1112853000,-70000000,-452000000,-613000000,None,407000000,None,None,-488000000,5385840000,656000000,None,33630297000,33630297000,4014392000,None,None,4471201000,None,None,656714000,239000000,2.03,0.0351,96000000,96000000,None,4.891,0.08,1773131000,2429845000,0.84,2010-06-30,12.72,322292000,5178000000.0,2965814000,1855250000,543180000,325167000,325167000,None,365180000,None,4677508000,None,None,4050323000,None,None,445000000,None,None,None,0.0195,-91000000,1192683000,1773131000,1564715000,1521188000,None,None,None,None,None,None,None,16.43,1.234,0.334,None,None,None,None,None,-100000000,None,0.0143,None,5293032000,2025-10-29,quarterly,0.92,USD,pre-market,45000000,4081490000,0.0175,0.0524,0.022,172.28,1080811000,4679510000,629187000,908001000,55.07,59.6,9.5238,21269030000,11826277000,6164767000,11462150000,9442753000,5297383000,36596111000,9806880000,23.54,None,64.46,39.88
2025-12-28,ADM,2.46,83211002000.0,23.54,None,0.686,46.86,291000000,None,1112853000,1112853000,-620000000,-433000000,342000000,None,723000000,None,None,1014000000,5385840000,656000000,None,33630297000,33630297000,4014392000,None,None,4471201000,None,None,656714000,242000000,2.03,0.0351,96000000,96000000,None,4.891,0.08,1773131000,2429845000,0.84,2010-03-31,12.72,322292000,5178000000.0,2965814000,1855250000,543180000,325167000,325167000,None,365180000,None,4677508000,None,None,4050323000,None,None,416000000,None,None,None,0.0195,1395000000,1192683000,1773131000,1564715000,1521188000,None,None,None,None,None,None,None,16.43,1.234,0.334,None,None,None,None,None,0,None,0.0143,None,5293032000,2025-10-29,quarterly,0.92,USD,pre-market,45000000,4081490000,0.0175,0.0524,0.022,172.28,1080811000,4679510000,629187000,908001000,55.07,59.6,9.5238,21269030000,11826277000,6164767000,11462150000,9442753000,5297383000,36596111000,9806880000,23.54,None,64.46,39.88
2025-12-28,ADM,2.46,83211002000.0,23.54,None,0.686,46.86,442000000,None,1112853000,1112853000,-110000000,-351000000,-1073000000,None,-2009000000,None,None,-499000000,5385840000,656000000,None,33630297000,33630297000,4014392000,None,None,4471201000,None,None,656714000,235000000,2.03,0.0351,90000000,90000000,None,4.891,0.08,1773131000,2429845000,0.84,2009-12-31,12.72,322292000,5178000000.0,2965814000,1855250000,543180000,325167000,325167000,None,365180000,None,4677508000,None,None,4050323000,None,None,561000000,None,None,None,0.0195,-612000000,1192683000,1773131000,1564715000,1521188000,None,None,None,None,None,None,None,16.43,1.234,0.334,None,None,None,None,None,None,None,0.0143,None,5293032000,2025-10-29,quarterly,0.92,USD,pre-market,45000000,4081490000,0.0175,0.0524,0.022,172.28,1080811000,4679510000,629187000,908001000,55.07,59.6,9.5238,21269030000,11826277000,6164767000,11462150000,9442753000,5297383000,36596111000,9806880000,23.54,None,64.46,39.88
2025-12-28,ADM,2.46,83211002000.0,23.54,None,0.686,46.86,497000000,None,1112853000,1112853000,-228000000,-429000000,1335000000,None,735000000,None,None,713000000,5385840000,656000000,None,33630297000,33630297000,4014392000,None,None,4471201000,None,None,656714000,196000000,2.03,0.0351,90000000,90000000,None,4.891,0.08,1773131000,2429845000,0.84,2009-09-30,12.72,322292000,5178000000.0,2965814000,1855250000,543180000,325167000,325167000,None,365180000,None,4677508000,None,None,4050323000,None,None,497000000,None,None,None,0.0195,1992000000,1192683000,1773131000,1564715000,1521188000,None,None,None,None,None,None,None,16.43,1.234,0.334,None,None,None,None,None,0,None,0.0143,None,5293032000,2025-10-29,quarterly,0.92,USD,pre-market,45000000,4081490000,0.0175,0.0524,0.022,172.28,1080811000,4679510000,629187000,908001000,55.07,59.6,9.5238,21269030000,11826277000,6164767000,11462150000,9442753000,5297383000,36596111000,9806880000,23.54,None,64.46,39.88
2025-12-28,ADM,2.46,83211002000.0,23.54,None,0.686,46.86,436000000,None,1112853000,1112853000,26000000,-649000000,None,None,-394000000,None,None,None,5385840000,656000000,None,33630297000,33630297000,4014392000,None,None,4471201000,None,None,656714000,191000000,2.03,0.0351,90000000,90000000,None,4.891,0.08,1773131000,2429845000,0.84,2009-06-30,12.72,322292000,5178000000.0,2965814000,1855250000,543180000,325167000,325167000,None,365180000,None,4677508000,None,None,4050323000,None,None,64000000,None,None,None,0.0195,-510000000,1192683000,1773131000,1564715000,1521188000,None,None,None,None,None,None,None,16.43,1.234,0.334,None,None,None,None,None,100000000,None,0.0143,None,5293032000,2025-10-29,quarterly,0.92,USD,pre-market,45000000,4081490000,0.0175,0.0524,0.022,172.28,1080811000,4679510000,629187000,908001000,55.07,59.6,9.5238,21269030000,11826277000,6164767000,11462150000,9442753000,5297383000,36596111000,9806880000,23.54,None,64.46,39.88
2025-12-28,ADM,2.46,83211002000.0,23.54,None,0.686,46.86,393000000,None,1112853000,1112853000,-381000000,335000000,None,None,-565000000,None,None,None,5385840000,656000000,None,33630297000,33630297000,4014392000,None,None,4471201000,None,None,656714000,182000000,2.03,0.0351,90000000,90000000,None,4.891,0.08,1773131000,2429845000,0.84,2009-03-31,12.72,322292000,5178000000.0,2965814000,1855250000,543180000,325167000,325167000,None,365180000,None,4677508000,None,None,4050323000,None,None,8000000,None,None,None,0.0195,-14000000,1192683000,1773131000,1564715000,1521188000,None,None,None,None,None,None,None,16.43,1.234,0.334,None,None,None,None,None,None,None,0.0143,None,5293032000,2025-10-29,quarterly,0.92,USD,pre-market,45000000,4081490000,0.0175,0.0524,0.022,172.28,1080811000,4679510000,629187000,908001000,55.07,59.6,9.5238,21269030000,11826277000,6164767000,11462150000,9442753000,5297383000,36596111000,9806880000,23.54,None,64.46,39.88
2025-12-28,ADM,2.46,83211002000.0,23.54,None,0.686,46.86,586000000,None,1112853000,1112853000,-211000000,-1258000000,None,None,1133000000,None,None,None,5385840000,656000000,None,33630297000,33630297000,4014392000,None,None,4471201000,None,None,656714000,180000000,2.03,0.0351,83000000,83000000,None,4.891,0.08,1773131000,2429845000,0.84,2008-12-31,12.72,322292000,5178000000.0,2965814000,1855250000,543180000,325167000,325167000,None,365180000,None,4677508000,None,None,4050323000,None,None,585000000,None,None,None,0.0195,1185000000,1192683000,1773131000,1564715000,1521188000,None,None,None,None,None,None,None,16.43,1.234,0.334,None,None,None,None,None,None,None,0.0143,None,5293032000,2025-10-29,quarterly,0.92,USD,pre-market,45000000,4081490000,0.0175,0.0524,0.022,172.28,1080811000,4679510000,629187000,908001000,55.07,59.6,9.5238,21269030000,11826277000,6164767000,11462150000,9442753000,5297383000,36596111000,9806880000,23.54,None,64.46,39.88
2025-12-28,ADM,2.46,83211002000.0,23.54,None,0.686,46.86,483000000,None,1112853000,1112853000,-2659000000,-299000000,None,None,1725000000,None,None,None,5385840000,656000000,None,33630297000,33630297000,4014392000,None,None,4471201000,None,None,656714000,177000000,2.03,0.0351,84000000,84000000,None,4.891,0.08,1773131000,2429845000,0.84,2008-09-30,12.72,322292000,5178000000.0,2965814000,1855250000,543180000,325167000,325167000,None,365180000,None,4677508000,None,None,4050323000,None,None,1050000000,None,None,None,0.0195,4680000000,1192683000,1773131000,1564715000,1521188000,None,None,None,None,None,None,None,16.43,1.234,0.334,None,None,None,None,None,-100000000,None,0.0143,None,5293032000,2025-10-29,quarterly,0.92,USD,pre-market,45000000,4081490000,0.0175,0.0524,0.022,172.28,1080811000,4679510000,629187000,908001000,55.07,59.6,9.5238,21269030000,11826277000,6164767000,11462150000,9442753000,5297383000,36596111000,9806880000,23.54,None,64.46,39.88
2025-12-28,ADM,2.46,83211002000.0,23.54,None,0.686,46.86,467000000,None,1112853000,1112853000,-92000000,-267000000,None,None,-74000000,None,None,None,5385840000,656000000,None,33630297000,33630297000,4014392000,None,None,4471201000,None,None,656714000,181000000,2.03,0.0351,84000000,84000000,None,4.891,0.08,1773131000,2429845000,0.84,2008-06-30,12.72,322292000,5178000000.0,2965814000,1855250000,543180000,325167000,325167000,None,365180000,None,4677508000,None,None,4050323000,None,None,372000000,None,None,None,0.0195,-37000000,1192683000,1773131000,1564715000,1521188000,None,None,None,None,None,None,None,16.43,1.234,0.334,None,None,None,None,None,61000000,None,0.0143,None,5293032000,2025-10-29,quarterly,0.92,USD,pre-market,45000000,4081490000,0.0175,0.0524,0.022,172.28,1080811000,4679510000,629187000,908001000,55.07,59.6,9.5238,21269030000,11826277000,6164767000,11462150000,9442753000,5297383000,36596111000,9806880000,23.54,None,64.46,39.88
2025-12-28,ADM,2.46,83211002000.0,23.54,None,0.686,46.86,416000000,None,1112853000,1112853000,1024000000,-682000000,None,None,-522000000,None,None,None,5385840000,656000000,None,33630297000,33630297000,4014392000,None,None,4471201000,None,None,656714000,180000000,2.03,0.0351,84000000,84000000,None,4.891,0.08,1773131000,2429845000,0.84,2008-03-31,12.72,322292000,5178000000.0,2965814000,1855250000,543180000,325167000,325167000,None,365180000,None,4677508000,None,None,4050323000,None,None,517000000,None,None,None,0.0195,-241000000,1192683000,1773131000,1564715000,1521188000,None,None,None,None,None,None,None,16.43,1.234,0.334,None,None,None,None,None,None,None,0.0143,None,5293032000,2025-10-29,quarterly,0.92,USD,pre-market,45000000,4081490000,0.0175,0.0524,0.022,172.28,1080811000,4679510000,629187000,908001000,55.07,59.6,9.5238,21269030000,11826277000,6164767000,11462150000,9442753000,5297383000,36596111000,9806880000,23.54,None,64.46,39.88
2025-12-28,ADM,2.46,83211002000.0,23.54,None,0.686,46.86,537000000,None,1112853000,1112853000,2422000000,-722000000,None,None,-2126000000,None,None,None,5385840000,656000000,None,33630297000,33630297000,4014392000,None,None,4471201000,None,None,656714000,175000000,2.03,0.0351,74000000,74000000,None,4.891,0.08,1773131000,2429845000,0.84,2007-12-31,12.72,322292000,5178000000.0,2965814000,1855250000,543180000,325167000,325167000,None,365180000,None,4677508000,None,None,4050323000,None,None,472000000,None,None,None,0.0195,-1716000000,1192683000,1773131000,1564715000,1521188000,None,None,None,None,None,None,None,16.43,1.234,0.334,None,None,None,None,None,-1000000,None,0.0143,None,5293032000,2025-10-29,quarterly,0.92,USD,pre-market,45000000,4081490000,0.0175,0.0524,0.022,172.28,1080811000,4679510000,629187000,908001000,55.07,59.6,9.5238,21269030000,11826277000,6164767000,11462150000,9442753000,5297383000,36596111000,9806880000,23.54,None,64.46,39.88
2025-12-28,ADM,2.46,83211002000.0,23.54,None,0.686,46.86,359000000,None,1112853000,1112853000,1892000000,-224000000,None,None,-1858000000,None,None,None,5385840000,656000000,None,33630297000,33630297000,4014392000,None,None,4471201000,None,None,656714000,185000000,2.03,0.0351,74000000,74000000,None,4.891,0.08,1773131000,2429845000,0.84,2007-09-30,12.72,322292000,5178000000.0,2965814000,1855250000,543180000,325167000,325167000,None,365180000,None,4677508000,None,None,4050323000,None,None,441000000,None,None,None,0.0195,-1210000000,1192683000,1773131000,1564715000,1521188000,None,None,None,None,None,None,None,16.43,1.234,0.334,None,None,None,None,None,-60000000,None,0.0143,None,5293032000,2025-10-29,quarterly,0.92,USD,pre-market,45000000,4081490000,0.0175,0.0524,0.022,172.28,1080811000,4679510000,629187000,908001000,55.07,59.6,9.5238,21269030000,11826277000,6164767000,11462150000,9442753000,5297383000,36596111000,9806880000,23.54,None,64.46,39.88
2025-12-28,ADM,2.46,83211002000.0,23.54,None,0.686,46.86,354408000,None,1112853000,1112853000,-1166407000,595439000,None,None,703254000,None,None,None,5385840000,656000000,None,33630297000,33630297000,4014392000,None,None,4471201000,None,None,656714000,181224000,2.03,0.0351,74457000,74457000,None,4.891,0.08,1773131000,2429845000,0.84,2007-06-30,12.72,322292000,5178000000.0,2965814000,1855250000,543180000,325167000,325167000,None,365180000,None,4677508000,None,None,4050323000,None,None,955096000,None,None,None,0.0195,337295000,1192683000,1773131000,1564715000,1521188000,None,None,None,None,None,None,None,16.43,1.234,0.334,None,None,None,None,None,299311000,None,0.0143,None,5293032000,2025-10-29,quarterly,0.92,USD,pre-market,45000000,4081490000,0.0175,0.0524,0.022,172.28,1080811000,4679510000,629187000,908001000,55.07,59.6,9.5238,21269030000,11826277000,6164767000,11462150000,9442753000,5297383000,36596111000,9806880000,23.54,None,64.46,39.88
2025-12-28,ADM,2.46,83211002000.0,23.54,None,0.686,46.86,283557000,None,1112853000,1112853000,-56855000,-131342000,None,None,-292632000,None,None,None,5385840000,656000000,None,33630297000,33630297000,4014392000,None,None,4471201000,None,None,656714000,174847000,2.03,0.0351,76000000,76000000,None,4.891,0.08,1773131000,2429845000,0.84,2007-03-31,12.72,322292000,5178000000.0,2965814000,1855250000,543180000,325167000,325167000,None,365180000,None,4677508000,None,None,4050323000,None,None,362891000,None,None,None,0.0195,261943000,1192683000,1773131000,1564715000,1521188000,None,None,None,None,None,None,None,16.43,1.234,0.334,None,None,None,None,None,-696000000,None,0.0143,None,5293032000,2025-10-29,quarterly,0.92,USD,pre-market,45000000,4081490000,0.0175,0.0524,0.022,172.28,1080811000,4679510000,629187000,908001000,55.07,59.6,9.5238,21269030000,11826277000,6164767000,11462150000,9442753000,5297383000,36596111000,9806880000,23.54,None,64.46,39.88
2025-12-28,ADM,2.46,83211002000.0,23.54,None,0.686,46.86,308518000,None,1112853000,1112853000,740965000,-502963000,None,None,-1205026000,None,None,None,5385840000,656000000,None,33630297000,33630297000,4014392000,None,None,4471201000,None,None,656714000,173804000,2.03,0.0351,65291000,65291000,None,4.891,0.08,1773131000,2429845000,0.84,2006-12-31,12.72,322292000,5178000000.0,2965814000,1855250000,543180000,325167000,325167000,None,365180000,None,4677508000,None,None,4050323000,None,None,441268000,None,None,None,0.0195,-373713000,1192683000,1773131000,1564715000,1521188000,None,None,None,None,None,None,None,16.43,1.234,0.334,None,None,None,None,None,-135946000,None,0.0143,None,5293032000,2025-10-29,quarterly,0.92,USD,pre-market,45000000,4081490000,0.0175,0.0524,0.022,172.28,1080811000,4679510000,629187000,908001000,55.07,59.6,9.5238,21269030000,11826277000,6164767000,11462150000,9442753000,5297383000,36596111000,9806880000,23.54,None,64.46,39.88
2025-12-28,ADM,2.46,83211002000.0,23.54,None,0.686,46.86,251517000,None,1112853000,1112853000,84297000,-316134000,None,None,-420596000,None,None,None,5385840000,656000000,None,33630297000,33630297000,4014392000,None,None,4471201000,None,None,656714000,171125000,2.03,0.0351,65709000,65709000,None,4.891,0.08,1773131000,2429845000,0.84,2006-09-30,12.72,322292000,5178000000.0,2965814000,1855250000,543180000,325167000,325167000,None,365180000,None,4677508000,None,None,4050323000,None,None,402745000,None,None,None,0.0195,77475000,1192683000,1773131000,1564715000,1521188000,None,None,None,None,None,None,None,16.43,1.234,0.334,None,None,None,None,None,-54000,None,0.0143,None,5293032000,2025-10-29,quarterly,0.92,USD,pre-market,45000000,4081490000,0.0175,0.0524,0.022,172.28,1080811000,4679510000,629187000,908001000,55.07,59.6,9.5238,21269030000,11826277000,6164767000,11462150000,9442753000,5297383000,36596111000,9806880000,23.54,None,64.46,39.88
2025-12-28,ADM,2.46,83211002000.0,23.54,None,0.686,46.86,228515000,None,1112853000,1112853000,-97502000,-184234000,None,None,-80731000,None,None,None,5385840000,656000000,None,33630297000,33630297000,4014392000,None,None,4471201000,None,None,656714000,165934000,2.03,0.0351,65562000,65562000,None,4.891,0.08,1773131000,2429845000,0.84,2006-06-30,12.72,322292000,5178000000.0,2965814000,1855250000,543180000,325167000,325167000,None,365180000,None,4677508000,None,None,4050323000,None,None,410259000,None,None,None,0.0195,476361000,1192683000,1773131000,1564715000,1521188000,None,None,None,None,None,None,None,16.43,1.234,0.334,None,None,None,None,None,-1511000,None,0.0143,None,5293032000,2025-10-29,quarterly,0.92,USD,pre-market,45000000,4081490000,0.0175,0.0524,0.022,172.28,1080811000,4679510000,629187000,908001000,55.07,59.6,9.5238,21269030000,11826277000,6164767000,11462150000,9442753000,5297383000,36596111000,9806880000,23.54,None,64.46,39.88
2025-12-28,ADM,2.46,83211002000.0,23.54,None,0.686,46.86,215044000,None,1112853000,1112853000,32002000,-93121000,None,None,-26718000,None,None,None,5385840000,656000000,None,33630297000,33630297000,4014392000,None,None,4471201000,None,None,656714000,163515000,2.03,0.0351,65412000,65412000,None,4.891,0.08,1773131000,2429845000,0.84,2006-03-31,12.72,322292000,5178000000.0,2965814000,1855250000,543180000,325167000,325167000,None,365180000,None,4677508000,None,None,4050323000,None,None,347796000,None,None,None,0.0195,155481000,1192683000,1773131000,1564715000,1521188000,None,None,None,None,None,None,None,16.43,1.234,0.334,None,None,None,None,None,-45000,None,0.0143,None,5293032000,2025-10-29,quarterly,0.92,USD,pre-market,45000000,4081490000,0.0175,0.0524,0.022,172.28,1080811000,4679510000,629187000,908001000,55.07,59.6,9.5238,21269030000,11826277000,6164767000,11462150000,9442753000,5297383000,36596111000,9806880000,23.54,None,64.46,39.88
2025-12-28,ADM,2.46,83211002000.0,23.54,None,0.686,46.86,161028000,None,1112853000,1112853000,-156405000,-513735000,None,None,-376026000,None,None,None,5385840000,656000000,None,33630297000,33630297000,4014392000,None,None,4471201000,None,None,656714000,163092000,2.03,0.0351,55530000,55530000,None,4.891,0.08,1773131000,2429845000,0.84,2005-12-31,12.72,322292000,5178000000.0,2965814000,1855250000,543180000,325167000,325167000,None,365180000,None,4677508000,None,None,4050323000,None,None,367677000,None,None,None,0.0195,339169000,1192683000,1773131000,1564715000,1521188000,None,None,None,None,None,None,None,16.43,1.234,0.334,None,None,None,None,None,-11000,None,0.0143,None,5293032000,2025-10-29,quarterly,0.92,USD,pre-market,45000000,4081490000,0.0175,0.0524,0.022,172.28,1080811000,4679510000,629187000,908001000,55.07,59.6,9.5238,21269030000,11826277000,6164767000,11462150000,9442753000,5297383000,36596111000,9806880000,23.54,None,64.46,39.88
2025-12-28,ADM,2.46,83211002000.0,23.54,None,0.686,46.86,157422000,None,1112853000,1112853000,504838000,-277451000,None,None,-117113000,None,None,None,5385840000,656000000,None,33630297000,33630297000,4014392000,None,None,4471201000,None,None,656714000,164173000,2.03,0.0351,55491000,55491000,None,4.891,0.08,1773131000,2429845000,0.84,2005-09-30,12.72,322292000,5178000000.0,2965814000,1855250000,543180000,325167000,325167000,None,365180000,None,4677508000,None,None,4050323000,None,None,186338000,None,None,None,0.0195,405030000,1192683000,1773131000,1564715000,1521188000,None,None,None,None,None,None,None,16.43,1.234,0.334,None,None,None,None,None,-18000,None,0.0143,None,5293032000,2025-10-29,quarterly,0.92,USD,pre-market,45000000,4081490000,0.0175,0.0524,0.022,172.28,1080811000,4679510000,629187000,908001000,55.07,59.6,9.5238,21269030000,11826277000,6164767000,11462150000,9442753000,5297383000,36596111000,9806880000,23.54,None,64.46,39.88
2025-12-28,ADM,2.46,83211002000.0,23.54,None,0.686,46.86,1563000000,None,1112853000,1112853000,-1530000000,-2702000000,None,None,162000000,None,None,None,5385840000,656000000,None,33630297000,33630297000,4014392000,None,None,4471201000,None,None,656714000,1141000000,2.03,0.0351,985000000,985000000,None,4.891,0.08,1773131000,2429845000,0.84,2024-12-31,12.72,322292000,5178000000.0,2965814000,1855250000,543180000,325167000,325167000,None,365180000,None,4677508000,None,None,4050323000,None,None,1779000000,None,None,None,0.0195,2790000000,1192683000,1773131000,1564715000,1521188000,None,None,None,None,None,None,None,16.43,1.234,0.334,None,None,None,None,None,-2327000000,None,0.0143,None,5293032000,2025-10-29,annual,0.92,USD,pre-market,45000000,4081490000,0.0175,0.0524,0.022,172.28,1080811000,4679510000,629187000,908001000,55.07,59.6,9.5238,21269030000,11826277000,6164767000,11462150000,9442753000,5297383000,36596111000,9806880000,23.54,None,64.46,39.88
2025-12-28,ADM,2.46,83211002000.0,23.54,None,0.686,46.86,1494000000,None,1112853000,1112853000,-4604000000,-1496000000,None,None,2889000000,None,None,None,5385840000,656000000,None,33630297000,33630297000,4014392000,None,None,4471201000,None,None,656714000,1059000000,2.03,0.0351,977000000,977000000,None,4.891,0.08,1773131000,2429845000,0.84,2023-12-31,12.72,322292000,5178000000.0,2965814000,1855250000,543180000,325167000,325167000,None,365180000,None,4677508000,None,None,4050323000,None,None,3483000000,None,None,None,0.0195,4460000000,1192683000,1773131000,1564715000,1521188000,None,None,None,None,None,None,None,16.43,1.234,0.334,None,None,None,None,None,-2673000000,None,0.0143,None,5293032000,2025-10-29,annual,0.92,USD,pre-market,45000000,4081490000,0.0175,0.0524,0.022,172.28,1080811000,4679510000,629187000,908001000,55.07,59.6,9.5238,21269030000,11826277000,6164767000,11462150000,9442753000,5297383000,36596111000,9806880000,23.54,None,64.46,39.88
2025-12-28,ADM,2.46,83211002000.0,23.54,None,0.686,46.86,1319000000,None,1112853000,1112853000,-2499000000,-1400000000,-421000000,None,-295000000,None,None,-1682000000,5385840000,656000000,None,33630297000,33630297000,4014392000,None,None,4471201000,None,None,656714000,1028000000,2.03,0.0351,899000000,899000000,None,4.891,0.08,1773131000,2429845000,0.84,2022-12-31,12.72,322292000,5178000000.0,2965814000,1855250000,543180000,325167000,325167000,None,365180000,None,4677508000,None,None,4050323000,None,None,4365000000,None,None,None,0.0195,3478000000,1192683000,1773131000,1564715000,1521188000,None,None,None,None,None,None,None,16.43,1.234,0.334,None,None,None,None,None,-1450000000,None,0.0143,None,5293032000,2025-10-29,annual,0.92,USD,pre-market,45000000,4081490000,0.0175,0.0524,0.022,172.28,1080811000,4679510000,629187000,908001000,55.07,59.6,9.5238,21269030000,11826277000,6164767000,11462150000,9442753000,5297383000,36596111000,9806880000,23.54,None,64.46,39.88
2025-12-28,ADM,2.46,83211002000.0,23.54,None,0.686,46.86,1169000000,None,1112853000,1112853000,-1118000000,-2669000000,2808000000,None,-2839000000,None,None,-578000000,5385840000,656000000,None,33630297000,33630297000,4014392000,None,None,4471201000,None,None,656714000,996000000,2.03,0.0351,834000000,834000000,None,4.891,0.08,1773131000,2429845000,0.84,2021-12-31,12.72,322292000,5178000000.0,2965814000,1855250000,543180000,325167000,325167000,None,365180000,None,4677508000,None,None,4050323000,None,None,2735000000,None,None,None,0.0195,6595000000,1192683000,1773131000,1564715000,1521188000,None,None,None,None,None,None,None,16.43,1.234,0.334,None,None,None,None,None,0,None,0.0143,None,5293032000,2025-10-29,annual,0.92,USD,pre-market,45000000,4081490000,0.0175,0.0524,0.022,172.28,1080811000,4679510000,629187000,908001000,55.07,59.6,9.5238,21269030000,11826277000,6164767000,11462150000,9442753000,5297383000,36596111000,9806880000,23.54,None,64.46,39.88
2025-12-28,ADM,2.46,83211002000.0,23.54,None,0.686,46.86,823000000,None,1112853000,1112853000,-423000000,4465000000,1656000000,None,-2426000000,None,None,-149000000,5385840000,656000000,None,33630297000,33630297000,4014392000,None,None,4471201000,None,None,656714000,976000000,2.03,0.0351,809000000,809000000,None,4.891,0.08,1773131000,2429845000,0.84,2020-12-31,12.72,322292000,5178000000.0,2965814000,1855250000,543180000,325167000,325167000,None,365180000,None,4677508000,None,None,4050323000,None,None,1782000000,None,None,None,0.0195,-2386000000,1192683000,1773131000,1564715000,1521188000,None,None,None,None,None,None,None,16.43,1.234,0.334,None,None,None,None,None,-133000000,None,0.0143,None,5293032000,2025-10-29,annual,0.92,USD,pre-market,45000000,4081490000,0.0175,0.0524,0.022,172.28,1080811000,4679510000,629187000,908001000,55.07,59.6,9.5238,21269030000,11826277000,6164767000,11462150000,9442753000,5297383000,36596111000,9806880000,23.54,None,64.46,39.88
2025-12-28,ADM,2.46,83211002000.0,23.54,None,0.686,46.86,828000000,None,1112853000,1112853000,-660000000,5259000000,-853000000,None,-21000000,None,None,287000000,5385840000,656000000,None,33630297000,33630297000,4014392000,None,None,4471201000,None,None,656714000,993000000,2.03,0.0351,789000000,789000000,None,4.891,0.08,1773131000,2429845000,0.84,2019-12-31,12.72,322292000,5178000000.0,2965814000,1855250000,543180000,325167000,325167000,None,365180000,None,4677508000,None,None,4050323000,None,None,1379000000,None,None,None,0.0195,-5452000000,1192683000,1773131000,1564715000,1521188000,None,None,None,None,None,None,None,16.43,1.234,0.334,None,None,None,None,None,-150000000,None,0.0143,None,5293032000,2025-10-29,annual,0.92,USD,pre-market,45000000,4081490000,0.0175,0.0524,0.022,172.28,1080811000,4679510000,629187000,908001000,55.07,59.6,9.5238,21269030000,11826277000,6164767000,11462150000,9442753000,5297383000,36596111000,9806880000,23.54,None,64.46,39.88
2025-12-28,ADM,2.46,83211002000.0,23.54,None,0.686,46.86,842000000,None,1112853000,1112853000,187000000,6582000000,1985000000,None,226000000,None,None,-376000000,5385840000,656000000,None,33630297000,33630297000,4014392000,None,None,4471201000,None,None,656714000,941000000,2.03,0.0351,758000000,758000000,None,4.891,0.08,1773131000,2429845000,0.84,2018-12-31,12.72,322292000,5178000000.0,2965814000,1855250000,543180000,325167000,325167000,None,365180000,None,4677508000,None,None,4050323000,None,None,1815000000,None,None,None,0.0195,-4784000000,1192683000,1773131000,1564715000,1521188000,None,None,None,None,None,None,None,16.43,1.234,0.334,None,None,None,None,None,-77000000,None,0.0143,None,5293032000,2025-10-29,annual,0.92,USD,pre-market,45000000,4081490000,0.0175,0.0524,0.022,172.28,1080811000,4679510000,629187000,908001000,55.07,59.6,9.5238,21269030000,11826277000,6164767000,11462150000,9442753000,5297383000,36596111000,9806880000,23.54,None,64.46,39.88
2025-12-28,ADM,2.46,83211002000.0,23.54,None,0.686,46.86,1049000000,None,1112853000,1112853000,-1028000000,-886000000,297000000,None,-137000000,None,None,73000000,5385840000,656000000,None,33630297000,33630297000,4014392000,None,None,4471201000,None,None,656714000,924000000,2.03,0.0351,730000000,730000000,None,4.891,0.08,1773131000,2429845000,0.84,2017-12-31,12.72,322292000,5178000000.0,2965814000,1855250000,543180000,325167000,325167000,None,365180000,None,4677508000,None,None,4050323000,None,None,1602000000,None,None,None,0.0195,2211000000,1192683000,1773131000,1564715000,1521188000,None,None,None,None,None,None,None,16.43,1.234,0.334,None,None,None,None,None,-750000000,None,0.0143,None,5293032000,2025-10-29,annual,0.92,USD,pre-market,45000000,4081490000,0.0175,0.0524,0.022,172.28,1080811000,4679510000,629187000,908001000,55.07,59.6,9.5238,21269030000,11826277000,6164767000,11462150000,9442753000,5297383000,36596111000,9806880000,23.54,None,64.46,39.88
2025-12-28,ADM,2.46,83211002000.0,23.54,None,0.686,46.86,882000000,None,1112853000,1112853000,-579000000,-1211000000,-315000000,None,-654000000,None,None,-160000000,5385840000,656000000,None,33630297000,33630297000,4014392000,None,None,4471201000,None,None,656714000,900000000,2.03,0.0351,701000000,701000000,None,4.891,0.08,1773131000,2429845000,0.84,2016-12-31,12.72,322292000,5178000000.0,2965814000,1855250000,543180000,325167000,325167000,None,365180000,None,4677508000,None,None,4050323000,None,None,1288000000,None,None,None,0.0195,1475000000,1192683000,1773131000,1564715000,1521188000,None,None,None,None,None,None,None,16.43,1.234,0.334,None,None,None,None,None,-1000000000,None,0.0143,None,5293032000,2025-10-29,annual,0.92,USD,pre-market,45000000,4081490000,0.0175,0.0524,0.022,172.28,1080811000,4679510000,629187000,908001000,55.07,59.6,9.5238,21269030000,11826277000,6164767000,11462150000,9442753000,5297383000,36596111000,9806880000,23.54,None,64.46,39.88
2025-12-28,ADM,2.46,83211002000.0,23.54,None,0.686,46.86,1125000000,None,1112853000,1112853000,-2649000000,-21000000,-189000000,None,872000000,None,None,913000000,5385840000,656000000,None,33630297000,33630297000,4014392000,None,None,4471201000,None,None,656714000,882000000,2.03,0.0351,687000000,687000000,None,4.891,0.08,1773131000,2429845000,0.84,2015-12-31,12.72,322292000,5178000000.0,2965814000,1855250000,543180000,325167000,325167000,None,365180000,None,4677508000,None,None,4050323000,None,None,1846000000,None,None,None,0.0195,2292000000,1192683000,1773131000,1564715000,1521188000,None,None,None,None,None,None,None,16.43,1.234,0.334,None,None,None,None,None,-2040000000,None,0.0143,None,5293032000,2025-10-29,annual,0.92,USD,pre-market,45000000,4081490000,0.0175,0.0524,0.022,172.28,1080811000,4679510000,629187000,908001000,55.07,59.6,9.5238,21269030000,11826277000,6164767000,11462150000,9442753000,5297383000,36596111000,9806880000,23.54,None,64.46,39.88
2025-12-28,ADM,2.46,83211002000.0,23.54,None,0.686,46.86,894000000,None,1112853000,1112853000,-3577000000,-3366000000,-2022000000,None,1274000000,None,None,425000000,5385840000,656000000,None,33630297000,33630297000,4014392000,None,None,4471201000,None,None,656714000,894000000,2.03,0.0351,624000000,624000000,None,4.891,0.08,1773131000,2429845000,0.84,2014-12-31,12.72,322292000,5178000000.0,2965814000,1855250000,543180000,325167000,325167000,None,365180000,None,4677508000,None,None,4050323000,None,None,2253000000,None,None,None,0.0195,5043000000,1192683000,1773131000,1564715000,1521188000,None,None,None,None,None,None,None,16.43,1.234,0.334,None,None,None,None,None,-1183000000,None,0.0143,None,5293032000,2025-10-29,annual,0.92,USD,pre-market,45000000,4081490000,0.0175,0.0524,0.022,172.28,1080811000,4679510000,629187000,908001000,55.07,59.6,9.5238,21269030000,11826277000,6164767000,11462150000,9442753000,5297383000,36596111000,9806880000,23.54,None,64.46,39.88
2025-12-28,ADM,2.46,83211002000.0,23.54,None,0.686,46.86,913000000,None,1112853000,1112853000,-3242000000,-577000000,1407000000,None,2541000000,None,None,296000000,5385840000,656000000,None,33630297000,33630297000,4014392000,None,None,4471201000,None,None,656714000,909000000,2.03,0.0351,501000000,501000000,None,4.891,0.08,1773131000,2429845000,0.84,2013-12-31,12.72,322292000,5178000000.0,2965814000,1855250000,543180000,325167000,325167000,None,365180000,None,4677508000,None,None,4050323000,None,None,1354000000,None,None,None,0.0195,5226000000,1192683000,1773131000,1564715000,1521188000,None,None,None,None,None,None,None,16.43,1.234,0.334,None,None,None,None,None,-101000000,None,0.0143,None,5293032000,2025-10-29,annual,0.92,USD,pre-market,45000000,4081490000,0.0175,0.0524,0.022,172.28,1080811000,4679510000,629187000,908001000,55.07,59.6,9.5238,21269030000,11826277000,6164767000,11462150000,9442753000,5297383000,36596111000,9806880000,23.54,None,64.46,39.88
2025-12-28,ADM,2.46,83211002000.0,23.54,None,0.686,46.86,1477000000,None,1112853000,1112853000,-1121000000,-1122000000,None,None,-272000000,None,None,None,5385840000,656000000,None,33630297000,33630297000,4014392000,None,None,4471201000,None,None,656714000,848000000,2.03,0.0351,461000000,461000000,None,4.891,0.08,1773131000,2429845000,0.84,2012-12-31,12.72,322292000,5178000000.0,2965814000,1855250000,543180000,325167000,325167000,None,365180000,None,4677508000,None,None,4050323000,None,None,1242000000,None,None,None,0.0195,2919000000,1192683000,1773131000,1564715000,1521188000,None,None,None,None,None,None,None,16.43,1.234,0.334,None,None,None,None,None,-527000000,None,0.0143,None,5293032000,2025-10-29,annual,0.92,USD,pre-market,45000000,4081490000,0.0175,0.0524,0.022,172.28,1080811000,4679510000,629187000,908001000,55.07,59.6,9.5238,21269030000,11826277000,6164767000,11462150000,9442753000,5297383000,36596111000,9806880000,23.54,None,64.46,39.88
2025-12-28,ADM,2.46,83211002000.0,23.54,None,0.686,46.86,1247000000,None,1112853000,1112853000,3584000000,-1675000000,676000000,None,-3412000000,None,None,974000000,5385840000,656000000,None,33630297000,33630297000,4014392000,None,None,4471201000,None,None,656714000,877000000,2.03,0.0351,455000000,455000000,None,4.891,0.08,1773131000,2429845000,0.84,2011-12-31,12.72,322292000,5178000000.0,2965814000,1855250000,543180000,325167000,325167000,None,365180000,None,4677508000,None,None,4050323000,None,None,2018000000,None,None,None,0.0195,-2340000000,1192683000,1773131000,1564715000,1521188000,None,None,None,None,None,None,None,16.43,1.234,0.334,None,None,None,None,None,-527000000,None,0.0143,None,5293032000,2025-10-29,annual,0.92,USD,pre-market,45000000,4081490000,0.0175,0.0524,0.022,172.28,1080811000,4679510000,629187000,908001000,55.07,59.6,9.5238,21269030000,11826277000,6164767000,11462150000,9442753000,5297383000,36596111000,9806880000,23.54,None,64.46,39.88
2025-12-28,ADM,2.46,83211002000.0,23.54,None,0.686,46.86,1607000000,None,1112853000,1112853000,-1028000000,-1708000000,-431000000,None,-144000000,None,None,-2882000000,5385840000,656000000,None,33630297000,33630297000,4014392000,None,None,4471201000,None,None,656714000,912000000,2.03,0.0351,395000000,395000000,None,4.891,0.08,1773131000,2429845000,0.84,2010-12-31,12.72,322292000,5178000000.0,2965814000,1855250000,543180000,325167000,325167000,None,365180000,None,4677508000,None,None,4050323000,None,None,1919000000,None,None,None,0.0195,2727000000,1192683000,1773131000,1564715000,1521188000,None,None,None,None,None,None,None,16.43,1.234,0.334,None,None,None,None,None,-301000000,None,0.0143,None,5293032000,2025-10-29,annual,0.92,USD,pre-market,45000000,4081490000,0.0175,0.0524,0.022,172.28,1080811000,4679510000,629187000,908001000,55.07,59.6,9.5238,21269030000,11826277000,6164767000,11462150000,9442753000,5297383000,36596111000,9806880000,23.54,None,64.46,39.88
2025-12-28,ADM,2.46,83211002000.0,23.54,None,0.686,46.86,1898000000,None,1112853000,1112853000,-3225000000,-1871000000,-9000000,None,1899000000,None,None,740000000,5385840000,656000000,None,33630297000,33630297000,4014392000,None,None,4471201000,None,None,656714000,743000000,2.03,0.0351,11000000,11000000,None,4.891,0.08,1773131000,2429845000,0.84,2009-12-31,12.72,322292000,5178000000.0,2965814000,1855250000,543180000,325167000,325167000,None,365180000,None,4677508000,None,None,4050323000,None,None,1707000000,None,None,None,0.0195,5341000000,1192683000,1773131000,1564715000,1521188000,None,None,None,None,None,None,None,16.43,1.234,0.334,None,None,None,None,None,-100000000,None,0.0143,None,5293032000,2025-10-29,annual,0.92,USD,pre-market,45000000,4081490000,0.0175,0.0524,0.022,172.28,1080811000,4679510000,629187000,908001000,55.07,59.6,9.5238,21269030000,11826277000,6164767000,11462150000,9442753000,5297383000,36596111000,9806880000,23.54,None,64.46,39.88
2025-12-28,ADM,2.46,83211002000.0,23.54,None,0.686,46.86,1779000000,None,1112853000,1112853000,5246000000,-1895000000,None,None,-4580000000,None,None,None,5385840000,656000000,None,33630297000,33630297000,4014392000,None,None,4471201000,None,None,656714000,721000000,2.03,0.0351,11000000,11000000,None,4.891,0.08,1773131000,2429845000,0.84,2008-12-31,12.72,322292000,5178000000.0,2965814000,1855250000,543180000,325167000,325167000,None,365180000,None,4677508000,None,None,4050323000,None,None,1802000000,None,None,None,0.0195,-3204000000,1192683000,1773131000,1564715000,1521188000,None,None,None,None,None,None,None,16.43,1.234,0.334,None,None,None,None,None,-100000000,None,0.0143,None,5293032000,2025-10-29,annual,0.92,USD,pre-market,45000000,4081490000,0.0175,0.0524,0.022,172.28,1080811000,4679510000,629187000,908001000,55.07,59.6,9.5238,21269030000,11826277000,6164767000,11462150000,9442753000,5297383000,36596111000,9806880000,23.54,None,64.46,39.88
2025-12-28,ADM,2.46,83211002000.0,23.54,None,0.686,46.86,1198000000,None,1112853000,1112853000,-398000000,-355000000,None,None,-1215000000,None,None,None,5385840000,656000000,None,33630297000,33630297000,4014392000,None,None,4471201000,None,None,656714000,701000000,2.03,0.0351,54000000,54000000,None,4.891,0.08,1773131000,2429845000,0.84,2007-12-31,12.72,322292000,5178000000.0,2965814000,1855250000,543180000,325167000,325167000,None,365180000,None,4677508000,None,None,4050323000,None,None,2162000000,None,None,None,0.0195,303000000,1192683000,1773131000,1564715000,1521188000,None,None,None,None,None,None,None,16.43,1.234,0.334,None,None,None,None,None,-61000000,None,0.0143,None,5293032000,2025-10-29,annual,0.92,USD,pre-market,45000000,4081490000,0.0175,0.0524,0.022,172.28,1080811000,4679510000,629187000,908001000,55.07,59.6,9.5238,21269030000,11826277000,6164767000,11462150000,9442753000,5297383000,36596111000,9806880000,23.54,None,64.46,39.88
2025-12-28,ADM,2.46,83211002000.0,23.54,None,0.686,46.86,762009000,None,1112853000,1112853000,282933000,-1068541000,None,None,-600588000,None,None,None,5385840000,656000000,None,33630297000,33630297000,4014392000,None,None,4471201000,None,None,656714000,656714000,2.03,0.0351,97000000,97000000,None,4.891,0.08,1773131000,2429845000,0.84,2006-12-31,12.72,322292000,5178000000.0,2965814000,1855250000,543180000,325167000,325167000,None,365180000,None,4677508000,None,None,4050323000,None,None,1312070000,None,None,None,0.0195,1376041000,1192683000,1773131000,1564715000,1521188000,None,None,None,None,None,None,None,16.43,1.234,0.334,None,None,None,None,None,-533000000,None,0.0143,None,5293032000,2025-10-29,annual,0.92,USD,pre-market,45000000,4081490000,0.0175,0.0524,0.022,172.28,1080811000,4679510000,629187000,908001000,55.07,59.6,9.5238,21269030000,11826277000,6164767000,11462150000,9442753000,5297383000,36596111000,9806880000,23.54,None,64.46,39.88
2025-12-28,ADM,2.46,83211002000.0,23.54,None,0.686,46.86,623819000,None,1112853000,1112853000,-1842458000,-301508000,None,None,825486000,None,None,None,5385840000,656000000,None,33630297000,33630297000,4014392000,None,None,4471201000,None,None,656714000,664652000,2.03,0.0351,209425000,209425000,None,4.891,0.08,1773131000,2429845000,0.84,2005-12-31,12.72,322292000,5178000000.0,2965814000,1855250000,543180000,325167000,325167000,None,365180000,None,4677508000,None,None,4050323000,None,None,1044385000,None,None,None,0.0195,2126179000,1192683000,1773131000,1564715000,1521188000,None,None,None,None,None,None,None,16.43,1.234,0.334,None,None,None,None,None,-1585000,None,0.0143,None,5293032000,2025-10-29,annual,0.92,USD,pre-market,45000000,4081490000,0.0175,0.0524,0.022,172.28,1080811000,4679510000,629187000,908001000,55.07,59.6,9.5238,21269030000,11826277000,6164767000,11462150000,9442753000,5297383000,36596111000,9806880000,23.54,None,64.46,39.88
