date,symbol,eps,revenue_ttm,pe_ratio,accumulateddepreciationamortizationppe,beta,book_value,capitalexpenditures,capitalleaseobligations,cashandcashequivalentsatcarryingvalue,cashandshortterminvestments,cashflowfromfinancing,cashflowfrominvestment,changeincashandcashequivalents,changeinexchangerate,changeininventory,changeinoperatingassets,changeinoperatingliabilities,changeinreceivables,commonstock,commonstocksharesoutstanding,comprehensiveincomenetoftax,costofgoodsandservicessold,costofrevenue,currentaccountspayable,currentdebt,currentlongtermdebt,currentnetreceivables,deferredrevenue,depreciation,depreciationandamortization,depreciationdepletionandamortization,dividend_per_share,dividend_yield,dividendpayout,dividendpayoutcommonstock,dividendpayoutpreferredstock,earnings_growth_yoy,earnings_surprise,ebit,ebitda,estimated_eps,fiscaldateending,forward_pe,goodwill,gross_profit_ttm,grossprofit,incomebeforetax,incometaxexpense,intangibleassets,intangibleassetsexcludinggoodwill,interestanddebtexpense,interestexpense,interestincome,inventory,investmentincomenet,investments,longtermdebt,longtermdebtnoncurrent,longterminvestments,netincome,netincomefromcontinuingoperations,netinterestincome,noninterestincome,operating_margin_ttm,operatingcashflow,operatingexpenses,operatingincome,othercurrentassets,othercurrentliabilities,othernoncurrentassets,othernoncurrentliabilities,othernonoperatingincome,paymentsforoperatingactivities,paymentsforrepurchaseofcommonstock,paymentsforrepurchaseofequity,paymentsforrepurchaseofpreferredstock,peg_ratio,price_to_book,price_to_sales_ttm,proceedsfromissuanceofcommonstock,proceedsfromissuanceoflongtermdebtandcapitalsecuritiesnet,proceedsfromissuanceofpreferredstock,proceedsfromoperatingactivities,proceedsfromrepaymentsofshorttermdebt,proceedsfromrepurchaseofequity,proceedsfromsaleoftreasurystock,profit_margin,profitloss,propertyplantequipment,report_date,report_type,reported_eps,reportedcurrency,reporttime,researchanddevelopment,retainedearnings,return_on_assets_ttm,return_on_equity_ttm,revenue_growth_yoy,revenue_per_share_ttm,sellinggeneralandadministrative,shortlongtermdebttotal,shorttermdebt,shortterminvestments,sma_200,sma_50,surprise_pct,totalassets,totalcurrentassets,totalcurrentliabilities,totalliabilities,totalnoncurrentassets,totalnoncurrentliabilities,totalrevenue,totalshareholderequity,trailing_pe,treasurystock,week_52_high,week_52_low
1996-03-31,ADP,,,,,,,,,,,,,,,,,,,,,,,,,,,,,,,,,,,,,,0.0,,,0.25,,,,,,,,,,,,,,,,,,,,,,,,,,,,,,,,,,,,,,,,,,,,,,,,,1996-04-11,,0.25,,pre-market,,,,,,,,,,,,,0.0,,,,,,,,,,,,
1996-06-30,ADP,,,,,,,,,,,,,,,,,,,,,,,,,,,,,,,,,,,,,,0.0,,,0.21,,,,,,,,,,,,,,,,,,,,,,,,,,,,,,,,,,,,,,,,,,,,,,,,,1996-08-14,,0.21,,pre-market,,,,,,,,,,,,,0.0,,,,,,,,,,,,
1996-09-30,ADP,,,,,,,,,,,,,,,,,,,,,,,,,,,,,,,,,,,,,,-0.01,,,0.17,,,,,,,,,,,,,,,,,,,,,,,,,,,,,,,,,,,,,,,,,,,,,,,,,1996-10-11,,0.16,,pre-market,,,,,,,,,,,,,-5.8824,,,,,,,,,,,,
1996-12-31,ADP,,,,,,,,,,,,,,,,,,,,,,,,,,,,,,,,,,,,,,0.0,,,0.22,,,,,,,,,,,,,,,,,,,,,,,,,,,,,,,,,,,,,,,,,,,,,,,,,1997-01-16,,0.22,,pre-market,,,,,,,,,,,,,0.0,,,,,,,,,,,,
1997-03-31,ADP,,,,,,,,,,,,,,,,,,,,,,,,,,,,,,,,,,,,,,-0.01,,,0.29,,,,,,,,,,,,,,,,,,,,,,,,,,,,,,,,,,,,,,,,,,,,,,,,,1997-04-14,,0.28,,pre-market,,,,,,,,,,,,,-3.4483,,,,,,,,,,,,
1997-06-30,ADP,,,,,,,,,,,,,,,,,,,,,,,,,,,,,,,,,,,,,,0.0,,,0.24,,,,,,,,,,,,,,,,,,,,,,,,,,,,,,,,,,,,,,,,,,,,,,,,,1997-08-20,,0.24,,pre-market,,,,,,,,,,,,,0.0,,,,,,,,,,,,
1997-09-30,ADP,,,,,,,,,,,,,,,,,,,,,,,,,,,,,,,,,,,,,,-0.01,,,0.19,,,,,,,,,,,,,,,,,,,,,,,,,,,,,,,,,,,,,,,,,,,,,,,,,1997-10-14,,0.18,,pre-market,,,,,,,,,,,,,-5.2632,,,,,,,,,,,,
1997-12-31,ADP,,,,,,,,,,,,,,,,,,,,,,,,,,,,,,,,,,,,,,0.0,,,0.25,,,,,,,,,,,,,,,,,,,,,,,,,,,,,,,,,,,,,,,,,,,,,,,,,1998-01-16,,0.25,,pre-market,,,,,,,,,,,,,0.0,,,,,,,,,,,,
1998-03-31,ADP,,,,,,,,,,,,,,,,,,,,,,,,,,,,,,,,,,,,,,-0.01,,,0.32,,,,,,,,,,,,,,,,,,,,,,,,,,,,,,,,,,,,,,,,,,,,,,,,,1998-04-15,,0.31,,pre-market,,,,,,,,,,,,,-3.125,,,,,,,,,,,,
1998-06-30,ADP,,,,,,,,,,,,,,,,,,,,,,,,,,,,,,,,,,,,,,0.0,,,0.27,,,,,,,,,,,,,,,,,,,,,,,,,,,,,,,,,,,,,,,,,,,,,,,,,1998-08-13,,0.27,,pre-market,,,,,,,,,,,,,0.0,,,,,,,,,,,,
1998-09-30,ADP,,,,,,,,,,,,,,,,,,,,,,,,,,,,,,,,,,,,,,0.0,,,0.2,,,,,,,,,,,,,,,,,,,,,,,,,,,,,,,,,,,,,,,,,,,,,,,,,1998-10-13,,0.2,,pre-market,,,,,,,,,,,,,0.0,,,,,,,,,,,,
1998-12-31,ADP,,,,,,,,,,,,,,,,,,,,,,,,,,,,,,,,,,,,,,-0.01,,,0.28,,,,,,,,,,,,,,,,,,,,,,,,,,,,,,,,,,,,,,,,,,,,,,,,,1999-01-14,,0.27,,pre-market,,,,,,,,,,,,,-3.5714,,,,,,,,,,,,
1999-03-31,ADP,,,,,,,,,,,,,,,,,,,,,,,,,,,,,,,,,,,,,,0.02,,,0.35,,,,,,,,,,,,,,,,,,,,,,,,,,,,,,,,,,,,,,,,,,,,,,,,,1999-04-15,,0.37,,pre-market,,,,,,,,,,,,,5.7143,,,,,,,,,,,,
1999-06-30,ADP,,,,,,,,,,,,,,,,,,,,,,,,,,,,,,,,,,,,,,-0.03,,,0.33,,,,,,,,,,,,,,,,,,,,,,,,,,,,,,,,,,,,,,,,,,,,,,,,,1999-08-10,,0.3,,pre-market,,,,,,,,,,,,,-9.0909,,,,,,,,,,,,
1999-09-30,ADP,,,,,,,,,,,,,,,,,,,,,,,,,,,,,,,,,,,,,,0.0,,,0.23,,,,,,,,,,,,,,,,,,,,,,,,,,,,,,,,,,,,,,,,,,,,,,,,,1999-10-14,,0.23,,pre-market,,,,,,,,,,,,,0.0,,,,,,,,,,,,
1999-12-31,ADP,,,,,,,,,,,,,,,,,,,,,,,,,,,,,,,,,,,,,,-0.01,,,0.32,,,,,,,,,,,,,,,,,,,,,,,,,,,,,,,,,,,,,,,,,,,,,,,,,2000-01-18,,0.31,,pre-market,,,,,,,,,,,,,-3.125,,,,,,,,,,,,
2000-03-31,ADP,,,,,,,,,,,,,,,,,,,,,,,,,,,,,,,,,,,,,,0.01,,,0.41,,,,,,,,,,,,,,,,,,,,,,,,,,,,,,,,,,,,,,,,,,,,,,,,,2000-04-18,,0.42,,pre-market,,,,,,,,,,,,,2.439,,,,,,,,,,,,
2000-06-30,ADP,,,,,,,,,,,,,,,,,,,,,,,,,,,,,,,,,,,,,,0.0,,,0.35,,,,,,,,,,,,,,,,,,,,,,,,,,,,,,,,,,,,,,,,,,,,,,,,,2000-08-14,,0.35,,pre-market,,,,,,,,,,,,,0.0,,,,,,,,,,,,
2000-09-30,ADP,,,,,,,,,,,,,,,,,,,,,,,,,,,,,,,,,,,,,,0.0,,,0.27,,,,,,,,,,,,,,,,,,,,,,,,,,,,,,,,,,,,,,,,,,,,,,,,,2000-10-13,,0.27,,pre-market,,,,,,,,,,,,,0.0,,,,,,,,,,,,
2000-12-31,ADP,,,,,,,,,,,,,,,,,,,,,,,,,,,,,,,,,,,,,,0.0,,,0.36,,,,,,,,,,,,,,,,,,,,,,,,,,,,,,,,,,,,,,,,,,,,,,,,,2001-01-17,,0.36,,pre-market,,,,,,,,,,,,,0.0,,,,,,,,,,,,
2001-03-31,ADP,,,,,,,,,,,,,,,,,,,,,,,,,,,,,,,,,,,,,,0.01,,,0.48,,,,,,,,,,,,,,,,,,,,,,,,,,,,,,,,,,,,,,,,,,,,,,,,,2001-04-16,,0.49,,pre-market,,,,,,,,,,,,,2.0833,,,,,,,,,,,,
2001-06-30,ADP,,,,,,,,,,,,,,,,,,,,,,,,,,,,,,,,,,,,,,-0.01,,,0.41,,,,,,,,,,,,,,,,,,,,,,,,,,,,,,,,,,,,,,,,,,,,,,,,,2001-08-13,,0.4,,pre-market,,,,,,,,,,,,,-2.439,,,,,,,,,,,,
2001-09-30,ADP,,,,,,,,,,,,,,,,,,,,,,,,,,,,,,,,,,,,,,-0.01,,,0.32,,,,,,,,,,,,,,,,,,,,,,,,,,,,,,,,,,,,,,,,,,,,,,,,,2001-10-17,,0.31,,pre-market,,,,,,,,,,,,,-3.125,,,,,,,,,,,,
2001-12-31,ADP,,,,,,,,,,,,,,,,,,,,,,,,,,,,,,,,,,,,,,0.01,,,0.41,,,,,,,,,,,,,,,,,,,,,,,,,,,,,,,,,,,,,,,,,,,,,,,,,2002-01-17,,0.42,,pre-market,,,,,,,,,,,,,2.439,,,,,,,,,,,,
2002-03-31,ADP,,,,,,,,,,,,,,,,,,,,,,,,,,,,,,,,,,,,,,0.01,,,0.55,,,,,,,,,,,,,,,,,,,,,,,,,,,,,,,,,,,,,,,,,,,,,,,,,2002-04-15,,0.56,,pre-market,,,,,,,,,,,,,1.8182,,,,,,,,,,,,
2002-06-30,ADP,,,,,,,,,,,,,,,,,,,,,,,,,,,,,,,,,,,,,,-0.01,,,0.47,,,,,,,,,,,,,,,,,,,,,,,,,,,,,,,,,,,,,,,,,,,,,,,,,2002-07-17,,0.46,,pre-market,,,,,,,,,,,,,-2.1277,,,,,,,,,,,,
2002-09-30,ADP,,,,,,,,,,,,,,,,,,,,,,,,,,,,,,,,,,,,,,0.0,,,0.34,,,,,,,,,,,,,,,,,,,,,,,,,,,,,,,,,,,,,,,,,,,,,,,,,2002-10-17,,0.34,,pre-market,,,,,,,,,,,,,0.0,,,,,,,,,,,,
2002-12-31,ADP,,,,,,,,,,,,,,,,,,,,,,,,,,,,,,,,,,,,,,0.0,,,0.43,,,,,,,,,,,,,,,,,,,,,,,,,,,,,,,,,,,,,,,,,,,,,,,,,2003-01-15,,0.43,,pre-market,,,,,,,,,,,,,0.0,,,,,,,,,,,,
2003-03-31,ADP,,,,,,,,,,,,,,,,,,,,,,,,,,,,,,,,,,,,,,0.02,,,0.52,,,,,,,,,,,,,,,,,,,,,,,,,,,,,,,,,,,,,,,,,,,,,,,,,2003-04-17,,0.54,,pre-market,,,,,,,,,,,,,3.8462,,,,,,,,,,,,
2003-06-30,ADP,,,,,,,,,,,,,,,,,,,,,,,,,,,,,,,,,,,,,,-0.02,,,0.38,,,,,,,,,,,,,,,,,,,,,,,,,,,,,,,,,,,,,,,,,,,,,,,,,2003-07-29,,0.36,,pre-market,,,,,,,,,,,,,-5.2632,,,,,,,,,,,,
2003-09-30,ADP,,,,,,,,,,,,,,,,,,,,,,,,,,,,,,,,,,,,,,0.03,,,0.29,,,,,,,,,,,,,,,,,,,,,,,,,,,,,,,,,,,,,,,,,,,,,,,,,2003-10-17,,0.32,,pre-market,,,,,,,,,,,,,10.3448,,,,,,,,,,,,
2003-12-31,ADP,,,,,,,,,,,,,,,,,,,,,,,,,,,,,,,,,,,,,,0.01,,,0.37,,,,,,,,,,,,,,,,,,,,,,,,,,,,,,,,,,,,,,,,,,,,,,,,,2004-01-22,,0.38,,pre-market,,,,,,,,,,,,,2.7027,,,,,,,,,,,,
2004-03-31,ADP,,,,,,,,,,,,,,,,,,,,,,,,,,,,,,,,,,,,,,0.0,,,0.5,,,,,,,,,,,,,,,,,,,,,,,,,,,,,,,,,,,,,,,,,,,,,,,,,2004-04-22,,0.5,,pre-market,,,,,,,,,,,,,0.0,,,,,,,,,,,,
2004-06-30,ADP,,,,,,,,,,,,,,,,,,,,,,,,,,,,,,,,,,,,,,0.01,,,0.35,,,,,,,,,,,,,,,,,,,,,,,,,,,,,,,,,,,,,,,,,,,,,,,,,2004-07-27,,0.36,,pre-market,,,,,,,,,,,,,2.8571,,,,,,,,,,,,
2004-09-30,ADP,,,,,,,,,,,,,,,,,,,,,,,,,,,,,,,,,,,,,,0.02,,,0.33,,,,,,,,,,,,,,,,,,,,,,,,,,,,,,,,,,,,,,,,,,,,,,,,,2004-10-25,,0.35,,pre-market,,,,,,,,,,,,,6.0606,,,,,,,,,,,,
2004-12-31,ADP,,,,,,,,,,,,,,,,,,,,,,,,,,,,,,,,,,,,,,0.0,,,0.42,,,,,,,,,,,,,,,,,,,,,,,,,,,,,,,,,,,,,,,,,,,,,,,,,2005-01-21,,0.42,,pre-market,,,,,,,,,,,,,0.0,,,,,,,,,,,,
2005-03-31,ADP,,,,,,,,,,,,,,,,,,,,,,,,,,,,,,,,,,,,,,0.0,,,0.57,,,,,,,,,,,,,,,,,,,,,,,,,,,,,,,,,,,,,,,,,,,,,,,,,2005-04-21,,0.57,,pre-market,,,,,,,,,,,,,0.0,,,,,,,,,,,,
2005-06-30,ADP,,,,,,,,,,,,,,,,,,,,,,,,,,,,,,,,,,,,,,0.0,,,0.44,,,,,,,,,,,,,,,,,,,,,,,,,,,,,,,,,,,,,,,,,,,,,,,,,2005-07-26,,0.44,,pre-market,,,,,,,,,,,,,0.0,,,,,,,,,,,,
2005-09-30,ADP,,,,,,,,,,,,,,,,,,,,,,,,,,,,,,,,,,,,,,0.0,,,0.35,,,,,,,,,,,,,,,,,,,,,,,,,,,,,,,,,,,,,,,,,,,,,,,,,2005-10-26,,0.35,,pre-market,,,,,,,,,,,,,0.0,,,,,,,,,,,,
2005-12-31,ADP,,,,,,,,,,,,,,,,,,,,,,,,,,,,,,,,,,,,,,-0.01,,,0.45,,,,,,,,,,,,,,,,,,,,,,,,,,,,,,,,,,,,,,,,,,,,,,,,,2006-01-25,,0.44,,pre-market,,,,,,,,,,,,,-2.2222,,,,,,,,,,,,
2006-03-31,ADP,,,,,,,,,,,,,,,,,,,,,,,,,,,,,,,,,,,,,,-0.01,,,0.62,,,,,,,,,,,,,,,,,,,,,,,,,,,,,,,,,,,,,,,,,,,,,,,,,2006-04-28,,0.61,,pre-market,,,,,,,,,,,,,-1.6129,,,,,,,,,,,,
2006-06-30,ADP,,,,,,,,,,,,,,,,,,,,,,,,,,,,,,,,,,,,,,-0.02,,,0.46,,,,,,,,,,,,,,,,,,,,,,,,,,,,,,,,,,,,,,,,,,,,,,,,,2006-08-02,,0.44,,pre-market,,,,,,,,,,,,,-4.3478,,,,,,,,,,,,
2006-09-30,ADP,,,,,,,,,,,,,,,,,,,,,,,,,,,,,,,,,,,,,,0.0,,,0.43,,,,,,,,,,,,,,,,,,,,,,,,,,,,,,,,,,,,,,,,,,,,,,,,,2006-10-31,,0.43,,pre-market,,,,,,,,,,,,,0.0,,,,,,,,,,,,
2006-12-31,ADP,,,,,,,,,,,,,,,,,,,,,,,,,,,,,,,,,,,,,,0.0,,,0.51,,,,,,,,,,,,,,,,,,,,,,,,,,,,,,,,,,,,,,,,,,,,,,,,,2007-02-06,,0.51,,pre-market,,,,,,,,,,,,,0.0,,,,,,,,,,,,
2007-03-31,ADP,,,,,,,,,,,,,,,,,,,,,,,,,,,,,,,,,,,,,,0.02,,,0.63,,,,,,,,,,,,,,,,,,,,,,,,,,,,,,,,,,,,,,,,,,,,,,,,,2007-05-01,,0.65,,pre-market,,,,,,,,,,,,,3.1746,,,,,,,,,,,,
2007-06-30,ADP,,,,,,,,,,,,,,,,,,,,,,,,,,,,,,,,,,,,,,-0.01,,,0.36,,,,,,,,,,,,,,,,,,,,,,,,,,,,,,,,,,,,,,,,,,,,,,,,,2007-07-31,,0.35,,pre-market,,,,,,,,,,,,,-2.7778,,,,,,,,,,,,
2007-09-30,ADP,,,,,,,,,,,,,,,,,,,,,,,,,,,,,,,,,,,,,,0.02,,,0.43,,,,,,,,,,,,,,,,,,,,,,,,,,,,,,,,,,,,,,,,,,,,,,,,,2007-10-30,,0.45,,pre-market,,,,,,,,,,,,,4.6512,,,,,,,,,,,,
2007-12-31,ADP,,,,,,,,,,,,,,,,,,,,,,,,,,,,,,,,,,,,,,0.02,,,0.53,,,,,,,,,,,,,,,,,,,,,,,,,,,,,,,,,,,,,,,,,,,,,,,,,2008-02-01,,0.55,,pre-market,,,,,,,,,,,,,3.7736,,,,,,,,,,,,
2008-03-31,ADP,,,,,,,,,,,,,,,,,,,,,,,,,,,,,,,,,,,,,,0.02,,,0.75,,,,,,,,,,,,,,,,,,,,,,,,,,,,,,,,,,,,,,,,,,,,,,,,,2008-05-01,,0.77,,pre-market,,,,,,,,,,,,,2.6667,,,,,,,,,,,,
2008-06-30,ADP,,,,,,,,,,,,,,,,,,,,,,,,,,,,,,,,,,,,,,0.01,,,0.41,,,,,,,,,,,,,,,,,,,,,,,,,,,,,,,,,,,,,,,,,,,,,,,,,2008-07-31,,0.42,,pre-market,,,,,,,,,,,,,2.439,,,,,,,,,,,,
2008-09-30,ADP,,,,,,,,,,,,,,,,,,,,,,,,,,,,,,,,,,,,,,0.04,,,0.5,,,,,,,,,,,,,,,,,,,,,,,,,,,,,,,,,,,,,,,,,,,,,,,,,2008-11-03,,0.54,,pre-market,,,,,,,,,,,,,8.0,,,,,,,,,,,,
2008-12-31,ADP,,,,,,,,,,,,,,,,,,,,,,,,,,,,,,,,,,,,,,0.03,,,0.56,,,,,,,,,,,,,,,,,,,,,,,,,,,,,,,,,,,,,,,,,,,,,,,,,2009-02-03,,0.59,,pre-market,,,,,,,,,,,,,5.3571,,,,,,,,,,,,
2009-03-31,ADP,,,,,,,,,,,,,,,,,,,,,,,,,,,,,,,,,,,,,,0.0,,,0.8,,,,,,,,,,,,,,,,,,,,,,,,,,,,,,,,,,,,,,,,,,,,,,,,,2009-05-05,,0.8,,pre-market,,,,,,,,,,,,,0.0,,,,,,,,,,,,
2009-06-30,ADP,,,,,,,,,,,,,,,,,,,,,,,,,,,,,,,,,,,,,,0.0,,,0.45,,,,,,,,,,,,,,,,,,,,,,,,,,,,,,,,,,,,,,,,,,,,,,,,,2009-07-30,,0.45,,pre-market,,,,,,,,,,,,,0.0,,,,,,,,,,,,
2009-09-30,ADP,,,,,,,,,,,,,,,,,,,,,,,,,,,,,,,,,,,,,,0.06,,,0.5,,,,,,,,,,,,,,,,,,,,,,,,,,,,,,,,,,,,,,,,,,,,,,,,,2009-11-04,,0.56,,pre-market,,,,,,,,,,,,,12.0,,,,,,,,,,,,
2009-12-31,ADP,,,,,,,,,,,,,,,,,,,,,,,,,,,,,,,,,,,,,,0.03,,,0.57,,,,,,,,,,,,,,,,,,,,,,,,,,,,,,,,,,,,,,,,,,,,,,,,,2010-02-02,,0.6,,pre-market,,,,,,,,,,,,,5.2632,,,,,,,,,,,,
2010-03-31,ADP,,,,,,,,,,,,,,,,,,,,,,,,,,,,,,,,,,,,,,0.01,,,0.78,,,,,,,,,,,,,,,,,,,,,,,,,,,,,,,,,,,,,,,,,,,,,,,,,2010-04-27,,0.79,,pre-market,,,,,,,,,,,,,1.2821,,,,,,,,,,,,
2010-06-30,ADP,,,,,,,,,,,,,,,,,,,,,,,,,,,,,,,,,,,,,,0.0,,,0.42,,,,,,,,,,,,,,,,,,,,,,,,,,,,,,,,,,,,,,,,,,,,,,,,,2010-07-29,,0.42,,pre-market,,,,,,,,,,,,,0.0,,,,,,,,,,,,
2010-09-30,ADP,,,,,,,,,,,,,,,,,,,,,,,,,,,,,,,,,,,,,,0.03,,,0.53,,,,,,,,,,,,,,,,,,,,,,,,,,,,,,,,,,,,,,,,,,,,,,,,,2010-10-27,,0.56,,pre-market,,,,,,,,,,,,,5.6604,,,,,,,,,,,,
2010-12-31,ADP,,,,,,,,,,,,,,,,,,,,,,,,,,,,,,,,,,,,,,0.01,,,0.61,,,,,,,,,,,,,,,,,,,,,,,,,,,,,,,,,,,,,,,,,,,,,,,,,2011-01-26,,0.62,,pre-market,,,,,,,,,,,,,1.6393,,,,,,,,,,,,
2011-03-31,ADP,,,,,,,,,,,,,,,,,,,,,,,,,,,,,,,,,,,,,,0.0,,,0.85,,,,,,,,,,,,,,,,,,,,,,,,,,,,,,,,,,,,,,,,,,,,,,,,,2011-05-02,,0.85,,pre-market,,,,,,,,,,,,,0.0,,,,,,,,,,,,
2011-06-30,ADP,,,,,,,,,,,,,,,,,,,,,,,,,,,,,,,,,,,,,,-0.01,,,0.49,,,,,,,,,,,,,,,,,,,,,,,,,,,,,,,,,,,,,,,,,,,,,,,,,2011-07-28,,0.48,,pre-market,,,,,,,,,,,,,-2.0408,,,,,,,,,,,,
2011-09-30,ADP,,,,,,,,,,,,,,,,,,,,,,,,,,,,,,,,,,,,,,0.0,,,0.61,,,,,,,,,,,,,,,,,,,,,,,,,,,,,,,,,,,,,,,,,,,,,,,,,2011-10-26,,0.61,,pre-market,,,,,,,,,,,,,0.0,,,,,,,,,,,,
2011-12-31,ADP,,,,,,,,,,,,,,,,,,,,,,,,,,,,,,,,,,,,,,0.0,,,0.68,,,,,,,,,,,,,,,,,,,,,,,,,,,,,,,,,,,,,,,,,,,,,,,,,2012-01-25,,0.68,,pre-market,,,,,,,,,,,,,0.0,,,,,,,,,,,,
2012-03-31,ADP,,,,,,,,,,,,,,,,,,,,,,,,,,,,,,,,,,,,,,0.01,,,0.91,,,,,,,,,,,,,,,,,,,,,,,,,,,,,,,,,,,,,,,,,,,,,,,,,2012-05-01,,0.92,,pre-market,,,,,,,,,,,,,1.0989,,,,,,,,,,,,
2012-06-30,ADP,,,,,,,,,,,,,,,,,,,,,,,,,,,,,,,,,,,,,,0.0,,,0.53,,,,,,,,,,,,,,,,,,,,,,,,,,,,,,,,,,,,,,,,,,,,,,,,,2012-08-01,,0.53,,pre-market,,,,,,,,,,,,,0.0,,,,,,,,,,,,
2012-09-30,ADP,,,,,,,,,,,,,,,,,,,,,,,,,,,,,,,,,,,,,,0.0,,,0.62,,,,,,,,,,,,,,,,,,,,,,,,,,,,,,,,,,,,,,,,,,,,,,,,,2012-11-01,,0.62,,pre-market,,,,,,,,,,,,,0.0,,,,,,,,,,,,
2012-12-31,ADP,,,,,,,,,,,,,,,,,,,,,,,,,,,,,,,,,,,,,,0.01,,,0.71,,,,,,,,,,,,,,,,,,,,,,,,,,,,,,,,,,,,,,,,,,,,,,,,,2013-02-05,,0.72,,pre-market,,,,,,,,,,,,,1.4085,,,,,,,,,,,,
2013-03-31,ADP,,,,,,,,,,,,,,,,,,,,,,,,,,,,,,,,,,,,,,0.01,,,0.98,,,,,,,,,,,,,,,,,,,,,,,,,,,,,,,,,,,,,,,,,,,,,,,,,2013-05-03,,0.99,,pre-market,,,,,,,,,,,,,1.0204,,,,,,,,,,,,
2013-06-30,ADP,,,,,,,,,,,,,,,,,,,,,,,,,,,,,,,,,,,,,,-0.02,,,0.57,,,,,,,,,,,,,,,,,,,,,,,,,,,,,,,,,,,,,,,,,,,,,,,,,2013-08-01,,0.55,,pre-market,,,,,,,,,,,,,-3.5088,,,,,,,,,,,,
2013-09-30,ADP,,,,,,,,,,,,,,,,,,,,,,,,,,,,,,,,,,,,,,0.02,,,0.66,,,,,,,,,,,,,,,,,,,,,,,,,,,,,,,,,,,,,,,,,,,,,,,,,2013-10-30,,0.68,,pre-market,,,,,,,,,,,,,3.0303,,,,,,,,,,,,
2013-12-31,ADP,,,,,,,,,,,,,,,,,,,,,,,,,,,,,,,,,,,,,,0.03,,,0.77,,,,,,,,,,,,,,,,,,,,,,,,,,,,,,,,,,,,,,,,,,,,,,,,,2014-02-05,,0.8,,pre-market,,,,,,,,,,,,,3.8961,,,,,,,,,,,,
2014-03-31,ADP,,,,,,,,,,,,,,,,,,,,,,,,,,,,,,,,,,,,,,-0.02,,,1.08,,,,,,,,,,,,,,,,,,,,,,,,,,,,,,,,,,,,,,,,,,,,,,,,,2014-04-30,,1.06,,pre-market,,,,,,,,,,,,,-1.8519,,,,,,,,,,,,
2014-06-30,ADP,,,,,,,,,,,,,,,,,,,,,,,,,,,,,,,,,,,,,,0.0,,,0.63,,,,,,,,,,,,,,,,,,,,,,,,,,,,,,,,,,,,,,,,,,,,,,,,,2014-07-31,,0.63,,pre-market,,,,,,,,,,,,,0.0,,,,,,,,,,,,
2014-09-30,ADP,,,,,,,,,,,,,,,,,,,,,,,,,,,,,,,,,,,,,,0.02,,,0.6,,,,,,,,,,,,,,,,,,,,,,,,,,,,,,,,,,,,,,,,,,,,,,,,,2014-10-29,,0.62,,pre-market,,,,,,,,,,,,,3.3333,,,,,,,,,,,,
2014-12-31,ADP,,,,,,,,,,,,,,,,,,,,,,,,,,,,,,,,,,,,,,0.02,,,0.68,,,,,,,,,,,,,,,,,,,,,,,,,,,,,,,,,,,,,,,,,,,,,,,,,2015-02-04,,0.7,,pre-market,,,,,,,,,,,,,2.9412,,,,,,,,,,,,
2015-03-31,ADP,,,,,,,,,,,,,,,,,,,,,,,,,,,,,,,,,,,,,,0.02,,,1.02,,,,,,,,,,,,,,,,,,,,,,,,,,,,,,,,,,,,,,,,,,,,,,,,,2015-04-30,,1.04,,pre-market,,,,,,,,,,,,,1.9608,,,,,,,,,,,,
2015-06-30,ADP,,,,,,,,,,,,,,,,,,,,,,,,,,,,,,,,,,,,,,-0.04,,,0.59,,,,,,,,,,,,,,,,,,,,,,,,,,,,,,,,,,,,,,,,,,,,,,,,,2015-07-30,,0.55,,pre-market,,,,,,,,,,,,,-6.7797,,,,,,,,,,,,
2015-09-30,ADP,,,,,,,,,,,,,,,,,,,,,,,,,,,,,,,,,,,,,,0.03,,,0.65,,,,,,,,,,,,,,,,,,,,,,,,,,,,,,,,,,,,,,,,,,,,,,,,,2015-10-28,,0.68,,pre-market,,,,,,,,,,,,,4.6154,,,,,,,,,,,,
2015-12-31,ADP,,,,,,,,,,,,,,,,,,,,,,,,,,,,,,,,,,,,,,0.0,,,0.72,,,,,,,,,,,,,,,,,,,,,,,,,,,,,,,,,,,,,,,,,,,,,,,,,2016-02-03,,0.72,,pre-market,,,,,,,,,,,,,0.0,,,,,,,,,,,,
2016-03-31,ADP,,,,,,,,,,,,,,,,,,,,,,,,,,,,,,,,,,,,,,-0.01,,,1.18,,,,,,,,,,,,,,,,,,,,,,,,,,,,,,,,,,,,,,,,,,,,,,,,,2016-04-28,,1.17,,pre-market,,,,,,,,,,,,,-0.8475,,,,,,,,,,,,
2016-06-30,ADP,,,,,,,,,,,,,,,,,,,,,,,,,,,,,,,,,,,,,,0.02,,,0.67,,,,,,,,,,,,,,,,,,,,,,,,,,,,,,,,,,,,,,,,,,,,,,,,,2016-07-28,,0.69,,pre-market,,,,,,,,,,,,,2.9851,,,,,,,,,,,,
2016-09-30,ADP,,,,,,,,,,,,,,,,,,,,,,,,,,,,,,,,,,,,,,0.1,,,0.76,,,,,,,,,,,,,,,,,,,,,,,,,,,,,,,,,,,,,,,,,,,,,,,,,2016-11-02,,0.86,,pre-market,,,,,,,,,,,,,13.1579,,,,,,,,,,,,
2016-12-31,ADP,,,,,,,,,,,,,,,,,,,,,,,,,,,,,,,,,,,,,,0.06,,,0.81,,,,,,,,,,,,,,,,,,,,,,,,,,,,,,,,,,,,,,,,,,,,,,,,,2017-02-01,,0.87,,pre-market,,,,,,,,,,,,,7.4074,,,,,,,,,,,,
2017-03-31,ADP,,,,,,,,,,,,,,,,,,,,,,,,,,,,,,,,,,,,,,0.08,,,1.23,,,,,,,,,,,,,,,,,,,,,,,,,,,,,,,,,,,,,,,,,,,,,,,,,2017-05-03,,1.31,,pre-market,,,,,,,,,,,,,6.5041,,,,,,,,,,,,
2017-06-30,ADP,,,,,,,,,,,,,,,,,,,,,,,,,,,,,,,,,,,,,,-0.01,,,0.67,,,,,,,,,,,,,,,,,,,,,,,,,,,,,,,,,,,,,,,,,,,,,,,,,2017-07-27,,0.66,,pre-market,,,,,,,,,,,,,-1.4925,,,,,,,,,,,,
2017-09-30,ADP,,,,,,,,,,,,,,,,,,,,,,,,,,,,,,,,,,,,,,0.06,,,0.85,,,,,,,,,,,,,,,,,,,,,,,,,,,,,,,,,,,,,,,,,,,,,,,,,2017-11-02,,0.91,,pre-market,,,,,,,,,,,,,7.0588,,,,,,,,,,,,
2017-12-31,ADP,,,,,,,,,,,,,,,,,,,,,,,,,,,,,,,,,,,,,,0.09,,,0.9,,,,,,,,,,,,,,,,,,,,,,,,,,,,,,,,,,,,,,,,,,,,,,,,,2018-01-31,,0.99,,pre-market,,,,,,,,,,,,,10.0,,,,,,,,,,,,
2018-03-31,ADP,,,,,,,,,,,,,,,,,,,,,,,,,,,,,,,,,,,,,,0.08,,,1.44,,,,,,,,,,,,,,,,,,,,,,,,,,,,,,,,,,,,,,,,,,,,,,,,,2018-05-02,,1.52,,pre-market,,,,,,,,,,,,,5.5556,,,,,,,,,,,,
2018-06-30,ADP,,,,,,,,,,,,,,,,,,,,,,,,,,,,,,,,,,,,,,0.02,,,0.9,,,,,,,,,,,,,,,,,,,,,,,,,,,,,,,,,,,,,,,,,,,,,,,,,2018-08-01,,0.92,,pre-market,,,,,,,,,,,,,2.2222,,,,,,,,,,,,
2018-09-30,ADP,,,,,,,,,,,,,,,,,,,,,,,,,,,,,,,,,,,,,,0.09,,,1.11,,,,,,,,,,,,,,,,,,,,,,,,,,,,,,,,,,,,,,,,,,,,,,,,,2018-10-31,,1.2,,pre-market,,,,,,,,,,,,,8.1081,,,,,,,,,,,,
2018-12-31,ADP,,,,,,,,,,,,,,,,,,,,,,,,,,,,,,,,,,,,,,0.16,,,1.18,,,,,,,,,,,,,,,,,,,,,,,,,,,,,,,,,,,,,,,,,,,,,,,,,2019-01-30,,1.34,,pre-market,,,,,,,,,,,,,13.5593,,,,,,,,,,,,
2019-03-31,ADP,,,,,,,,,,,,,,,,,,,,,,,,,,,,,,,,,,,,,,0.08,,,1.69,,,,,,,,,,,,,,,,,,,,,,,,,,,,,,,,,,,,,,,,,,,,,,,,,2019-05-01,,1.77,,pre-market,,,,,,,,,,,,,4.7337,,,,,,,,,,,,
2019-06-30,ADP,,,,,,,,,,,,,,,,,,,,,,,,,,,,,,,,,,,,,,0.01,,,1.13,,,,,,,,,,,,,,,,,,,,,,,,,,,,,,,,,,,,,,,,,,,,,,,,,2019-07-31,,1.14,,pre-market,,,,,,,,,,,,,0.885,,,,,,,,,,,,
2019-09-30,ADP,,,,,,,,,,,,,,,,,,,,,,,,,,,,,,,,,,,,,,0.01,,,1.33,,,,,,,,,,,,,,,,,,,,,,,,,,,,,,,,,,,,,,,,,,,,,,,,,2019-10-30,,1.34,,pre-market,,,,,,,,,,,,,0.7519,,,,,,,,,,,,
2019-12-31,ADP,,,,,,,,,,,,,,,,,,,,,,,,,,,,,,,,,,,,,,0.07,,,1.45,,,,,,,,,,,,,,,,,,,,,,,,,,,,,,,,,,,,,,,,,,,,,,,,,2020-01-29,,1.52,,pre-market,,,,,,,,,,,,,4.8276,,,,,,,,,,,,
2020-03-31,ADP,,,,,,,,,,,,,,,,,,,,,,,,,,,,,,,,,,,,,,0.03,,,1.89,,,,,,,,,,,,,,,,,,,,,,,,,,,,,,,,,,,,,,,,,,,,,,,,,2020-04-29,,1.92,,pre-market,,,,,,,,,,,,,1.5873,,,,,,,,,,,,
2020-06-30,ADP,,,,,,,,,,,,,,,,,,,,,,,,,,,,,,,,,,,,,,0.18,,,0.96,,,,,,,,,,,,,,,,,,,,,,,,,,,,,,,,,,,,,,,,,,,,,,,,,2020-07-29,,1.14,,pre-market,,,,,,,,,,,,,18.75,,,,,,,,,,,,
2020-09-30,ADP,,,,,,,,,,,,,,,,,,,,,,,,,,,,,,,,,,,,,,0.43,,,0.98,,,,,,,,,,,,,,,,,,,,,,,,,,,,,,,,,,,,,,,,,,,,,,,,,2020-10-28,,1.41,,pre-market,,,,,,,,,,,,,43.8776,,,,,,,,,,,,
2020-12-31,ADP,,,,,,,,,,,,,,,,,,,,,,,,,,,,,,,,,,,,,,0.23,,,1.29,,,,,,,,,,,,,,,,,,,,,,,,,,,,,,,,,,,,,,,,,,,,,,,,,2021-01-27,,1.52,,pre-market,,,,,,,,,,,,,17.8295,,,,,,,,,,,,
2021-03-31,ADP,,,,,,,,,,,,,,,,,,,,,,,,,,,,,,,,,,,,,,0.07,,,1.82,,,,,,,,,,,,,,,,,,,,,,,,,,,,,,,,,,,,,,,,,,,,,,,,,2021-04-28,,1.89,,pre-market,,,,,,,,,,,,,3.8462,,,,,,,,,,,,
2021-06-30,ADP,,,,,,,,,,,,,,,,,,,,,,,,,,,,,,,,,,,,,,0.06,,,1.14,,,,,,,,,,,,,,,,,,,,,,,,,,,,,,,,,,,,,,,,,,,,,,,,,2021-07-28,,1.2,,pre-market,,,,,,,,,,,,,5.2632,,,,,,,,,,,,
2021-09-30,ADP,,,,,,,,,,,,,,,,,,,,,,,,,,,,,,,,,,,,,,0.16,,,1.49,,,,,,,,,,,,,,,,,,,,,,,,,,,,,,,,,,,,,,,,,,,,,,,,,2021-10-27,,1.65,,pre-market,,,,,,,,,,,,,10.7383,,,,,,,,,,,,
2021-12-31,ADP,,,,,,,,,,,,,,,,,,,,,,,,,,,,,,,,,,,,,,0.02,,,1.63,,,,,,,,,,,,,,,,,,,,,,,,,,,,,,,,,,,,,,,,,,,,,,,,,2022-01-26,,1.65,,pre-market,,,,,,,,,,,,,1.227,,,,,,,,,,,,
2022-03-31,ADP,,,,,,,,,,,,,,,,,,,,,,,,,,,,,,,,,,,,,,0.13,,,2.08,,,,,,,,,,,,,,,,,,,,,,,,,,,,,,,,,,,,,,,,,,,,,,,,,2022-04-27,,2.21,,pre-market,,,,,,,,,,,,,6.25,,,,,,,,,,,,
2022-06-30,ADP,,,,,,,,,,,,,,,,,,,,,,,,,,,,,,,,,,,,,,0.04,,,1.46,,,,,,,,,,,,,,,,,,,,,,,,,,,,,,,,,,,,,,,,,,,,,,,,,2022-07-27,,1.5,,pre-market,,,,,,,,,,,,,2.7397,,,,,,,,,,,,
2022-09-30,ADP,,,,,,,,,,,,,,,,,,,,,,,,,,,,,,,,,,,,,,0.06,,,1.8,,,,,,,,,,,,,,,,,,,,,,,,,,,,,,,,,,,,,,,,,,,,,,,,,2022-10-26,,1.86,,pre-market,,,,,,,,,,,,,3.3333,,,,,,,,,,,,
2022-12-31,ADP,,,,,,,,,,,,,,,,,,,,,,,,,,,,,,,,,,,,,,0.02,,,1.94,,,,,,,,,,,,,,,,,,,,,,,,,,,,,,,,,,,,,,,,,,,,,,,,,2023-01-25,,1.96,,post-market,,,,,,,,,,,,,1.0309,,,,,,,,,,,,
2023-03-31,ADP,,,,,,,,,,,,,,,,,,,,,,,,,,,,,,,,,,,,,,0.07,,,2.45,,,,,,,,,,,,,,,,,,,,,,,,,,,,,,,,,,,,,,,,,,,,,,,,,2023-04-26,,2.52,,pre-market,,,,,,,,,,,,,2.8571,,,,,,,,,,,,
2023-06-30,ADP,,,,,,,,,,,,,,,,,,,,,,,,,,,,,,,,,,,,,,0.06,,,1.83,,,,,,,,,,,,,,,,,,,,,,,,,,,,,,,,,,,,,,,,,,,,,,,,,2023-07-26,,1.89,,pre-market,,,,,,,,,,,,,3.2787,,,,,,,,,,,,
2023-09-30,ADP,,,,,,,,,,,,,,,,,,,,,,,,,,,,,,,,,,,,,,0.05,,,2.03,,,,,,,,,,,,,,,,,,,,,,,,,,,,,,,,,,,,,,,,,,,,,,,,,2023-10-25,,2.08,,pre-market,,,,,,,,,,,,,2.4631,,,,,,,,,,,,
2023-12-31,ADP,,,,,,,,,,,,,,,,,,,,,,,,,,,,,,,,,,,,,,0.03,,,2.1,,,,,,,,,,,,,,,,,,,,,,,,,,,,,,,,,,,,,,,,,,,,,,,,,2024-01-31,,2.13,,pre-market,,,,,,,,,,,,,1.4286,,,,,,,,,,,,
2024-03-31,ADP,,,,,,,,,,,,,,,,,,,,,,,,,,,,,,,,,,,,,,0.09,,,2.79,,,,,,,,,,,,,,,,,,,,,,,,,,,,,,,,,,,,,,,,,,,,,,,,,2024-05-01,,2.88,,pre-market,,,,,,,,,,,,,3.2258,,,,,,,,,,,,
2024-06-30,ADP,,,,,,,,,,,,,,,,,,,,,,,,,,,,,,,,,,,,,,0.03,,,2.06,,,,,,,,,,,,,,,,,,,,,,,,,,,,,,,,,,,,,,,,,,,,,,,,,2024-07-31,,2.09,,pre-market,,,,,,,,,,,,,1.4563,,,,,,,,,,,,
2024-09-30,ADP,,,,,,,,,,,,,,,,,,,,,,,,,,,,,,,,,,,,,,0.12,,,2.21,,,,,,,,,,,,,,,,,,,,,,,,,,,,,,,,,,,,,,,,,,,,,,,,,2024-10-30,,2.33,,pre-market,,,,,,,,,,,,,5.4299,,,,,,,,,,,,
2024-12-31,ADP,,,,,,,,,,,,,,,,,,,,,,,,,,,,,,,,,,,,,,0.05,,,2.3,,,,,,,,,,,,,,,,,,,,,,,,,,,,,,,,,,,,,,,,,,,,,,,,,2025-01-29,,2.35,,pre-market,,,,,,,,,,,,,2.1739,,,,,,,,,,,,
2025-03-31,ADP,,,,,,,,,,,,,,,,,,,,,,,,,,,,,,,,,,,,,,0.09,,,2.97,,,,,,,,,,,,,,,,,,,,,,,,,,,,,,,,,,,,,,,,,,,,,,,,,2025-04-30,,3.06,,pre-market,,,,,,,,,,,,,3.0303,,,,,,,,,,,,
2025-06-30,ADP,,,,,,,,,,,,,,,,,,,,,,,,,,,,,,,,,,,,,,0.03,,,2.23,,,,,,,,,,,,,,,,,,,,,,,,,,,,,,,,,,,,,,,,,,,,,,,,,2025-07-30,,2.26,,pre-market,,,,,,,,,,,,,1.3453,,,,,,,,,,,,
2025-09-30,ADP,,,,,,,,,,,,,,,,,,,,,,,,,,,,,,,,,,,,,,0.04,,,2.45,,,,,,,,,,,,,,,,,,,,,,,,,,,,,,,,,,,,,,,,,,,,,,,,,2025-10-29,,2.49,,pre-market,,,,,,,,,,,,,1.6327,,,,,,,,,,,,
2025-12-28,ADP,10.12,20903399000.0,25.58,,0.86,15.74,,,,,,,,,,,,,,,,,,,,,,,,,,6.16,0.0239,,,,0.064,0.04,,,2.45,,23.7,,10097700000.0,,,,,,,,,,,,,,,,,,,0.259,,,,,,,,,,,,,3.09,16.42,5.02,,,,,,,,0.198,,,2025-10-29,,2.49,,pre-market,,,0.0662,0.706,0.071,51.44,,,,,292.23,261.76,1.6327,,,,,,,,,25.58,,324.5,245.59
2025-12-28,ADP,10.12,20903399000.0,25.58,,0.86,15.74,,,,,,,,,,,,,,,None,2836100000,2836100000,,,,,,None,123300000,,6.16,0.0239,,,,0.064,0.04,1442900000,1566200000,2.45,2025-09-30,23.7,,10097700000.0,2339100000,1307500000,294500000,,,None,135400000,101500000,,None,,,,,1013000000,1013000000,-33900000,None,0.259,,2461600000,-122500000,,,,,None,,,,,3.09,16.42,5.02,,,,,,,,0.198,,,2025-10-29,quarterly,2.49,USD,pre-market,251200000,,0.0662,0.706,0.071,51.44,1006300000,,,,292.23,261.76,1.6327,,,,,,,5175200000,,25.58,,324.5,245.59
2025-12-28,ADP,10.12,20903399000.0,25.58,,0.86,15.74,,,,,,,,,,,,,,,None,2547700000,2547700000,,,,,,None,121500000,,6.16,0.0239,,,,0.064,0.04,1299100000,1420600000,2.45,2025-06-30,23.7,,10097700000.0,2579100000,1190600000,280000000,,,None,113700000,88000000,,None,,,,,910600000,910700000,-25700000,None,0.259,,1372400000,1206700000,,,,,None,,,,,3.09,16.42,5.02,,,,,,,,0.198,,,2025-10-29,quarterly,2.49,USD,pre-market,269300000,,0.0662,0.706,0.071,51.44,1103100000,,,,292.23,261.76,1.6327,,,,,,,5126800000,,25.58,,324.5,245.59
2025-12-28,ADP,10.12,20903399000.0,25.58,,0.86,15.74,,,,,,,,,,,,,,,None,2681700000,2681700000,,,,,,None,147000000,,6.16,0.0239,,,,0.064,0.04,1695300000,1842300000,2.45,2025-03-31,23.7,,10097700000.0,2871300000,1621900000,372400000,,,None,73400000,411100000,,None,,,,,1249500000,1249500000,336300000,None,0.259,,1238300000,1633000000,,,,,None,,,,,3.09,16.42,5.02,,,,,,,,0.198,,,2025-10-29,quarterly,2.49,USD,pre-market,247100000,,0.0662,0.706,0.071,51.44,1015800000,,,,292.23,261.76,1.6327,,,,,,,5553000000,,25.58,,324.5,245.59
2025-12-28,ADP,10.12,20903399000.0,25.58,,0.86,15.74,,,,,,,,,,,,,,,None,2527200000,2527200000,,,,,,None,151100000,,6.16,0.0239,,,,0.064,0.04,1389500000,1540600000,2.45,2024-12-31,23.7,,10097700000.0,2521200000,1261300000,298100000,,,None,128199999,356700000,,None,,,,,963200000,963200000,227100000,None,0.259,,1221400000,1299800000,,,,,None,,,,,3.09,16.42,5.02,,,,,,,,0.198,,,2025-10-29,quarterly,2.49,USD,pre-market,239500000,,0.0662,0.706,0.071,51.44,1006100000,,,,292.23,261.76,1.6327,,,,,,,5048400000,,25.58,,324.5,245.59
2025-12-28,ADP,10.12,20903399000.0,25.58,,0.86,15.74,,,,,,,,,,,,,,,None,2424400000,2424400000,,,,,,None,138600000,,6.16,0.0239,,,,0.064,0.04,1372900000,1511500000,2.45,2024-09-30,23.7,,10097700000.0,2408300000,1236200000,279900000,,,None,136700000,345000000,,None,,,,,956300000,956300000,207200000,None,0.259,,1136300000,1272000000,,,,,None,,,,,3.09,16.42,5.02,,,,,,,,0.198,,,2025-10-29,quarterly,2.49,USD,pre-market,232600000,,0.0662,0.706,0.071,51.44,926700000,,,,292.23,261.76,1.6327,,,,,,,4832700000,,25.58,,324.5,245.59
2025-12-28,ADP,10.12,20903399000.0,25.58,,0.86,15.74,,,,,,,,,,,,,,,None,2408300000,2408300000,,,,,,None,135700000,,6.16,0.0239,,,,0.064,0.04,1192600000,1328300000,2.45,2024-06-30,23.7,,10097700000.0,2360200000,1089400000,260100000,,,None,103200000,82000000,,None,,,,,829300000,829300000,-20200000,None,0.259,,1262600000,1097600000,,,,,None,,,,,3.09,16.42,5.02,,,,,,,,0.198,,,2025-10-29,quarterly,2.49,USD,pre-market,247900000,,0.0662,0.706,0.071,51.44,1026700000,,,,292.23,261.76,1.6327,,,,,,,4768500000,,25.58,,324.5,245.59
2025-12-28,ADP,10.12,20903399000.0,25.58,,0.86,15.74,,,,,,,,,,,,,,,None,2551100000,2551100000,,,,,,None,144600000,,6.16,0.0239,,,,0.064,0.04,1607900000,1752500000,2.45,2024-03-31,23.7,,10097700000.0,2702700000,1546300000,361400000,,,None,61600000,55900000,,None,,,,,1184900000,1184900000,-6800000,None,0.259,,1158000000,1544700000,,,,,None,,,,,3.09,16.42,5.02,,,,,,,,0.198,,,2025-10-29,quarterly,2.49,USD,pre-market,242700000,,0.0662,0.706,0.071,51.44,932500000,,,,292.23,261.76,1.6327,,,,,,,5253800000,,25.58,,324.5,245.59
2025-12-28,ADP,10.12,20903399000.0,25.58,,0.86,15.74,,,,,,,,,,,,,,,None,2353400000,2353400000,,,,,,None,140100000,,6.16,0.0239,,,,0.064,0.04,1249800000,1389900000,2.45,2023-12-31,23.7,,10097700000.0,2314600000,1143800000,265400000,,,None,106000000,282200000,,None,,,,,878400000,878400000,177300000,None,0.259,,1130700000,1183900000,,,,,None,,,,,3.09,16.42,5.02,,,,,,,,0.198,,,2025-10-29,quarterly,2.49,USD,pre-market,228700000,,0.0662,0.706,0.071,51.44,922500000,,,,292.23,261.76,1.6327,,,,,,,4668000000,,25.58,,324.5,245.59
2025-12-28,ADP,10.12,20903399000.0,25.58,,0.86,15.74,,,,,,,,,,,,,,,None,2299100000,2299100000,,,,,,None,141500000,,6.16,0.0239,,,,0.064,0.04,1185500000,1327000000,2.45,2023-09-30,23.7,,10097700000.0,2213300000,1092800000,233400000,,,None,92700000,248200000,,None,,,,,859400000,859400000,156600000,None,0.259,,1096600000,1116700000,,,,,None,,,,,3.09,16.42,5.02,,,,,,,,0.198,,,2025-10-29,quarterly,2.49,USD,pre-market,236500000,,0.0662,0.706,0.071,51.44,880300000,,,,292.23,261.76,1.6327,,,,,,,4512400000,,25.58,,324.5,245.59
2025-12-28,ADP,10.12,20903399000.0,25.58,,0.86,15.74,,,,,,,,,,,,,,,None,2289100000,2289100000,,,,,,None,140400000,,6.16,0.0239,,,,0.064,0.04,1113500000,1253900000,2.45,2023-06-30,23.7,,10097700000.0,2188700000,1005600000,228900000,,,None,108000000,302400000,,None,,,,,776700000,776700000,195500000,None,0.259,,1150900000,1037800000,,,,,77200000,,,,,3.09,16.42,5.02,,,,,,,,0.198,,,2025-10-29,quarterly,2.49,USD,pre-market,222300000,,0.0662,0.706,0.071,51.44,957200000,,,,292.23,261.76,1.6327,,,,,,,4477800000,,25.58,,324.5,245.59
2025-12-28,ADP,10.12,20903399000.0,25.58,,0.86,15.74,,,,,,,,,,,,,,,None,2623800000,2623800000,,,,,,None,137000000,,6.16,0.0239,,,,0.064,0.04,1403200000,1540200000,2.45,2023-03-31,23.7,,10097700000.0,2054600000,1364000000,320800000,,,None,38300000,273500000,,None,,,,,1043100000,1043100000,235200000,None,0.259,,3561800000,1116600000,,,,,36300000,,,,,3.09,16.42,5.02,,,,,,,,0.198,,,2025-10-29,quarterly,2.49,USD,pre-market,208600000,,0.0662,0.706,0.071,51.44,938000000,,,,292.23,261.76,1.6327,,,,,,,4927800000,,25.58,,324.5,245.59
2025-12-28,ADP,10.12,20903399000.0,25.58,,0.86,15.74,,,,,,,,,,,,,,,None,2450700000,2450700000,,,,,,None,136800000,,6.16,0.0239,,,,0.064,0.04,1126600000,1263400000,2.45,2022-12-31,23.7,,10097700000.0,1753100000,1058100000,244900000,,,None,57000000,216100000,,None,,,,,813100000,813100000,159100000,None,0.259,,3306400000,897400000,,,,,30500000,,,,,3.09,16.42,5.02,,,,,,,,0.198,,,2025-10-29,quarterly,2.49,USD,pre-market,204200000,,0.0662,0.706,0.071,51.44,855700000,,,,292.23,261.76,1.6327,,,,,,,4391000000,,25.58,,324.5,245.59
2025-12-28,ADP,10.12,20903399000.0,25.58,,0.86,15.74,,,,,,,,,,,,,,,None,2393600000,2393600000,,,,,,None,135100000,,6.16,0.0239,,,,0.064,0.04,1063000000,1198100000,2.45,2022-09-30,23.7,,10097700000.0,1681000000,1010000000,231000000,,,None,51200000,170700000,,None,,,,,779000000,779000000,119500000,None,0.259,,800300000,1063000000,,,,,39500000,,,,,3.09,16.42,5.02,,,,,,,,0.198,,,2025-10-29,quarterly,2.49,USD,pre-market,209800000,,0.0662,0.706,0.071,51.44,800300000,,,,292.23,261.76,1.6327,,,,,,,4215600000,,25.58,,324.5,245.59
2025-12-28,ADP,10.12,20903399000.0,25.58,,0.86,15.74,,,,,,,,,,,,,,,None,2199100000,2199100000,,,,,,None,130500000,,6.16,0.0239,,,,0.064,0.04,831000000,961500000,2.45,2022-06-30,23.7,,10097700000.0,1928500000,803300000,177900000,,,None,27700000,143900000,,None,,,,,625400000,625400000,117300000,None,0.259,,1101000000,827500000,,,,,None,,,,,3.09,16.42,5.02,,,,,,,,0.198,,,2025-10-29,quarterly,2.49,USD,pre-market,212800000,,0.0662,0.706,0.071,51.44,914200000,,,,292.23,261.76,1.6327,,,,,,,4127600000,,25.58,,324.5,245.59
2025-12-28,ADP,10.12,20903399000.0,25.58,,0.86,15.74,,,,,,,,,,,,,,,None,2512200000,2512200000,,,,,,None,129000000,,6.16,0.0239,,,,0.064,0.04,1206700000,1335700000,2.45,2022-03-31,23.7,,10097700000.0,1882800000,1189800000,261300000,,,None,18400000,123600000,,None,,,,,928500000,928500000,105200000,None,0.259,,817500000,1206700000,,,,,25000000,,,,,3.09,16.42,5.02,,,,,,,,0.198,,,2025-10-29,quarterly,2.49,USD,pre-market,197300000,,0.0662,0.706,0.071,51.44,817500000,,,,292.23,261.76,1.6327,,,,,,,4513000000,,25.58,,324.5,245.59
2025-12-28,ADP,10.12,20903399000.0,25.58,,0.86,15.74,,,,,,,,,,,,,,,None,2167200000,2167200000,,,,,,None,126500000,,6.16,0.0239,,,,0.064,0.04,928500000,1055000000,2.45,2021-12-31,23.7,,10097700000.0,1858200000,910100000,215700000,,,None,18400000,8500000,,None,,,,,694400000,694400000,-9900000,None,0.259,,956300000,901900000,,,,,None,,,,,3.09,16.42,5.02,,,,,,,,0.198,,,2025-10-29,quarterly,2.49,USD,pre-market,199700000,,0.0662,0.706,0.071,51.44,782300000,,,,292.23,261.76,1.6327,,,,,,,4025400000,,25.58,,324.5,245.59
2025-12-28,ADP,10.12,20903399000.0,25.58,,0.86,15.74,,,,,,,,,,,,,,,None,2059900000,2059900000,,,,,,None,129100000,,6.16,0.0239,,,,0.064,0.04,919300000,1048400000,2.45,2021-09-30,23.7,,10097700000.0,1772400000,900800000,200300000,,,None,18500000,9700000,,None,,,,,700500000,700500000,-8800000,None,0.259,,881900000,890500000,,,,,28800000,,,,,3.09,16.42,5.02,,,,,,,,0.198,,,2025-10-29,quarterly,2.49,USD,pre-market,188800000,,0.0662,0.706,0.071,51.44,719200000,,,,292.23,261.76,1.6327,,,,,,,3832300000,,25.58,,324.5,245.59
2025-12-28,ADP,10.12,20903399000.0,25.58,,0.86,15.74,,,,,,,,,,,,,,,None,2037100000,2037100000,,,,,,None,126000000,,6.16,0.0239,,,,0.064,0.04,714300000,840300000,2.45,2021-06-30,23.7,,10097700000.0,1699800000,697100000,158900000,,,None,17200000,7500000,,None,,,,,538200000,538200000,-9700000,None,0.259,,1009100000,690700000,,,,,23600000,,,,,3.09,16.42,5.02,,,,,,,,0.198,,,2025-10-29,quarterly,2.49,USD,pre-market,194900000,,0.0662,0.706,0.071,51.44,840700000,,,,292.23,261.76,1.6327,,,,,,,3736900000,,25.58,,324.5,245.59
2025-12-28,ADP,10.12,20903399000.0,25.58,,0.86,15.74,,,,,,,,,,,,,,,None,2126400000,2126400000,,,,,,None,126900000,,6.16,0.0239,,,,0.064,0.04,1079700000,1206600000,2.45,2021-03-31,23.7,,10097700000.0,1975600000,1066200000,255500000,,,None,13500000,4700000,,None,,,,,810700000,810700000,-8800000,None,0.259,,914700000,1060900000,,,,,18800000,,,,,3.09,16.42,5.02,,,,,,,,0.198,,,2025-10-29,quarterly,2.49,USD,pre-market,178600000,,0.0662,0.706,0.071,51.44,763000000,,,,292.23,261.76,1.6327,,,,,,,4102000000,,25.58,,324.5,245.59
2025-12-28,ADP,10.12,20903399000.0,25.58,,0.86,15.74,,,,,,,,,,,,,,,None,1974500000,1974500000,,,,,,None,126700000,,6.16,0.0239,,,,0.064,0.04,846500000,973200000,2.45,2020-12-31,23.7,,10097700000.0,1721200000,832600000,185100000,,,None,13900000,10400000,,None,,,,,647500000,647500000,-3500000,None,0.259,,903700000,817500000,,,,,29000000,,,,,3.09,16.42,5.02,,,,,,,,0.198,,,2025-10-29,quarterly,2.49,USD,pre-market,174500000,,0.0662,0.706,0.071,51.44,755800000,,,,292.23,261.76,1.6327,,,,,,,3695700000,,25.58,,324.5,245.59
2025-12-28,ADP,10.12,20903399000.0,25.58,,0.86,15.74,,,,,,,,,,,,,,,None,1893200000,1893200000,,,,,,None,131100000,,6.16,0.0239,,,,0.064,0.04,780300000,911400000,2.45,2020-09-30,23.7,,10097700000.0,1577500000,765200000,163100000,,,None,15100000,13800000,,None,,,,,602100000,602100000,-1300000,None,0.259,,822100000,755400000,,,,,24900000,,,,,3.09,16.42,5.02,,,,,,,,0.198,,,2025-10-29,quarterly,2.49,USD,pre-market,168700000,,0.0662,0.706,0.071,51.44,681000000,,,,292.23,261.76,1.6327,,,,,,,3470700000,,25.58,,324.5,245.59
2025-12-28,ADP,10.12,20903399000.0,25.58,,0.86,15.74,,,,,,,,,,,,,,,None,1930900000,1930900000,,,,,,None,124500000,,6.16,0.0239,,,,0.064,0.04,546900000,671400000,2.45,2020-06-30,23.7,,10097700000.0,1445900000,531300000,119800000,,,None,15600000,14500000,,None,,,,,411500000,411600000,-85700000,None,0.259,,901900000,544000000,,,,,2800000,,,,,3.09,16.42,5.02,,,,,,,,0.198,,,2025-10-29,quarterly,2.49,USD,pre-market,165100000,,0.0662,0.706,0.071,51.44,2237400000,,,,292.23,261.76,1.6327,,,,,,,3376800000,,25.58,,324.5,245.59
2025-12-28,ADP,10.12,20903399000.0,25.58,,0.86,15.74,,,,,,,,,,,,,,,None,2094699999,2094699999,,,,,,None,120600000,,6.16,0.0239,,,,0.064,0.04,1096700000,1217300000,2.45,2020-03-31,23.7,,10097700000.0,1953100000,1076700000,255800000,,,None,20000000,12100000,,None,,,,,820900000,820900000,-7900000,None,0.259,,901000000,1052099999,,,,,44600000,,,,,3.09,16.42,5.02,,,,,,,,0.198,,,2025-10-29,quarterly,2.49,USD,pre-market,172100000,,0.0662,0.706,0.071,51.44,756600000,,,,292.23,261.76,1.6327,,,,,,,4047800000,,25.58,,324.5,245.59
2025-12-28,ADP,10.12,20903399000.0,25.58,,0.86,15.74,,,,,,,,,,,,,,,None,1953600000,1953600000,,,,,,None,117600000,,6.16,0.0239,,,,0.064,0.04,867100000,984700000,2.45,2019-12-31,23.7,,10097700000.0,1715900000,835500000,183900000,,,None,31600000,25700000,,None,,,,,651600000,651600000,-5900000,None,0.259,,897100000,818800000,,,,,46000000,,,,,3.09,16.42,5.02,,,,,,,,0.198,,,2025-10-29,quarterly,2.49,USD,pre-market,168700000,,0.0662,0.706,0.071,51.44,754300000,,,,292.23,261.76,1.6327,,,,,,,3669500000,,25.58,,324.5,245.59
2025-12-28,ADP,10.12,20903399000.0,25.58,,0.86,15.74,,,,,,,,,,,,,,,None,1905000000,1905000000,,,,,,None,117300000,,6.16,0.0239,,,,0.064,0.04,779000000,896300000,2.45,2019-09-30,23.7,,10097700000.0,1590700000,739100000,156700000,,,None,39900000,32300000,,None,,,,,582400000,582400000,-7600000,None,0.259,,866300000,724400000,,,,,54600000,,,,,3.09,16.42,5.02,,,,,,,,0.198,,,2025-10-29,quarterly,2.49,USD,pre-market,168200000,,0.0662,0.706,0.071,51.44,726500000,,,,292.23,261.76,1.6327,,,,,,,3495700000,,25.58,,324.5,245.59
2025-12-28,ADP,10.12,20903399000.0,25.58,,0.86,15.74,,,,,,,,,,,,,,,None,1884900000,1884900000,,,,,,None,109400000,,6.16,0.0239,,,,0.064,0.04,667000000,776400000,2.45,2019-06-30,23.7,,10097700000.0,1613800000,633300000,157800000,,,None,33700000,26000000,,None,,,,,475500000,-172900000,-7700000,None,0.259,,993500000,620300000,,,,,43600000,,,,,3.09,16.42,5.02,,,,,,,,0.198,,,2025-10-29,quarterly,2.49,USD,pre-market,162100000,,0.0662,0.706,0.071,51.44,854800000,,,,292.23,261.76,1.6327,,,,,,,3498700000,,25.58,,324.5,245.59
2025-12-28,ADP,10.12,20903399000.0,25.58,,0.86,15.74,,,,,,,,,,,,,,,None,1958400000,1958400000,,,,,,None,103100000,,6.16,0.0239,,,,0.064,0.04,1006200000,1109300000,2.45,2019-03-31,23.7,,10097700000.0,1869800000,984500000,230800000,,,None,21700000,15000000,,None,,,,,753700000,753700000,-6700000,None,0.259,,884600000,985200000,,,,,21000000,,,,,3.09,16.42,5.02,,,,,,,,0.198,,,2025-10-29,quarterly,2.49,USD,pre-market,160100000,,0.0662,0.706,0.071,51.44,750400000,,,,292.23,261.76,1.6327,,,,,,,3828200000,,25.58,,324.5,245.59
2025-12-28,ADP,10.12,20903399000.0,25.58,,0.86,15.74,,,,,,,,,,,,,,,None,1869900000,1869900000,,,,,,None,97500000,,6.16,0.0239,,,,0.064,0.04,779600000,877100000,2.45,2018-12-31,23.7,,10097700000.0,1622500000,741000000,182800000,,,None,38600000,None,,None,,,,,558200000,923800000,None,None,0.259,,872200000,750300000,,,,,32600000,,,,,3.09,16.42,5.02,,,,,,,,0.198,,,2025-10-29,quarterly,2.49,USD,pre-market,156100000,,0.0662,0.706,0.071,51.44,745200000,,,,292.23,261.76,1.6327,,,,,,,3492400000,,25.58,,324.5,245.59
2025-12-28,ADP,10.12,20903399000.0,25.58,,0.86,15.74,,,,,,,,,,,,,,,None,1796000000,1796000000,,,,,,None,99000000,,6.16,0.0239,,,,0.064,0.04,682700000,781700000,2.45,2018-09-30,23.7,,10097700000.0,1514300000,646800000,141400000,,,None,35900000,None,,None,,,,,505400000,788200000,None,None,0.259,,845500000,668800000,,,,,13900000,,,,,3.09,16.42,5.02,,,,,,,,0.198,,,2025-10-29,quarterly,2.49,USD,pre-market,158000000,,0.0662,0.706,0.071,51.44,713900000,,,,292.23,261.76,1.6327,,,,,,,3310300000,,25.58,,324.5,245.59
2025-12-28,ADP,10.12,20903399000.0,25.58,,0.86,15.74,,,,,,,,,,,,,,,None,1815300000,1815300000,,,,,,None,99300000,,6.16,0.0239,,,,0.064,0.04,283500000,382800000,2.45,2018-06-30,23.7,,10097700000.0,1500900000,204500000,95800000,,,None,28600000,None,,None,,,,,108700000,-800100000,None,None,0.259,,925800000,575100000,,,,,-296500000,,,,,3.09,16.42,5.02,,,,,,,,0.198,,,2025-10-29,quarterly,2.49,USD,pre-market,153900000,,0.0662,0.706,0.071,51.44,836700000,,,,292.23,261.76,1.6327,,,,,,,3316200000,,25.58,,324.5,245.59
2025-12-28,ADP,10.12,20903399000.0,25.58,,0.86,15.74,,,,,,,,,,,,,,,None,1941500000,1941500000,,,,,,None,96300000,,6.16,0.0239,,,,0.064,0.04,893800000,990100000,2.45,2018-03-31,23.7,,10097700000.0,1754500000,852600000,209500000,,,None,18600000,None,,None,,,,,643100000,1062100000,None,None,0.259,,876100000,878400000,,,,,10700000,,,,,3.09,16.42,5.02,,,,,,,,0.198,,,2025-10-29,quarterly,2.49,USD,pre-market,163900000,,0.0662,0.706,0.071,51.44,755100000,,,,292.23,261.76,1.6327,,,,,,,3696000000,,25.58,,324.5,245.59
2025-12-28,ADP,10.12,20903399000.0,25.58,,0.86,15.74,,,,,,,,,,,,,,,None,1804000000,1804000000,,,,,,None,94800000,,6.16,0.0239,,,,0.064,0.04,615000000,709800000,2.45,2017-12-31,23.7,,10097700000.0,1434300000,565700000,98200000,,,None,27500000,None,,None,,,,,467500000,663900000,None,None,0.259,,859800000,574500000,,,,,21700000,,,,,3.09,16.42,5.02,,,,,,,,0.198,,,2025-10-29,quarterly,2.49,USD,pre-market,159400000,,0.0662,0.706,0.071,51.44,717200000,,,,292.23,261.76,1.6327,,,,,,,3238300000,,25.58,,324.5,245.59
2025-12-28,ADP,10.12,20903399000.0,25.58,,0.86,15.74,,,,,,,,,,,,,,,None,1717900000,1717900000,,,,,,None,87200000,,6.16,0.0239,,,,0.064,0.04,592900000,680100000,2.45,2017-09-30,23.7,,10097700000.0,1359300000,548200000,146700000,,,None,28000000,None,,None,,,,,401500000,694900000,None,None,0.259,,805700000,553600000,,,,,26200000,,,,,3.09,16.42,5.02,,,,,,,,0.198,,,2025-10-29,quarterly,2.49,USD,pre-market,158200000,,0.0662,0.706,0.071,51.44,662400000,,,,292.23,261.76,1.6327,,,,,,,3077200000,,25.58,,324.5,245.59
2025-12-28,ADP,10.12,20903399000.0,25.58,,0.86,15.74,,,,,,,,,,,,,,,None,1705000000,1705000000,,,,,,None,82500000,,6.16,0.0239,,,,0.064,0.04,411300000,493800000,2.45,2017-06-30,23.7,,10097700000.0,1359800000,388400000,122600000,,,None,22900000,None,,None,,,,,265800000,265900000,None,None,0.259,,921900000,437900000,,,,,23400000,,,,,3.09,16.42,5.02,,,,,,,,0.198,,,2025-10-29,quarterly,2.49,USD,pre-market,166900000,,0.0662,0.706,0.071,51.44,829600000,,,,292.23,261.76,1.6327,,,,,,,3064800000,,25.58,,324.5,245.59
2025-12-28,ADP,10.12,20903399000.0,25.58,,0.86,15.74,,,,,,,,,,,,,,,None,1779100000,1779100000,,,,,,None,77600000,,6.16,0.0239,,,,0.064,0.04,844700000,922300000,2.45,2017-03-31,23.7,,10097700000.0,1631700000,827900000,240000000,,,None,16800000,None,,None,,,,,587900000,587900000,None,None,0.259,,796300000,835400000,,,,,9900000,,,,,3.09,16.42,5.02,,,,,,,,0.198,,,2025-10-29,quarterly,2.49,USD,pre-market,153300000,,0.0662,0.706,0.071,51.44,665000000,,,,292.23,261.76,1.6327,,,,,,,3410800000,,25.58,,324.5,245.59
2025-12-28,ADP,10.12,20903399000.0,25.58,,0.86,15.74,,,,,,,,,,,,,,,None,1638800000,1638800000,,,,,,None,78400000,,6.16,0.0239,,,,0.064,0.04,806700000,885100000,2.45,2016-12-31,23.7,,10097700000.0,1348500000,786200000,275300000,,,None,20500000,None,,None,,,,,510900000,510900000,None,None,0.259,,768600000,579900000,,,,,228000000,,,,,3.09,16.42,5.02,,,,,,,,0.198,,,2025-10-29,quarterly,2.49,USD,pre-market,152500000,,0.0662,0.706,0.071,51.44,640800000,,,,292.23,261.76,1.6327,,,,,,,2987300000,,25.58,,324.5,245.59
2025-12-28,ADP,10.12,20903399000.0,25.58,,0.86,15.74,,,,,,,,,,,,,,,None,1609100000,1609100000,,,,,,None,77600000,,6.16,0.0239,,,,0.064,0.04,548600000,626200000,2.45,2016-09-30,23.7,,10097700000.0,1307800000,528700000,160000000,,,None,19900000,None,,None,,,,,368700000,368700000,None,None,0.259,,742300000,565500000,,,,,23000000,,,,,3.09,16.42,5.02,,,,,,,,0.198,,,2025-10-29,quarterly,2.49,USD,pre-market,154900000,,0.0662,0.706,0.071,51.44,647700000,,,,292.23,261.76,1.6327,,,,,,,2916900000,,25.58,,324.5,245.59
2025-12-28,ADP,10.12,20903399000.0,25.58,,0.86,15.74,,,,,,,,,,,,,,,None,1698500000,1698500000,,,,,,None,73900000,,6.16,0.0239,,,,0.064,0.04,445100000,519000000,2.45,2016-06-30,23.7,,10097700000.0,1102400000,427000000,145000000,,,None,18100000,None,,None,,,,,282000000,282000000,None,None,0.259,,770300000,332100000,,,,,15700000,,,,,3.09,16.42,5.02,,,,,,,,0.198,,,2025-10-29,quarterly,2.49,USD,pre-market,150700000,,0.0662,0.706,0.071,51.44,770300000,,,,292.23,261.76,1.6327,,,,,,,2800900000,,25.58,,324.5,245.59
2025-12-28,ADP,10.12,20903399000.0,25.58,,0.86,15.74,,,,,,,,,,,,,,,None,1812700000,1812700000,,,,,,None,73300000,,6.16,0.0239,,,,0.064,0.04,811100000,884400000,2.45,2016-03-31,23.7,,10097700000.0,1333100000,794800000,262300000,,,None,16300000,None,,None,,,,,532500000,532500000,None,None,0.259,,634400000,698700000,,,,,9600000,,,,,3.09,16.42,5.02,,,,,,,,0.198,,,2025-10-29,quarterly,2.49,USD,pre-market,147300000,,0.0662,0.706,0.071,51.44,634400000,,,,292.23,261.76,1.6327,,,,,,,3145800000,,25.58,,324.5,245.59
2025-12-28,ADP,10.12,20903399000.0,25.58,,0.86,15.74,,,,,,,,,,,,,,,None,1682500000,1682500000,,,,,,None,72600000,,6.16,0.0239,,,,0.064,0.04,524700000,597300000,2.45,2015-12-31,23.7,,10097700000.0,1035200000,507900000,166500000,,,None,16800000,None,,None,,,,,341400000,341400000,None,None,0.259,,627200000,408000000,,,,,27400000,,,,,3.09,16.42,5.02,,,,,,,,0.198,,,2025-10-29,quarterly,2.49,USD,pre-market,149600000,,0.0662,0.706,0.071,51.44,627200000,,,,292.23,261.76,1.6327,,,,,,,2717700000,,25.58,,324.5,245.59
2025-12-28,ADP,10.12,20903399000.0,25.58,,0.86,15.74,,,,,,,,,,,,,,,None,1646500000,1646500000,,,,,,None,68800000,,6.16,0.0239,,,,0.064,0.04,509900000,578700000,2.45,2015-09-30,23.7,,10097700000.0,979700000,505000000,167500000,,,None,4900000,None,,None,,,,,336600000,337500000,None,None,0.259,,605300000,374400000,,,,,47700000,,,,,3.09,16.42,5.02,,,,,,,,0.198,,,2025-10-29,quarterly,2.49,USD,pre-market,156100000,,0.0662,0.706,0.071,51.44,605300000,,,,292.23,261.76,1.6327,,,,,,,2626200000,,25.58,,324.5,245.59
2025-12-28,ADP,10.12,20903399000.0,25.58,,0.86,15.74,,,,,,,,,,,,,,,None,1601800000,1601800000,,,,,,None,69500000,,6.16,0.0239,,,,0.064,0.04,133100000,202600000,2.45,2015-06-30,23.7,,10097700000.0,997300000,381600000,124600000,,,None,1500000,None,,None,,,,,336200000,252500000,None,None,0.259,,720500000,272100000,,,,,15600000,,,,,3.09,16.42,5.02,,,,,,,,0.198,,,2025-10-29,quarterly,2.49,USD,pre-market,149100000,,0.0662,0.706,0.071,51.44,720500000,,,,292.23,261.76,1.6327,,,,,,,2599100000,,25.58,,324.5,245.59
2025-12-28,ADP,10.12,20903399000.0,25.58,,0.86,15.74,,,,,,,,,,,,,,,None,1688000000,1688000000,,,,,,None,70400000,,6.16,0.0239,,,,0.064,0.04,740300000,810700000,2.45,2015-03-31,23.7,,10097700000.0,1242300000,742600000,250600000,,,None,800000,None,,None,,,,,489600000,492000000,None,None,0.259,,608200000,634100000,,,,,7900000,,,,,3.09,16.42,5.02,,,,,,,,0.198,,,2025-10-29,quarterly,2.49,USD,pre-market,152900000,,0.0662,0.706,0.071,51.44,608200000,,,,292.23,261.76,1.6327,,,,,,,2930300000,,25.58,,324.5,245.59
2025-12-28,ADP,10.12,20903399000.0,25.58,,0.86,15.74,,,,,,,,,,,,,,,None,1587000000,1587000000,,,,,,None,69700000,,6.16,0.0239,,,,0.064,0.04,500700000,570400000,2.45,2014-12-31,23.7,,10097700000.0,983300000,501100000,167100000,,,None,2200000,None,,None,,,,,331500000,334000000,None,None,0.259,,590200000,393100000,,,,,19200000,,,,,3.09,16.42,5.02,,,,,,,,0.198,,,2025-10-29,quarterly,2.49,USD,pre-market,147800000,,0.0662,0.706,0.071,51.44,590200000,,,,292.23,261.76,1.6327,,,,,,,2570300000,,25.58,,324.5,245.59
2025-12-28,ADP,10.12,20903399000.0,25.58,,0.86,15.74,,,,,,,,,,,,,,,None,1561900000,1561900000,,,,,,None,68300000,,6.16,0.0239,,,,0.064,0.04,451700000,520000000,2.45,2014-09-30,23.7,,10097700000.0,921600000,452500000,154500000,,,None,1900000,None,,None,,,,,295200000,298000000,None,None,0.259,,578000000,343600000,,,,,20500000,,,,,3.09,16.42,5.02,,,,,,,,0.198,,,2025-10-29,quarterly,2.49,USD,pre-market,145600000,,0.0662,0.706,0.071,51.44,578000000,,,,292.23,261.76,1.6327,,,,,,,2483500000,,25.58,,324.5,245.59
2025-12-28,ADP,10.12,20903399000.0,25.58,,0.86,15.74,,,,,,,,,,,,,,,None,1845600000,1845600000,,,,,,None,89100000,,6.16,0.0239,,,,0.064,0.04,178300000,267400000,2.45,2014-06-30,23.7,,10097700000.0,1133000000,449300000,160600000,,,None,1300000,None,,None,,,,,288700000,286600000,None,None,0.259,,776400000,356500000,,,,,13700000,,,,,3.09,16.42,5.02,,,,,,,,0.198,,,2025-10-29,quarterly,2.49,USD,pre-market,140600000,,0.0662,0.706,0.071,51.44,776400000,,,,292.23,261.76,1.6327,,,,,,,2978600000,,25.58,,324.5,245.59
2025-12-28,ADP,10.12,20903399000.0,25.58,,0.86,15.74,,,,,,,,,,,,,,,None,1884400000,1884400000,,,,,,None,82700000,,6.16,0.0239,,,,0.064,0.04,643900000,726600000,2.45,2014-03-31,23.7,,10097700000.0,1335500000,769800000,259400000,,,None,900000,None,,None,,,,,521600000,510400000,None,None,0.259,,673200000,662300000,,,,,8300000,,,,,3.09,16.42,5.02,,,,,,,,0.198,,,2025-10-29,quarterly,2.49,USD,pre-market,139600000,,0.0662,0.706,0.071,51.44,673200000,,,,292.23,261.76,1.6327,,,,,,,3219900000,,25.58,,324.5,245.59
2025-12-28,ADP,10.12,20903399000.0,25.58,,0.86,15.74,,,,,,,,,,,,,,,None,1772400000,1772400000,,,,,,None,83900000,,6.16,0.0239,,,,0.064,0.04,447100000,531000000,2.45,2013-12-31,23.7,,10097700000.0,1121200000,561100000,184100000,,,None,2000000,None,,None,,,,,377000000,377000000,None,None,0.259,,675600000,445600000,,,,,28300000,,,,,3.09,16.42,5.02,,,,,,,,0.198,,,2025-10-29,quarterly,2.49,USD,pre-market,138500000,,0.0662,0.706,0.071,51.44,675600000,,,,292.23,261.76,1.6327,,,,,,,2893600000,,25.58,,324.5,245.59
2025-12-28,ADP,10.12,20903399000.0,25.58,,0.86,15.74,,,,,,,,,,,,,,,None,1724400000,1724400000,,,,,,None,80500000,,6.16,0.0239,,,,0.064,0.04,389000000,469500000,2.45,2013-09-30,23.7,,10097700000.0,1026000000,497300000,168700000,,,None,1900000,None,,None,,,,,328600000,328600000,None,None,0.259,,638600000,387400000,,,,,22600000,,,,,3.09,16.42,5.02,,,,,,,,0.198,,,2025-10-29,quarterly,2.49,USD,pre-market,132500000,,0.0662,0.706,0.071,51.44,638600000,,,,292.23,261.76,1.6327,,,,,,,2750400000,,25.58,,324.5,245.59
2025-12-28,ADP,10.12,20903399000.0,25.58,,0.86,15.74,,,,,,,,,,,,,,,None,1692800000,1692800000,,,,,,None,80300000,,6.16,0.0239,,,,0.064,0.04,366900000,447200000,2.45,2013-06-30,23.7,,10097700000.0,1017200000,365100000,138100000,,,None,1800000,None,,None,,,,,227000000,226900000,None,None,0.259,,730100000,287100000,,,,,22100000,,,,,3.09,16.42,5.02,,,,,,,,0.198,,,2025-10-29,quarterly,2.49,USD,pre-market,174000000,,0.0662,0.706,0.071,51.44,730100000,,,,292.23,261.76,1.6327,,,,,,,2710000000,,25.58,,324.5,245.59
2025-12-28,ADP,10.12,20903399000.0,25.58,,0.86,15.74,,,,,,,,,,,,,,,None,1745900000,1745900000,,,,,,None,81100000,,6.16,0.0239,,,,0.064,0.04,724200000,805300000,2.45,2013-03-31,23.7,,10097700000.0,1256400000,724800000,242100000,,,None,1200000,None,,None,,,,,482700000,482700000,None,None,0.259,,654400000,602000000,,,,,12000000,,,,,3.09,16.42,5.02,,,,,,,,0.198,,,2025-10-29,quarterly,2.49,USD,pre-market,164100000,,0.0662,0.706,0.071,51.44,654400000,,,,292.23,261.76,1.6327,,,,,,,3002300000,,25.58,,324.5,245.59
2025-12-28,ADP,10.12,20903399000.0,25.58,,0.86,15.74,,,,,,,,,,,,,,,None,1624300000,1624300000,,,,,,None,77300000,,6.16,0.0239,,,,0.064,0.04,531800000,609100000,2.45,2012-12-31,23.7,,10097700000.0,1021800000,528800000,176800000,,,None,3000000,None,,None,,,,,390900000,352000000,None,None,0.259,,624700000,397100000,,,,,33000000,,,,,3.09,16.42,5.02,,,,,,,,0.198,,,2025-10-29,quarterly,2.49,USD,pre-market,159900000,,0.0662,0.706,0.071,51.44,624700000,,,,292.23,261.76,1.6327,,,,,,,2646100000,,25.58,,324.5,245.59
2025-12-28,ADP,10.12,20903399000.0,25.58,,0.86,15.74,,,,,,,,,,,,,,,None,1586500000,1586500000,,,,,,None,78300000,,6.16,0.0239,,,,0.064,0.04,468700000,547000000,2.45,2012-09-30,23.7,,10097700000.0,944200000,465600000,163100000,,,None,3100000,None,,None,,,,,305300000,302500000,None,None,0.259,,611400000,332800000,,,,,29100000,,,,,3.09,16.42,5.02,,,,,,,,0.198,,,2025-10-29,quarterly,2.49,USD,pre-market,156300000,,0.0662,0.706,0.071,51.44,611400000,,,,292.23,261.76,1.6327,,,,,,,2530700000,,25.58,,324.5,245.59
2025-12-28,ADP,10.12,20903399000.0,25.58,,0.86,15.74,,,,,,,,,,,,,,,None,1589200000,1589200000,,,,,,None,83300000,,6.16,0.0239,,,,0.064,0.04,336500000,419800000,2.45,2012-06-30,23.7,,10097700000.0,927100000,397500000,139100000,,,None,2300000,None,,None,,,,,258400000,258400000,None,None,0.259,,677400000,249700000,,,,,29900000,,,,,3.09,16.42,5.02,,,,,,,,0.198,,,2025-10-29,quarterly,2.49,USD,pre-market,153900000,,0.0662,0.706,0.071,51.44,677400000,,,,292.23,261.76,1.6327,,,,,,,2516300000,,25.58,,324.5,245.59
2025-12-28,ADP,10.12,20903399000.0,25.58,,0.86,15.74,,,,,,,,,,,,,,,None,1624700000,1624700000,,,,,,None,81100000,,6.16,0.0239,,,,0.064,0.04,380800000,461900000,2.45,2012-03-31,23.7,,10097700000.0,1165100000,685600000,233200000,,,None,1200000,None,,None,,,,,452400000,452400000,None,None,0.259,,622100000,543000000,,,,,10500000,,,,,3.09,16.42,5.02,,,,,,,,0.198,,,2025-10-29,quarterly,2.49,USD,pre-market,143600000,,0.0662,0.706,0.071,51.44,622100000,,,,292.23,261.76,1.6327,,,,,,,2789800000,,25.58,,324.5,245.59
2025-12-28,ADP,10.12,20903399000.0,25.58,,0.86,15.74,,,,,,,,,,,,,,,None,1519900000,1519900000,,,,,,None,79200000,,6.16,0.0239,,,,0.064,0.04,209300000,288500000,2.45,2011-12-31,23.7,,10097700000.0,945200000,579700000,204700000,,,None,2100000,None,,None,,,,,375000000,375000000,None,None,0.259,,577500000,367700000,,,,,96200000,,,,,3.09,16.42,5.02,,,,,,,,0.198,,,2025-10-29,quarterly,2.49,USD,pre-market,147300000,,0.0662,0.706,0.071,51.44,577500000,,,,292.23,261.76,1.6327,,,,,,,2465100000,,25.58,,324.5,245.59
2025-12-28,ADP,10.12,20903399000.0,25.58,,0.86,15.74,,,,,,,,,,,,,,,None,1506100000,1506100000,,,,,,None,79700000,,6.16,0.0239,,,,0.064,0.04,145900000,225600000,2.45,2011-09-30,23.7,,10097700000.0,894500000,459300000,156600000,,,None,2100000,None,,None,,,,,302700000,302700000,None,None,0.259,,589200000,305300000,,,,,34200000,,,,,3.09,16.42,5.02,,,,,,,,0.198,,,2025-10-29,quarterly,2.49,USD,pre-market,147900000,,0.0662,0.706,0.071,51.44,589200000,,,,292.23,261.76,1.6327,,,,,,,2400600000,,25.58,,324.5,245.59
2025-12-28,ADP,10.12,20903399000.0,25.58,,0.86,15.74,,,,,,,,,,,,,,,None,1518700000,1518700000,,,,,,None,79000000,,6.16,0.0239,,,,0.064,0.04,295600000,374600000,2.45,2011-06-30,23.7,,10097700000.0,852700000,358700000,116900000,,,None,1700000,None,,None,,,,,241800000,241800000,None,None,0.259,,660300000,192400000,,,,,32300000,,,,,3.09,16.42,5.02,,,,,,,,0.198,,,2025-10-29,quarterly,2.49,USD,pre-market,144300000,,0.0662,0.706,0.071,51.44,660300000,,,,292.23,261.76,1.6327,,,,,,,2371400000,,25.58,,324.5,245.59
2025-12-28,ADP,10.12,20903399000.0,25.58,,0.86,15.74,,,,,,,,,,,,,,,None,1520600000,1520600000,,,,,,None,81000000,,6.16,0.0239,,,,0.064,0.04,637900000,718900000,2.45,2011-03-31,23.7,,10097700000.0,1216700000,653000000,229200000,,,None,1400000,None,,None,,,,,423800000,423800000,None,None,0.259,,577300000,639400000,,,,,15000000,,,,,3.09,16.42,5.02,,,,,,,,0.198,,,2025-10-29,quarterly,2.49,USD,pre-market,155900000,,0.0662,0.706,0.071,51.44,577300000,,,,292.23,261.76,1.6327,,,,,,,2737300000,,25.58,,324.5,245.59
2025-12-28,ADP,10.12,20903399000.0,25.58,,0.86,15.74,,,,,,,,,,,,,,,None,1380300000,1380300000,,,,,,None,82700000,,6.16,0.0239,,,,0.064,0.04,469300000,552000000,2.45,2010-12-31,23.7,,10097700000.0,1025400000,484600000,174500000,,,None,2800000,None,,None,,,,,310100000,310100000,None,None,0.259,,570100000,455300000,,,,,32100000,,,,,3.09,16.42,5.02,,,,,,,,0.198,,,2025-10-29,quarterly,2.49,USD,pre-market,142100000,,0.0662,0.706,0.071,51.44,570100000,,,,292.23,261.76,1.6327,,,,,,,2405700000,,25.58,,324.5,245.59
2025-12-28,ADP,10.12,20903399000.0,25.58,,0.86,15.74,,,,,,,,,,,,,,,None,1311900000,1311900000,,,,,,None,75500000,,6.16,0.0239,,,,0.064,0.04,423900000,499400000,2.45,2010-09-30,23.7,,10097700000.0,917500000,436400000,157900000,,,None,2700000,None,,None,,,,,278500000,278500000,None,None,0.259,,515600000,401900000,,,,,37200000,,,,,3.09,16.42,5.02,,,,,,,,0.198,,,2025-10-29,quarterly,2.49,USD,pre-market,134900000,,0.0662,0.706,0.071,51.44,515600000,,,,292.23,261.76,1.6327,,,,,,,2229400000,,25.58,,324.5,245.59
2025-12-28,ADP,10.12,20903399000.0,25.58,,0.86,15.74,,,,,,,,,,,,,,,None,1282300000,1282300000,,,,,,None,76400000,,6.16,0.0239,,,,0.064,0.04,307300000,383700000,2.45,2010-06-30,23.7,,10097700000.0,908000000,305500000,97900000,,,None,1800000,None,,None,,,,,207900000,0,None,None,0.259,,611900000,296100000,,,,,None,,,,,3.09,16.42,5.02,,,,,,,,0.198,,,2025-10-29,quarterly,2.49,USD,pre-market,137700000,,0.0662,0.706,0.071,51.44,611900000,,,,292.23,261.76,1.6327,,,,,,,2190300000,,25.58,,324.5,245.59
2025-12-28,ADP,10.12,20903399000.0,25.58,,0.86,15.74,,,,,,,,,,,,,,,None,1330700000,1330700000,,,,,,None,77800000,,6.16,0.0239,,,,0.064,0.04,452000000,529800000,2.45,2010-03-31,23.7,,10097700000.0,1112500000,633000000,231400000,,,None,1200000,None,,None,,,,,403600000,0,None,None,0.259,,504900000,607600000,,,,,None,,,,,3.09,16.42,5.02,,,,,,,,0.198,,,2025-10-29,quarterly,2.49,USD,pre-market,130000000,,0.0662,0.706,0.071,51.44,504900000,,,,292.23,261.76,1.6327,,,,,,,2443200000,,25.58,,324.5,245.59
2025-12-28,ADP,10.12,20903399000.0,25.58,,0.86,15.74,,,,,,,,,,,,,,,None,1231300000,1231300000,,,,,,None,77400000,,6.16,0.0239,,,,0.064,0.04,298200000,375600000,2.45,2009-12-31,23.7,,10097700000.0,973100000,480100000,164300000,,,None,2500000,None,,None,,,,,315800000,315800000,None,None,0.259,,520100000,453000000,,,,,29600000,,,,,3.09,16.42,5.02,,,,,,,,0.198,,,2025-10-29,quarterly,2.49,USD,pre-market,120500000,,0.0662,0.706,0.071,51.44,520100000,,,,292.23,261.76,1.6327,,,,,,,2204400000,,25.58,,324.5,245.59
2025-12-28,ADP,10.12,20903399000.0,25.58,,0.86,15.74,,,,,,,,,,,,,,,None,1193300000,1193300000,,,,,,None,77600000,,6.16,0.0239,,,,0.064,0.04,261600000,339200000,2.45,2009-09-30,23.7,,10097700000.0,909500000,447300000,163200000,,,None,3200000,None,,None,,,,,284100000,284100000,None,None,0.259,,492700000,416800000,,,,,None,,,,,3.09,16.42,5.02,,,,,,,,0.198,,,2025-10-29,quarterly,2.49,USD,pre-market,125700000,,0.0662,0.706,0.071,51.44,492700000,,,,292.23,261.76,1.6327,,,,,,,2102800000,,25.58,,324.5,245.59
2025-12-28,ADP,10.12,20903399000.0,25.58,,0.86,15.74,,,,,,,,,,,,,,,None,1196700000,1196700000,,,,,,None,79300000,,6.16,0.0239,,,,0.064,0.04,364500000,443800000,2.45,2009-06-30,23.7,,10097700000.0,911000000,361000000,13800000,,,None,3500000,None,,None,,,,,352600000,0,None,None,0.259,,577400000,333600000,,,,,None,,,,,3.09,16.42,5.02,,,,,,,,0.198,,,2025-10-29,quarterly,2.49,USD,pre-market,126100000,,0.0662,0.706,0.071,51.44,577400000,,,,292.23,261.76,1.6327,,,,,,,2107700000,,25.58,,324.5,245.59
2025-12-28,ADP,10.12,20903399000.0,25.58,,0.86,15.74,,,,,,,,,,,,,,,None,1218600000,1218600000,,,,,,None,77600000,,6.16,0.0239,,,,0.064,0.04,630600000,708200000,2.45,2009-03-31,23.7,,10097700000.0,1156100000,629100000,226600000,,,None,2500000,None,,None,,,,,402500000,0,None,None,0.259,,520400000,635700000,,,,,None,,,,,3.09,16.42,5.02,,,,,,,,0.198,,,2025-10-29,quarterly,2.49,USD,pre-market,118800000,,0.0662,0.706,0.071,51.44,520400000,,,,292.23,261.76,1.6327,,,,,,,2374700000,,25.58,,324.5,245.59
2025-12-28,ADP,10.12,20903399000.0,25.58,,0.86,15.74,,,,,,,,,,,,,,,None,1007100000,1007100000,,,,,,None,59600000,,6.16,0.0239,,,,0.064,0.04,323500000,383100000,2.45,2008-12-31,23.7,,10097700000.0,1196200000,473200000,172800000,,,None,8100000,None,,None,,,,,300500000,0,None,None,0.259,,753500000,442700000,,,,,None,,,,,3.09,16.42,5.02,,,,,,,,0.198,,,2025-10-29,quarterly,2.49,USD,pre-market,123100000,,0.0662,0.706,0.071,51.44,573100000,,,,292.23,261.76,1.6327,,,,,,,2203300000,,25.58,,324.5,245.59
2025-12-28,ADP,10.12,20903399000.0,25.58,,0.86,15.74,,,,,,,,,,,,,,,None,1046900000,1046900000,,,,,,None,91600000,,6.16,0.0239,,,,0.064,0.04,234900000,326500000,2.45,2008-09-30,23.7,,10097700000.0,1134600000,441300000,163300000,,,None,19200000,None,,None,,,,,276900000,0,None,None,0.259,,716500000,418100000,,,,,None,,,,,3.09,16.42,5.02,,,,,,,,0.198,,,2025-10-29,quarterly,2.49,USD,pre-market,130400000,,0.0662,0.706,0.071,51.44,526700000,,,,292.23,261.76,1.6327,,,,,,,2181500000,,25.58,,324.5,245.59
2025-12-28,ADP,10.12,20903399000.0,25.58,,0.86,15.74,,,,,,,,,,,,,,,None,994100000,994100000,,,,,,None,86100000,,6.16,0.0239,,,,0.064,0.04,314700000,400800000,2.45,2008-06-30,23.7,,10097700000.0,1213100000,354500000,128500000,,,None,12500000,None,,None,,,,,233500000,0,None,None,0.259,,898400000,314700000,,,,,None,,,,,3.09,16.42,5.02,,,,,,,,0.198,,,2025-10-29,quarterly,2.49,USD,pre-market,140800000,,0.0662,0.706,0.071,51.44,697000000,,,,292.23,261.76,1.6327,,,,,,,2207200000,,25.58,,324.5,245.59
2025-12-28,ADP,10.12,20903399000.0,25.58,,0.86,15.74,,,,,,,,,,,,,,,None,1033500000,1033500000,,,,,,None,90100000,,6.16,0.0239,,,,0.064,0.04,437300000,527400000,2.45,2008-03-31,23.7,,10097700000.0,1393700000,635500000,231900000,,,None,7900000,None,,None,,,,,413600000,0,None,None,0.259,,776200000,617500000,,,,,None,,,,,3.09,16.42,5.02,,,,,,,,0.198,,,2025-10-29,quarterly,2.49,USD,pre-market,132000000,,0.0662,0.706,0.071,51.44,585300000,,,,292.23,261.76,1.6327,,,,,,,2427200000,,25.58,,324.5,245.59
2025-12-28,ADP,10.12,20903399000.0,25.58,,0.86,15.74,,,,,,,,,,,,,,,None,979800000,979800000,,,,,,None,102200000,,6.16,0.0239,,,,0.064,0.04,409400000,511600000,2.45,2007-12-31,23.7,,10097700000.0,1170300000,440600000,149000000,,,None,30700000,None,,None,,,,,291200000,0,None,None,0.259,,742900000,427400000,,,,,None,,,,,3.09,16.42,5.02,,,,,,,,0.198,,,2025-10-29,quarterly,2.49,USD,pre-market,128800000,,0.0662,0.706,0.071,51.44,554500000,,,,292.23,261.76,1.6327,,,,,,,2150100000,,25.58,,324.5,245.59
2025-12-28,ADP,10.12,20903399000.0,25.58,,0.86,15.74,,,,,,,,,,,,,,,None,908300000,908300000,,,,,,None,83400000,,6.16,0.0239,,,,0.064,0.04,366300000,449700000,2.45,2007-09-30,23.7,,10097700000.0,1083700000,381500000,141100000,,,None,29400000,None,,None,,,,,297400000,0,None,None,0.259,,717400000,366300000,,,,,None,,,,,3.09,16.42,5.02,,,,,,,,0.198,,,2025-10-29,quarterly,2.49,USD,pre-market,124400000,,0.0662,0.706,0.071,51.44,533600000,,,,292.23,261.76,1.6327,,,,,,,1992000000,,25.58,,324.5,245.59
2025-12-28,ADP,10.12,20903399000.0,25.58,,0.86,15.74,,,,,,,,,,,,,,,None,855500000,855500000,,,,,,None,83600000,,6.16,0.0239,,,,0.064,0.04,271000000,354600000,2.45,2007-06-30,23.7,,10097700000.0,1090200000,287400000,106600000,,,None,87900000,None,,None,,,,,194700000,0,None,None,0.259,,819200000,271000000,,,,,None,,,,,3.09,16.42,5.02,,,,,,,,0.198,,,2025-10-29,quarterly,2.49,USD,pre-market,130400000,,0.0662,0.706,0.071,51.44,635700000,,,,292.23,261.76,1.6327,,,,,,,1945700000,,25.58,,324.5,245.59
2025-12-28,ADP,10.12,20903399000.0,25.58,,0.86,15.74,,,,,,,,,,,,,,,None,899400000,899400000,,,,,,None,56000000,,6.16,0.0239,,,,0.064,0.04,593600000,649600000,2.45,2007-03-31,23.7,,10097700000.0,1289900000,577800000,213500000,,,None,7000000,None,,None,,,,,388900000,0,None,None,0.259,,730300000,559600000,,,,,None,,,,,3.09,16.42,5.02,,,,,,,,0.198,,,2025-10-29,quarterly,2.49,USD,pre-market,122200000,,0.0662,0.706,0.071,51.44,554100000,,,,292.23,261.76,1.6327,,,,,,,2189300000,,25.58,,324.5,245.59
2025-12-28,ADP,10.12,20903399000.0,25.58,,0.86,15.74,,,,,,,,,,,,,,,None,1110400000,1110400000,,,,,,None,96700000,,6.16,0.0239,,,,0.064,0.04,360400000,457100000,2.45,2006-12-31,23.7,,10097700000.0,1205700000,453700000,170700000,,,None,32300000,None,,None,,,,,297700000,0,None,None,0.259,,771600000,434100000,,,,,None,,,,,3.09,16.42,5.02,,,,,,,,0.198,,,2025-10-29,quarterly,2.49,USD,pre-market,145100000,,0.0662,0.706,0.071,51.44,564300000,,,,292.23,261.76,1.6327,,,,,,,2316100000,,25.58,,324.5,245.59
2025-12-28,ADP,10.12,20903399000.0,25.58,,0.86,15.74,,,,,,,,,,,,,,,None,1111900000,1111900000,,,,,,None,93000000,,6.16,0.0239,,,,0.064,0.04,280900000,373900000,2.45,2006-09-30,23.7,,10097700000.0,1105700000,412700000,155200000,,,None,35400000,None,,None,,,,,257500000,0,None,None,0.259,,747800000,357900000,,,,,None,,,,,3.09,16.42,5.02,,,,,,,,0.198,,,2025-10-29,quarterly,2.49,USD,pre-market,137600000,,0.0662,0.706,0.071,51.44,528400000,,,,292.23,261.76,1.6327,,,,,,,2217600000,,25.58,,324.5,245.59
2025-12-28,ADP,10.12,20903399000.0,25.58,,0.86,15.74,,,,,,,,,,,,,,,None,1253200000,1253200000,,,,,,None,89700000,,6.16,0.0239,,,,0.064,0.04,387600000,477300000,2.45,2006-06-30,23.7,,10097700000.0,1220600000,424600000,171500000,,,None,21500000,None,,None,,,,,703700000,0,None,None,0.259,,833000000,387600000,,,,,None,,,,,3.09,16.42,5.02,,,,,,,,0.198,,,2025-10-29,quarterly,2.49,USD,pre-market,155300000,,0.0662,0.706,0.071,51.44,602600000,,,,292.23,261.76,1.6327,,,,,,,2473800000,,25.58,,324.5,245.59
2025-12-28,ADP,10.12,20903399000.0,25.58,,0.86,15.74,,,,,,,,,,,,,,,None,1148500000,1148500000,,,,,,None,72600000,,6.16,0.0239,,,,0.064,0.04,470400000,543000000,2.45,2006-03-31,23.7,,10097700000.0,1290100000,571400000,215900000,,,None,7000000,None,,None,,,,,370600000,0,None,None,0.259,,734800000,555300000,,,,,None,,,,,3.09,16.42,5.02,,,,,,,,0.198,,,2025-10-29,quarterly,2.49,USD,pre-market,146600000,,0.0662,0.706,0.071,51.44,517300000,,,,292.23,261.76,1.6327,,,,,,,2438600000,,25.58,,324.5,245.59
2025-12-28,ADP,10.12,20903399000.0,25.58,,0.86,15.74,,,,,,,,,,,,,,,None,992200000,992200000,,,,,,None,99800000,,6.16,0.0239,,,,0.064,0.04,389900000,489700000,2.45,2005-12-31,23.7,,10097700000.0,1161000000,438400000,165300000,,,None,25600000,None,,None,,,,,259700000,0,None,None,0.259,,732100000,428900000,,,,,None,,,,,3.09,16.42,5.02,,,,,,,,0.198,,,2025-10-29,quarterly,2.49,USD,pre-market,163700000,,0.0662,0.706,0.071,51.44,489000000,,,,292.23,261.76,1.6327,,,,,,,2153200000,,25.58,,324.5,245.59
2025-12-28,ADP,10.12,20903399000.0,25.58,,0.86,15.74,,,,,,,,,,,,,,,None,973500000,973500000,,,,,,None,101900000,,6.16,0.0239,,,,0.064,0.04,329700000,431600000,2.45,2005-09-30,23.7,,10097700000.0,1072700000,353100000,133100000,,,None,18700000,None,,None,,,,,220000000,0,None,None,0.259,,722900000,349800000,,,,,None,,,,,3.09,16.42,5.02,,,,,,,,0.198,,,2025-10-29,quarterly,2.49,USD,pre-market,159800000,,0.0662,0.706,0.071,51.44,485500000,,,,292.23,261.76,1.6327,,,,,,,2046200000,,25.58,,324.5,245.59
2025-12-28,ADP,10.12,20903399000.0,25.58,,0.86,15.74,,,,,,,,,,,,,,,None,10108700000,10108700000,,,,,,None,486000000,,6.16,0.0239,,,,0.064,0.04,5756000000,6242000000,2.45,2025-06-30,23.7,,10097700000.0,10452200000,5310100000,1230400000,,,None,455900000,319500000,,None,,,,,4079700000,4079700000,-136400000,None,0.259,,5040300000,5411900000,,,,,None,,,,,3.09,16.42,5.02,,,,,,,,0.198,,,2025-10-29,annual,2.49,USD,pre-market,988600000,,0.0662,0.706,0.071,51.44,4051700000,,,,292.23,261.76,1.6327,,,,,,,20560900000,,25.58,,324.5,245.59
2025-12-28,ADP,10.12,20903399000.0,25.58,,0.86,15.74,,,,,,,,,,,,,,,None,9612000000,9612000000,,,,,,None,561900000,,6.16,0.0239,,,,0.064,0.04,5238100000,5800000000,2.45,2024-06-30,23.7,,10097700000.0,9590600000,4872300000,1120300000,,,None,365800000,241300000,,None,,,,,3752000000,3752000000,-120100000,None,0.259,,4647600000,4943000000,,,,,None,,,,,3.09,16.42,5.02,,,,,,,,0.198,,,2025-10-29,annual,2.49,USD,pre-market,955700000,,0.0662,0.706,0.071,51.44,3744700000,,,,292.23,261.76,1.6327,,,,,,,19202600000,,25.58,,324.5,245.59
2025-12-28,ADP,10.12,20903399000.0,25.58,,0.86,15.74,,,,,,,,,,,,,,,None,9206700000,9206700000,,,,,,None,549300000,,6.16,0.0239,,,,0.064,0.04,4695300000,5244600000,2.45,2023-06-30,23.7,,10097700000.0,8805500000,4437600000,1025600000,,,None,257700000,962900000,,None,,,,,3412000000,3412000000,709600000,None,0.259,,4299300000,4506200000,,,,,183500000,,,,,3.09,16.42,5.02,,,,,,,,0.198,,,2025-10-29,annual,2.49,USD,pre-market,844800000,,0.0662,0.706,0.071,51.44,3500600000,,,,292.23,261.76,1.6327,,,,,,,18012200000,,25.58,,324.5,245.59
2025-12-28,ADP,10.12,20903399000.0,25.58,,0.86,15.74,,,,,,,,,,,,,,,None,8767700000,8767700000,,,,,,None,515100000,,6.16,0.0239,,,,0.064,0.04,3890400000,4405500000,2.45,2022-06-30,23.7,,10097700000.0,7730600000,3804100000,855200000,,,None,86300000,492800000,,None,,,,,2948900000,2948900000,410900000,None,0.259,,3927400000,3803200000,,,,,82800000,,,,,3.09,16.42,5.02,,,,,,,,0.198,,,2025-10-29,annual,2.49,USD,pre-market,798600000,,0.0662,0.706,0.071,51.44,3171500000,,,,292.23,261.76,1.6327,,,,,,,16498300000,,25.58,,324.5,245.59
2025-12-28,ADP,10.12,20903399000.0,25.58,,0.86,15.74,,,,,,,,,,,,,,,None,8031400000,8031400000,,,,,,None,510700000,,6.16,0.0239,,,,0.064,0.04,3420900000,3931600000,2.45,2021-06-30,23.7,,10097700000.0,6974000000,3361200000,762700000,,,None,59700000,36500000,,None,,,,,2598500000,2598500000,-23200000,None,0.259,,3649400000,3324600000,,,,,96300000,,,,,3.09,16.42,5.02,,,,,,,,0.198,,,2025-10-29,annual,2.49,USD,pre-market,716600000,,0.0662,0.706,0.071,51.44,3040500000,,,,292.23,261.76,1.6327,,,,,,,15005400000,,25.58,,324.5,245.59
2025-12-28,ADP,10.12,20903399000.0,25.58,,0.86,15.74,,,,,,,,,,,,,,,None,7884100000,7884100000,,,,,,None,480000000,,6.16,0.0239,,,,0.064,0.04,3289700000,3769700000,2.45,2020-06-30,23.7,,10097700000.0,6705700000,3182600000,716100000,,,None,107100000,84500000,,None,,,,,2466500000,2466500000,-107100000,None,0.259,,3564000000,3141700000,,,,,148000000,,,,,3.09,16.42,5.02,,,,,,,,0.198,,,2025-10-29,annual,2.49,USD,pre-market,674100000,,0.0662,0.706,0.071,51.44,3003000000,,,,292.23,261.76,1.6327,,,,,,,14589800000,,25.58,,324.5,245.59
2025-12-28,ADP,10.12,20903399000.0,25.58,,0.86,15.74,,,,,,,,,,,,,,,None,7554900000,7554900000,,,,,,None,409000000,,6.16,0.0239,,,,0.064,0.04,3135500000,3544500000,2.45,2019-06-30,23.7,,10097700000.0,6620300000,3005600000,712800000,,,None,129900000,97600000,,None,,,,,2292800000,2292800000,-32300000,None,0.259,,3615700000,3004600000,,,,,111100000,,,,,3.09,16.42,5.02,,,,,,,,0.198,,,2025-10-29,annual,2.49,USD,pre-market,636300000,,0.0662,0.706,0.071,51.44,3064200000,,,,292.23,261.76,1.6327,,,,,,,14175200000,,25.58,,324.5,245.59
2025-12-28,ADP,10.12,20903399000.0,25.58,,0.86,15.74,,,,,,,,,,,,,,,None,7278600000,7278600000,,,,,,None,377600000,,6.16,0.0239,,,,0.064,0.04,2385300000,2762900000,2.45,2018-06-30,23.7,,10097700000.0,6049100000,2171100000,550300000,,,None,102700000,83500000,,None,,,,,1620800000,1620800000,-19200000,None,0.259,,3471200000,2577900000,,,,,-237900000,,,,,3.09,16.42,5.02,,,,,,,,0.198,,,2025-10-29,annual,2.49,USD,pre-market,635400000,,0.0662,0.706,0.071,51.44,2971500000,,,,292.23,261.76,1.6327,,,,,,,13327700000,,25.58,,324.5,245.59
2025-12-28,ADP,10.12,20903399000.0,25.58,,0.86,15.74,,,,,,,,,,,,,,,None,6732200000,6732200000,,,,,,None,316100000,,6.16,0.0239,,,,0.064,0.04,2611100000,2927200000,2.45,2017-06-30,23.7,,10097700000.0,5647600000,2531100000,797700000,,,None,80000000,76700000,,None,,,,,1733400000,1733400000,-3300000,None,0.259,,3229300000,2418300000,,,,,284300000,,,,,3.09,16.42,5.02,,,,,,,,0.198,,,2025-10-29,annual,2.49,USD,pre-market,627500000,,0.0662,0.706,0.071,51.44,2783200000,,,,292.23,261.76,1.6327,,,,,,,12379800000,,25.58,,324.5,245.59
2025-12-28,ADP,10.12,20903399000.0,25.58,,0.86,15.74,,,,,,,,,,,,,,,None,6313600000,6313600000,,,,,,None,288600000,,6.16,0.0239,,,,0.064,0.04,2290900000,2579500000,2.45,2016-06-30,23.7,,10097700000.0,5354200000,2234700000,741300000,,,None,56200000,1200000,,None,,,,,1492500000,1493400000,6200000,None,0.259,,3106100000,2248100000,,,,,100400000,,,,,3.09,16.42,5.02,,,,,,,,0.198,,,2025-10-29,annual,2.49,USD,pre-market,603700000,,0.0662,0.706,0.071,51.44,2637000000,,,,292.23,261.76,1.6327,,,,,,,11667800000,,25.58,,324.5,245.59
2025-12-28,ADP,10.12,20903399000.0,25.58,,0.86,15.74,,,,,,,,,,,,,,,None,5903200000,5903200000,,,,,,None,277900000,,6.16,0.0239,,,,0.064,0.04,2077200000,2355100000,2.45,2015-06-30,23.7,,10097700000.0,5035300000,2070700000,694200000,,,None,6500000,None,,None,,,,,1452500000,1376500000,None,None,0.259,,3021300000,2014000000,,,,,63200000,,,,,3.09,16.42,5.02,,,,,,,,0.198,,,2025-10-29,annual,2.49,USD,pre-market,595400000,,0.0662,0.706,0.071,51.44,2496900000,,,,292.23,261.76,1.6327,,,,,,,10938500000,,25.58,,324.5,245.59
2025-12-28,ADP,10.12,20903399000.0,25.58,,0.86,15.74,,,,,,,,,,,,,,,None,6584800000,6584800000,,,,,,None,336200000,,6.16,0.0239,,,,0.064,0.04,2280700000,2616900000,2.45,2014-06-30,23.7,,10097700000.0,5621700000,2274600000,772000000,,,None,6100000,None,,None,,,,,1515900000,1502600000,None,None,0.259,,3399000000,2222700000,,,,,72900000,,,,,3.09,16.42,5.02,,,,,,,,0.198,,,2025-10-29,annual,2.49,USD,pre-market,718000000,,0.0662,0.706,0.071,51.44,2762400000,,,,292.23,261.76,1.6327,,,,,,,12206500000,,25.58,,324.5,245.59
2025-12-28,ADP,10.12,20903399000.0,25.58,,0.86,15.74,,,,,,,,,,,,,,,None,6059400000,6059400000,,,,,,None,317000000,,6.16,0.0239,,,,0.064,0.04,2093400000,2410400000,2.45,2013-06-30,23.7,,10097700000.0,5250700000,2084300000,720200000,,,None,9100000,None,,None,,,,,1405800000,1364100000,None,None,0.259,,3210800000,2039900000,,,,,96200000,,,,,3.09,16.42,5.02,,,,,,,,0.198,,,2025-10-29,annual,2.49,USD,pre-market,654300000,,0.0662,0.706,0.071,51.44,2620600000,,,,292.23,261.76,1.6327,,,,,,,11310100000,,25.58,,324.5,245.59
2025-12-28,ADP,10.12,20903399000.0,25.58,,0.86,15.74,,,,,,,,,,,,,,,None,5703400000,5703400000,,,,,,None,323300000,,6.16,0.0239,,,,0.064,0.04,2129800000,2453100000,2.45,2012-06-30,23.7,,10097700000.0,4961800000,2122100000,733600000,,,None,7700000,None,,None,,,,,1388500000,1388500000,None,None,0.259,,3002800000,1959000000,,,,,170800000,,,,,3.09,16.42,5.02,,,,,,,,0.198,,,2025-10-29,annual,2.49,USD,pre-market,599900000,,0.0662,0.706,0.071,51.44,2466200000,,,,292.23,261.76,1.6327,,,,,,,10665200000,,25.58,,324.5,245.59
2025-12-28,ADP,10.12,20903399000.0,25.58,,0.86,15.74,,,,,,,,,,,,,,,None,5219100000,5219100000,,,,,,None,318200000,,6.16,0.0239,,,,0.064,0.04,1941300000,2259500000,2.45,2011-06-30,23.7,,10097700000.0,4660400000,1932700000,678500000,,,None,8600000,None,,None,,,,,1254200000,1254200000,None,None,0.259,,2835700000,1824700000,,,,,116600000,,,,,3.09,16.42,5.02,,,,,,,,0.198,,,2025-10-29,annual,2.49,USD,pre-market,577200000,,0.0662,0.706,0.071,51.44,2323300000,,,,292.23,261.76,1.6327,,,,,,,9879500000,,25.58,,324.5,245.59
2025-12-28,ADP,10.12,20903399000.0,25.58,,0.86,15.74,,,,,,,,,,,,,,,None,5029700000,5029700000,,,,,,None,309200000,,6.16,0.0239,,,,0.064,0.04,1770600000,2079800000,2.45,2010-06-30,23.7,,10097700000.0,3898000000,1863200000,655900000,,,None,8600000,None,,None,,,,,1211400000,1207300000,None,None,0.259,,2127400000,1770600000,,,,,101200000,,,,,3.09,16.42,5.02,,,,,,,,0.198,,,2025-10-29,annual,2.49,USD,pre-market,513900000,,0.0662,0.706,0.071,51.44,2127400000,,,,292.23,261.76,1.6327,,,,,,,8927700000,,25.58,,324.5,245.59
2025-12-28,ADP,10.12,20903399000.0,25.58,,0.86,15.74,,,,,,,,,,,,,,,None,4410100000,4410100000,,,,,,None,308100000,,6.16,0.0239,,,,0.064,0.04,1938000000,2246100000,2.45,2009-06-30,23.7,,10097700000.0,4457000000,1904700000,576500000,,,None,33299999,None,,None,,,,,1332600000,None,None,None,0.259,,2627000000,1830000000,,,,,None,,,,,3.09,16.42,5.02,,,,,,,,0.198,,,2025-10-29,annual,2.49,USD,pre-market,499700000,,0.0662,0.706,0.071,51.44,2197600000,,,,292.23,261.76,1.6327,,,,,,,8867100000,,25.58,,324.5,245.59
2025-12-28,ADP,10.12,20903399000.0,25.58,,0.86,15.74,,,,,,,,,,,,,,,None,4234800000,4234800000,,,,,,None,319100000,,6.16,0.0239,,,,0.064,0.04,1892500000,2211600000,2.45,2008-06-30,23.7,,10097700000.0,4541700000,1812000000,650300000,,,None,80500000,None,,None,,,,,1235700000,None,None,None,0.259,,2815700000,1726000000,,,,,None,,,,,3.09,16.42,5.02,,,,,,,,0.198,,,2025-10-29,annual,2.49,USD,pre-market,525900000,,0.0662,0.706,0.071,51.44,2370400000,,,,292.23,261.76,1.6327,,,,,,,8776500000,,25.58,,324.5,245.59
2025-12-28,ADP,10.12,20903399000.0,25.58,,0.86,15.74,,,,,,,,,,,,,,,None,3681100000,3681100000,,,,,,None,288800000,,6.16,0.0239,,,,0.064,0.04,1718400000,2007200000,2.45,2007-06-30,23.7,,10097700000.0,4118899999,1623500000,602300000,,,None,94900000,None,,None,,,,,1138700000,None,None,None,0.259,,2612400000,1506500000,,,,,None,,,,,3.09,16.42,5.02,,,,,,,,0.198,,,2025-10-29,annual,2.49,USD,pre-market,486100000,,0.0662,0.706,0.071,51.44,2206200000,,,,292.23,261.76,1.6327,,,,,,,7800000000,,25.58,,324.5,245.59
2025-12-28,ADP,10.12,20903399000.0,25.58,,0.86,15.74,,,,,,,,,,,,,,,None,3216500000,3216500000,,,,,,None,246000000,,6.16,0.0239,,,,0.064,0.04,1434000000,1680000000,2.45,2006-06-30,23.7,,10097700000.0,3619100000,1743000000,670600000,,,None,72800000,None,,None,,,,,1554000000,None,None,None,0.259,,2320900000,1298200000,,,,,None,,,,,3.09,16.42,5.02,,,,,,,,0.198,,,2025-10-29,annual,2.49,USD,pre-market,472300000,,0.0662,0.706,0.071,51.44,2035100000,,,,292.23,261.76,1.6327,,,,,,,6835600000,,25.58,,324.5,245.59
2025-12-28,ADP,10.12,20903399000.0,25.58,None,0.86,15.74,,341700000,2478000000,2478000000,,,,,,,,,63900000,406827000,None,3216500000,3216500000,129000000,None,5208000000,3463600000,None,None,246000000,,6.16,0.0239,,,,0.064,0.04,1434000000,1680000000,2.45,2025-09-30,23.7,3275200000,10097700000.0,3619100000,1743000000,670600000,1598000000,1598000000,None,72800000,None,None,None,None,3975600000,None,None,1554000000,None,None,None,0.259,,2320900000,1298200000,33042200000,36220400000,None,1041400000,None,,,,,3.09,16.42,5.02,,,,,,,,0.198,,None,2025-10-29,quarterly,2.49,USD,pre-market,472300000,25622400000,0.0662,0.706,0.071,51.44,2035100000,9525300000,5208000000,5218700000,292.23,261.76,1.6327,54320800000,44202500000,41932000000,47947000000,10118300000,6015000000,6835600000,6373800000,25.58,None,324.5,245.59
2025-12-28,ADP,10.12,20903399000.0,25.58,None,0.86,15.74,,321200000,3347800000,3347800000,,,,,,,,,63900000,407700000,None,3216500000,3216500000,169100000,None,4769500000,3579100000,None,None,246000000,,6.16,0.0239,,,,0.064,0.04,1434000000,1680000000,2.45,2025-06-30,23.7,3273500000,10097700000.0,3619100000,1743000000,670600000,1603000000,1603000000,None,72800000,None,None,None,None,3974700000,None,None,1554000000,None,None,None,0.259,,2320900000,1298200000,31826500000,36067800000,None,1058300000,None,,,,,3.09,16.42,5.02,,,,,,,,0.198,,None,2025-10-29,quarterly,2.49,USD,pre-market,472300000,25240600000,0.0662,0.706,0.071,51.44,2035100000,9065400000,4769500000,4498800000,292.23,261.76,1.6327,53369300000,43252200000,41278300000,47181300000,10117100000,5903000000,6835600000,6188000000,25.58,None,324.5,245.59
2025-12-28,ADP,10.12,20903399000.0,25.58,None,0.86,15.74,,283200000,2680600000,2680600000,,,,,,,,,63900000,408500000,None,3216500000,3216500000,146300000,None,1000700000,3547900000,None,None,246000000,,6.16,0.0239,,,,0.064,0.04,1434000000,1680000000,2.45,2025-03-31,23.7,3300200000,10097700000.0,3619100000,1743000000,670600000,1604300000,1604300000,None,72800000,None,None,None,None,2982500000,None,None,1554000000,None,None,None,0.259,,2320900000,1298200000,40308300000,44393200000,None,991200000,None,,,,,3.09,16.42,5.02,,,,,,,,0.198,,None,2025-10-29,quarterly,2.49,USD,pre-market,472300000,24956600000,0.0662,0.706,0.071,51.44,2035100000,4266400000,1000700000,None,292.23,261.76,1.6327,56448600000,46536800000,45845400000,50593300000,9911800000,4747900000,6835600000,5855300000,25.58,None,324.5,245.59
2025-12-28,ADP,10.12,20903399000.0,25.58,None,0.86,15.74,,300300000,2216400000,2216400000,,,,,,,,,63900000,409000000,None,3216500000,3216500000,186400000,None,1000500000,3503500000,None,None,246000000,,6.16,0.0239,,,,0.064,0.04,1434000000,1680000000,2.45,2024-12-31,23.7,3183900000,10097700000.0,3619100000,1743000000,670600000,1739100000,1739100000,None,72800000,None,None,None,None,2982000000,None,None,1554000000,None,None,None,0.259,,2320900000,1298200000,48534500000,52875100000,None,999300000,None,,,,,3.09,16.42,5.02,,,,,,,,0.198,,None,2025-10-29,quarterly,2.49,USD,pre-market,472300000,24335600000,0.0662,0.706,0.071,51.44,2035100000,4282800000,1000500000,None,292.23,261.76,1.6327,64096700000,54254400000,54303100000,59018600000,9842300000,4715500000,6835600000,5078100000,25.58,None,324.5,245.59
2025-12-28,ADP,10.12,20903399000.0,25.58,None,0.86,15.74,,316100000,2104900000,2104900000,,,,,,,,,63900000,409500000,None,3216500000,3216500000,145200000,None,6054800000,3316700000,None,None,246000000,,6.16,0.0239,,,,0.064,0.04,1434000000,1680000000,2.45,2024-09-30,23.7,2369000000,10097700000.0,3619100000,1743000000,670600000,1330300000,1330300000,None,72800000,None,None,None,None,2981400000,None,940600000,1554000000,None,None,None,0.259,,2320900000,1298200000,29247400000,33492500000,None,977000000,None,,,,,3.09,16.42,5.02,,,,,,,,0.198,,None,2025-10-29,quarterly,2.49,USD,pre-market,472300000,24001200000,0.0662,0.706,0.071,51.44,2035100000,8673200000,5375700000,5242200000,292.23,261.76,1.6327,49511400000,39911200000,39372400000,44162800000,9600200000,4790400000,6835600000,5348600000,25.58,None,324.5,245.59
2025-12-28,ADP,10.12,20903399000.0,25.58,None,0.86,15.74,,328600000,2913400000,2913400000,,,,,,,,,63900000,410600000,None,3216500000,3216500000,100600000,None,385400000,3428200000,None,None,246000000,,6.16,0.0239,,,,0.064,0.04,1434000000,1680000000,2.45,2024-06-30,23.7,2353600000,10097700000.0,3619100000,1743000000,670600000,1336000000,1336000000,None,72800000,None,None,None,None,2991300000,None,None,1554000000,None,None,None,0.259,,2320900000,1298200000,38816900000,44285800000,None,990800000,None,,,,,3.09,16.42,5.02,,,,,,,,0.198,,None,2025-10-29,quarterly,2.49,USD,pre-market,472300000,23622200000,0.0662,0.706,0.071,51.44,2035100000,3705300000,385400000,384000000,292.23,261.76,1.6327,54362700000,45542500000,45080000000,49815100000,8820200000,4735100000,6835600000,4547600000,25.58,None,324.5,245.59
2025-12-28,ADP,10.12,20903399000.0,25.58,None,0.86,15.74,,309100000,3291700000,3291700000,,,,,,,,,63900000,412100000,None,3216500000,3216500000,84600000,None,None,3460700000,None,None,246000000,,6.16,0.0239,,,,0.064,0.04,1434000000,1680000000,2.45,2024-03-31,23.7,2355400000,10097700000.0,3619100000,1743000000,670600000,1295300000,1295300000,None,72800000,None,47929500000,None,None,2990700000,None,None,1554000000,None,None,None,0.259,,2320900000,1298200000,48887200000,54422500000,None,935500000,None,,,,,3.09,16.42,5.02,,,,,,,,0.198,,None,2025-10-29,quarterly,2.49,USD,pre-market,472300000,23366100000,0.0662,0.706,0.071,51.44,2035100000,3395100000,95300000,None,292.23,261.76,1.6327,64181600000,55639600000,54901900000,59554900000,8542000000,4653000000,6835600000,4626700000,25.58,None,324.5,245.59
2025-12-28,ADP,10.12,20903399000.0,25.58,None,0.86,15.74,,326800000,1641300000,1641300000,,,,,,,,,63900000,412500000,None,3216500000,3216500000,76800000,None,21600000,3372400000,None,None,246000000,,6.16,0.0239,,,,0.064,0.04,1434000000,1680000000,2.45,2023-12-31,23.7,2369800000,10097700000.0,3619100000,1743000000,670600000,1315100000,1315100000,None,72800000,None,1,None,None,2990200000,None,None,1554000000,None,None,None,0.259,,2320900000,1298200000,43505300000,47809900000,None,918900000,None,,,,,3.09,16.42,5.02,,,,,,,,0.198,,None,2025-10-29,quarterly,2.49,USD,pre-market,472300000,22757100000,0.0662,0.706,0.071,51.44,2035100000,3338600000,21600000,24400000,292.23,261.76,1.6327,57069400000,48543400000,48097700000,52749800000,8526000000,4652100000,6835600000,4319600000,25.58,None,324.5,245.59
2025-12-28,ADP,10.12,20903399000.0,25.58,None,0.86,15.74,,334300000,1441400000,1441400000,,,,,,,,,63900000,413600000,None,3216500000,3216500000,67400000,None,343800000,3095100000,None,None,246000000,,6.16,0.0239,,,,0.064,0.04,1434000000,1680000000,2.45,2023-09-30,23.7,2352500000,10097700000.0,3619100000,1743000000,670600000,1331800000,1331800000,None,72800000,None,34762900000,None,None,2989800000,None,None,1554000000,None,None,None,0.259,,2320900000,1298200000,35928700000,40798700000,None,893000000,None,,,,,3.09,16.42,5.02,,,,,,,,0.198,,1040900000,2025-10-29,quarterly,2.49,USD,pre-market,472300000,22455400000,0.0662,0.706,0.071,51.44,2035100000,3324100000,179800000,14900000,292.23,261.76,1.6327,49323600000,40480100000,41228700000,45850800000,8843500000,4622100000,6835600000,3472800000,25.58,None,324.5,245.59
2025-12-28,ADP,10.12,20903399000.0,25.58,None,0.86,15.74,,349900000,2083500000,2083500000,,,,,,,,,63900000,414300000,None,3216500000,3216500000,96800000,None,105400000,3009600000,None,None,246000000,,6.16,0.0239,,,,0.064,0.04,1434000000,1680000000,2.45,2023-06-30,23.7,2339400000,10097700000.0,3619100000,1743000000,670600000,1343600000,1343600000,None,72800000,None,1,None,None,2989000000,None,8500000,1554000000,None,None,None,0.259,,2320900000,1298200000,37062800000,42438000000,None,933700000,None,,,,,3.09,16.42,5.02,,,,,,,,0.198,,681400000,2025-10-29,quarterly,2.49,USD,pre-market,472300000,22118000000,0.0662,0.706,0.071,51.44,2035100000,3444300000,105400000,14700000,292.23,261.76,1.6327,50971000000,42170600000,42767600000,47461900000,8800400000,4694300000,6835600000,3509100000,25.58,-18469300000,324.5,245.59
2025-12-28,ADP,10.12,20903399000.0,25.58,None,0.86,15.74,,332100000,1828400000,1828400000,,,,,,,,,63900000,415500000,None,3216500000,3216500000,74800000,None,None,3072100000,None,None,246000000,,6.16,0.0239,,,,0.064,0.04,1434000000,1680000000,2.45,2023-03-31,23.7,2335700000,10097700000.0,3619100000,1743000000,670600000,1360300000,1360300000,None,72800000,None,1,None,None,2988600000,None,8900000,1554000000,None,None,None,0.259,,2320900000,1298200000,46591400000,51211800000,None,1595600000,None,,,,,3.09,16.42,5.02,,,,,,,,0.198,,663500000,2025-10-29,quarterly,2.49,USD,pre-market,472300000,21857800000,0.0662,0.706,0.071,51.44,2035100000,3320700000,94500000,26300000,292.23,261.76,1.6327,59881800000,51518200000,51536100000,56188000000,8363600000,4651900000,6835600000,3693800000,25.58,-18162000000,324.5,245.59
2025-12-28,ADP,10.12,20903399000.0,25.58,None,0.86,15.74,,334100000,1345000000,1345000000,,,,,,,,,63900000,416200000,None,3216500000,3216500000,85300000,None,None,3162300000,None,None,246000000,,6.16,0.0239,,,,0.064,0.04,1434000000,1680000000,2.45,2022-12-31,23.7,2315000000,10097700000.0,3619100000,1743000000,670600000,1365600000,1365600000,None,72800000,None,1,None,None,2988100000,None,7700000,1554000000,None,None,None,0.259,,2320900000,1298200000,41619900000,46540500000,None,931600000,None,,,,,3.09,16.42,5.02,,,,,,,,0.198,,655100000,2025-10-29,quarterly,2.49,USD,pre-market,472300000,21333000000,0.0662,0.706,0.071,51.44,2035100000,3322200000,95900000,16400000,292.23,261.76,1.6327,54453000000,46143600000,46813700000,51466300000,8309400000,4652600000,6835600000,2986700000,25.58,-17913500000,324.5,245.59
2025-12-28,ADP,10.12,20903399000.0,25.58,None,0.86,15.74,,348500000,1207700000,1207700000,,,,,,,,,63900000,416900000,None,3216500000,3216500000,82700000,None,167600000,2939200000,None,None,246000000,,6.16,0.0239,,,,0.064,0.04,1434000000,1680000000,2.45,2022-09-30,23.7,2273400000,10097700000.0,3619100000,1743000000,670600000,1368700000,1368700000,None,72800000,None,32937900000,None,None,2987600000,None,8200000,1554000000,None,None,None,0.259,,2320900000,1298200000,33797500000,38734400000,None,902100000,None,,,,,3.09,16.42,5.02,,,,,,,,0.198,,1064100000,2025-10-29,quarterly,2.49,USD,pre-market,472300000,21039000000,0.0662,0.706,0.071,51.44,2035100000,3503700000,167600000,24400000,292.23,261.76,1.6327,46364700000,37968800000,39166200000,43788200000,8395900000,4622000000,6835600000,2576500000,25.58,-17695400000,324.5,245.59
2025-12-28,ADP,10.12,20903399000.0,25.58,None,0.86,15.74,,370900000,1436300000,1436300000,,,,,,,,,63900000,418200000,None,3216500000,3216500000,110200000,None,136400000,3170600000,None,None,246000000,,6.16,0.0239,,,,0.064,0.04,1434000000,1680000000,2.45,2022-06-30,23.7,2300500000,10097700000.0,3619100000,1743000000,670600000,1333100000,1333100000,None,72800000,None,49569200000,None,None,2987100000,None,9100000,1554000000,None,None,None,0.259,,2320900000,1298200000,50165300000,54821900000,None,924200000,None,,,,,3.09,16.42,5.02,,,,,,,,0.198,,1103500000,2025-10-29,quarterly,2.49,USD,pre-market,472300000,20696300000,0.0662,0.706,0.071,51.44,2035100000,3494400000,136400000,47000000,292.23,261.76,1.6327,63068200000,54804900000,55158700000,59842900000,8263300000,4684200000,6835600000,3225300000,25.58,-17335400000,324.5,245.59
2025-12-28,ADP,10.12,20903399000.0,25.58,None,0.86,15.74,,344900000,1634200000,1634200000,,,,,,,,,63900000,420200000,None,3216500000,3216500000,81700000,None,None,3250700000,None,None,246000000,,6.16,0.0239,,,,0.064,0.04,1434000000,1680000000,2.45,2022-03-31,23.7,2324100000,10097700000.0,3619100000,1743000000,670600000,1327300000,1327300000,None,72800000,None,58319600000,None,None,2986600000,None,10200000,1554000000,None,None,None,0.259,,2320900000,1298200000,58991300000,62685800000,None,954200000,None,,,,,3.09,16.42,5.02,,,,,,,,0.198,,650500000,2025-10-29,quarterly,2.49,USD,pre-market,472300000,20504500000,0.0662,0.706,0.071,51.44,2035100000,3331500000,107000000,27600000,292.23,261.76,1.6327,72068100000,63903800000,63106500000,67875200000,8164300000,4768700000,6835600000,4192900000,25.58,-16850000000,324.5,245.59
2025-12-28,ADP,10.12,20903399000.0,25.58,None,0.86,15.74,,363500000,1745000000,1745000000,,,,,,,,,63900000,422000000,None,3216500000,3216500000,103500000,None,None,2736000000,None,None,246000000,,6.16,0.0239,,,,0.064,0.04,1434000000,1680000000,2.45,2021-12-31,23.7,2330700000,10097700000.0,3619100000,1743000000,670600000,1222500000,1222500000,None,72800000,None,45890400000,None,None,2986100000,None,None,1554000000,None,None,None,0.259,,2320900000,1298200000,46606600000,48727300000,None,843600000,None,,,,,3.09,16.42,5.02,,,,,,,,0.198,,1116600000,2025-10-29,quarterly,2.49,USD,pre-market,472300000,20011800000,0.0662,0.706,0.071,51.44,2035100000,3349600000,3024500000,19700000,292.23,261.76,1.6327,59102600000,51107300000,49084000000,54053000000,7995300000,4969000000,6835600000,5049600000,25.58,None,324.5,245.59
2025-12-28,ADP,10.12,20903399000.0,25.58,None,0.86,15.74,,345700000,1602100000,1602100000,,,,,,,,,63900000,423800000,None,3216500000,3216500000,77800000,None,45800000,2769700000,None,None,246000000,,6.16,0.0239,,,,0.064,0.04,1434000000,1680000000,2.45,2021-09-30,23.7,2325800000,10097700000.0,3619100000,1743000000,670600000,1211600000,1211600000,None,72800000,None,46808600000,None,None,2985500000,None,10100000,1554000000,None,None,None,0.259,,2320900000,1298200000,47647600000,49221200000,None,813600000,None,,,,,3.09,16.42,5.02,,,,,,,,0.198,,1111100000,2025-10-29,quarterly,2.49,USD,pre-market,472300000,19754800000,0.0662,0.706,0.071,51.44,2035100000,3331200000,45800000,28500000,292.23,261.76,1.6327,59987200000,52047900000,49669900000,54636500000,7939300000,4966600000,6835600000,5350700000,25.58,-15924200000,324.5,245.59
2025-12-28,ADP,10.12,20903399000.0,25.58,None,0.86,15.74,,343200000,2575200000,2575200000,,,,,,,,,63900000,425900000,None,3216500000,3216500000,141100000,None,23500000,2727400000,None,None,246000000,,6.16,0.0239,,,,0.064,0.04,1434000000,1680000000,2.45,2021-06-30,23.7,2338400000,10097700000.0,3619100000,1743000000,670600000,1210100000,1210100000,None,72800000,None,34905800000,None,None,2985000000,None,11500000,1554000000,None,None,None,0.259,,2320900000,1298200000,35439200000,37668100000,None,834100000,None,,,,,3.09,16.42,5.02,,,,,,,,0.198,,1146700000,2025-10-29,quarterly,2.49,USD,pre-market,472300000,19451100000,0.0662,0.706,0.071,51.44,2035100000,3351700000,23500000,10400000,292.23,261.76,1.6327,48772500000,40741800000,38094800000,43102400000,8030700000,5007600000,6835600000,5670100000,25.58,-15386800000,324.5,245.59
2025-12-28,ADP,10.12,20903399000.0,25.58,None,0.86,15.74,,360900000,1891500000,1891500000,,,,,,,,,63900000,427700000,None,3216500000,3216500000,112200000,None,None,2765400000,None,None,246000000,,6.16,0.0239,,,,0.064,0.04,1434000000,1680000000,2.45,2021-03-31,23.7,2333800000,10097700000.0,3619100000,1743000000,670600000,1212800000,1212800000,None,72800000,None,41491000000,None,None,1994300000,None,12900000,1554000000,None,None,None,0.259,,2320900000,1298200000,604500000,41043000000,None,1532300000,None,,,,,3.09,16.42,5.02,,,,,,,,0.198,,701400000,2025-10-29,quarterly,2.49,USD,pre-market,472300000,19307500000,0.0662,0.706,0.071,51.44,2035100000,5253600000,3259300000,10500000,292.23,261.76,1.6327,54407700000,46752400000,44615200000,48733800000,7655300000,4118600000,6835600000,5673900000,25.58,-14919600000,324.5,245.59
2025-12-28,ADP,10.12,20903399000.0,25.58,None,0.86,15.74,,357400000,1602200000,1602200000,,,,,,,,,63900000,429000000,None,3216500000,3216500000,113900000,None,None,2509800000,None,None,246000000,,6.16,0.0239,,,,0.064,0.04,1434000000,1680000000,2.45,2020-12-31,23.7,2346600000,10097700000.0,3619100000,1743000000,670600000,1207200000,1207200000,None,72800000,None,36866200000,None,None,1994100000,None,15300000,1554000000,None,None,None,0.259,,2320900000,1298200000,684100000,36066100000,None,1169900000,None,,,,,3.09,16.42,5.02,,,,,,,,0.198,,692700000,2025-10-29,quarterly,2.49,USD,pre-market,472300000,18893600000,0.0662,0.706,0.071,51.44,2035100000,4782900000,2788800000,10600000,292.23,261.76,1.6327,49325900000,41662300000,39176500000,43425900000,7663600000,4249400000,6835600000,5900000000,25.58,-14505400000,324.5,245.59
2025-12-28,ADP,10.12,20903399000.0,25.58,None,0.86,15.74,,330400000,1613100000,1613100000,,,,,,,,,63900000,430000000,None,3216500000,3216500000,111200000,None,None,2489100000,None,None,246000000,,6.16,0.0239,,,,0.064,0.04,1434000000,1680000000,2.45,2020-09-30,23.7,2326300000,10097700000.0,3619100000,1743000000,670600000,1215900000,1215900000,None,72800000,None,29950300000,None,None,1993900000,None,16100000,1554000000,None,None,None,0.259,,2320900000,1298200000,762900000,29098400000,None,813900000,None,,,,,3.09,16.42,5.02,,,,,,,,0.198,,1180500000,2025-10-29,quarterly,2.49,USD,pre-market,472300000,18644700000,0.0662,0.706,0.071,51.44,2035100000,4908900000,2915000000,3400000,292.23,261.76,1.6327,42390100000,34815400000,32329600000,36581200000,7574700000,4251600000,6835600000,5808900000,25.58,-14264000000,324.5,245.59
2025-12-28,ADP,10.12,20903399000.0,25.58,None,0.86,15.74,,344400000,1908500000,1908500000,,,,,,,,,63900000,430600000,None,3216500000,3216500000,102000000,None,1001800000,2441300000,None,None,246000000,,6.16,0.0239,,,,0.064,0.04,1434000000,1680000000,2.45,2020-06-30,23.7,2309400000,10097700000.0,3619100000,1743000000,670600000,1215800000,1215800000,None,72800000,None,26708100000,None,None,1002800000,None,18600000,1554000000,None,None,None,0.259,,2320900000,1298200000,27214300000,28770200000,None,837000000,None,,,,,3.09,16.42,5.02,,,,,,,,0.198,,703900000,2025-10-29,quarterly,2.49,USD,pre-market,472300000,18436300000,0.0662,0.706,0.071,51.44,2035100000,2349000000,1001800000,0,292.23,261.76,1.6327,39165500000,31564100000,30126600000,33413300000,7601400000,3286700000,6835600000,5752200000,25.58,-14067000000,324.5,245.59
2025-12-28,ADP,10.12,20903399000.0,25.58,None,0.86,15.74,,361200000,1705000000,1705000000,,,,,,,,,63900000,431800000,None,3216500000,3216500000,115500000,None,1001800000,2620600000,None,None,246000000,,6.16,0.0239,,,,0.064,0.04,1434000000,1680000000,2.45,2020-03-31,23.7,2299300000,10097700000.0,3619100000,1743000000,670600000,1106700000,1106700000,None,72800000,None,30834400000,None,None,1002800000,None,21600000,1554000000,None,None,None,0.259,,2320900000,1298200000,31379900000,33289600000,None,1106800000,None,,,,,3.09,16.42,5.02,,,,,,,,0.198,,743100000,2025-10-29,quarterly,2.49,USD,pre-market,472300000,18416500000,0.0662,0.706,0.071,51.44,2035100000,2365800000,1001800000,3200000,292.23,261.76,1.6327,43383400000,35708700000,34672800000,37892700000,7674700000,3219900000,6835600000,5490700000,25.58,-14070400000,324.5,245.59
2025-12-28,ADP,10.12,20903399000.0,25.58,None,0.86,15.74,,360200000,1500400000,1500400000,,,,,,,,,63900000,433300000,None,3216500000,3216500000,132900000,None,1001600000,2587900000,None,None,246000000,,6.16,0.0239,,,,0.064,0.04,1434000000,1680000000,2.45,2019-12-31,23.7,2314900000,10097700000.0,3619100000,1743000000,670600000,1102500000,1102500000,None,72800000,None,36608600000,None,None,1003000000,None,21600000,1554000000,None,None,None,0.259,,2320900000,1298200000,37269500000,39139400000,None,1086200000,None,,,,,3.09,16.42,5.02,,,,,,,,0.198,,761300000,2025-10-29,quarterly,2.49,USD,pre-market,472300000,17987600000,0.0662,0.706,0.071,51.44,2035100000,2364800000,1001600000,7200000,292.23,261.76,1.6327,49059400000,41365000000,40522400000,43695000000,7694400000,3172600000,6835600000,5364400000,25.58,-13709600000,324.5,245.59
2025-12-28,ADP,10.12,20903399000.0,25.58,None,0.86,15.74,,355400000,1403900000,1403900000,,,,,,,,,63900000,435400000,None,3216500000,3216500000,108800000,None,4538000000,2490400000,None,None,246000000,,6.16,0.0239,,,,0.064,0.04,1434000000,1680000000,2.45,2019-09-30,23.7,2303300000,10097700000.0,3619100000,1743000000,670600000,1078900000,1078900000,None,72800000,None,21393200000,None,None,1003400000,None,22100000,1554000000,None,None,None,0.259,,2320900000,1298200000,22069100000,23788700000,None,1063300000,None,,,,,3.09,16.42,5.02,,,,,,,,0.198,,767100000,2025-10-29,quarterly,2.49,USD,pre-market,472300000,17729600000,0.0662,0.706,0.071,51.44,2035100000,6325400000,4966600000,3545100000,292.23,261.76,1.6327,37714700000,29508500000,29200900000,32354000000,8206200000,3153100000,6835600000,5360700000,25.58,-13412600000,324.5,245.59
2025-12-28,ADP,10.12,20903399000.0,25.58,None,0.86,15.74,,None,1949200000,1949200000,,,,,,,,,63900000,436100000,None,3216500000,3216500000,125500000,None,None,2439300000,None,None,246000000,,6.16,0.0239,,,,0.064,0.04,1434000000,1680000000,2.45,2019-06-30,23.7,2323000000,10097700000.0,3619100000,1743000000,670600000,1071500000,1071500000,None,72800000,None,29434200000,None,None,2002200000,None,23800000,1554000000,None,None,None,0.259,,2320900000,1298200000,519600000,32019500000,None,798700000,None,,,,,3.09,16.42,5.02,,,,,,,,0.198,,764200000,2025-10-29,quarterly,2.49,USD,pre-market,472300000,17500600000,0.0662,0.706,0.071,51.44,2035100000,2264200000,262000000,10500000,292.23,261.76,1.6327,41887700000,34342300000,32627700000,36487800000,7545400000,3860100000,6835600000,5399900000,25.58,-13090500000,324.5,245.59
2025-12-28,ADP,10.12,20903399000.0,25.58,None,0.86,15.74,,None,1826200000,1826200000,,,,,,,,,63900000,436600000,None,3216500000,3216500000,156300000,None,None,2485200000,None,None,246000000,,6.16,0.0239,,,,0.064,0.04,1434000000,1680000000,2.45,2019-03-31,23.7,2316100000,10097700000.0,3619100000,1743000000,670600000,1062900000,1062900000,None,72800000,None,36078200000,None,None,2002300000,None,25600000,1554000000,None,None,None,0.259,,2320900000,1298200000,534400000,36055600000,None,759800000,None,,,,,3.09,16.42,5.02,,,,,,,,0.198,,765800000,2025-10-29,quarterly,2.49,USD,pre-market,472300000,17368600000,0.0662,0.706,0.071,51.44,2035100000,4728100000,2725800000,7300000,292.23,261.76,1.6327,48196300000,40924000000,39166000000,42950100000,7272300000,3784100000,6835600000,5246200000,25.58,-12914600000,324.5,245.59
2025-12-28,ADP,10.12,20903399000.0,25.58,None,0.86,15.74,,None,2785600000,2785600000,,,,,,,,,63900000,438000000,None,3216500000,3216500000,151300000,None,None,2638100000,None,None,246000000,,6.16,0.0239,,,,0.064,0.04,1434000000,1680000000,2.45,2018-12-31,23.7,2321400000,10097700000.0,3619100000,1743000000,670600000,926700000,926700000,None,72800000,None,25605900000,None,None,2002300000,None,25200000,1554000000,None,None,None,0.259,,2320900000,1298200000,26255500000,28686200000,None,752500000,None,,,,,3.09,16.42,5.02,,,,,,,,0.198,,772700000,2025-10-29,quarterly,2.49,USD,pre-market,472300000,16959100000,0.0662,0.706,0.071,51.44,2035100000,3208300000,1206000000,3400000,292.23,261.76,1.6327,38806300000,31682600000,30296900000,34042400000,7123700000,3745500000,6835600000,4763900000,25.58,-12720200000,324.5,245.59
2025-12-28,ADP,10.12,20903399000.0,25.58,None,0.86,15.74,,None,1490300000,1490300000,,,,,,,,,63900000,439900000,None,3216500000,3216500000,131800000,None,None,2216400000,None,None,246000000,,6.16,0.0239,,,,0.064,0.04,1434000000,1680000000,2.45,2018-09-30,23.7,2325000000,10097700000.0,3619100000,1743000000,670600000,917200000,917200000,None,72800000,None,25402700000,None,None,2002400000,None,25200000,1554000000,None,None,None,0.259,,2320900000,1298200000,846500000,28223500000,None,736400000,None,,,,,3.09,16.42,5.02,,,,,,,,0.198,,787700000,2025-10-29,quarterly,2.49,USD,pre-market,472300000,16741100000,0.0662,0.706,0.071,51.44,2035100000,2455400000,453000000,127100000,292.23,261.76,1.6327,37416700000,29955900000,29037300000,32737900000,7460800000,3700600000,6835600000,4678800000,25.58,-12421200000,324.5,245.59
2025-12-28,ADP,10.12,20903399000.0,25.58,None,0.86,15.74,,None,2170000000,2170000000,,,,,,,,,63900000,440900000,None,3216500000,3216500000,135400000,None,2002400000,1984200000,None,None,246000000,,6.16,0.0239,,,,0.064,0.04,1434000000,1680000000,2.45,2018-06-30,23.7,2243500000,10097700000.0,3619100000,1743000000,670600000,886400000,886400000,None,72800000,None,27137800000,None,None,2002400000,None,25500000,1554000000,None,None,None,0.259,,2320900000,1298200000,27892500000,30007800000,None,None,None,,,,,3.09,16.42,5.02,,,,,,,,0.198,,793700000,2025-10-29,quarterly,2.49,USD,pre-market,472300000,15271300000,0.0662,0.706,0.071,51.44,2035100000,2002400000,2558200000,3300000,292.23,261.76,1.6327,38849100000,32050000000,30413600000,34113200000,5038700000,3700500000,6835600000,3459600000,25.58,-12209600000,324.5,245.59
2025-12-28,ADP,10.12,20903399000.0,25.58,None,0.86,15.74,,None,2293600000,2293600000,,,,,,,,,63900000,443400000,None,3216500000,3216500000,105700000,None,2002400000,2043400000,None,None,246000000,,6.16,0.0239,,,,0.064,0.04,1434000000,1680000000,2.45,2018-03-31,23.7,2263300000,10097700000.0,3619100000,1743000000,670600000,875300000,875300000,None,72800000,None,33646700000,None,None,2002400000,None,27300000,1554000000,None,None,None,0.259,,2320900000,1298200000,730300000,33943700000,None,795800000,None,,,,,3.09,16.42,5.02,,,,,,,,0.198,,794600000,2025-10-29,quarterly,2.49,USD,pre-market,472300000,15466100000,0.0662,0.706,0.071,51.44,2035100000,4458800000,2456400000,0,292.23,261.76,1.6327,44065500000,38714000000,36741200000,40036300000,5351500000,3295100000,6835600000,4029200000,25.58,-11826100000,324.5,245.59
2025-12-28,ADP,10.12,20903399000.0,25.58,None,0.86,15.74,,None,1773400000,1773400000,,,,,,,,,63900000,445238095,None,3216500000,3216500000,136800000,None,2002400000,2045500000,None,None,246000000,,6.16,0.0239,,,,0.064,0.04,1434000000,1680000000,2.45,2017-12-31,23.7,2164300000,10097700000.0,3619100000,1743000000,670600000,832700000,832700000,None,72800000,None,32405800000,None,None,2002400000,None,27400000,1554000000,None,None,None,0.259,,2320900000,1298200000,3125300000,37250900000,None,824800000,None,,,,,3.09,16.42,5.02,,,,,,,,0.198,,799900000,2025-10-29,quarterly,2.49,USD,pre-market,472300000,15060100000,0.0662,0.706,0.071,51.44,2035100000,2366700000,364300000,3200000,292.23,261.76,1.6327,44545500000,39350000000,37250900000,40614300000,5195500000,3363400000,6835600000,3931200000,25.58,-11663700000,324.5,245.59
2025-12-28,ADP,10.12,20903399000.0,25.58,None,0.86,15.74,,None,2363600000,2363600000,,,,,,,,,63900000,445000000,None,3216500000,3216500000,112600000,None,2131500000,1788700000,None,None,246000000,,6.16,0.0239,,,,0.064,0.04,1434000000,1680000000,2.45,2017-09-30,23.7,1757300000,10097700000.0,3619100000,1743000000,670600000,687300000,687300000,None,72800000,None,25686200000,None,None,2002100000,None,27300000,1554000000,None,None,None,0.259,,2320900000,1298200000,26737100000,27727100000,None,835500000,None,,,,,3.09,16.42,5.02,,,,,,,,0.198,,800400000,2025-10-29,quarterly,2.49,USD,pre-market,472300000,14872400000,0.0662,0.706,0.071,51.44,2035100000,2131500000,129400000,113200000,292.23,261.76,1.6327,35661100000,31002600000,28286600000,31707700000,4658500000,3421100000,6835600000,3953400000,25.58,-11508100000,324.5,245.59
2025-12-28,ADP,10.12,20903399000.0,25.58,None,0.86,15.74,,None,2780400000,2780400000,,,,,,,,,63900000,447100000,None,3216500000,3216500000,149700000,None,2002400000,1703600000,None,None,246000000,,6.16,0.0239,,,,0.064,0.04,1434000000,1680000000,2.45,2017-06-30,23.7,1741000000,10097700000.0,3619100000,1743000000,670600000,620200000,620200000,None,72800000,None,25587900000,None,None,2002400000,None,28000000,1554000000,None,None,None,0.259,,2320900000,1298200000,2586800000,29815900000,None,None,None,,,,,3.09,16.42,5.02,,,,,,,,0.198,,779900000,2025-10-29,quarterly,2.49,USD,pre-market,472300000,14728200000,0.0662,0.706,0.071,51.44,2035100000,2002400000,382600000,3200000,292.23,261.76,1.6327,37180000000,32658700000,29815900000,33203000000,4521300000,3387100000,6835600000,3977000000,25.58,-11303700000,324.5,245.59
2025-12-28,ADP,10.12,20903399000.0,25.58,None,0.86,15.74,,None,2995500000,2995500000,,,,,,,,,63900000,449200000,None,3216500000,3216500000,126500000,None,2010300000,1811500000,None,None,246000000,,6.16,0.0239,,,,0.064,0.04,1434000000,1680000000,2.45,2017-03-31,23.7,1726700000,10097700000.0,3619100000,1743000000,670600000,594800000,594800000,None,72800000,None,32075600000,None,None,2002500000,None,27000000,1554000000,None,None,None,0.259,,2320900000,1298200000,2631800000,36418500000,None,836100000,None,,,,,3.09,16.42,5.02,,,,,,,,0.198,,750600000,2025-10-29,quarterly,2.49,USD,pre-market,472300000,14717700000,0.0662,0.706,0.071,51.44,2035100000,2356200000,353700000,3200000,292.23,261.76,1.6327,43855900000,39514400000,36418500000,39752800000,4341500000,3334300000,6835600000,4103100000,25.58,-10998800000,324.5,245.59
2025-12-28,ADP,10.12,20903399000.0,25.58,None,0.86,15.74,,None,2705200000,2705200000,,,,,,,,,63900000,450300000,None,3216500000,3216500000,137400000,None,None,1839500000,None,None,246000000,,6.16,0.0239,,,,0.064,0.04,1434000000,1680000000,2.45,2016-12-31,23.7,1652900000,10097700000.0,3619100000,1743000000,670600000,552400000,552400000,None,72800000,None,30426400000,None,None,2002500000,None,24600000,1554000000,None,None,None,0.259,,2320900000,1298200000,837000000,30402600000,None,770600000,None,,,,,3.09,16.42,5.02,,,,,,,,0.198,,733200000,2025-10-29,quarterly,2.49,USD,pre-market,472300000,14384700000,0.0662,0.706,0.071,51.44,2035100000,4203400000,2200900000,41000000,292.23,261.76,1.6327,39999400000,35808100000,32956300000,36184300000,4191300000,3228000000,6835600000,3815100000,25.58,-10851000000,324.5,245.59
2025-12-28,ADP,10.12,20903399000.0,25.58,None,0.86,15.74,,None,2817600000,2817600000,,,,,,,,,63900000,455300000,None,3216500000,3216500000,117800000,None,None,1620600000,None,None,246000000,,6.16,0.0239,,,,0.064,0.04,1434000000,1680000000,2.45,2016-09-30,23.7,1698500000,10097700000.0,3619100000,1743000000,670600000,553800000,553800000,None,72800000,None,0,None,None,2007700000,None,34400000,1554000000,None,None,None,0.259,,2320900000,1298200000,2519400000,26279200000,None,734000000,None,,,,,3.09,16.42,5.02,,,,,,,,0.198,,701000000,2025-10-29,quarterly,2.49,USD,pre-market,472300000,14130200000,0.0662,0.706,0.071,51.44,2035100000,2109400000,101700000,41000000,292.23,261.76,1.6327,34337400000,30124200000,26719300000,30087300000,4213200000,3368000000,6835600000,4250100000,25.58,-10448000000,324.5,245.59
2025-12-28,ADP,10.12,20903399000.0,25.58,None,0.86,15.74,,None,3191100000,3191100000,,,,,,,,,63900000,456100000,None,3216500000,3216500000,152300000,None,2007700000,1742800000,None,None,246000000,,6.16,0.0239,,,,0.064,0.04,1434000000,1680000000,2.45,2016-06-30,23.7,1682000000,10097700000.0,3619100000,1743000000,670600000,534200000,534200000,None,72800000,None,0,None,None,2007700000,None,34900000,1554000000,None,None,None,0.259,,2320900000,1298200000,34543000000,35433700000,None,None,None,,,,,3.09,16.42,5.02,,,,,,,,0.198,,685000000,2025-10-29,quarterly,2.49,USD,pre-market,472300000,14003300000,0.0662,0.706,0.071,51.44,2035100000,2007700000,28200000,23500000,292.23,261.76,1.6327,43670000000,39500400000,35847400000,39188400000,4169600000,3341000000,6835600000,4481600000,25.58,-10138600000,324.5,245.59
2025-12-28,ADP,10.12,20903399000.0,25.58,None,0.86,15.74,,None,2965100000,2965100000,,,,,,,,,63900000,456900000,None,3216500000,3216500000,158400000,None,None,2074400000,None,None,246000000,,6.16,0.0239,,,,0.064,0.04,1434000000,1680000000,2.45,2016-03-31,23.7,1689300000,10097700000.0,3619100000,1743000000,670600000,513900000,513900000,None,72800000,None,0,None,None,2007700000,None,35300000,1554000000,None,None,None,0.259,,2320900000,1298200000,2802400000,42779500000,None,707500000,None,,,,,3.09,16.42,5.02,,,,,,,,0.198,,668800000,2025-10-29,quarterly,2.49,USD,pre-market,472300000,13957200000,0.0662,0.706,0.071,51.44,2035100000,2076300000,68600000,23700000,292.23,261.76,1.6327,51125600000,46819000000,43250400000,46622400000,4306600000,3372000000,6835600000,4503200000,25.58,-10093700000,324.5,245.59
2025-12-28,ADP,10.12,20903399000.0,25.58,None,0.86,15.74,,None,2794900000,2794900000,,,,,,,,,63900000,460300000,None,3216500000,3216500000,138700000,None,None,1634200000,None,None,246000000,,6.16,0.0239,,,,0.064,0.04,1434000000,1680000000,2.45,2015-12-31,23.7,1671200000,10097700000.0,3619100000,1743000000,670600000,495300000,495300000,None,72800000,None,30336000000,None,None,1994800000,None,52300000,1554000000,None,None,None,0.259,,2320900000,1298200000,867200000,30237700000,None,675500000,None,,,,,3.09,16.42,5.02,,,,,,,,0.198,,679600000,2025-10-29,quarterly,2.49,USD,pre-market,472300000,13666300000,0.0662,0.706,0.071,51.44,2035100000,3871300000,1876500000,26900000,292.23,261.76,1.6327,39899500000,35659200000,32468100000,35693300000,4240300000,3225200000,6835600000,4206200000,25.58,-9839600000,324.5,245.59
2025-12-28,ADP,10.12,20903399000.0,25.58,None,0.86,15.74,,None,3211900000,3211900000,,,,,,,,,63900000,465700000,None,3216500000,3216500000,146500000,None,None,1565200000,None,None,246000000,,6.16,0.0239,,,,0.064,0.04,1434000000,1680000000,2.45,2015-09-30,23.7,1684600000,10097700000.0,3619100000,1743000000,670600000,476200000,476200000,None,72800000,None,1,None,None,1995200000,None,53900000,1554000000,None,None,None,0.259,,2320900000,1298200000,2455500000,26123700000,None,648000000,None,,,,,3.09,16.42,5.02,,,,,,,,0.198,,680300000,2025-10-29,quarterly,2.49,USD,pre-market,472300000,13568600000,0.0662,0.706,0.071,51.44,2035100000,2094200000,99000000,27200000,292.23,261.76,1.6327,34380300000,30176100000,26587300000,29750100000,4204200000,3162800000,6835600000,4630200000,25.58,-9414500000,324.5,245.59
2025-12-28,ADP,10.12,20903399000.0,25.58,None,0.86,15.74,,None,1639300000,1639300000,,,,,,,,,63900000,468800000,None,3216500000,3216500000,194500000,None,9200000,1546900000,None,None,246000000,,6.16,0.0239,,,,0.064,0.04,1434000000,1680000000,2.45,2015-06-30,23.7,1793500000,10097700000.0,3619100000,1743000000,670600000,503200000,503200000,None,72800000,None,0,None,None,9200000,None,61100000,1554000000,None,None,None,0.259,,2320900000,1298200000,25596400000,26663400000,None,None,None,,,,,3.09,16.42,5.02,,,,,,,,0.198,,672700000,2025-10-29,quarterly,2.49,USD,pre-market,472300000,13460300000,0.0662,0.706,0.071,51.44,2035100000,9200000,27200000,26600000,292.23,261.76,1.6327,33110500000,28809200000,27113700000,28302000000,4301300000,1188300000,6835600000,4808500000,25.58,-9118400000,324.5,245.59
2025-12-28,ADP,10.12,20903399000.0,25.58,None,0.86,15.74,,None,1808600000,1808600000,,,,,,,,,63900000,474000000,None,3216500000,3216500000,130800000,None,None,1580700000,None,None,246000000,,6.16,0.0239,,,,0.064,0.04,1434000000,1680000000,2.45,2015-03-31,23.7,1785500000,10097700000.0,3619100000,1743000000,670600000,498300000,498300000,None,72800000,None,0,None,None,9700000,None,60500000,1554000000,None,None,None,0.259,,2320900000,1298200000,29376600000,30285600000,None,None,None,,,,,3.09,16.42,5.02,,,,,,,,0.198,,646000000,2025-10-29,quarterly,2.49,USD,pre-market,472300000,13348300000,0.0662,0.706,0.071,51.44,2035100000,9700000,56800000,26900000,292.23,261.76,1.6327,37107300000,32792800000,30714700000,31929200000,4314500000,1214500000,6835600000,5178100000,25.58,-8711300000,324.5,245.59
2025-12-28,ADP,10.12,20903399000.0,25.58,None,0.86,15.74,,None,1850800000,1850800000,,,,,,,,,63900000,480300000,None,3216500000,3216500000,136400000,None,None,1595600000,None,None,246000000,,6.16,0.0239,,,,0.064,0.04,1434000000,1680000000,2.45,2014-12-31,23.7,1833400000,10097700000.0,3619100000,1743000000,670600000,499300000,499300000,None,72800000,None,0,None,None,10300000,None,78300000,1554000000,None,None,None,0.259,,2320900000,1298200000,35567700000,36359800000,None,None,None,,,,,3.09,16.42,5.02,,,,,,,,0.198,,650300000,2025-10-29,quarterly,2.49,USD,pre-market,472300000,13090200000,0.0662,0.706,0.071,51.44,2035100000,10300000,41200000,101900000,292.23,261.76,1.6327,43503100000,39116000000,36770200000,38010900000,4387100000,1240700000,6835600000,5492200000,25.58,-8131300000,324.5,245.59
2025-12-28,ADP,10.12,20903399000.0,25.58,None,0.86,15.74,,None,2175700000,2175700000,,,,,,,,,63900000,481700000,None,3216500000,3216500000,146900000,None,None,1390300000,None,None,246000000,,6.16,0.0239,,,,0.064,0.04,1434000000,1680000000,2.45,2014-09-30,23.7,1857600000,10097700000.0,3619100000,1743000000,670600000,500400000,500400000,None,72800000,None,0,None,None,10900000,None,79300000,1554000000,None,None,None,0.259,,2320900000,1298200000,21923600000,20727400000,None,None,None,,,,,3.09,16.42,5.02,,,,,,,,0.198,,650700000,2025-10-29,quarterly,2.49,USD,pre-market,472300000,12990000000,0.0662,0.706,0.071,51.44,2035100000,1947900000,1937000000,303800000,292.23,261.76,1.6327,30208100000,25793400000,23159300000,24380800000,4414700000,1221500000,6835600000,5827300000,25.58,-7717900000,324.5,245.59
2025-12-28,ADP,10.12,20903399000.0,25.58,None,0.86,15.74,,None,1584000000,1584000000,,,,,,,,,63900000,482700000,None,3216500000,3216500000,152100000,None,2184500000,1498800000,None,None,246000000,,6.16,0.0239,,,,0.064,0.04,1434000000,1680000000,2.45,2014-06-30,23.7,1883500000,10097700000.0,3619100000,1743000000,670600000,491000000,491000000,None,72800000,None,0,None,None,11500000,None,209500000,1554000000,None,None,None,0.259,,2320900000,1298200000,22378000000,21585000000,None,None,None,,,,,3.09,16.42,5.02,,,,,,,,0.198,,777400000,2025-10-29,quarterly,2.49,USD,pre-market,472300000,13632900000,0.0662,0.706,0.071,51.44,2035100000,2184500000,2173000000,2032200000,292.23,261.76,1.6327,32051700000,27493000000,24167600000,25381500000,4566800000,1222000000,6835600000,6670200000,25.58,-7750000000,324.5,245.59
2025-12-28,ADP,10.12,20903399000.0,25.58,None,0.86,15.74,,None,1671000000,1671000000,,,,,,,,,63900000,483000000,None,3216500000,3216500000,145600000,None,None,1835200000,None,None,246000000,,6.16,0.0239,,,,0.064,0.04,1434000000,1680000000,2.45,2014-03-31,23.7,3102000000,10097700000.0,3619100000,1743000000,670600000,636200000,636200000,None,72800000,None,1,None,None,12100000,None,203200000,1554000000,None,None,None,0.259,,2320900000,1298200000,27003500000,28000500000,None,None,None,,,,,3.09,16.42,5.02,,,,,,,,0.198,,767500000,2025-10-29,quarterly,2.49,USD,pre-market,472300000,13575100000,0.0662,0.706,0.071,51.44,2035100000,12100000,95900000,22900000,292.23,261.76,1.6327,36596500000,30532600000,28578200000,29980400000,6063900000,1402200000,6835600000,6616100000,25.58,-7577500000,324.5,245.59
2025-12-28,ADP,10.12,20903399000.0,25.58,None,0.86,15.74,,None,1266400000,1266400000,,,,,,,,,63900000,482800000,None,3216500000,3216500000,140600000,None,None,1730400000,None,None,246000000,,6.16,0.0239,,,,0.064,0.04,1434000000,1680000000,2.45,2013-12-31,23.7,3108600000,10097700000.0,3619100000,1743000000,670600000,644500000,644500000,None,72800000,None,28414300000,None,None,12600000,None,207400000,1554000000,None,None,None,0.259,,2320900000,1298200000,29281800000,30187000000,None,None,None,,,,,3.09,16.42,5.02,,,,,,,,0.198,,739300000,2025-10-29,quarterly,2.49,USD,pre-market,472300000,13285000000,0.0662,0.706,0.071,51.44,2035100000,12600000,1996800000,22500000,292.23,261.76,1.6327,38321800000,32301100000,30645000000,32063300000,6020700000,1418300000,6835600000,6258500000,25.58,-7575600000,324.5,245.59
2025-12-28,ADP,10.12,20903399000.0,25.58,None,0.86,15.74,,None,1149000000,1149000000,,,,,,,,,63900000,484300000,None,3216500000,3216500000,148900000,None,None,1585800000,None,None,246000000,,6.16,0.0239,,,,0.064,0.04,1434000000,1680000000,2.45,2013-09-30,23.7,3095700000,10097700000.0,3619100000,1743000000,670600000,639100000,639100000,None,72800000,None,0,None,None,14200000,None,2689000000,1554000000,None,None,None,0.259,,2320900000,1298200000,18270300000,18531300000,None,None,None,,,,,3.09,16.42,5.02,,,,,,,,0.198,,735200000,2025-10-29,quarterly,2.49,USD,pre-market,472300000,13139300000,0.0662,0.706,0.071,51.44,2035100000,2832100000,2817900000,30700000,292.23,261.76,1.6327,29481300000,21035800000,21899400000,23288500000,8445500000,1389100000,6835600000,6192800000,25.58,-7517700000,324.5,245.59
2025-12-28,ADP,10.12,20903399000.0,25.58,None,0.86,15.74,,None,1698400000,1698400000,,,,,,,,,63900000,486700000,None,3216500000,3216500000,156500000,None,None,1595300000,None,None,246000000,,6.16,0.0239,,,,0.064,0.04,1434000000,1680000000,2.45,2013-06-30,23.7,3052600000,10097700000.0,3619100000,1743000000,670600000,643200000,643200000,None,72800000,None,0,None,None,14700000,None,452700000,1554000000,None,None,None,0.259,,2320900000,1298200000,22892800000,23976300000,None,None,None,,,,,3.09,16.42,5.02,,,,,,,,0.198,,728700000,2025-10-29,quarterly,2.49,USD,pre-market,472300000,13020300000,0.0662,0.706,0.071,51.44,2035100000,260600000,245900000,28000000,292.23,261.76,1.6327,32268100000,26201000000,24732800000,26078200000,6067100000,1345400000,6835600000,6189900000,25.58,-7366600000,324.5,245.59
2025-12-28,ADP,10.12,20903399000.0,25.58,None,0.86,15.74,,None,1647700000,1647700000,,,,,,,,,63900000,486500000,None,3216500000,3216500000,149700000,None,None,1723600000,None,None,246000000,,6.16,0.0239,,,,0.064,0.04,1434000000,1680000000,2.45,2013-03-31,23.7,3068500000,10097700000.0,3619100000,1743000000,670600000,644400000,644400000,None,72800000,None,0,None,None,15300000,None,213700000,1554000000,None,None,None,0.259,,2320900000,1298200000,31029300000,31559100000,None,None,None,,,,,3.09,16.42,5.02,,,,,,,,0.198,,716700000,2025-10-29,quarterly,2.49,USD,pre-market,472300000,13003600000,0.0662,0.706,0.071,51.44,2035100000,15300000,85200000,32600000,292.23,261.76,1.6327,40166300000,34433200000,32118500000,33605200000,5733100000,1486700000,6835600000,6561100000,25.58,-7166900000,324.5,245.59
2025-12-28,ADP,10.12,20903399000.0,25.58,None,0.86,15.74,,None,1390900000,1390900000,,,,,,,,,63900000,486800000,None,3216500000,3216500000,141400000,None,None,1604100000,None,None,246000000,,6.16,0.0239,,,,0.064,0.04,1434000000,1680000000,2.45,2012-12-31,23.7,3100700000,10097700000.0,3619100000,1743000000,670600000,670600000,670600000,None,72800000,None,0,None,None,15800000,None,218000000,1554000000,None,None,None,0.259,,2320900000,1298200000,24527000000,24972800000,None,None,None,,,,,3.09,16.42,5.02,,,,,,,,0.198,,712900000,2025-10-29,quarterly,2.49,USD,pre-market,472300000,12732000000,0.0662,0.706,0.071,51.44,2035100000,29300000,13500000,43900000,292.23,261.76,1.6327,33330000000,27552400000,25438500000,26934700000,5777600000,1496200000,6835600000,6395300000,25.58,-7154600000,324.5,245.59
2025-12-28,ADP,10.12,20903399000.0,25.58,None,0.86,15.74,,None,1117400000,1117400000,,,,,,,,,63900000,488400000,None,3216500000,3216500000,138800000,None,None,1463400000,None,None,246000000,,6.16,0.0239,,,,0.064,0.04,1434000000,1680000000,2.45,2012-09-30,23.7,3088800000,10097700000.0,3619100000,1743000000,670600000,683800000,683800000,None,72800000,None,0,None,None,16300000,None,653100000,1554000000,None,None,None,0.259,,2320900000,1298200000,21436800000,21375700000,None,None,None,,,,,3.09,16.42,5.02,,,,,,,,0.198,,703900000,2025-10-29,quarterly,2.49,USD,pre-market,472300000,12552000000,0.0662,0.706,0.071,51.44,2035100000,459000000,442700000,35700000,292.23,261.76,1.6327,30144100000,23972600000,22351100000,23851400000,6171500000,1500300000,6835600000,6292700000,25.58,-7149400000,324.5,245.59
2025-12-28,ADP,10.12,20903399000.0,25.58,None,0.86,15.74,,None,1548100000,1548100000,,,,,,,,,63900000,490600000,None,3216500000,3216500000,167400000,None,None,1391700000,None,None,246000000,,6.16,0.0239,,,,0.064,0.04,1434000000,1680000000,2.45,2012-06-30,23.7,3155300000,10097700000.0,3619100000,1743000000,670600000,711200000,711200000,None,72800000,None,0,None,None,16800000,None,216700000,1554000000,None,None,None,0.259,,2320900000,1298200000,22177800000,22733100000,None,None,None,,,,,3.09,16.42,5.02,,,,,,,,0.198,,706300000,2025-10-29,quarterly,2.49,USD,pre-market,472300000,12438300000,0.0662,0.706,0.071,51.44,2035100000,16800000,39300000,30400000,292.23,261.76,1.6327,30815500000,25155600000,23239400000,24701500000,5659900000,1462100000,6835600000,6114000000,25.58,-7104800000,324.5,245.59
2025-12-28,ADP,10.12,20903399000.0,25.58,None,0.86,15.74,,None,1665100000,1665100000,,,,,,,,,63900000,491739130,None,3216500000,3216500000,137700000,None,None,1372700000,None,None,246000000,,6.16,0.0239,,,,0.064,0.04,1434000000,1680000000,2.45,2012-03-31,23.7,3163700000,10097700000.0,3619100000,1743000000,670600000,723100000,723100000,None,72800000,None,0,None,None,17300000,None,223900000,1554000000,None,None,None,0.259,,2320900000,1298200000,30487700000,30845500000,None,None,None,,,,,3.09,16.42,5.02,,,,,,,,0.198,,710200000,2025-10-29,quarterly,2.49,USD,pre-market,472300000,12371500000,0.0662,0.706,0.071,51.44,2035100000,17300000,97200000,28000000,292.23,261.76,1.6327,39376100000,33553500000,31423900000,32919500000,5822600000,1495600000,6835600000,6456600000,25.58,-6822700000,324.5,245.59
2025-12-28,ADP,10.12,20903399000.0,25.58,None,0.86,15.74,,None,1331300000,1331300000,,,,,,,,,63900000,493421053,None,3216500000,3216500000,137300000,None,None,1353900000,None,None,246000000,,6.16,0.0239,,,,0.064,0.04,1434000000,1680000000,2.45,2011-12-31,23.7,3130000000,10097700000.0,3619100000,1743000000,670600000,731500000,731500000,None,72800000,None,0,None,None,25500000,None,223900000,1554000000,None,None,None,0.259,,2320900000,1298200000,24018000000,24289800000,None,None,None,,,,,3.09,16.42,5.02,,,,,,,,0.198,,707900000,2025-10-29,quarterly,2.49,USD,pre-market,472300000,12112600000,0.0662,0.706,0.071,51.44,2035100000,25500000,45100000,23900000,292.23,261.76,1.6327,32484400000,26727100000,24797500000,26302000000,5757300000,1504500000,6835600000,6182400000,25.58,-6812800000,324.5,245.59
2025-12-28,ADP,10.12,20903399000.0,25.58,None,0.86,15.74,,None,1248900000,1248900000,,,,,,,,,63900000,493300000,None,3216500000,3216500000,123000000,None,None,1236900000,None,None,246000000,,6.16,0.0239,,,,0.064,0.04,1434000000,1680000000,2.45,2011-09-30,23.7,2997500000,10097700000.0,3619100000,1743000000,670600000,686700000,686700000,None,72800000,None,19281200000,None,None,26000000,None,224500000,1554000000,None,None,None,0.259,,2320900000,1298200000,19949100000,19979200000,None,None,None,,,,,3.09,16.42,5.02,,,,,,,,0.198,,708300000,2025-10-29,quarterly,2.49,USD,pre-market,472300000,11930700000,0.0662,0.706,0.071,51.44,2035100000,26000000,1510700000,19100000,292.23,261.76,1.6327,28020200000,22454000000,20511800000,22001000000,5566200000,1489200000,6835600000,6019200000,25.58,-6848600000,324.5,245.59
2025-12-28,ADP,10.12,20903399000.0,25.58,None,0.86,15.74,,None,1389400000,1389400000,,,,,,,,,63900000,493300000,None,3216500000,3216500000,153300000,None,None,1364800000,None,None,246000000,,6.16,0.0239,,,,0.064,0.04,1434000000,1680000000,2.45,2011-06-30,23.7,3073600000,10097700000.0,3619100000,1743000000,670600000,715700000,715700000,None,72800000,None,25144700000,None,None,34200000,None,226700000,1554000000,None,None,None,0.259,,2320900000,1298200000,25793000000,26254000000,None,None,None,,,,,3.09,16.42,5.02,,,,,,,,0.198,,716200000,2025-10-29,quarterly,2.49,USD,pre-market,472300000,11803900000,0.0662,0.706,0.071,51.44,2035100000,34200000,1691500000,36300000,292.23,261.76,1.6327,34238300000,28583500000,26786800000,28227900000,5654800000,1441100000,6835600000,6010400000,25.58,-6714000000,324.5,245.59
2025-12-28,ADP,10.12,20903399000.0,25.58,None,0.86,15.74,,None,1600900000,1600900000,,,,,,,,,63900000,501300000,None,3216500000,3216500000,131800000,None,None,1293800000,None,None,246000000,,6.16,0.0239,,,,0.064,0.04,1434000000,1680000000,2.45,2011-03-31,23.7,3072000000,10097700000.0,3619100000,1743000000,670600000,718700000,718700000,None,72800000,None,32464200000,None,None,34600000,None,221900000,1554000000,None,None,None,0.259,,2320900000,1298200000,33145000000,33423600000,None,None,None,,,,,3.09,16.42,5.02,,,,,,,,0.198,,685400000,2025-10-29,quarterly,2.49,USD,pre-market,472300000,11739500000,0.0662,0.706,0.071,51.44,2035100000,34600000,1448300000,43600000,292.23,261.76,1.6327,41596400000,36083300000,33974100000,35401900000,5513100000,1427800000,6835600000,6194500000,25.58,-6287100000,324.5,245.59
2025-12-28,ADP,10.12,20903399000.0,25.58,None,0.86,15.74,,None,1305700000,1305700000,,,,,,,,,63900000,496900000,None,3216500000,3216500000,116200000,None,None,1136600000,None,None,246000000,,6.16,0.0239,,,,0.064,0.04,1434000000,1680000000,2.45,2010-12-31,23.7,2878800000,10097700000.0,3619100000,1743000000,670600000,682800000,682800000,None,72800000,None,24230800000,None,None,35100000,None,227000000,1554000000,None,None,None,0.259,,2320900000,1298200000,24892900000,25006800000,None,None,None,,,,,3.09,16.42,5.02,,,,,,,,0.198,,676900000,2025-10-29,quarterly,2.49,USD,pre-market,472300000,11495000000,0.0662,0.706,0.071,51.44,2035100000,35100000,1356900000,36300000,292.23,261.76,1.6327,32660300000,27371500000,25492900000,26884700000,5288800000,1391800000,6835600000,5775600000,25.58,-6445600000,324.5,245.59
2025-12-28,ADP,10.12,20903399000.0,25.58,None,0.86,15.74,,None,1176700000,1176700000,,,,,,,,,63900000,494900000,None,3216500000,3216500000,132300000,None,None,1161500000,None,None,246000000,,6.16,0.0239,,,,0.064,0.04,1434000000,1680000000,2.45,2010-09-30,23.7,2789100000,10097700000.0,3619100000,1743000000,670600000,684100000,684100000,None,72800000,None,0,None,None,35600000,None,226000000,1554000000,None,None,None,0.259,,2320900000,1298200000,23300600000,23071300000,None,None,None,,,,,3.09,16.42,5.02,,,,,,,,0.198,,664900000,2025-10-29,quarterly,2.49,USD,pre-market,472300000,11362900000,0.0662,0.706,0.071,51.44,2035100000,35600000,143100000,40400000,292.23,261.76,1.6327,30878900000,25679200000,23677300000,25122200000,5199700000,1444900000,6835600000,5756700000,25.58,-6513200000,324.5,245.59
2025-12-28,ADP,10.12,20903399000.0,25.58,None,0.86,15.74,,None,1643300000,1643300000,,,,,,,,,63900000,494900000,None,3216500000,3216500000,150000000,None,None,1127700000,None,None,246000000,,6.16,0.0239,,,,0.064,0.04,1434000000,1680000000,2.45,2010-06-30,23.7,2383300000,10097700000.0,3619100000,1743000000,670600000,542400000,542400000,None,72800000,None,0,None,None,39800000,None,233700000,1554000000,None,None,None,0.259,,2320900000,1298200000,19517800000,19520700000,None,None,None,,,,,3.09,16.42,5.02,,,,,,,,0.198,,673800000,2025-10-29,quarterly,2.49,USD,pre-market,472300000,11252000000,0.0662,0.706,0.071,51.44,2035100000,39800000,1444000000,27900000,292.23,261.76,1.6327,26862200000,22316700000,20052200000,21383300000,4545500000,1331100000,6835600000,5478900000,25.58,-6539500000,324.5,245.59
2025-12-28,ADP,10.12,20903399000.0,25.58,None,0.86,15.74,,None,1965000000,1965000000,,,,,,,,,63900000,505500000,None,3216500000,3216500000,96200000,None,None,1131000000,None,None,246000000,,6.16,0.0239,,,,0.064,0.04,1434000000,1680000000,2.45,2010-03-31,23.7,2431200000,10097700000.0,3619100000,1743000000,670600000,554200000,554200000,None,72800000,None,None,None,None,41300000,None,None,1554000000,None,None,None,0.259,,2320900000,1298200000,27180500000,27742000000,None,None,None,,,,,3.09,16.42,5.02,,,,,,,,0.198,,690000000,2025-10-29,quarterly,2.49,USD,pre-market,472300000,11211600000,0.0662,0.706,0.071,51.44,2035100000,41300000,429500000,38500000,292.23,261.76,1.6327,34986200000,30315000000,27742000000,29047900000,4671200000,1305900000,6835600000,5938300000,25.58,-6085400000,324.5,245.59
2025-12-28,ADP,10.12,20903399000.0,25.58,None,0.86,15.74,,None,1741100000,1741100000,,,,,,,,,63900000,506200000,None,3216500000,3216500000,101400000,None,None,1089400000,None,None,246000000,,6.16,0.0239,,,,0.064,0.04,1434000000,1680000000,2.45,2009-12-31,23.7,2413200000,10097700000.0,3619100000,1743000000,670600000,558300000,558300000,None,72800000,None,0,None,None,41800000,None,232600000,1554000000,None,None,None,0.259,,2320900000,1298200000,22055300000,22560500000,None,None,None,,,,,3.09,16.42,5.02,,,,,,,,0.198,,707400000,2025-10-29,quarterly,2.49,USD,pre-market,472300000,10979200000,0.0662,0.706,0.071,51.44,2035100000,41800000,428200000,40600000,292.23,261.76,1.6327,29598900000,24926400000,22560500000,23851000000,4672500000,1290500000,6835600000,5747900000,25.58,-6075000000,324.5,245.59
2025-12-28,ADP,10.12,20903399000.0,25.58,None,0.86,15.74,,None,1582800000,1582800000,,,,,,,,,63900000,503700000,None,3216500000,3216500000,94600000,None,None,994300000,None,None,246000000,,6.16,0.0239,,,,0.064,0.04,1434000000,1680000000,2.45,2009-09-30,23.7,2409800000,10097700000.0,3619100000,1743000000,670600000,557400000,557400000,None,72800000,None,0,None,None,42200000,None,246900000,1554000000,None,None,None,0.259,,2320900000,1298200000,17104700000,16882900000,None,None,None,,,,,3.09,16.42,5.02,,,,,,,,0.198,,723500000,2025-10-29,quarterly,2.49,USD,pre-market,472300000,10835000000,0.0662,0.706,0.071,51.44,2035100000,42200000,1392300000,36600000,292.23,261.76,1.6327,24436100000,19718400000,17444000000,18782100000,4717700000,1338100000,6835600000,5654000000,25.58,-6054800000,324.5,245.59
2025-12-28,ADP,10.12,20903399000.0,25.58,None,0.86,15.74,,None,2265300000,2265300000,,,,,,,,,63900000,503700000,None,3216500000,3216500000,130300000,None,None,1055400000,None,None,246000000,,6.16,0.0239,,,,0.064,0.04,1434000000,1680000000,2.45,2009-06-30,23.7,2375500000,10097700000.0,3619100000,1743000000,670600000,580100000,580100000,None,72800000,None,None,None,None,42700000,None,None,1554000000,None,None,None,0.259,,2320900000,1298200000,17352400000,17342600000,None,None,None,,,,,3.09,16.42,5.02,,,,,,,,0.198,,734500000,2025-10-29,quarterly,2.49,USD,pre-market,472300000,10716600000,0.0662,0.706,0.071,51.44,2035100000,772700000,730000000,30800000,292.23,261.76,1.6327,25351700000,20703900000,18763400000,20029100000,4647800000,1272800000,6835600000,5322600000,25.58,-6133900000,324.5,245.59
2025-12-28,ADP,10.12,20903399000.0,25.58,None,0.86,15.74,,None,1363400000,1363400000,,,,,,,,,63900000,502400000,None,3216500000,3216500000,99200000,None,None,1043800000,None,None,246000000,,6.16,0.0239,,,,0.064,0.04,1434000000,1680000000,2.45,2009-03-31,23.7,2269900000,10097700000.0,3619100000,1743000000,670600000,578700000,578700000,None,72800000,None,None,None,None,43100000,None,None,1554000000,None,None,None,0.259,,2320900000,1298200000,22042500000,22224500000,None,None,None,,,,,3.09,16.42,5.02,,,,,,,,0.198,,715500000,2025-10-29,quarterly,2.49,USD,pre-market,472300000,10529400000,0.0662,0.706,0.071,51.44,2035100000,43100000,1431800000,32500000,292.23,261.76,1.6327,29174400000,24482200000,22864700000,24181900000,4692200000,1317200000,6835600000,4992500000,25.58,-6137700000,324.5,245.59
2025-12-28,ADP,10.12,20903399000.0,25.58,None,0.86,15.74,,None,1304900000,1304900000,,,,,,,,,63900000,506100000,None,3216500000,3216500000,96400000,None,None,1166300000,None,None,246000000,,6.16,0.0239,,,,0.064,0.04,1434000000,1680000000,2.45,2008-12-31,23.7,2281800000,10097700000.0,3619100000,1743000000,670600000,573200000,573200000,None,72800000,None,None,None,None,51200000,None,None,1554000000,None,None,None,0.259,,2320900000,1298200000,26119500000,26594200000,None,None,None,,,,,3.09,16.42,5.02,,,,,,,,0.198,,721000000,2025-10-29,quarterly,2.49,USD,pre-market,472300000,10292400000,0.0662,0.706,0.071,51.44,2035100000,51200000,1260700000,66700000,292.23,261.76,1.6327,33361000000,28657400000,27227600000,28523300000,4703600000,1295700000,6835600000,4837700000,25.58,-6063100000,324.5,245.59
2025-12-28,ADP,10.12,20903399000.0,25.58,None,0.86,15.74,,None,1396400000,1396400000,,,,,,,,,63900000,513500000,None,3216500000,3216500000,103800000,None,None,993600000,None,None,246000000,,6.16,0.0239,,,,0.064,0.04,1434000000,1680000000,2.45,2008-09-30,23.7,2369400000,10097700000.0,3619100000,1743000000,670600000,604500000,604500000,None,72800000,None,None,None,None,39200000,None,None,1554000000,None,None,None,0.259,,2320900000,1298200000,677400000,16035600000,None,None,None,,,,,3.09,16.42,5.02,,,,,,,,0.198,,730800000,2025-10-29,quarterly,2.49,USD,pre-market,472300000,10158800000,0.0662,0.706,0.071,51.44,2035100000,1402100000,1362900000,1522700000,292.23,261.76,1.6327,24176900000,4590100000,18080400000,19315600000,19586800000,1235200000,6835600000,4861300000,25.58,-5876500000,324.5,245.59
2025-12-28,ADP,10.12,20903399000.0,25.58,None,0.86,15.74,,None,917500000,917500000,,,,,,,,,63900000,513500000,None,3216500000,3216500000,126900000,None,None,1034600000,None,None,246000000,,6.16,0.0239,,,,0.064,0.04,1434000000,1680000000,2.45,2008-06-30,23.7,2426700000,10097700000.0,3619100000,1743000000,670600000,637100000,637100000,None,72800000,None,None,None,None,52100000,None,None,1554000000,None,None,None,0.259,,2320900000,1298200000,16190500000,16599700000,None,None,None,,,,,3.09,16.42,5.02,,,,,,,,0.198,,742900000,2025-10-29,quarterly,2.49,USD,pre-market,472300000,10029800000,0.0662,0.706,0.071,51.44,2035100000,52100000,1147500000,666300000,292.23,261.76,1.6327,23734400000,18808900000,17341600000,18647200000,4925500000,1305600000,6835600000,5087200000,25.58,-5804700000,324.5,245.59
2025-12-28,ADP,10.12,20903399000.0,25.58,None,0.86,15.74,,None,1644700000,1644700000,,,,,,,,,63900000,523200000,None,3216500000,3216500000,99400000,None,None,1179100000,None,None,246000000,,6.16,0.0239,,,,0.064,0.04,1434000000,1680000000,2.45,2008-03-31,23.7,2420700000,10097700000.0,3619100000,1743000000,670600000,659200000,659200000,None,72800000,None,None,None,None,52500000,None,None,1554000000,None,None,None,0.259,,2320900000,1298200000,24964600000,25555800000,None,None,None,,,,,3.09,16.42,5.02,,,,,,,,0.198,,732600000,2025-10-29,quarterly,2.49,USD,pre-market,472300000,9952900000,0.0662,0.706,0.071,51.44,2035100000,52500000,1094800000,31600000,292.23,261.76,1.6327,32775500000,27820000000,25862800000,27276700000,4955500000,1413900000,6835600000,5498800000,25.58,-5459700000,324.5,245.59
2025-12-28,ADP,10.12,20903399000.0,25.58,None,0.86,15.74,,None,1320500000,1320500000,,,,,,,,,63900000,530400000,None,3216500000,3216500000,96000000,None,None,1069800000,None,None,246000000,,6.16,0.0239,,,,0.064,0.04,1434000000,1680000000,2.45,2007-12-31,23.7,2415700000,10097700000.0,3619100000,1743000000,670600000,678900000,678900000,None,72800000,None,None,None,None,36700000,None,None,1554000000,None,None,None,0.259,,2320900000,1298200000,680100000,1493400000,None,None,None,,,,,3.09,16.42,5.02,,,,,,,,0.198,,731000000,2025-10-29,quarterly,2.49,USD,pre-market,472300000,9684500000,0.0662,0.706,0.071,51.44,2035100000,36700000,1005600000,20800000,292.23,261.76,1.6327,27545700000,3091200000,1752900000,22368100000,24454500000,20615200000,6835600000,5177600000,25.58,-5324800000,324.5,245.59
2025-12-28,ADP,10.12,20903399000.0,25.58,None,0.86,15.74,,None,1428600000,1428600000,,,,,,,,,63900000,536200000,None,3216500000,3216500000,91400000,None,None,957800000,None,None,246000000,,6.16,0.0239,,,,0.064,0.04,1434000000,1680000000,2.45,2007-09-30,23.7,2373900000,10097700000.0,3619100000,1743000000,670600000,689300000,689300000,None,72800000,None,None,None,None,43500000,None,None,1554000000,None,None,None,0.259,,2320900000,1298200000,545500000,1385600000,None,None,None,,,,,3.09,16.42,5.02,,,,,,,,0.198,,722200000,2025-10-29,quarterly,2.49,USD,pre-market,472300000,9556100000,0.0662,0.706,0.071,51.44,2035100000,389400000,345900000,146400000,292.23,261.76,1.6327,25703300000,3078300000,1958100000,20705400000,22625000000,18747300000,6835600000,4997900000,25.58,-5087600000,324.5,245.59
2025-12-28,ADP,10.12,20903399000.0,25.58,None,0.86,15.74,,None,1746100000,1746100000,,,,,,,,,63900000,536200000,None,3216500000,3216500000,125900000,None,None,1041900000,None,None,246000000,,6.16,0.0239,,,,0.064,0.04,1434000000,1680000000,2.45,2007-06-30,23.7,2353600000,10097700000.0,3619100000,1743000000,670600000,688000000,688000000,None,72800000,None,None,None,None,43500000,None,None,1554000000,None,None,None,0.259,,2320900000,1298200000,505800000,1247100000,None,None,None,,,,,3.09,16.42,5.02,,,,,,,,0.198,,723800000,2025-10-29,quarterly,2.49,USD,pre-market,472300000,9378500000,0.0662,0.706,0.071,51.44,2035100000,43500000,1106000000,70400000,292.23,261.76,1.6327,26648900000,3364200000,1790800000,21501000000,23284700000,19710200000,6835600000,5147900000,25.58,-4612900000,324.5,245.59
2025-12-28,ADP,10.12,20903399000.0,25.58,None,0.86,15.74,,None,2473500000,2473500000,,,,,,,,,63900000,558700000,None,3216500000,3216500000,105900000,None,None,915000000,None,None,246000000,,6.16,0.0239,,,,0.064,0.04,1434000000,1680000000,2.45,2007-03-31,23.7,2317500000,10097700000.0,3619100000,1743000000,670600000,717000000,717000000,None,72800000,None,None,None,None,43600000,None,None,1554000000,None,None,None,0.259,,2320900000,1298200000,460100000,1439100000,None,None,None,,,,,3.09,16.42,5.02,,,,,,,,0.198,,710100000,2025-10-29,quarterly,2.49,USD,pre-market,472300000,9220200000,0.0662,0.706,0.071,51.44,2035100000,43600000,933600000,207800000,292.23,261.76,1.6327,32922900000,4056400000,1765300000,26934200000,28866500000,25168900000,6835600000,5988700000,25.58,-3636500000,324.5,245.59
2025-12-28,ADP,10.12,20903399000.0,25.58,None,0.86,15.74,,None,1294700000,1294700000,,,,,,,,,63900000,555300000,None,3216500000,3216500000,171800000,None,None,2204700000,None,None,246000000,,6.16,0.0239,,,,0.064,0.04,1434000000,1680000000,2.45,2006-12-31,23.7,2753400000,10097700000.0,3619100000,1743000000,670600000,738300000,738300000,None,72800000,None,None,None,None,73800000,None,None,1554000000,None,None,None,0.259,,2320900000,1298200000,543300000,2284900000,None,None,None,,,,,3.09,16.42,5.02,,,,,,,,0.198,,780600000,2025-10-29,quarterly,2.49,USD,pre-market,472300000,9438000000,0.0662,0.706,0.071,51.44,2035100000,22010700000,928900000,249400000,292.23,261.76,1.6327,31612200000,4292100000,2551500000,25705700000,27320100000,23154200000,6835600000,5906500000,25.58,-3872600000,324.5,245.59
2025-12-28,ADP,10.12,20903399000.0,25.58,None,0.86,15.74,,None,1401200000,1401200000,,,,,,,,,63900000,559500000,None,3216500000,3216500000,166600000,None,None,2209600000,None,None,246000000,,6.16,0.0239,,,,0.064,0.04,1434000000,1680000000,2.45,2006-09-30,23.7,2486000000,10097700000.0,3619100000,1743000000,670600000,606300000,606300000,None,72800000,None,None,None,None,74400000,None,None,1554000000,None,None,None,0.259,,2320900000,1298200000,1542500000,2218900000,None,None,None,,,,,3.09,16.42,5.02,,,,,,,,0.198,,773500000,2025-10-29,quarterly,2.49,USD,pre-market,472300000,9266600000,0.0662,0.706,0.071,51.44,2035100000,16674000000,900100000,468700000,292.23,261.76,1.6327,26209300000,4591300000,2587100000,20361400000,21618000000,17774300000,6835600000,5847900000,25.58,-3709200000,324.5,245.59
2025-12-28,ADP,10.12,20903399000.0,25.58,None,0.86,15.74,,None,1900600000,1900600000,,,,,,,,,63900000,559500000,None,3216500000,3216500000,207300000,None,None,2039200000,None,None,246000000,,6.16,0.0239,,,,0.064,0.04,1434000000,1680000000,2.45,2006-06-30,23.7,2466200000,10097700000.0,3619100000,1743000000,670600000,618000000,618000000,None,72800000,None,None,None,None,74300000,None,None,1554000000,None,None,None,0.259,,2320900000,1298200000,452400000,1858400000,None,None,None,,,,,3.09,16.42,5.02,,,,,,,,0.198,,782400000,2025-10-29,quarterly,2.49,USD,pre-market,472300000,9111400000,0.0662,0.706,0.071,51.44,2035100000,74300000,527000000,367900000,292.23,261.76,1.6327,27490100000,4760100000,2592700000,21478500000,22730000000,18885800000,6835600000,6011600000,25.58,-3194800000,324.5,245.59
2025-12-28,ADP,10.12,20903399000.0,25.58,None,0.86,15.74,,None,1214100000,1214100000,,,,,,,,,63900000,582800000,None,3216500000,3216500000,174500000,None,None,2203700000,None,None,246000000,,6.16,0.0239,,,,0.064,0.04,1434000000,1680000000,2.45,2006-03-31,23.7,2466200000,10097700000.0,3619100000,1743000000,670600000,626600000,626600000,None,72800000,None,None,None,None,74300000,None,None,1554000000,None,None,None,0.259,,2320900000,1298200000,2162300000,2456200000,None,None,None,,,,,3.09,16.42,5.02,,,,,,,,0.198,,742800000,2025-10-29,quarterly,2.49,USD,pre-market,472300000,8512900000,0.0662,0.706,0.071,51.44,2035100000,74300000,982200000,406700000,292.23,261.76,1.6327,32643200000,5024600000,2879400000,26599400000,27618600000,23720000000,6835600000,6043800000,25.58,-2493800000,324.5,245.59
2025-12-28,ADP,10.12,20903399000.0,25.58,None,0.86,15.74,,None,1062200000,1062200000,,,,,,,,,63900000,582300000,None,3216500000,3216500000,183000000,None,None,2270600000,None,None,246000000,,6.16,0.0239,,,,0.064,0.04,1434000000,1680000000,2.45,2005-12-31,23.7,2559800000,10097700000.0,3619100000,1743000000,670600000,3382700000,3382700000,None,72800000,None,None,None,None,74400000,None,None,1554000000,None,None,None,0.259,,2320900000,1298200000,1639300000,2415100000,None,None,None,,,,,3.09,16.42,5.02,,,,,,,,0.198,,761900000,2025-10-29,quarterly,2.49,USD,pre-market,472300000,8249300000,0.0662,0.706,0.071,51.44,2035100000,74400000,1077100000,508900000,292.23,261.76,1.6327,29643200000,4431200000,2796500000,23787300000,25212000000,20990800000,6835600000,5855900000,25.58,-2421800000,324.5,245.59
2025-12-28,ADP,10.12,20903399000.0,25.58,None,0.86,15.74,,None,1058700000,1058700000,,,,,,,,,63900000,582800000,None,3216500000,3216500000,198300000,None,None,2070200000,None,None,246000000,,6.16,0.0239,,,,0.064,0.04,1434000000,1680000000,2.45,2005-09-30,23.7,3122600000,10097700000.0,3619100000,1743000000,670600000,3122600000,3122600000,None,72800000,None,None,None,None,76100000,None,None,1554000000,None,None,None,0.259,,2320900000,1298200000,624500000,2333900000,None,None,None,,,,,3.09,16.42,5.02,,,,,,,,0.198,,728800000,2025-10-29,quarterly,2.49,USD,pre-market,472300000,8096500000,0.0662,0.706,0.071,51.44,2035100000,76100000,None,479700000,292.23,261.76,1.6327,24826400000,4233100000,2532200000,19097700000,20593300000,16565500000,6835600000,5728700000,25.58,-2419100000,324.5,245.59
2025-12-28,ADP,10.12,20903399000.0,25.58,None,0.86,15.74,,321200000,3347800000,3347800000,,,,,,,,,63900000,408700000,None,3216500000,3216500000,169100000,None,4769500000,3579100000,None,None,246000000,,6.16,0.0239,,,,0.064,0.04,1434000000,1680000000,2.45,2025-06-30,23.7,3273500000,10097700000.0,3619100000,1743000000,670600000,1603000000,1603000000,None,72800000,None,None,None,None,3974700000,None,None,1554000000,None,None,None,0.259,,2320900000,1298200000,31826500000,36067800000,None,1058300000,None,,,,,3.09,16.42,5.02,,,,,,,,0.198,,None,2025-10-29,annual,2.49,USD,pre-market,472300000,25240600000,0.0662,0.706,0.071,51.44,2035100000,9065400000,4769500000,4498800000,292.23,261.76,1.6327,53369300000,43252200000,41278300000,47181300000,10117100000,5903000000,6835600000,6188000000,25.58,None,324.5,245.59
2025-12-28,ADP,10.12,20903399000.0,25.58,None,0.86,15.74,,328600000,2913400000,2913400000,,,,,,,,,63900000,412200000,None,3216500000,3216500000,100600000,None,385400000,3428200000,None,None,246000000,,6.16,0.0239,,,,0.064,0.04,1434000000,1680000000,2.45,2024-06-30,23.7,2353600000,10097700000.0,3619100000,1743000000,670600000,1336000000,1336000000,None,72800000,None,None,None,None,2991300000,None,None,1554000000,None,None,None,0.259,,2320900000,1298200000,38816900000,44285800000,None,990800000,None,,,,,3.09,16.42,5.02,,,,,,,,0.198,,None,2025-10-29,annual,2.49,USD,pre-market,472300000,23622200000,0.0662,0.706,0.071,51.44,2035100000,3705300000,385400000,384000000,292.23,261.76,1.6327,54362700000,45542500000,45080000000,49815100000,8820200000,4735100000,6835600000,4547600000,25.58,None,324.5,245.59
2025-12-28,ADP,10.12,20903399000.0,25.58,None,0.86,15.74,,349900000,2083500000,2083500000,,,,,,,,,63900000,415700000,None,3216500000,3216500000,96800000,None,105400000,3009600000,None,None,246000000,,6.16,0.0239,,,,0.064,0.04,1434000000,1680000000,2.45,2023-06-30,23.7,2339400000,10097700000.0,3619100000,1743000000,670600000,1343600000,1343600000,None,72800000,None,1,None,None,2989000000,None,8500000,1554000000,None,None,None,0.259,,2320900000,1298200000,743900000,38644000000,None,933700000,None,,,,,3.09,16.42,5.02,,,,,,,,0.198,,681400000,2025-10-29,annual,2.49,USD,pre-market,472300000,22118000000,0.0662,0.706,0.071,51.44,2035100000,6827200000,3838200000,14700000,292.23,261.76,1.6327,50971000000,42170600000,42767600000,47461900000,8800400000,4694300000,6835600000,3509100000,25.58,-18469300000,324.5,245.59
2025-12-28,ADP,10.12,20903399000.0,25.58,None,0.86,15.74,,370900000,1436300000,1436300000,,,,,,,,,63900000,421100000,None,3216500000,3216500000,110200000,None,136400000,3170600000,None,None,246000000,,6.16,0.0239,,,,0.064,0.04,1434000000,1680000000,2.45,2022-06-30,23.7,2300500000,10097700000.0,3619100000,1743000000,670600000,1333100000,1333100000,None,72800000,None,49569200000,None,None,2987100000,None,9100000,1554000000,None,None,None,0.259,,2320900000,1298200000,50165300000,54589200000,None,924200000,None,,,,,3.09,16.42,5.02,,,,,,,,0.198,,1103500000,2025-10-29,annual,2.49,USD,pre-market,472300000,20696300000,0.0662,0.706,0.071,51.44,2035100000,3494400000,136400000,47000000,292.23,261.76,1.6327,63068200000,54804900000,55158700000,59842900000,8263300000,4684200000,6835600000,3225300000,25.58,-17335400000,324.5,245.59
2025-12-28,ADP,10.12,20903399000.0,25.58,None,0.86,15.74,,343200000,2575200000,2575200000,,,,,,,,,63900000,428100000,None,3216500000,3216500000,141100000,None,23500000,2727400000,None,None,246000000,,6.16,0.0239,,,,0.064,0.04,1434000000,1680000000,2.45,2021-06-30,23.7,2338400000,10097700000.0,3619100000,1743000000,670600000,1210100000,1210100000,None,72800000,None,34905800000,None,None,2985000000,None,11500000,1554000000,None,None,None,0.259,,2320900000,1298200000,35439200000,37668100000,None,834100000,None,,,,,3.09,16.42,5.02,,,,,,,,0.198,,1146700000,2025-10-29,annual,2.49,USD,pre-market,472300000,19451100000,0.0662,0.706,0.071,51.44,2035100000,3351700000,23500000,10400000,292.23,261.76,1.6327,48772500000,40741800000,38094800000,43102400000,8030700000,5007600000,6835600000,5670100000,25.58,-15386800000,324.5,245.59
2025-12-28,ADP,10.12,20903399000.0,25.58,None,0.86,15.74,,344400000,1908500000,1908500000,,,,,,,,,63900000,432700000,None,3216500000,3216500000,102000000,None,1001800000,2441300000,None,None,246000000,,6.16,0.0239,,,,0.064,0.04,1434000000,1680000000,2.45,2020-06-30,23.7,2309400000,10097700000.0,3619100000,1743000000,670600000,1215800000,1215800000,None,72800000,None,26708100000,None,None,1002800000,None,18600000,1554000000,None,None,None,0.259,,2320900000,1298200000,27214300000,28770200000,None,837000000,None,,,,,3.09,16.42,5.02,,,,,,,,0.198,,703900000,2025-10-29,annual,2.49,USD,pre-market,472300000,18436300000,0.0662,0.706,0.071,51.44,2035100000,2349000000,1001800000,0,292.23,261.76,1.6327,39165500000,31564100000,30126600000,33413300000,7601400000,3286700000,6835600000,5752200000,25.58,-14067000000,324.5,245.59
2025-12-28,ADP,10.12,20903399000.0,25.58,None,0.86,15.74,,None,1949200000,1949200000,,,,,,,,,63900000,437600000,None,3216500000,3216500000,125500000,None,262000000,2439300000,None,None,246000000,,6.16,0.0239,,,,0.064,0.04,1434000000,1680000000,2.45,2019-06-30,23.7,2323000000,10097700000.0,3619100000,1743000000,670600000,1071500000,1071500000,None,72800000,None,29434200000,None,None,2002200000,None,23800000,1554000000,None,None,None,0.259,,2320900000,1298200000,519600000,32019500000,None,798700000,None,,,,,3.09,16.42,5.02,,,,,,,,0.198,,764200000,2025-10-29,annual,2.49,USD,pre-market,472300000,17500600000,0.0662,0.706,0.071,51.44,2035100000,2264200000,262000000,10500000,292.23,261.76,1.6327,41887700000,34342300000,32627700000,36487800000,7545400000,3860100000,6835600000,5399900000,25.58,-13090500000,324.5,245.59
2025-12-28,ADP,10.12,20903399000.0,25.58,None,0.86,15.74,,None,2170000000,2170000000,,,,,,,,,63900000,443300000,None,3216500000,3216500000,135400000,None,2002400000,1984200000,None,None,246000000,,6.16,0.0239,,,,0.064,0.04,1434000000,1680000000,2.45,2018-06-30,23.7,2243500000,10097700000.0,3619100000,1743000000,670600000,886400000,886400000,None,72800000,None,27137800000,None,None,2002400000,None,25500000,1554000000,None,None,None,0.259,,2320900000,1298200000,758000000,30007800000,None,728000000,None,,,,,3.09,16.42,5.02,,,,,,,,0.198,,793700000,2025-10-29,annual,2.49,USD,pre-market,472300000,15271300000,0.0662,0.706,0.071,51.44,2035100000,2046300000,43900000,3300000,292.23,261.76,1.6327,37088700000,32050000000,30413600000,33629100000,5038700000,3215500000,6835600000,3459600000,25.58,-12209600000,324.5,245.59
2025-12-28,ADP,10.12,20903399000.0,25.58,None,0.86,15.74,,None,2780400000,2780400000,,,,,,,,,63900000,450300000,None,3216500000,3216500000,149700000,None,2002400000,1703600000,None,None,246000000,,6.16,0.0239,,,,0.064,0.04,1434000000,1680000000,2.45,2017-06-30,23.7,1741000000,10097700000.0,3619100000,1743000000,670600000,620200000,620200000,None,72800000,None,25587900000,None,None,2002400000,None,28000000,1554000000,None,None,None,0.259,,2320900000,1298200000,2586800000,29815900000,None,830200000,None,,,,,3.09,16.42,5.02,,,,,,,,0.198,,779900000,2025-10-29,annual,2.49,USD,pre-market,472300000,14728200000,0.0662,0.706,0.071,51.44,2035100000,2385000000,382600000,3200000,292.23,261.76,1.6327,37180000000,32658700000,29815900000,33203000000,4521300000,3387100000,6835600000,3977000000,25.58,-11303700000,324.5,245.59
2025-12-28,ADP,10.12,20903399000.0,25.58,None,0.86,15.74,,None,3214600000,3214600000,,,,,,,,,63900000,459100000,None,3216500000,3216500000,152300000,None,2007700000,1742800000,None,None,246000000,,6.16,0.0239,,,,0.064,0.04,1434000000,1680000000,2.45,2016-06-30,23.7,1682000000,10097700000.0,3619100000,1743000000,670600000,534200000,534200000,None,72800000,None,0,None,None,2007700000,None,34900000,1554000000,None,None,None,0.259,,2320900000,1298200000,2444600000,35433700000,None,701100000,None,,,,,3.09,16.42,5.02,,,,,,,,0.198,,685000000,2025-10-29,annual,2.49,USD,pre-market,472300000,14003300000,0.0662,0.706,0.071,51.44,2035100000,2035900000,28200000,23500000,292.23,261.76,1.6327,43670000000,39500400000,35847400000,39188400000,4169600000,3341000000,6835600000,4481600000,25.58,-10138600000,324.5,245.59
2025-12-28,ADP,10.12,20903399000.0,25.58,None,0.86,15.74,,None,1665900000,1665900000,,,,,,,,,63900000,475800000,None,3216500000,3216500000,194500000,None,9200000,1546900000,None,None,246000000,,6.16,0.0239,,,,0.064,0.04,1434000000,1680000000,2.45,2015-06-30,23.7,1793500000,10097700000.0,3619100000,1743000000,670600000,503200000,503200000,None,72800000,None,0,None,None,9200000,None,61100000,1554000000,None,None,None,0.259,,2320900000,1298200000,2278000000,26663400000,None,None,None,,,,,3.09,16.42,5.02,,,,,,,,0.198,,672700000,2025-10-29,annual,2.49,USD,pre-market,472300000,13460300000,0.0662,0.706,0.071,51.44,2035100000,36400000,27200000,26600000,292.23,261.76,1.6327,33110500000,28809200000,27113700000,28302000000,4301300000,1188300000,6835600000,4808500000,25.58,-9118400000,324.5,245.59
2025-12-28,ADP,10.12,20903399000.0,25.58,None,0.86,15.74,,None,1584000000,1584000000,,,,,,,,,63900000,483100000,None,3216500000,3216500000,152100000,None,2184500000,1498800000,None,None,246000000,,6.16,0.0239,,,,0.064,0.04,1434000000,1680000000,2.45,2014-06-30,23.7,1883500000,10097700000.0,3619100000,1743000000,670600000,491000000,491000000,None,72800000,None,0,None,None,11500000,None,209500000,1554000000,None,None,None,0.259,,2320900000,1298200000,22378000000,21585000000,None,None,None,,,,,3.09,16.42,5.02,,,,,,,,0.198,,777400000,2025-10-29,annual,2.49,USD,pre-market,472300000,13632900000,0.0662,0.706,0.071,51.44,2035100000,2184500000,2173000000,2032200000,292.23,261.76,1.6327,32051700000,27493000000,24167600000,25381500000,4566800000,1222000000,6835600000,6670200000,25.58,-7750000000,324.5,245.59
2025-12-28,ADP,10.12,20903399000.0,25.58,None,0.86,15.74,,None,1698400000,1698400000,,,,,,,,,63900000,487100000,None,3216500000,3216500000,157300000,None,None,1595300000,None,None,246000000,,6.16,0.0239,,,,0.064,0.04,1434000000,1680000000,2.45,2013-06-30,23.7,3052600000,10097700000.0,3619100000,1743000000,670600000,643200000,643200000,None,72800000,None,0,None,None,14700000,None,452700000,1554000000,None,None,None,0.259,,2320900000,1298200000,22892100000,23975500000,None,None,None,,,,,3.09,16.42,5.02,,,,,,,,0.198,,728700000,2025-10-29,annual,2.49,USD,pre-market,472300000,13020300000,0.0662,0.706,0.071,51.44,2035100000,260600000,245900000,28000000,292.23,261.76,1.6327,32268100000,26201000000,24732800000,26078200000,6067100000,1345400000,6835600000,6189900000,25.58,-7366600000,324.5,245.59
2025-12-28,ADP,10.12,20903399000.0,25.58,None,0.86,15.74,,None,1548100000,1548100000,,,,,,,,,63900000,492200000,None,3216500000,3216500000,167700000,None,None,1391700000,None,None,246000000,,6.16,0.0239,,,,0.064,0.04,1434000000,1680000000,2.45,2012-06-30,23.7,3155300000,10097700000.0,3619100000,1743000000,670600000,711200000,711200000,None,72800000,None,0,None,None,16800000,None,216700000,1554000000,None,None,None,0.259,,2320900000,1298200000,22177800000,22732800000,None,None,None,,,,,3.09,16.42,5.02,,,,,,,,0.198,,706300000,2025-10-29,annual,2.49,USD,pre-market,472300000,12438300000,0.0662,0.706,0.071,51.44,2035100000,16800000,39300000,30400000,292.23,261.76,1.6327,30815500000,25155600000,23239400000,24701500000,5659900000,1462100000,6835600000,6114000000,25.58,-7104800000,324.5,245.59
2025-12-28,ADP,10.12,20903399000.0,25.58,None,0.86,15.74,,None,1389400000,1389400000,,,,,,,,,63900000,498300000,None,3216500000,3216500000,153300000,None,None,1364800000,None,None,246000000,,6.16,0.0239,,,,0.064,0.04,1434000000,1680000000,2.45,2011-06-30,23.7,3073600000,10097700000.0,3619100000,1743000000,670600000,715700000,715700000,None,72800000,None,25144700000,None,None,34200000,None,226700000,1554000000,None,None,None,0.259,,2320900000,1298200000,25793000000,26254000000,None,None,None,,,,,3.09,16.42,5.02,,,,,,,,0.198,,716200000,2025-10-29,annual,2.49,USD,pre-market,472300000,11803900000,0.0662,0.706,0.071,51.44,2035100000,34200000,1691500000,36300000,292.23,261.76,1.6327,34238300000,28583500000,26786800000,28227900000,5654800000,1441100000,6835600000,6010400000,25.58,-6714000000,324.5,245.59
2025-12-28,ADP,10.12,20903399000.0,25.58,None,0.86,15.74,,None,1643300000,1643300000,,,,,,,,,63900000,503700000,None,3216500000,3216500000,150000000,None,None,1127700000,None,None,246000000,,6.16,0.0239,,,,0.064,0.04,1434000000,1680000000,2.45,2010-06-30,23.7,2383300000,10097700000.0,3619100000,1743000000,670600000,542400000,542400000,None,72800000,None,0,None,None,39800000,None,233700000,1554000000,None,None,None,0.259,,2320900000,1298200000,19517800000,20052200000,None,None,None,,,,,3.09,16.42,5.02,,,,,,,,0.198,,673800000,2025-10-29,annual,2.49,USD,pre-market,472300000,11252000000,0.0662,0.706,0.071,51.44,2035100000,39800000,471500000,27900000,292.23,261.76,1.6327,26862200000,22316700000,20052200000,21383300000,4545500000,1331100000,6835600000,5478900000,25.58,-6539500000,324.5,245.59
2025-12-28,ADP,10.12,20903399000.0,25.58,None,0.86,15.74,,None,2265300000,2265300000,,,,,,,,,63900000,505800000,None,3216500000,3216500000,130300000,None,None,1055400000,None,None,246000000,,6.16,0.0239,,,,0.064,0.04,1434000000,1680000000,2.45,2009-06-30,23.7,2375500000,10097700000.0,3619100000,1743000000,670600000,580100000,580100000,None,72800000,None,None,None,None,42700000,None,None,1554000000,None,None,None,0.259,,2320900000,1298200000,17352400000,17342600000,None,None,None,,,,,3.09,16.42,5.02,,,,,,,,0.198,,734500000,2025-10-29,annual,2.49,USD,pre-market,472300000,10716600000,0.0662,0.706,0.071,51.44,2035100000,772700000,730000000,30800000,292.23,261.76,1.6327,25351700000,20703900000,18763400000,20029100000,4647800000,1272800000,6835600000,5322600000,25.58,-6133900000,324.5,245.59
2025-12-28,ADP,10.12,20903399000.0,25.58,None,0.86,15.74,,None,917500000,917500000,,,,,,,,,63900000,527200000,None,3216500000,3216500000,126900000,None,None,1034600000,None,None,246000000,,6.16,0.0239,,,,0.064,0.04,1434000000,1680000000,2.45,2008-06-30,23.7,2426700000,10097700000.0,3619100000,1743000000,670600000,637100000,637100000,None,72800000,None,None,None,None,52100000,None,None,1554000000,None,None,None,0.259,,2320900000,1298200000,16190500000,16599700000,None,None,None,,,,,3.09,16.42,5.02,,,,,,,,0.198,,742900000,2025-10-29,annual,2.49,USD,pre-market,472300000,10029800000,0.0662,0.706,0.071,51.44,2035100000,52100000,1147500000,666300000,292.23,261.76,1.6327,23734400000,18808900000,17341600000,18647200000,4925500000,1305600000,6835600000,5087200000,25.58,-5804700000,324.5,245.59
2025-12-28,ADP,10.12,20903399000.0,25.58,None,0.86,15.74,,None,1746100000,1746100000,,,,,,,,,63900000,557900000,None,3216500000,3216500000,125900000,None,None,1041900000,None,None,246000000,,6.16,0.0239,,,,0.064,0.04,1434000000,1680000000,2.45,2007-06-30,23.7,2353600000,10097700000.0,3619100000,1743000000,670600000,688000000,688000000,None,72800000,None,None,None,None,43500000,None,None,1554000000,None,None,None,0.259,,2320900000,1298200000,505800000,1247100000,None,None,None,,,,,3.09,16.42,5.02,,,,,,,,0.198,,723800000,2025-10-29,annual,2.49,USD,pre-market,472300000,9378500000,0.0662,0.706,0.071,51.44,2035100000,43500000,1106000000,70400000,292.23,261.76,1.6327,26648900000,3364200000,1790800000,21501000000,23284700000,19710200000,6835600000,5147900000,25.58,-4612900000,324.5,245.59
2025-12-28,ADP,10.12,20903399000.0,25.58,None,0.86,15.74,,None,1900600000,1900600000,,,,,,,,,63900000,580300000,None,3216500000,3216500000,125200000,None,None,1202400000,None,None,246000000,,6.16,0.0239,,,,0.064,0.04,1434000000,1680000000,2.45,2006-06-30,23.7,2466200000,10097700000.0,3619100000,1743000000,670600000,618000000,618000000,None,72800000,None,None,None,None,74300000,None,None,1554000000,None,None,None,0.259,,2320900000,1298200000,1657100000,2017400000,None,None,None,,,,,3.09,16.42,5.02,,,,,,,,0.198,,782400000,2025-10-29,annual,2.49,USD,pre-market,472300000,9111400000,0.0662,0.706,0.071,51.44,2035100000,74300000,1019400000,367900000,292.23,261.76,1.6327,27490100000,4760100000,2592700000,21478500000,22730000000,18885800000,6835600000,6011600000,25.58,-3194800000,324.5,245.59
2025-12-28,ADP,10.12,20903399000.0,25.58,None,0.86,15.74,46700000,None,1900600000,1900600000,164100000,-1862600000,None,None,None,None,None,None,63900000,580300000,None,3216500000,3216500000,125200000,None,None,1202400000,None,None,246000000,124200000,6.16,0.0239,626700000,626700000,None,0.064,0.04,1434000000,1680000000,2.45,2025-09-30,23.7,2466200000,10097700000.0,3619100000,1743000000,670600000,618000000,618000000,None,72800000,None,None,None,None,74300000,None,None,1013000000,None,None,None,0.259,642300000,2320900000,1298200000,1657100000,2017400000,None,None,None,None,None,None,None,3.09,16.42,5.02,None,None,None,None,None,-366000000,None,0.198,None,782400000,2025-10-29,quarterly,2.49,USD,pre-market,472300000,9111400000,0.0662,0.706,0.071,51.44,2035100000,74300000,1019400000,367900000,292.23,261.76,1.6327,27490100000,4760100000,2592700000,21478500000,22730000000,18885800000,6835600000,6011600000,25.58,-3194800000,324.5,245.59
2025-12-28,ADP,10.12,20903399000.0,25.58,None,0.86,15.74,34100000,None,1900600000,1900600000,-5057000000,423200000,None,None,None,None,None,None,63900000,580300000,None,3216500000,3216500000,125200000,None,None,1202400000,None,None,246000000,121500000,6.16,0.0239,625800000,625800000,None,0.064,0.04,1434000000,1680000000,2.45,2025-06-30,23.7,2466200000,10097700000.0,3619100000,1743000000,670600000,618000000,618000000,None,72800000,None,None,None,None,74300000,None,None,910600000,None,None,None,0.259,1439200000,2320900000,1298200000,1657100000,2017400000,None,None,None,None,None,None,None,3.09,16.42,5.02,None,None,None,None,None,-324000000,None,0.198,None,782400000,2025-10-29,quarterly,2.49,USD,pre-market,472300000,9111400000,0.0662,0.706,0.071,51.44,2035100000,74300000,1019400000,367900000,292.23,261.76,1.6327,27490100000,4760100000,2592700000,21478500000,22730000000,18885800000,6835600000,6011600000,25.58,-3194800000,324.5,245.59
2025-12-28,ADP,10.12,20903399000.0,25.58,None,0.86,15.74,36400000,None,1900600000,1900600000,-9398900000,-555900000,None,None,None,None,None,None,63900000,580300000,None,3216500000,3216500000,125200000,None,None,1202400000,None,None,246000000,147000000,6.16,0.0239,628000000,628000000,None,0.064,0.04,1434000000,1680000000,2.45,2025-03-31,23.7,2466200000,10097700000.0,3619100000,1743000000,670600000,618000000,618000000,None,72800000,None,None,None,None,74300000,None,None,1249500000,None,None,None,0.259,1525800000,2320900000,1298200000,1657100000,2017400000,None,None,None,None,None,None,None,3.09,16.42,5.02,None,None,None,None,None,-311600000,None,0.198,None,782400000,2025-10-29,quarterly,2.49,USD,pre-market,472300000,9111400000,0.0662,0.706,0.071,51.44,2035100000,74300000,1019400000,367900000,292.23,261.76,1.6327,27490100000,4760100000,2592700000,21478500000,22730000000,18885800000,6835600000,6011600000,25.58,-3194800000,324.5,245.59
2025-12-28,ADP,10.12,20903399000.0,25.58,None,0.86,15.74,39400000,None,1900600000,1900600000,13974000000,-1257900000,None,None,None,None,None,None,63900000,580300000,None,3216500000,3216500000,125200000,None,None,1202400000,None,None,246000000,151100000,6.16,0.0239,572500000,572500000,None,0.064,0.04,1434000000,1680000000,2.45,2024-12-31,23.7,2466200000,10097700000.0,3619100000,1743000000,670600000,618000000,618000000,None,72800000,None,None,None,None,74300000,None,None,963200000,None,None,None,0.259,1150300000,2320900000,1298200000,1657100000,2017400000,None,None,None,None,None,None,None,3.09,16.42,5.02,None,None,None,None,None,-272300000,None,0.198,None,782400000,2025-10-29,quarterly,2.49,USD,pre-market,472300000,9111400000,0.0662,0.706,0.071,51.44,2035100000,74300000,1019400000,367900000,292.23,261.76,1.6327,27490100000,4760100000,2592700000,21478500000,22730000000,18885800000,6835600000,6011600000,25.58,-3194800000,324.5,245.59
2025-12-28,ADP,10.12,20903399000.0,25.58,None,0.86,15.74,58800000,None,1900600000,1900600000,-6491500000,-1644400000,None,None,None,None,None,None,63900000,580300000,None,3216500000,3216500000,125200000,None,None,1202400000,None,None,246000000,138600000,6.16,0.0239,572600000,572600000,None,0.064,0.04,1434000000,1680000000,2.45,2024-09-30,23.7,2466200000,10097700000.0,3619100000,1743000000,670600000,618000000,618000000,None,72800000,None,None,None,None,74300000,None,None,956300000,None,None,None,0.259,824400000,2320900000,1298200000,1657100000,2017400000,None,None,None,None,None,None,None,3.09,16.42,5.02,None,None,None,None,None,-372600000,None,0.198,None,782400000,2025-10-29,quarterly,2.49,USD,pre-market,472300000,9111400000,0.0662,0.706,0.071,51.44,2035100000,74300000,1019400000,367900000,292.23,261.76,1.6327,27490100000,4760100000,2592700000,21478500000,22730000000,18885800000,6835600000,6011600000,25.58,-3194800000,324.5,245.59
2025-12-28,ADP,10.12,20903399000.0,25.58,None,0.86,15.74,146500000,None,1900600000,1900600000,-11115500000,-217200000,None,None,390700000,None,None,None,63900000,580300000,None,3216500000,3216500000,125200000,None,None,1202400000,None,None,246000000,135700000,6.16,0.0239,575100000,575100000,None,0.064,0.04,1434000000,1680000000,2.45,2024-06-30,23.7,2466200000,10097700000.0,3619100000,1743000000,670600000,618000000,618000000,None,72800000,None,None,None,None,74300000,None,None,829300000,None,None,None,0.259,1300600000,2320900000,1298200000,1657100000,2017400000,None,None,None,None,None,None,None,3.09,16.42,5.02,None,None,None,None,None,-435500000,None,0.198,None,782400000,2025-10-29,quarterly,2.49,USD,pre-market,472300000,9111400000,0.0662,0.706,0.071,51.44,2035100000,74300000,1019400000,367900000,292.23,261.76,1.6327,27490100000,4760100000,2592700000,21478500000,22730000000,18885800000,6835600000,6011600000,25.58,-3194800000,324.5,245.59
2025-12-28,ADP,10.12,20903399000.0,25.58,None,0.86,15.74,157100000,None,1900600000,1900600000,5867700000,-1094000000,None,None,None,None,None,None,63900000,580300000,None,3216500000,3216500000,125200000,None,None,1202400000,None,None,246000000,144600000,6.16,0.0239,575900000,575900000,None,0.064,0.04,1434000000,1680000000,2.45,2024-03-31,23.7,2466200000,10097700000.0,3619100000,1743000000,670600000,618000000,618000000,None,72800000,None,None,None,None,74300000,None,None,1184900000,None,None,None,0.259,1498100000,2320900000,1298200000,1657100000,2017400000,None,None,None,None,None,None,None,3.09,16.42,5.02,None,None,None,None,None,-291500000,None,0.198,None,782400000,2025-10-29,quarterly,2.49,USD,pre-market,472300000,9111400000,0.0662,0.706,0.071,51.44,2035100000,74300000,1019400000,367900000,292.23,261.76,1.6327,27490100000,4760100000,2592700000,21478500000,22730000000,18885800000,6835600000,6011600000,25.58,-3194800000,324.5,245.59
2025-12-28,ADP,10.12,20903399000.0,25.58,None,0.86,15.74,133500000,None,1900600000,1900600000,5719800000,138300000,None,None,222800000,None,None,None,63900000,580300000,None,3216500000,3216500000,125200000,None,None,1202400000,None,None,246000000,140100000,6.16,0.0239,516300000,516300000,None,0.064,0.04,1434000000,1680000000,2.45,2023-12-31,23.7,2466200000,10097700000.0,3619100000,1743000000,670600000,618000000,618000000,None,72800000,None,None,None,None,74300000,None,None,878400000,None,None,None,0.259,1032400000,2320900000,1298200000,1657100000,2017400000,None,None,None,None,None,None,None,3.09,16.42,5.02,None,None,None,None,None,-254700000,None,0.198,None,782400000,2025-10-29,quarterly,2.49,USD,pre-market,472300000,9111400000,0.0662,0.706,0.071,51.44,2035100000,74300000,1019400000,367900000,292.23,261.76,1.6327,27490100000,4760100000,2592700000,21478500000,22730000000,18885800000,6835600000,6011600000,25.58,-3194800000,324.5,245.59
2025-12-28,ADP,10.12,20903399000.0,25.58,None,0.86,15.74,126300000,None,1900600000,1900600000,-1903700000,-216100000,None,None,-613500000,None,None,None,63900000,580300000,None,3216500000,3216500000,125200000,None,None,1202400000,None,None,246000000,141500000,6.16,0.0239,515800000,515800000,None,0.064,0.04,1434000000,1680000000,2.45,2023-09-30,23.7,2466200000,10097700000.0,3619100000,1743000000,670600000,618000000,618000000,None,72800000,None,None,None,None,74300000,None,None,859400000,None,None,None,0.259,326500000,2320900000,1298200000,1657100000,2017400000,None,None,None,None,None,None,None,3.09,16.42,5.02,None,None,None,None,None,-250000000,None,0.198,None,782400000,2025-10-29,quarterly,2.49,USD,pre-market,472300000,9111400000,0.0662,0.706,0.071,51.44,2035100000,74300000,1019400000,367900000,292.23,261.76,1.6327,27490100000,4760100000,2592700000,21478500000,22730000000,18885800000,6835600000,6011600000,25.58,-3194800000,324.5,245.59
2025-12-28,ADP,10.12,20903399000.0,25.58,None,0.86,15.74,140900000,None,1900600000,1900600000,-9994500000,-464500000,-9273300000,None,None,None,None,49100000,63900000,580300000,None,3216500000,3216500000,125200000,None,None,1202400000,None,None,246000000,140400000,6.16,0.0239,517500000,517500000,None,0.064,0.04,1434000000,1680000000,2.45,2023-06-30,23.7,2466200000,10097700000.0,3619100000,1743000000,670600000,618000000,618000000,None,72800000,None,None,None,None,74300000,None,None,776700000,None,None,None,0.259,1185700000,2320900000,1298200000,1657100000,2017400000,None,None,None,None,None,None,None,3.09,16.42,5.02,None,None,None,None,None,-303900000,None,0.198,None,782400000,2025-10-29,quarterly,2.49,USD,pre-market,472300000,9111400000,0.0662,0.706,0.071,51.44,2035100000,74300000,1019400000,367900000,292.23,261.76,1.6327,27490100000,4760100000,2592700000,21478500000,22730000000,18885800000,6835600000,6011600000,25.58,-3194800000,324.5,245.59
2025-12-28,ADP,10.12,20903399000.0,25.58,None,0.86,15.74,157200000,None,1900600000,1900600000,3938100000,-583400000,4758800000,None,None,None,None,81200000,63900000,580300000,None,3216500000,3216500000,125200000,None,None,1202400000,None,None,246000000,137000000,6.16,0.0239,520600000,520600000,None,0.064,0.04,1434000000,1680000000,2.45,2023-03-31,23.7,2466200000,10097700000.0,3619100000,1743000000,670600000,618000000,618000000,None,72800000,None,None,None,None,74300000,None,None,1043100000,None,None,None,0.259,1404100000,2320900000,1298200000,1657100000,2017400000,None,None,None,None,None,None,None,3.09,16.42,5.02,None,None,None,None,None,-264000000,None,0.198,None,782400000,2025-10-29,quarterly,2.49,USD,pre-market,472300000,9111400000,0.0662,0.706,0.071,51.44,2035100000,74300000,1019400000,367900000,292.23,261.76,1.6327,27490100000,4760100000,2592700000,21478500000,22730000000,18885800000,6835600000,6011600000,25.58,-3194800000,324.5,245.59
2025-12-28,ADP,10.12,20903399000.0,25.58,None,0.86,15.74,141800000,None,1900600000,1900600000,6678300000,108200000,7686200000,None,None,None,None,-202600000,63900000,580300000,None,3216500000,3216500000,125200000,None,None,1202400000,None,None,246000000,136800000,6.16,0.0239,432600000,432600000,None,0.064,0.04,1434000000,1680000000,2.45,2022-12-31,23.7,2466200000,10097700000.0,3619100000,1743000000,670600000,618000000,618000000,None,72800000,None,None,None,None,74300000,None,None,813200000,None,None,None,0.259,899700000,2320900000,1298200000,1657100000,2017400000,None,None,None,None,None,None,None,3.09,16.42,5.02,None,None,None,None,None,-220200000,None,0.198,None,782400000,2025-10-29,quarterly,2.49,USD,pre-market,472300000,9111400000,0.0662,0.706,0.071,51.44,2035100000,74300000,1019400000,367900000,292.23,261.76,1.6327,27490100000,4760100000,2592700000,21478500000,22730000000,18885800000,6835600000,6011600000,25.58,-3194800000,324.5,245.59
2025-12-28,ADP,10.12,20903399000.0,25.58,None,0.86,15.74,131700000,None,1900600000,1900600000,-16302600000,-1577600000,-17162100000,None,None,None,None,201500000,63900000,580300000,None,3216500000,3216500000,125200000,None,None,1202400000,None,None,246000000,135100000,6.16,0.0239,432900000,432900000,None,0.064,0.04,1434000000,1680000000,2.45,2022-09-30,23.7,2466200000,10097700000.0,3619100000,1743000000,670600000,618000000,618000000,None,72800000,None,None,None,None,74300000,None,None,779000000,None,None,None,0.259,718100000,2320900000,1298200000,1657100000,2017400000,None,None,None,None,None,None,None,3.09,16.42,5.02,None,None,None,None,None,-333300000,None,0.198,None,782400000,2025-10-29,quarterly,2.49,USD,pre-market,472300000,9111400000,0.0662,0.706,0.071,51.44,2035100000,74300000,1019400000,367900000,292.23,261.76,1.6327,27490100000,4760100000,2592700000,21478500000,22730000000,18885800000,6835600000,6011600000,25.58,-3194800000,324.5,245.59
2025-12-28,ADP,10.12,20903399000.0,25.58,None,0.86,15.74,144300000,None,1900600000,1900600000,-8725300000,-1050700000,None,None,3286000000,None,None,None,63900000,580300000,None,3216500000,3216500000,125200000,None,None,1202400000,None,None,246000000,130500000,6.16,0.0239,434300000,434300000,None,0.064,0.04,1434000000,1680000000,2.45,2022-06-30,23.7,2466200000,10097700000.0,3619100000,1743000000,670600000,618000000,618000000,None,72800000,None,None,None,None,74300000,None,None,625500000,None,None,None,0.259,912900000,2320900000,1298200000,1657100000,2017400000,None,None,None,None,None,None,None,3.09,16.42,5.02,None,None,None,None,None,-487500000,None,0.198,None,782400000,2025-10-29,quarterly,2.49,USD,pre-market,472300000,9111400000,0.0662,0.706,0.071,51.44,2035100000,74300000,1019400000,367900000,292.23,261.76,1.6327,27490100000,4760100000,2592700000,21478500000,22730000000,18885800000,6835600000,6011600000,25.58,-3194800000,324.5,245.59
2025-12-28,ADP,10.12,20903399000.0,25.58,None,0.86,15.74,152600000,None,1900600000,1900600000,12714000000,-2495300000,None,None,None,None,None,None,63900000,580300000,None,3216500000,3216500000,125200000,None,None,1202400000,None,None,246000000,129000000,6.16,0.0239,437700000,437700000,None,0.064,0.04,1434000000,1680000000,2.45,2022-03-31,23.7,2466200000,10097700000.0,3619100000,1743000000,670600000,618000000,618000000,None,72800000,None,None,None,None,74300000,None,None,928500000,None,None,None,0.259,971000000,2320900000,1298200000,1657100000,2017400000,None,None,None,None,None,None,None,3.09,16.42,5.02,None,None,None,None,None,-491400000,None,0.198,None,782400000,2025-10-29,quarterly,2.49,USD,pre-market,472300000,9111400000,0.0662,0.706,0.071,51.44,2035100000,74300000,1019400000,367900000,292.23,261.76,1.6327,27490100000,4760100000,2592700000,21478500000,22730000000,18885800000,6835600000,6011600000,25.58,-3194800000,324.5,245.59
2025-12-28,ADP,10.12,20903399000.0,25.58,None,0.86,15.74,127400000,None,1900600000,1900600000,-1520100000,-2232000000,None,None,None,None,None,None,63900000,580300000,None,3216500000,3216500000,125200000,None,None,1202400000,None,None,246000000,126500000,6.16,0.0239,393800000,393800000,None,0.064,0.04,1434000000,1680000000,2.45,2021-12-31,23.7,2466200000,10097700000.0,3619100000,1743000000,670600000,618000000,618000000,None,72800000,None,None,None,None,74300000,None,None,694400000,None,None,None,0.259,1093700000,2320900000,1298200000,1657100000,2017400000,None,None,None,None,None,None,None,3.09,16.42,5.02,None,None,None,None,None,-462500000,None,0.198,None,782400000,2025-10-29,quarterly,2.49,USD,pre-market,472300000,9111400000,0.0662,0.706,0.071,51.44,2035100000,74300000,1019400000,367900000,292.23,261.76,1.6327,27490100000,4760100000,2592700000,21478500000,22730000000,18885800000,6835600000,6011600000,25.58,-3194800000,324.5,245.59
2025-12-28,ADP,10.12,20903399000.0,25.58,None,0.86,15.74,129100000,None,1900600000,1900600000,11184800000,-1236400000,10070300000,None,-3286000000,None,None,-51800000,63900000,580300000,None,3216500000,3216500000,125200000,None,None,1202400000,None,None,246000000,129100000,6.16,0.0239,393200000,393200000,None,0.064,0.04,1434000000,1680000000,2.45,2021-09-30,23.7,2466200000,10097700000.0,3619100000,1743000000,670600000,618000000,618000000,None,72800000,None,None,None,None,74300000,None,None,700500000,None,None,None,0.259,121900000,2320900000,1298200000,1657100000,2017400000,None,None,None,None,None,None,None,3.09,16.42,5.02,None,None,None,None,None,-528000000,None,0.198,None,782400000,2025-10-29,quarterly,2.49,USD,pre-market,472300000,9111400000,0.0662,0.706,0.071,51.44,2035100000,74300000,1019400000,367900000,292.23,261.76,1.6327,27490100000,4760100000,2592700000,21478500000,22730000000,18885800000,6835600000,6011600000,25.58,-3194800000,324.5,245.59
2025-12-28,ADP,10.12,20903399000.0,25.58,None,0.86,15.74,120400000,None,1900600000,1900600000,-6486200000,-1148600000,-6982000000,None,-2808600000,None,None,25400000,63900000,580300000,None,3216500000,3216500000,125200000,None,None,1202400000,None,None,246000000,126000000,6.16,0.0239,396000000,396000000,None,0.064,0.04,1434000000,1680000000,2.45,2021-06-30,23.7,2466200000,10097700000.0,3619100000,1743000000,670600000,618000000,618000000,None,72800000,None,None,None,None,74300000,None,None,538200000,None,None,None,0.259,652800000,2320900000,1298200000,1657100000,2017400000,None,None,None,None,None,None,None,3.09,16.42,5.02,None,None,None,None,None,-469800000,None,0.198,None,782400000,2025-10-29,quarterly,2.49,USD,pre-market,472300000,9111400000,0.0662,0.706,0.071,51.44,2035100000,74300000,1019400000,367900000,292.23,261.76,1.6327,27490100000,4760100000,2592700000,21478500000,22730000000,18885800000,6835600000,6011600000,25.58,-3194800000,324.5,245.59
2025-12-28,ADP,10.12,20903399000.0,25.58,None,0.86,15.74,156400000,None,1900600000,1900600000,4172200000,-1416800000,4007600000,None,-1807900000,None,None,-278700000,63900000,580300000,None,3216500000,3216500000,125200000,None,None,1202400000,None,None,246000000,126900000,6.16,0.0239,397800000,397800000,None,0.064,0.04,1434000000,1680000000,2.45,2021-03-31,23.7,2466200000,10097700000.0,3619100000,1743000000,670600000,618000000,618000000,None,72800000,None,None,None,None,74300000,None,None,810700000,None,None,None,0.259,1252200000,2320900000,1298200000,1657100000,2017400000,None,None,None,None,None,None,None,3.09,16.42,5.02,None,None,None,None,None,-427400000,None,0.198,None,782400000,2025-10-29,quarterly,2.49,USD,pre-market,472300000,9111400000,0.0662,0.706,0.071,51.44,2035100000,74300000,1019400000,367900000,292.23,261.76,1.6327,27490100000,4760100000,2592700000,21478500000,22730000000,18885800000,6835600000,6011600000,25.58,-3194800000,324.5,245.59
2025-12-28,ADP,10.12,20903399000.0,25.58,None,0.86,15.74,109200000,None,1900600000,1900600000,6227400000,-1213800000,5720000000,None,-135800000,None,None,-7800000,63900000,580300000,None,3216500000,3216500000,125200000,None,None,1202400000,None,None,246000000,126700000,6.16,0.0239,390700000,390700000,None,0.064,0.04,1434000000,1680000000,2.45,2020-12-31,23.7,2466200000,10097700000.0,3619100000,1743000000,670600000,618000000,618000000,None,72800000,None,None,None,None,74300000,None,None,647500000,None,None,None,0.259,706400000,2320900000,1298200000,1657100000,2017400000,None,None,None,None,None,None,None,3.09,16.42,5.02,None,None,None,None,None,-261500000,None,0.198,None,782400000,2025-10-29,quarterly,2.49,USD,pre-market,472300000,9111400000,0.0662,0.706,0.071,51.44,2035100000,74300000,1019400000,367900000,292.23,261.76,1.6327,27490100000,4760100000,2592700000,21478500000,22730000000,18885800000,6835600000,6011600000,25.58,-3194800000,324.5,245.59
2025-12-28,ADP,10.12,20903399000.0,25.58,None,0.86,15.74,119900000,None,1900600000,1900600000,2524100000,264200000,3270200000,None,-23100000,None,None,-78700000,63900000,580300000,None,3216500000,3216500000,125200000,None,None,1202400000,None,None,246000000,131100000,6.16,0.0239,391000000,391000000,None,0.064,0.04,1434000000,1680000000,2.45,2020-09-30,23.7,2466200000,10097700000.0,3619100000,1743000000,670600000,618000000,618000000,None,72800000,None,None,None,None,74300000,None,None,602100000,None,None,None,0.259,481900000,2320900000,1298200000,1657100000,2017400000,None,None,None,None,None,None,None,3.09,16.42,5.02,None,None,None,None,None,-213600000,None,0.198,None,782400000,2025-10-29,quarterly,2.49,USD,pre-market,472300000,9111400000,0.0662,0.706,0.071,51.44,2035100000,74300000,1019400000,367900000,292.23,261.76,1.6327,27490100000,4760100000,2592700000,21478500000,22730000000,18885800000,6835600000,6011600000,25.58,-3194800000,324.5,245.59
2025-12-28,ADP,10.12,20903399000.0,25.58,None,0.86,15.74,216100000,None,1900600000,1900600000,-4926600000,2677700000,-1472300000,None,-43500000,None,None,167800000,63900000,580300000,None,3216500000,3216500000,125200000,None,None,1202400000,None,None,246000000,124500000,6.16,0.0239,391600000,391600000,None,0.064,0.04,1434000000,1680000000,2.45,2020-06-30,23.7,2466200000,10097700000.0,3619100000,1743000000,670600000,618000000,618000000,None,72800000,None,None,None,None,74300000,None,None,411600000,None,None,None,0.259,776600000,2320900000,1298200000,1657100000,2017400000,None,None,None,None,None,None,None,3.09,16.42,5.02,None,None,None,None,None,0,None,0.198,None,782400000,2025-10-29,quarterly,2.49,USD,pre-market,472300000,9111400000,0.0662,0.706,0.071,51.44,2035100000,74300000,1019400000,367900000,292.23,261.76,1.6327,27490100000,4760100000,2592700000,21478500000,22730000000,18885800000,6835600000,6011600000,25.58,-3194800000,324.5,245.59
2025-12-28,ADP,10.12,20903399000.0,25.58,None,0.86,15.74,131900000,None,1900600000,1900600000,-6489100000,603500000,-4766900000,None,115800000,None,None,-82800000,63900000,580300000,None,3216500000,3216500000,125200000,None,None,1202400000,None,None,246000000,120600000,6.16,0.0239,392900000,392900000,None,0.064,0.04,1434000000,1680000000,2.45,2020-03-31,23.7,2466200000,10097700000.0,3619100000,1743000000,670600000,618000000,618000000,None,72800000,None,None,None,None,74300000,None,None,820900000,None,None,None,0.259,1118700000,2320900000,1298200000,1657100000,2017400000,None,None,None,None,None,None,None,3.09,16.42,5.02,None,None,None,None,None,-391200000,None,0.198,None,782400000,2025-10-29,quarterly,2.49,USD,pre-market,472300000,9111400000,0.0662,0.706,0.071,51.44,2035100000,74300000,1019400000,367900000,292.23,261.76,1.6327,27490100000,4760100000,2592700000,21478500000,22730000000,18885800000,6835600000,6011600000,25.58,-3194800000,324.5,245.59
2025-12-28,ADP,10.12,20903399000.0,25.58,None,0.86,15.74,123400000,None,1900600000,1900600000,10571000000,-247100000,11022000000,None,-58200000,None,None,-102000000,63900000,580300000,None,3216500000,3216500000,125200000,None,None,1202400000,None,None,246000000,117600000,6.16,0.0239,342700000,342700000,None,0.064,0.04,1434000000,1680000000,2.45,2019-12-31,23.7,2466200000,10097700000.0,3619100000,1743000000,670600000,618000000,618000000,None,72800000,None,None,None,None,74300000,None,None,651600000,None,None,None,0.259,698100000,2320900000,1298200000,1657100000,2017400000,None,None,None,None,None,None,None,3.09,16.42,5.02,None,None,None,None,None,-305400000,None,0.198,None,782400000,2025-10-29,quarterly,2.49,USD,pre-market,472300000,9111400000,0.0662,0.706,0.071,51.44,2035100000,74300000,1019400000,367900000,292.23,261.76,1.6327,27490100000,4760100000,2592700000,21478500000,22730000000,18885800000,6835600000,6011600000,25.58,-3194800000,324.5,245.59
2025-12-28,ADP,10.12,20903399000.0,25.58,None,0.86,15.74,145000000,None,1900600000,1900600000,-5045900000,122200000,-4490900000,None,-91600000,None,None,-96800000,63900000,580300000,None,3216500000,3216500000,125200000,None,None,1202400000,None,None,246000000,117300000,6.16,0.0239,343300000,343300000,None,0.064,0.04,1434000000,1680000000,2.45,2019-09-30,23.7,2466200000,10097700000.0,3619100000,1743000000,670600000,618000000,618000000,None,72800000,None,None,None,None,74300000,None,None,582400000,None,None,None,0.259,432800000,2320900000,1298200000,1657100000,2017400000,None,None,None,None,None,None,None,3.09,16.42,5.02,None,None,None,None,None,-309700000,None,0.198,None,782400000,2025-10-29,quarterly,2.49,USD,pre-market,472300000,9111400000,0.0662,0.706,0.071,51.44,2035100000,74300000,1019400000,367900000,292.23,261.76,1.6327,27490100000,4760100000,2592700000,21478500000,22730000000,18885800000,6835600000,6011600000,25.58,-3194800000,324.5,245.59
2025-12-28,ADP,10.12,20903399000.0,25.58,None,0.86,15.74,116300000,None,1900600000,1900600000,-7153100000,-999800000,-7420600000,None,71500000,None,None,52800000,63900000,580300000,None,3216500000,3216500000,125200000,None,None,1202400000,None,None,246000000,109400000,6.16,0.0239,343400000,343400000,None,0.064,0.04,1434000000,1680000000,2.45,2019-06-30,23.7,2466200000,10097700000.0,3619100000,1743000000,670600000,618000000,618000000,None,72800000,None,None,None,None,74300000,None,None,475400000,None,None,None,0.259,732300000,2320900000,1298200000,1657100000,2017400000,None,None,None,None,None,None,None,3.09,16.42,5.02,None,None,None,None,None,-177100000,None,0.198,None,782400000,2025-10-29,quarterly,2.49,USD,pre-market,472300000,9111400000,0.0662,0.706,0.071,51.44,2035100000,74300000,1019400000,367900000,292.23,261.76,1.6327,27490100000,4760100000,2592700000,21478500000,22730000000,18885800000,6835600000,6011600000,25.58,-3194800000,324.5,245.59
2025-12-28,ADP,10.12,20903399000.0,25.58,None,0.86,15.74,230900000,None,1900600000,1900600000,8433700000,-728700000,8729500000,None,-92700000,None,None,143300000,63900000,580300000,None,3216500000,3216500000,125200000,None,None,1202400000,None,None,246000000,103100000,6.16,0.0239,344600000,344600000,None,0.064,0.04,1434000000,1680000000,2.45,2019-03-31,23.7,2466200000,10097700000.0,3619100000,1743000000,670600000,618000000,618000000,None,72800000,None,None,None,None,74300000,None,None,753800000,None,None,None,0.259,1024500000,2320900000,1298200000,1657100000,2017400000,None,None,None,None,None,None,None,3.09,16.42,5.02,None,None,None,None,None,-234000000,None,0.198,None,782400000,2025-10-29,quarterly,2.49,USD,pre-market,472300000,9111400000,0.0662,0.706,0.071,51.44,2035100000,74300000,1019400000,367900000,292.23,261.76,1.6327,27490100000,4760100000,2592700000,21478500000,22730000000,18885800000,6835600000,6011600000,25.58,-3194800000,324.5,245.59
2025-12-28,ADP,10.12,20903399000.0,25.58,None,0.86,15.74,102300000,None,1900600000,1900600000,329400000,-16500000,1095200000,None,365000000,None,None,-430800000,63900000,580300000,None,3216500000,3216500000,125200000,None,None,1202400000,None,None,246000000,97500000,6.16,0.0239,302400000,302400000,None,0.064,0.04,1434000000,1680000000,2.45,2018-12-31,23.7,2466200000,10097700000.0,3619100000,1743000000,670600000,618000000,618000000,None,72800000,None,None,None,None,74300000,None,None,558200000,None,None,None,0.259,782300000,2320900000,1298200000,1657100000,2017400000,None,None,None,None,None,None,None,3.09,16.42,5.02,None,None,None,None,None,-299500000,None,0.198,None,782400000,2025-10-29,quarterly,2.49,USD,pre-market,472300000,9111400000,0.0662,0.706,0.071,51.44,2035100000,74300000,1019400000,367900000,292.23,261.76,1.6327,27490100000,4760100000,2592700000,21478500000,22730000000,18885800000,6835600000,6011600000,25.58,-3194800000,324.5,245.59
2025-12-28,ADP,10.12,20903399000.0,25.58,None,0.86,15.74,117000000,None,1900600000,1900600000,-1817700000,-452700000,-2121200000,None,-77800000,None,None,-239200000,63900000,580300000,None,3216500000,3216500000,125200000,None,None,1202400000,None,None,246000000,99000000,6.16,0.0239,302600000,302600000,None,0.064,0.04,1434000000,1680000000,2.45,2018-09-30,23.7,2466200000,10097700000.0,3619100000,1743000000,670600000,618000000,618000000,None,72800000,None,None,None,None,74300000,None,None,505400000,None,None,None,0.259,149200000,2320900000,1298200000,1657100000,2017400000,None,None,None,None,None,None,None,3.09,16.42,5.02,None,None,None,None,None,-227100000,None,0.198,None,782400000,2025-10-29,quarterly,2.49,USD,pre-market,472300000,9111400000,0.0662,0.706,0.071,51.44,2035100000,74300000,1019400000,367900000,292.23,261.76,1.6327,27490100000,4760100000,2592700000,21478500000,22730000000,18885800000,6835600000,6011600000,25.58,-3194800000,324.5,245.59
2025-12-28,ADP,10.12,20903399000.0,25.58,None,0.86,15.74,115400000,None,1900600000,1900600000,-7014100000,-546600000,-6849700000,-8400000,2300000,None,None,-52500000,63900000,580300000,None,3216500000,3216500000,125200000,None,None,1202400000,None,None,246000000,99300000,6.16,0.0239,278600000,278600000,None,0.064,0.04,1434000000,1680000000,2.45,2018-06-30,23.7,2466200000,10097700000.0,3619100000,1743000000,670600000,618000000,618000000,None,72800000,None,None,None,None,74300000,None,None,108700000,None,None,None,0.259,705200000,2320900000,1298200000,1657100000,2017400000,None,None,None,None,None,None,None,3.09,16.42,5.02,None,None,None,None,None,-393100000,None,0.198,None,782400000,2025-10-29,quarterly,2.49,USD,pre-market,472300000,9111400000,0.0662,0.706,0.071,51.44,2035100000,74300000,1019400000,367900000,292.23,261.76,1.6327,27490100000,4760100000,2592700000,21478500000,22730000000,18885800000,6835600000,6011600000,25.58,-3194800000,324.5,245.59
2025-12-28,ADP,10.12,20903399000.0,25.58,None,0.86,15.74,104700000,None,1900600000,1900600000,-922100000,-631700000,-418900000,None,40000000,None,None,97800000,63900000,580300000,None,3216500000,3216500000,125200000,None,None,1202400000,None,None,246000000,96300000,6.16,0.0239,278400000,278400000,None,0.064,0.04,1434000000,1680000000,2.45,2018-03-31,23.7,2466200000,10097700000.0,3619100000,1743000000,670600000,618000000,618000000,None,72800000,None,None,None,None,74300000,None,None,643100000,None,None,None,0.259,1134900000,2320900000,1298200000,1657100000,2017400000,None,None,None,None,None,None,None,3.09,16.42,5.02,None,None,None,None,None,-187900000,None,0.198,None,782400000,2025-10-29,quarterly,2.49,USD,pre-market,472300000,9111400000,0.0662,0.706,0.071,51.44,2035100000,74300000,1019400000,367900000,292.23,261.76,1.6327,27490100000,4760100000,2592700000,21478500000,22730000000,18885800000,6835600000,6011600000,25.58,-3194800000,324.5,245.59
2025-12-28,ADP,10.12,20903399000.0,25.58,None,0.86,15.74,107700000,None,1900600000,1900600000,8345000000,-1033700000,7727500000,None,60800000,None,None,-255400000,63900000,580300000,None,3216500000,3216500000,125200000,None,None,1202400000,None,None,246000000,94800000,6.16,0.0239,253000000,253000000,None,0.064,0.04,1434000000,1680000000,2.45,2017-12-31,23.7,2466200000,10097700000.0,3619100000,1743000000,670600000,618000000,618000000,None,72800000,None,None,None,None,74300000,None,None,467500000,None,None,None,0.259,430400000,2320900000,1298200000,1657100000,2017400000,None,None,None,None,None,None,None,3.09,16.42,5.02,None,None,None,None,None,-158200000,None,0.198,None,782400000,2025-10-29,quarterly,2.49,USD,pre-market,472300000,9111400000,0.0662,0.706,0.071,51.44,2035100000,74300000,1019400000,367900000,292.23,261.76,1.6327,27490100000,4760100000,2592700000,21478500000,22730000000,18885800000,6835600000,6011600000,25.58,-3194800000,324.5,245.59
2025-12-28,ADP,10.12,20903399000.0,25.58,None,0.86,15.74,143000000,None,1900600000,1900600000,-2064700000,-292600000,-2098400000,14200000,4600000,None,None,-81700000,63900000,580300000,None,3216500000,3216500000,125200000,None,None,1202400000,None,None,246000000,87200000,6.16,0.0239,253700000,253700000,None,0.064,0.04,1434000000,1680000000,2.45,2017-09-30,23.7,2466200000,10097700000.0,3619100000,1743000000,670600000,618000000,618000000,None,72800000,None,None,None,None,74300000,None,None,401500000,None,None,None,0.259,244700000,2320900000,1298200000,1657100000,2017400000,None,None,None,None,None,None,None,3.09,16.42,5.02,None,None,None,None,None,-250100000,None,0.198,None,782400000,2025-10-29,quarterly,2.49,USD,pre-market,472300000,9111400000,0.0662,0.706,0.071,51.44,2035100000,74300000,1019400000,367900000,292.23,261.76,1.6327,27490100000,4760100000,2592700000,21478500000,22730000000,18885800000,6835600000,6011600000,25.58,-3194800000,324.5,245.59
2025-12-28,ADP,10.12,20903399000.0,25.58,None,0.86,15.74,134000000,None,1900600000,1900600000,-7295200000,6597400000,-215100000,25500000,30000000,None,None,113500000,63900000,580300000,None,3216500000,3216500000,125200000,None,None,1202400000,None,None,246000000,82500000,6.16,0.0239,255800000,255800000,None,0.064,0.04,1434000000,1680000000,2.45,2017-06-30,23.7,2466200000,10097700000.0,3619100000,1743000000,670600000,618000000,618000000,None,72800000,None,None,None,None,74300000,None,None,265800000,None,None,None,0.259,457200000,2320900000,1298200000,1657100000,2017400000,None,None,None,None,None,None,None,3.09,16.42,5.02,None,None,None,None,None,-302800000,None,0.198,None,782400000,2025-10-29,quarterly,2.49,USD,pre-market,472300000,9111400000,0.0662,0.706,0.071,51.44,2035100000,74300000,1019400000,367900000,292.23,261.76,1.6327,27490100000,4760100000,2592700000,21478500000,22730000000,18885800000,6835600000,6011600000,25.58,-3194800000,324.5,245.59
2025-12-28,ADP,10.12,20903399000.0,25.58,None,0.86,15.74,110300000,None,1900600000,1900600000,3042800000,-3586200000,290300000,6100000,88000000,None,None,29600000,63900000,580300000,None,3216500000,3216500000,125200000,None,None,1202400000,None,None,246000000,77600000,6.16,0.0239,257100000,257100000,None,0.064,0.04,1434000000,1680000000,2.45,2017-03-31,23.7,2466200000,10097700000.0,3619100000,1743000000,670600000,618000000,618000000,None,72800000,None,None,None,None,74300000,None,None,588000000,None,None,None,0.259,827600000,2320900000,1298200000,1657100000,2017400000,None,None,None,None,None,None,None,3.09,16.42,5.02,None,None,None,None,None,-191500000,None,0.198,None,782400000,2025-10-29,quarterly,2.49,USD,pre-market,472300000,9111400000,0.0662,0.706,0.071,51.44,2035100000,74300000,1019400000,367900000,292.23,261.76,1.6327,27490100000,4760100000,2592700000,21478500000,22730000000,18885800000,6835600000,6011600000,25.58,-3194800000,324.5,245.59
2025-12-28,ADP,10.12,20903399000.0,25.58,None,0.86,15.74,120400000,None,1900600000,1900600000,5484300000,-6044700000,-71400000,-22300000,121100000,None,None,-240700000,63900000,580300000,None,3216500000,3216500000,125200000,None,None,1202400000,None,None,246000000,78400000,6.16,0.0239,240500000,240500000,None,0.064,0.04,1434000000,1680000000,2.45,2016-12-31,23.7,2466200000,10097700000.0,3619100000,1743000000,670600000,618000000,618000000,None,72800000,None,None,None,None,74300000,None,None,510900000,None,None,None,0.259,511300000,2320900000,1298200000,1657100000,2017400000,None,None,None,None,None,None,None,3.09,16.42,5.02,None,None,None,None,None,-436700000,None,0.198,None,782400000,2025-10-29,quarterly,2.49,USD,pre-market,472300000,9111400000,0.0662,0.706,0.071,51.44,2035100000,74300000,1019400000,367900000,292.23,261.76,1.6327,27490100000,4760100000,2592700000,21478500000,22730000000,18885800000,6835600000,6011600000,25.58,-3194800000,324.5,245.59
2025-12-28,ADP,10.12,20903399000.0,25.58,None,0.86,15.74,105900000,None,1900600000,1900600000,-9513600000,8763900000,-414500000,5400000,-80100000,None,None,121000000,63900000,580300000,None,3216500000,3216500000,125200000,None,None,1202400000,None,None,246000000,77600000,6.16,0.0239,241800000,241800000,None,0.064,0.04,1434000000,1680000000,2.45,2016-09-30,23.7,2466200000,10097700000.0,3619100000,1743000000,670600000,618000000,618000000,None,72800000,None,None,None,None,74300000,None,None,368700000,None,None,None,0.259,329800000,2320900000,1298200000,1657100000,2017400000,None,None,None,None,None,None,None,3.09,16.42,5.02,None,None,None,None,None,-328600000,None,0.198,None,782400000,2025-10-29,quarterly,2.49,USD,pre-market,472300000,9111400000,0.0662,0.706,0.071,51.44,2035100000,74300000,1019400000,367900000,292.23,261.76,1.6327,27490100000,4760100000,2592700000,21478500000,22730000000,18885800000,6835600000,6011600000,25.58,-3194800000,324.5,245.59
2025-12-28,ADP,10.12,20903399000.0,25.58,None,0.86,15.74,98300000,None,1900600000,1900600000,-7576100000,7172200000,249700000,-5500000,-142700000,None,None,321200000,63900000,580300000,None,3216500000,3216500000,125200000,None,None,1202400000,None,None,246000000,73900000,6.16,0.0239,242400000,242400000,None,0.064,0.04,1434000000,1680000000,2.45,2016-06-30,23.7,2466200000,10097700000.0,3619100000,1743000000,670600000,618000000,618000000,None,72800000,None,None,None,None,74300000,None,None,282000000,None,None,None,0.259,659100000,2320900000,1298200000,1657100000,2017400000,None,None,None,None,None,None,None,3.09,16.42,5.02,None,None,None,None,None,-64700000,None,0.198,None,782400000,2025-10-29,quarterly,2.49,USD,pre-market,472300000,9111400000,0.0662,0.706,0.071,51.44,2035100000,74300000,1019400000,367900000,292.23,261.76,1.6327,27490100000,4760100000,2592700000,21478500000,22730000000,18885800000,6835600000,6011600000,25.58,-3194800000,324.5,245.59
2025-12-28,ADP,10.12,20903399000.0,25.58,None,0.86,15.74,82600000,None,1900600000,1900600000,9816700000,-10393700000,146500000,15400000,450200000,None,None,-434600000,63900000,580300000,None,3216500000,3216500000,125200000,None,None,1202400000,None,None,246000000,73300000,6.16,0.0239,242400000,242400000,None,0.064,0.04,1434000000,1680000000,2.45,2016-03-31,23.7,2466200000,10097700000.0,3619100000,1743000000,670600000,618000000,618000000,None,72800000,None,None,None,None,74300000,None,None,532500000,None,None,None,0.259,708100000,2320900000,1298200000,1657100000,2017400000,None,None,None,None,None,None,None,3.09,16.42,5.02,None,None,None,None,None,-318000000,None,0.198,None,782400000,2025-10-29,quarterly,2.49,USD,pre-market,472300000,9111400000,0.0662,0.706,0.071,51.44,2035100000,74300000,1019400000,367900000,292.23,261.76,1.6327,27490100000,4760100000,2592700000,21478500000,22730000000,18885800000,6835600000,6011600000,25.58,-3194800000,324.5,245.59
2025-12-28,ADP,10.12,20903399000.0,25.58,None,0.86,15.74,104100000,None,1900600000,1900600000,5405400000,-6184900000,-389800000,-9800000,-15100000,None,None,-78900000,63900000,580300000,None,3216500000,3216500000,125200000,None,None,1202400000,None,None,246000000,72600000,6.16,0.0239,229800000,229800000,None,0.064,0.04,1434000000,1680000000,2.45,2015-12-31,23.7,2466200000,10097700000.0,3619100000,1743000000,670600000,618000000,618000000,None,72800000,None,None,None,None,74300000,None,None,341400000,None,None,None,0.259,399500000,2320900000,1298200000,1657100000,2017400000,None,None,None,None,None,None,None,3.09,16.42,5.02,None,None,None,None,None,-464900000,None,0.198,None,782400000,2025-10-29,quarterly,2.49,USD,pre-market,472300000,9111400000,0.0662,0.706,0.071,51.44,2035100000,74300000,1019400000,367900000,292.23,261.76,1.6327,27490100000,4760100000,2592700000,21478500000,22730000000,18885800000,6835600000,6011600000,25.58,-3194800000,324.5,245.59
2025-12-28,ADP,10.12,20903399000.0,25.58,None,0.86,15.74,101000000,None,1900600000,1900600000,1144100000,319200000,1545400000,-11100000,-71900000,None,None,-32300000,63900000,580300000,None,3216500000,3216500000,125200000,None,None,1202400000,None,None,246000000,68800000,6.16,0.0239,229000000,229000000,None,0.064,0.04,1434000000,1680000000,2.45,2015-09-30,23.7,2466200000,10097700000.0,3619100000,1743000000,670600000,618000000,618000000,None,72800000,None,None,None,None,74300000,None,None,336600000,None,None,None,0.259,93200000,2320900000,1298200000,1657100000,2017400000,None,None,None,None,None,None,None,3.09,16.42,5.02,None,None,None,None,None,-308100000,None,0.198,None,782400000,2025-10-29,quarterly,2.49,USD,pre-market,472300000,9111400000,0.0662,0.706,0.071,51.44,2035100000,74300000,1019400000,367900000,292.23,261.76,1.6327,27490100000,4760100000,2592700000,21478500000,22730000000,18885800000,6835600000,6011600000,25.58,-3194800000,324.5,245.59
2025-12-28,ADP,10.12,20903399000.0,25.58,None,0.86,15.74,95900000,None,1900600000,1900600000,-4333100000,3716200000,-169300000,6200000,-19500000,None,None,34500000,63900000,580300000,None,3216500000,3216500000,125200000,None,None,1202400000,None,None,246000000,69500000,6.16,0.0239,231400000,231400000,None,0.064,0.04,1434000000,1680000000,2.45,2015-06-30,23.7,2466200000,10097700000.0,3619100000,1743000000,670600000,618000000,618000000,None,72800000,None,None,None,None,74300000,None,None,257800000,None,None,None,0.259,441400000,2320900000,1298200000,1657100000,2017400000,None,None,None,None,None,None,None,3.09,16.42,5.02,None,None,None,None,None,-429500000,None,0.198,None,782400000,2025-10-29,quarterly,2.49,USD,pre-market,472300000,9111400000,0.0662,0.706,0.071,51.44,2035100000,74300000,1019400000,367900000,292.23,261.76,1.6327,27490100000,4760100000,2592700000,21478500000,22730000000,18885800000,6835600000,6011600000,25.58,-3194800000,324.5,245.59
2025-12-28,ADP,10.12,20903399000.0,25.58,None,0.86,15.74,74300000,None,1900600000,1900600000,-6752800000,5903300000,-42200000,-49800000,192300000,None,None,-23200000,63900000,580300000,None,3216500000,3216500000,125200000,None,None,1202400000,None,None,246000000,70400000,6.16,0.0239,234900000,234900000,None,0.064,0.04,1434000000,1680000000,2.45,2015-03-31,23.7,2466200000,10097700000.0,3619100000,1743000000,670600000,618000000,618000000,None,72800000,None,None,None,None,74300000,None,None,489600000,None,None,None,0.259,857100000,2320900000,1298200000,1657100000,2017400000,None,None,None,None,None,None,None,3.09,16.42,5.02,None,None,None,None,None,-665500000,None,0.198,None,782400000,2025-10-29,quarterly,2.49,USD,pre-market,472300000,9111400000,0.0662,0.706,0.071,51.44,2035100000,74300000,1019400000,367900000,292.23,261.76,1.6327,27490100000,4760100000,2592700000,21478500000,22730000000,18885800000,6835600000,6011600000,25.58,-3194800000,324.5,245.59
2025-12-28,ADP,10.12,20903399000.0,25.58,None,0.86,15.74,84800000,None,1900600000,1900600000,13120600000,-13646900000,-324900000,-27500000,-36500000,None,None,-196800000,63900000,580300000,None,3216500000,3216500000,125200000,None,None,1202400000,None,None,246000000,69700000,6.16,0.0239,231500000,231500000,None,0.064,0.04,1434000000,1680000000,2.45,2014-12-31,23.7,2466200000,10097700000.0,3619100000,1743000000,670600000,618000000,618000000,None,72800000,None,None,None,None,74300000,None,None,331500000,None,None,None,0.259,228900000,2320900000,1298200000,1657100000,2017400000,None,None,None,None,None,None,None,3.09,16.42,5.02,None,None,None,None,None,-401000000,None,0.198,None,782400000,2025-10-29,quarterly,2.49,USD,pre-market,472300000,9111400000,0.0662,0.706,0.071,51.44,2035100000,74300000,1019400000,367900000,292.23,261.76,1.6327,27490100000,4760100000,2592700000,21478500000,22730000000,18885800000,6835600000,6011600000,25.58,-3194800000,324.5,245.59
2025-12-28,ADP,10.12,20903399000.0,25.58,None,0.86,15.74,80500000,None,1900600000,1900600000,-418000000,267100000,192100000,-35200000,-14200000,None,None,237100000,63900000,580300000,None,3216500000,3216500000,125200000,None,None,1202400000,None,None,246000000,68300000,6.16,0.0239,229800000,229800000,None,0.064,0.04,1434000000,1680000000,2.45,2014-09-30,23.7,2466200000,10097700000.0,3619100000,1743000000,670600000,618000000,618000000,None,72800000,None,None,None,None,74300000,None,None,295200000,None,None,None,0.259,378200000,2320900000,1298200000,1657100000,2017400000,None,None,None,None,None,None,None,3.09,16.42,5.02,None,None,None,None,None,-61200000,None,0.198,None,782400000,2025-10-29,quarterly,2.49,USD,pre-market,472300000,9111400000,0.0662,0.706,0.071,51.44,2035100000,74300000,1019400000,367900000,292.23,261.76,1.6327,27490100000,4760100000,2592700000,21478500000,22730000000,18885800000,6835600000,6011600000,25.58,-3194800000,324.5,245.59
2025-12-28,ADP,10.12,20903399000.0,25.58,None,0.86,15.74,93800000,None,1900600000,1900600000,-5294000000,4991800000,312600000,10300000,61300000,None,None,32800000,63900000,580300000,None,3216500000,3216500000,125200000,None,None,1202400000,None,None,246000000,89100000,6.16,0.0239,231100000,231100000,None,0.064,0.04,1434000000,1680000000,2.45,2014-06-30,23.7,2466200000,10097700000.0,3619100000,1743000000,670600000,618000000,618000000,None,72800000,None,None,None,None,74300000,None,None,288800000,None,None,None,0.259,604500000,2320900000,1298200000,1657100000,2017400000,None,None,None,None,None,None,None,3.09,16.42,5.02,None,None,None,None,None,-208300000,None,0.198,None,782400000,2025-10-29,quarterly,2.49,USD,pre-market,472300000,9111400000,0.0662,0.706,0.071,51.44,2035100000,74300000,1019400000,367900000,292.23,261.76,1.6327,27490100000,4760100000,2592700000,21478500000,22730000000,18885800000,6835600000,6011600000,25.58,-3194800000,324.5,245.59
2025-12-28,ADP,10.12,20903399000.0,25.58,None,0.86,15.74,103400000,None,1900600000,1900600000,-2381300000,2045300000,403900000,-4000000,207300000,None,None,-107900000,63900000,580300000,None,3216500000,3216500000,125200000,None,None,1202400000,None,None,246000000,82700000,6.16,0.0239,231200000,231200000,None,0.064,0.04,1434000000,1680000000,2.45,2014-03-31,23.7,2466200000,10097700000.0,3619100000,1743000000,670600000,618000000,618000000,None,72800000,None,None,None,None,74300000,None,None,511000000,None,None,None,0.259,743900000,2320900000,1298200000,1657100000,2017400000,None,None,None,None,None,None,None,3.09,16.42,5.02,None,None,None,None,None,-41800000,None,0.198,None,782400000,2025-10-29,quarterly,2.49,USD,pre-market,472300000,9111400000,0.0662,0.706,0.071,51.44,2035100000,74300000,1019400000,367900000,292.23,261.76,1.6327,27490100000,4760100000,2592700000,21478500000,22730000000,18885800000,6835600000,6011600000,25.58,-3194800000,324.5,245.59
2025-12-28,ADP,10.12,20903399000.0,25.58,None,0.86,15.74,91300000,None,1900600000,1900600000,8454600000,-8727900000,118100000,-300000,71000000,None,None,-141100000,63900000,580300000,None,3216500000,3216500000,125200000,None,None,1202400000,None,None,246000000,83900000,6.16,0.0239,210200000,210200000,None,0.064,0.04,1434000000,1680000000,2.45,2013-12-31,23.7,2466200000,10097700000.0,3619100000,1743000000,670600000,618000000,618000000,None,72800000,None,None,None,None,74300000,None,None,377000000,None,None,None,0.259,391700000,2320900000,1298200000,1657100000,2017400000,None,None,None,None,None,None,None,3.09,16.42,5.02,None,None,None,None,None,-114200000,None,0.198,None,782400000,2025-10-29,quarterly,2.49,USD,pre-market,472300000,9111400000,0.0662,0.706,0.071,51.44,2035100000,74300000,1019400000,367900000,292.23,261.76,1.6327,27490100000,4760100000,2592700000,21478500000,22730000000,18885800000,6835600000,6011600000,25.58,-3194800000,324.5,245.59
2025-12-28,ADP,10.12,20903399000.0,25.58,None,0.86,15.74,79200000,None,1900600000,1900600000,-3137500000,2504100000,-550100000,2000000,-86600000,None,None,12200000,63900000,580300000,None,3216500000,3216500000,125200000,None,None,1202400000,None,None,246000000,80500000,6.16,0.0239,210600000,210600000,None,0.064,0.04,1434000000,1680000000,2.45,2013-09-30,23.7,2466200000,10097700000.0,3619100000,1743000000,670600000,618000000,618000000,None,72800000,None,None,None,None,74300000,None,None,328600000,None,None,None,0.259,81300000,2320900000,1298200000,1657100000,2017400000,None,None,None,None,None,None,None,3.09,16.42,5.02,None,None,None,None,None,-303000000,None,0.198,None,782400000,2025-10-29,quarterly,2.49,USD,pre-market,472300000,9111400000,0.0662,0.706,0.071,51.44,2035100000,74300000,1019400000,367900000,292.23,261.76,1.6327,27490100000,4760100000,2592700000,21478500000,22730000000,18885800000,6835600000,6011600000,25.58,-3194800000,324.5,245.59
2025-12-28,ADP,10.12,20903399000.0,25.58,None,0.86,15.74,79200000,None,1900600000,1900600000,-7862700000,7341000000,51400000,-2400000,-2800000,None,None,127200000,63900000,580300000,None,3216500000,3216500000,125200000,None,None,1202400000,None,None,246000000,80300000,6.16,0.0239,210800000,210800000,None,0.064,0.04,1434000000,1680000000,2.45,2013-06-30,23.7,2466200000,10097700000.0,3619100000,1743000000,670600000,618000000,618000000,None,72800000,None,None,None,None,74300000,None,None,227000000,None,None,None,0.259,575500000,2320900000,1298200000,1657100000,2017400000,None,None,None,None,None,None,None,3.09,16.42,5.02,None,None,None,None,None,-245300000,None,0.198,None,782400000,2025-10-29,quarterly,2.49,USD,pre-market,472300000,9111400000,0.0662,0.706,0.071,51.44,2035100000,74300000,1019400000,367900000,292.23,261.76,1.6327,27490100000,4760100000,2592700000,21478500000,22730000000,18885800000,6835600000,6011600000,25.58,-3194800000,324.5,245.59
2025-12-28,ADP,10.12,20903399000.0,25.58,None,0.86,15.74,69400000,None,1900600000,1900600000,6426700000,-6775600000,256800000,-12600000,105600000,None,None,-133500000,63900000,580300000,None,3216500000,3216500000,125200000,None,None,1202400000,None,None,246000000,81100000,6.16,0.0239,210400000,210400000,None,0.064,0.04,1434000000,1680000000,2.45,2013-03-31,23.7,2466200000,10097700000.0,3619100000,1743000000,670600000,618000000,618000000,None,72800000,None,None,None,None,74300000,None,None,482700000,None,None,None,0.259,618300000,2320900000,1298200000,1657100000,2017400000,None,None,None,None,None,None,None,3.09,16.42,5.02,None,None,None,None,None,-95100000,None,0.198,None,782400000,2025-10-29,quarterly,2.49,USD,pre-market,472300000,9111400000,0.0662,0.706,0.071,51.44,2035100000,74300000,1019400000,367900000,292.23,261.76,1.6327,27490100000,4760100000,2592700000,21478500000,22730000000,18885800000,6835600000,6011600000,25.58,-3194800000,324.5,245.59
2025-12-28,ADP,10.12,20903399000.0,25.58,None,0.86,15.74,70300000,None,1900600000,1900600000,2680300000,-2859700000,273500000,4400000,106100000,None,None,-137300000,63900000,580300000,None,3216500000,3216500000,125200000,None,None,1202400000,None,None,246000000,77300000,6.16,0.0239,192200000,192200000,None,0.064,0.04,1434000000,1680000000,2.45,2012-12-31,23.7,2466200000,10097700000.0,3619100000,1743000000,670600000,618000000,618000000,None,72800000,None,None,None,None,74300000,None,None,354100000,None,None,None,0.259,448500000,2320900000,1298200000,1657100000,2017400000,None,None,None,None,None,None,None,3.09,16.42,5.02,None,None,None,None,None,-112400000,None,0.198,None,782400000,2025-10-29,quarterly,2.49,USD,pre-market,472300000,9111400000,0.0662,0.706,0.071,51.44,2035100000,74300000,1019400000,367900000,292.23,261.76,1.6327,27490100000,4760100000,2592700000,21478500000,22730000000,18885800000,6835600000,6011600000,25.58,-3194800000,324.5,245.59
2025-12-28,ADP,10.12,20903399000.0,25.58,None,0.86,15.74,64000000,None,1900600000,1900600000,-1093300000,715900000,-430700000,11800000,-73000000,None,None,-73400000,63900000,580300000,None,3216500000,3216500000,125200000,None,None,1202400000,None,None,246000000,78300000,6.16,0.0239,192100000,192100000,None,0.064,0.04,1434000000,1680000000,2.45,2012-09-30,23.7,2466200000,10097700000.0,3619100000,1743000000,670600000,618000000,618000000,None,72800000,None,None,None,None,74300000,None,None,305300000,None,None,None,0.259,-65100000,2320900000,1298200000,1657100000,2017400000,None,None,None,None,None,None,None,3.09,16.42,5.02,None,None,None,None,None,-194500000,None,0.198,None,782400000,2025-10-29,quarterly,2.49,USD,pre-market,472300000,9111400000,0.0662,0.706,0.071,51.44,2035100000,74300000,1019400000,367900000,292.23,261.76,1.6327,27490100000,4760100000,2592700000,21478500000,22730000000,18885800000,6835600000,6011600000,25.58,-3194800000,324.5,245.59
2025-12-28,ADP,10.12,20903399000.0,25.58,None,0.86,15.74,62700000,None,1900600000,1900600000,-8857600000,8258400000,-117000000,-16900000,30200000,None,None,-23200000,63900000,580300000,None,3216500000,3216500000,125200000,None,None,1202400000,None,None,246000000,83300000,6.16,0.0239,193300000,193300000,None,0.064,0.04,1434000000,1680000000,2.45,2012-06-30,23.7,2466200000,10097700000.0,3619100000,1743000000,670600000,618000000,618000000,None,72800000,None,None,None,None,74300000,None,None,258400000,None,None,None,0.259,499100000,2320900000,1298200000,1657100000,2017400000,None,None,None,None,None,None,None,3.09,16.42,5.02,None,None,None,None,None,-341400000,None,0.198,None,782400000,2025-10-29,quarterly,2.49,USD,pre-market,472300000,9111400000,0.0662,0.706,0.071,51.44,2035100000,74300000,1019400000,367900000,292.23,261.76,1.6327,27490100000,4760100000,2592700000,21478500000,22730000000,18885800000,6835600000,6011600000,25.58,-3194800000,324.5,245.59
2025-12-28,ADP,10.12,20903399000.0,25.58,None,0.86,15.74,68900000,None,1900600000,1900600000,6243500000,-6582900000,333800000,10000000,100900000,None,None,-19300000,63900000,580300000,None,3216500000,3216500000,125200000,None,None,1202400000,None,None,246000000,81100000,6.16,0.0239,192500000,192500000,None,0.064,0.04,1434000000,1680000000,2.45,2012-03-31,23.7,2466200000,10097700000.0,3619100000,1743000000,670600000,618000000,618000000,None,72800000,None,None,None,None,74300000,None,None,452400000,None,None,None,0.259,663200000,2320900000,1298200000,1657100000,2017400000,None,None,None,None,None,None,None,3.09,16.42,5.02,None,None,None,None,None,-102000000,None,0.198,None,782400000,2025-10-29,quarterly,2.49,USD,pre-market,472300000,9111400000,0.0662,0.706,0.071,51.44,2035100000,74300000,1019400000,367900000,292.23,261.76,1.6327,27490100000,4760100000,2592700000,21478500000,22730000000,18885800000,6835600000,6011600000,25.58,-3194800000,324.5,245.59
2025-12-28,ADP,10.12,20903399000.0,25.58,None,0.86,15.74,60600000,None,1900600000,1900600000,3975600000,-4314000000,82400000,-10800000,99800000,None,None,-103900000,63900000,580300000,None,3216500000,3216500000,125200000,None,None,1202400000,None,None,246000000,79200000,6.16,0.0239,176200000,176200000,None,0.064,0.04,1434000000,1680000000,2.45,2011-12-31,23.7,2466200000,10097700000.0,3619100000,1743000000,670600000,618000000,618000000,None,72800000,None,None,None,None,74300000,None,None,375000000,None,None,None,0.259,431600000,2320900000,1298200000,1657100000,2017400000,None,None,None,None,None,None,None,3.09,16.42,5.02,None,None,None,None,None,-48700000,None,0.198,None,782400000,2025-10-29,quarterly,2.49,USD,pre-market,472300000,9111400000,0.0662,0.706,0.071,51.44,2035100000,74300000,1019400000,367900000,292.23,261.76,1.6327,27490100000,4760100000,2592700000,21478500000,22730000000,18885800000,6835600000,6011600000,25.58,-3194800000,324.5,245.59
2025-12-28,ADP,10.12,20903399000.0,25.58,None,0.86,15.74,57400000,None,1900600000,1900600000,-6315400000,5882100000,-140500000,-23500000,-78800000,None,None,106300000,63900000,580300000,None,3216500000,3216500000,125200000,None,None,1202400000,None,None,246000000,79700000,6.16,0.0239,177700000,177700000,None,0.064,0.04,1434000000,1680000000,2.45,2011-09-30,23.7,2466200000,10097700000.0,3619100000,1743000000,670600000,618000000,618000000,None,72800000,None,None,None,None,74300000,None,None,302700000,None,None,None,0.259,316300000,2320900000,1298200000,1657100000,2017400000,None,None,None,None,None,None,None,3.09,16.42,5.02,None,None,None,None,None,-249200000,None,0.198,None,782400000,2025-10-29,quarterly,2.49,USD,pre-market,472300000,9111400000,0.0662,0.706,0.071,51.44,2035100000,74300000,1019400000,367900000,292.23,261.76,1.6327,27490100000,4760100000,2592700000,21478500000,22730000000,18885800000,6835600000,6011600000,25.58,-3194800000,324.5,245.59
2025-12-28,ADP,10.12,20903399000.0,25.58,None,0.86,15.74,96700000,None,1900600000,1900600000,-7996600000,7294200000,-211500000,5400000,-1669700000,None,None,-67300000,63900000,580300000,None,3216500000,3216500000,125200000,None,None,1202400000,None,None,246000000,79000000,6.16,0.0239,179200000,179200000,None,0.064,0.04,1434000000,1680000000,2.45,2011-06-30,23.7,2466200000,10097700000.0,3619100000,1743000000,670600000,618000000,618000000,None,72800000,None,None,None,None,74300000,None,None,241800000,None,None,None,0.259,485500000,2320900000,1298200000,1657100000,2017400000,None,None,None,None,None,None,None,3.09,16.42,5.02,None,None,None,None,None,-558000000,None,0.198,None,782400000,2025-10-29,quarterly,2.49,USD,pre-market,472300000,9111400000,0.0662,0.706,0.071,51.44,2035100000,74300000,1019400000,367900000,292.23,261.76,1.6327,27490100000,4760100000,2592700000,21478500000,22730000000,18885800000,6835600000,6011600000,25.58,-3194800000,324.5,245.59
2025-12-28,ADP,10.12,20903399000.0,25.58,None,0.86,15.74,64500000,None,1900600000,1900600000,8205500000,-8496700000,295200000,13400000,-1987400000,None,None,-144300000,63900000,580300000,None,3216500000,3216500000,125200000,None,None,1202400000,None,None,246000000,81000000,6.16,0.0239,177600000,177600000,None,0.064,0.04,1434000000,1680000000,2.45,2011-03-31,23.7,2466200000,10097700000.0,3619100000,1743000000,670600000,618000000,618000000,None,72800000,None,None,None,None,74300000,None,None,423800000,None,None,None,0.259,573000000,2320900000,1298200000,1657100000,2017400000,None,None,None,None,None,None,None,3.09,16.42,5.02,None,None,None,None,None,-72700000,None,0.198,None,782400000,2025-10-29,quarterly,2.49,USD,pre-market,472300000,9111400000,0.0662,0.706,0.071,51.44,2035100000,74300000,1019400000,367900000,292.23,261.76,1.6327,27490100000,4760100000,2592700000,21478500000,22730000000,18885800000,6835600000,6011600000,25.58,-3194800000,324.5,245.59
2025-12-28,ADP,10.12,20903399000.0,25.58,None,0.86,15.74,58500000,None,1900600000,1900600000,1691500000,-1982400000,129000000,-5100000,-1944000000,None,None,45900000,63900000,580300000,None,3216500000,3216500000,125200000,None,None,1202400000,None,None,246000000,82700000,6.16,0.0239,167600000,167600000,None,0.064,0.04,1434000000,1680000000,2.45,2010-12-31,23.7,2466200000,10097700000.0,3619100000,1743000000,670600000,618000000,618000000,None,72800000,None,None,None,None,74300000,None,None,310100000,None,None,None,0.259,425000000,2320900000,1298200000,1657100000,2017400000,None,None,None,None,None,None,None,3.09,16.42,5.02,None,None,None,None,None,-52300000,None,0.198,None,782400000,2025-10-29,quarterly,2.49,USD,pre-market,472300000,9111400000,0.0662,0.706,0.071,51.44,2035100000,74300000,1019400000,367900000,292.23,261.76,1.6327,27490100000,4760100000,2592700000,21478500000,22730000000,18885800000,6835600000,6011600000,25.58,-3194800000,324.5,245.59
2025-12-28,ADP,10.12,20903399000.0,25.58,None,0.86,15.74,58000000,None,1900600000,1900600000,3438800000,-4155700000,-466600000,28000000,-2176800000,None,None,27400000,63900000,580300000,None,3216500000,3216500000,125200000,None,None,1202400000,None,None,246000000,75500000,6.16,0.0239,168000000,168000000,None,0.064,0.04,1434000000,1680000000,2.45,2010-09-30,23.7,2466200000,10097700000.0,3619100000,1743000000,670600000,618000000,618000000,None,72800000,None,None,None,None,74300000,None,None,278500000,None,None,None,0.259,222300000,2320900000,1298200000,1657100000,2017400000,None,None,None,None,None,None,None,3.09,16.42,5.02,None,None,None,None,None,-49800000,None,0.198,None,782400000,2025-10-29,quarterly,2.49,USD,pre-market,472300000,9111400000,0.0662,0.706,0.071,51.44,2035100000,74300000,1019400000,367900000,292.23,261.76,1.6327,27490100000,4760100000,2592700000,21478500000,22730000000,18885800000,6835600000,6011600000,25.58,-3194800000,324.5,245.59
2025-12-28,ADP,10.12,20903399000.0,25.58,None,0.86,15.74,62700000,None,1900600000,1900600000,-8403400000,7701800000,None,None,-2279300000,None,None,None,63900000,580300000,None,3216500000,3216500000,125200000,None,None,1202400000,None,None,246000000,76400000,6.16,0.0239,175300000,175300000,None,0.064,0.04,1434000000,1680000000,2.45,2010-06-30,23.7,2466200000,10097700000.0,3619100000,1743000000,670600000,618000000,618000000,None,72800000,None,None,None,None,74300000,None,None,207900000,None,None,None,0.259,395500000,2320900000,1298200000,1657100000,2017400000,None,None,None,None,None,None,None,3.09,16.42,5.02,None,None,None,None,None,-487200000,None,0.198,None,782400000,2025-10-29,quarterly,2.49,USD,pre-market,472300000,9111400000,0.0662,0.706,0.071,51.44,2035100000,74300000,1019400000,367900000,292.23,261.76,1.6327,27490100000,4760100000,2592700000,21478500000,22730000000,18885800000,6835600000,6011600000,25.58,-3194800000,324.5,245.59
2025-12-28,ADP,10.12,20903399000.0,25.58,None,0.86,15.74,41900000,None,1900600000,1900600000,4867000000,-5239100000,None,None,-2402900000,None,None,None,63900000,580300000,None,3216500000,3216500000,125200000,None,None,1202400000,None,None,246000000,77800000,6.16,0.0239,167300000,167300000,None,0.064,0.04,1434000000,1680000000,2.45,2010-03-31,23.7,2466200000,10097700000.0,3619100000,1743000000,670600000,618000000,618000000,None,72800000,None,None,None,None,74300000,None,None,403600000,None,None,None,0.259,613700000,2320900000,1298200000,1657100000,2017400000,None,None,None,None,None,None,None,3.09,16.42,5.02,None,None,None,None,None,-127300000,None,0.198,None,782400000,2025-10-29,quarterly,2.49,USD,pre-market,472300000,9111400000,0.0662,0.706,0.071,51.44,2035100000,74300000,1019400000,367900000,292.23,261.76,1.6327,27490100000,4760100000,2592700000,21478500000,22730000000,18885800000,6835600000,6011600000,25.58,-3194800000,324.5,245.59
2025-12-28,ADP,10.12,20903399000.0,25.58,None,0.86,15.74,71100000,None,1900600000,1900600000,4931800000,-5209900000,158300000,7200000,-2327400000,None,None,-96700000,63900000,580300000,None,3216500000,3216500000,125200000,None,None,1202400000,None,None,246000000,77400000,6.16,0.0239,165200000,165200000,None,0.064,0.04,1434000000,1680000000,2.45,2009-12-31,23.7,2466200000,10097700000.0,3619100000,1743000000,670600000,618000000,618000000,None,72800000,None,None,None,None,74300000,None,None,315800000,None,None,None,0.259,429200000,2320900000,1298200000,1657100000,2017400000,None,None,None,None,None,None,None,3.09,16.42,5.02,None,None,None,None,None,-138200000,None,0.198,None,782400000,2025-10-29,quarterly,2.49,USD,pre-market,472300000,9111400000,0.0662,0.706,0.071,51.44,2035100000,74300000,1019400000,367900000,292.23,261.76,1.6327,27490100000,4760100000,2592700000,21478500000,22730000000,18885800000,6835600000,6011600000,25.58,-3194800000,324.5,245.59
2025-12-28,ADP,10.12,20903399000.0,25.58,None,0.86,15.74,51000000,None,1900600000,1900600000,-1306400000,367700000,-682500000,12500000,-230800000,None,None,64100000,63900000,580300000,None,3216500000,3216500000,125200000,None,None,1202400000,None,None,246000000,77600000,6.16,0.0239,165600000,165600000,None,0.064,0.04,1434000000,1680000000,2.45,2009-09-30,23.7,2466200000,10097700000.0,3619100000,1743000000,670600000,618000000,618000000,None,72800000,None,None,None,None,74300000,None,None,284100000,None,None,None,0.259,243700000,2320900000,1298200000,1657100000,2017400000,None,None,None,None,None,None,None,3.09,16.42,5.02,None,None,None,None,None,-13700000,None,0.198,None,782400000,2025-10-29,quarterly,2.49,USD,pre-market,472300000,9111400000,0.0662,0.706,0.071,51.44,2035100000,74300000,1019400000,367900000,292.23,261.76,1.6327,27490100000,4760100000,2592700000,21478500000,22730000000,18885800000,6835600000,6011600000,25.58,-3194800000,324.5,245.59
2025-12-28,ADP,10.12,20903399000.0,25.58,None,0.86,15.74,77700000,None,1900600000,1900600000,-4554500000,4993500000,None,None,-2021700000,None,None,None,63900000,580300000,None,3216500000,3216500000,125200000,None,None,1202400000,None,None,246000000,79300000,6.16,0.0239,165500000,165500000,None,0.064,0.04,1434000000,1680000000,2.45,2009-06-30,23.7,2466200000,10097700000.0,3619100000,1743000000,670600000,618000000,618000000,None,72800000,None,None,None,None,74300000,None,None,352600000,None,None,None,0.259,427500000,2320900000,1298200000,1657100000,2017400000,None,None,None,None,None,None,None,3.09,16.42,5.02,None,None,None,None,None,580400000,None,0.198,None,782400000,2025-10-29,quarterly,2.49,USD,pre-market,472300000,9111400000,0.0662,0.706,0.071,51.44,2035100000,74300000,1019400000,367900000,292.23,261.76,1.6327,27490100000,4760100000,2592700000,21478500000,22730000000,18885800000,6835600000,6011600000,25.58,-3194800000,324.5,245.59
2025-12-28,ADP,10.12,20903399000.0,25.58,None,0.86,15.74,56700000,None,1900600000,1900600000,-4474600000,4077800000,None,None,None,None,None,None,63900000,580300000,None,3216500000,3216500000,125200000,None,None,1202400000,None,None,246000000,77600000,6.16,0.0239,166700000,166700000,None,0.064,0.04,1434000000,1680000000,2.45,2009-03-31,23.7,2466200000,10097700000.0,3619100000,1743000000,670600000,618000000,618000000,None,72800000,None,None,None,None,74300000,None,None,402700000,None,None,None,0.259,453500000,2320900000,1298200000,1657100000,2017400000,None,None,None,None,None,None,None,3.09,16.42,5.02,None,None,None,None,None,-129200000,None,0.198,None,782400000,2025-10-29,quarterly,2.49,USD,pre-market,472300000,9111400000,0.0662,0.706,0.071,51.44,2035100000,74300000,1019400000,367900000,292.23,261.76,1.6327,27490100000,4760100000,2592700000,21478500000,22730000000,18885800000,6835600000,6011600000,25.58,-3194800000,324.5,245.59
2025-12-28,ADP,10.12,20903399000.0,25.58,None,0.86,15.74,58000000,None,1900600000,1900600000,8883400000,-9214500000,None,None,None,None,None,None,63900000,580300000,None,3216500000,3216500000,125200000,None,None,1202400000,None,None,246000000,59600000,6.16,0.0239,148300000,148300000,None,0.064,0.04,1434000000,1680000000,2.45,2008-12-31,23.7,2466200000,10097700000.0,3619100000,1743000000,670600000,618000000,618000000,None,72800000,None,None,None,None,74300000,None,None,300400000,None,None,None,0.259,283400000,2320900000,1298200000,1657100000,2017400000,None,None,None,None,None,None,None,3.09,16.42,5.02,None,None,None,None,None,-193700000,None,0.198,None,782400000,2025-10-29,quarterly,2.49,USD,pre-market,472300000,9111400000,0.0662,0.706,0.071,51.44,2035100000,74300000,1019400000,367900000,292.23,261.76,1.6327,27490100000,4760100000,2592700000,21478500000,22730000000,18885800000,6835600000,6011600000,25.58,-3194800000,324.5,245.59
2025-12-28,ADP,10.12,20903399000.0,25.58,None,0.86,15.74,61500000,None,1900600000,1900600000,614100000,-500900000,None,None,-40600000,None,None,None,63900000,580300000,None,3216500000,3216500000,125200000,None,None,1202400000,None,None,246000000,91600000,6.16,0.0239,148900000,148900000,None,0.064,0.04,1434000000,1680000000,2.45,2008-09-30,23.7,2466200000,10097700000.0,3619100000,1743000000,670600000,618000000,618000000,None,72800000,None,None,None,None,74300000,None,None,276900000,None,None,None,0.259,398200000,2320900000,1298200000,1657100000,2017400000,None,None,None,None,None,None,None,3.09,16.42,5.02,None,None,None,None,None,-257500000,None,0.198,None,782400000,2025-10-29,quarterly,2.49,USD,pre-market,472300000,9111400000,0.0662,0.706,0.071,51.44,2035100000,74300000,1019400000,367900000,292.23,261.76,1.6327,27490100000,4760100000,2592700000,21478500000,22730000000,18885800000,6835600000,6011600000,25.58,-3194800000,324.5,245.59
2025-12-28,ADP,10.12,20903399000.0,25.58,None,0.86,15.74,82900000,None,1900600000,1900600000,-9114600000,7906000000,None,None,-21000000,None,None,None,63900000,580300000,None,3216500000,3216500000,125200000,None,None,1202400000,None,None,246000000,86100000,6.16,0.0239,147500000,147500000,None,0.064,0.04,1434000000,1680000000,2.45,2008-06-30,23.7,2466200000,10097700000.0,3619100000,1743000000,670600000,618000000,618000000,None,72800000,None,None,None,None,74300000,None,None,233500000,None,None,None,0.259,488300000,2320900000,1298200000,1657100000,2017400000,None,None,None,None,None,None,None,3.09,16.42,5.02,None,None,None,None,None,-393100000,None,0.198,None,782400000,2025-10-29,quarterly,2.49,USD,pre-market,472300000,9111400000,0.0662,0.706,0.071,51.44,2035100000,74300000,1019400000,367900000,292.23,261.76,1.6327,27490100000,4760100000,2592700000,21478500000,22730000000,18885800000,6835600000,6011600000,25.58,-3194800000,324.5,245.59
2025-12-28,ADP,10.12,20903399000.0,25.58,None,0.86,15.74,57300000,None,1900600000,1900600000,4852200000,-5221700000,None,None,None,None,None,None,63900000,580300000,None,3216500000,3216500000,125200000,None,None,1202400000,None,None,246000000,90100000,6.16,0.0239,151100000,151100000,None,0.064,0.04,1434000000,1680000000,2.45,2008-03-31,23.7,2466200000,10097700000.0,3619100000,1743000000,670600000,618000000,618000000,None,72800000,None,None,None,None,74300000,None,None,413700000,None,None,None,0.259,686600000,2320900000,1298200000,1657100000,2017400000,None,None,None,None,None,None,None,3.09,16.42,5.02,None,None,None,None,None,-230300000,None,0.198,None,782400000,2025-10-29,quarterly,2.49,USD,pre-market,472300000,9111400000,0.0662,0.706,0.071,51.44,2035100000,74300000,1019400000,367900000,292.23,261.76,1.6327,27490100000,4760100000,2592700000,21478500000,22730000000,18885800000,6835600000,6011600000,25.58,-3194800000,324.5,245.59
2025-12-28,ADP,10.12,20903399000.0,25.58,None,0.86,15.74,78300000,None,1900600000,1900600000,-719000000,255600000,None,None,None,None,None,None,63900000,580300000,None,3216500000,3216500000,125200000,None,None,1202400000,None,None,246000000,102200000,6.16,0.0239,123000000,123000000,None,0.064,0.04,1434000000,1680000000,2.45,2007-12-31,23.7,2466200000,10097700000.0,3619100000,1743000000,670600000,618000000,618000000,None,72800000,None,None,None,None,74300000,None,None,291100000,None,None,None,0.259,335500000,2320900000,1298200000,1657100000,2017400000,None,None,None,None,None,None,None,3.09,16.42,5.02,None,None,None,None,None,-322700000,None,0.198,None,782400000,2025-10-29,quarterly,2.49,USD,pre-market,472300000,9111400000,0.0662,0.706,0.071,51.44,2035100000,74300000,1019400000,367900000,292.23,261.76,1.6327,27490100000,4760100000,2592700000,21478500000,22730000000,18885800000,6835600000,6011600000,25.58,-3194800000,324.5,245.59
2025-12-28,ADP,10.12,20903399000.0,25.58,None,0.86,15.74,59100000,None,1900600000,1900600000,-289300000,-326000000,None,None,21000000,None,None,None,63900000,580300000,None,3216500000,3216500000,125200000,None,None,1202400000,None,None,246000000,83400000,6.16,0.0239,127300000,127300000,None,0.064,0.04,1434000000,1680000000,2.45,2007-09-30,23.7,2466200000,10097700000.0,3619100000,1743000000,670600000,618000000,618000000,None,72800000,None,None,None,None,74300000,None,None,297400000,None,None,None,0.259,276500000,2320900000,1298200000,1657100000,2017400000,None,None,None,None,None,None,None,3.09,16.42,5.02,None,None,None,None,None,-558700000,None,0.198,None,782400000,2025-10-29,quarterly,2.49,USD,pre-market,472300000,9111400000,0.0662,0.706,0.071,51.44,2035100000,74300000,1019400000,367900000,292.23,261.76,1.6327,27490100000,4760100000,2592700000,21478500000,22730000000,18885800000,6835600000,6011600000,25.58,-3194800000,324.5,245.59
2025-12-28,ADP,10.12,20903399000.0,25.58,None,0.86,15.74,61800000,None,1900600000,1900600000,-1001500000,94600000,None,None,None,None,None,None,63900000,580300000,None,3216500000,3216500000,125200000,None,None,1202400000,None,None,246000000,83600000,6.16,0.0239,127300000,127300000,None,0.064,0.04,1434000000,1680000000,2.45,2007-06-30,23.7,2466200000,10097700000.0,3619100000,1743000000,670600000,618000000,618000000,None,72800000,None,None,None,None,74300000,None,None,194700000,None,None,None,0.259,186000000,2320900000,1298200000,1657100000,2017400000,None,None,None,None,None,None,None,3.09,16.42,5.02,None,None,None,None,None,-994100000,None,0.198,None,782400000,2025-10-29,quarterly,2.49,USD,pre-market,472300000,9111400000,0.0662,0.706,0.071,51.44,2035100000,74300000,1019400000,367900000,292.23,261.76,1.6327,27490100000,4760100000,2592700000,21478500000,22730000000,18885800000,6835600000,6011600000,25.58,-3194800000,324.5,245.59
2025-12-28,ADP,10.12,20903399000.0,25.58,None,0.86,15.74,70100000,None,1900600000,1900600000,19300000,545500000,None,None,None,None,None,None,63900000,580300000,None,3216500000,3216500000,125200000,None,None,1202400000,None,None,246000000,56000000,6.16,0.0239,126100000,126100000,None,0.064,0.04,1434000000,1680000000,2.45,2007-03-31,23.7,2466200000,10097700000.0,3619100000,1743000000,670600000,618000000,618000000,None,72800000,None,None,None,None,74300000,None,None,388900000,None,None,None,0.259,614600000,2320900000,1298200000,1657100000,2017400000,None,None,None,None,None,None,None,3.09,16.42,5.02,None,None,None,None,None,-34300000,None,0.198,None,782400000,2025-10-29,quarterly,2.49,USD,pre-market,472300000,9111400000,0.0662,0.706,0.071,51.44,2035100000,74300000,1019400000,367900000,292.23,261.76,1.6327,27490100000,4760100000,2592700000,21478500000,22730000000,18885800000,6835600000,6011600000,25.58,-3194800000,324.5,245.59
2025-12-28,ADP,10.12,20903399000.0,25.58,None,0.86,15.74,129300000,None,1900600000,1900600000,-265900000,-178200000,None,None,None,None,None,None,63900000,580300000,None,3216500000,3216500000,125200000,None,None,1202400000,None,None,246000000,96700000,6.16,0.0239,102900000,102900000,None,0.064,0.04,1434000000,1680000000,2.45,2006-12-31,23.7,2466200000,10097700000.0,3619100000,1743000000,670600000,618000000,618000000,None,72800000,None,None,None,None,74300000,None,None,297600000,None,None,None,0.259,330100000,2320900000,1298200000,1657100000,2017400000,None,None,None,None,None,None,None,3.09,16.42,5.02,None,None,None,None,None,-260400000,None,0.198,None,782400000,2025-10-29,quarterly,2.49,USD,pre-market,472300000,9111400000,0.0662,0.706,0.071,51.44,2035100000,74300000,1019400000,367900000,292.23,261.76,1.6327,27490100000,4760100000,2592700000,21478500000,22730000000,18885800000,6835600000,6011600000,25.58,-3194800000,324.5,245.59
2025-12-28,ADP,10.12,20903399000.0,25.58,None,0.86,15.74,61600000,None,1900600000,1900600000,-636300000,-31100000,None,None,None,None,None,None,63900000,580300000,None,3216500000,3216500000,125200000,None,None,1202400000,None,None,246000000,93000000,6.16,0.0239,105000000,105000000,None,0.064,0.04,1434000000,1680000000,2.45,2006-09-30,23.7,2466200000,10097700000.0,3619100000,1743000000,670600000,618000000,618000000,None,72800000,None,None,None,None,74300000,None,None,257500000,None,None,None,0.259,167300000,2320900000,1298200000,1657100000,2017400000,None,None,None,None,None,None,None,3.09,16.42,5.02,None,None,None,None,None,-611600000,None,0.198,None,782400000,2025-10-29,quarterly,2.49,USD,pre-market,472300000,9111400000,0.0662,0.706,0.071,51.44,2035100000,74300000,1019400000,367900000,292.23,261.76,1.6327,27490100000,4760100000,2592700000,21478500000,22730000000,18885800000,6835600000,6011600000,25.58,-3194800000,324.5,245.59
2025-12-28,ADP,10.12,20903399000.0,25.58,None,0.86,15.74,106300000,None,1900600000,1900600000,-747500000,958100000,None,None,None,None,None,None,63900000,580300000,None,3216500000,3216500000,125200000,None,None,1202400000,None,None,246000000,89700000,6.16,0.0239,107000000,107000000,None,0.064,0.04,1434000000,1680000000,2.45,2006-06-30,23.7,2466200000,10097700000.0,3619100000,1743000000,670600000,618000000,618000000,None,72800000,None,None,None,None,74300000,None,None,703700000,None,None,None,0.259,338400000,2320900000,1298200000,1657100000,2017400000,None,None,None,None,None,None,None,3.09,16.42,5.02,None,None,None,None,None,-754700000,None,0.198,None,782400000,2025-10-29,quarterly,2.49,USD,pre-market,472300000,9111400000,0.0662,0.706,0.071,51.44,2035100000,74300000,1019400000,367900000,292.23,261.76,1.6327,27490100000,4760100000,2592700000,21478500000,22730000000,18885800000,6835600000,6011600000,25.58,-3194800000,324.5,245.59
2025-12-28,ADP,10.12,20903399000.0,25.58,None,0.86,15.74,149000000,None,1900600000,1900600000,-232600000,-68800000,None,None,None,None,None,None,63900000,580300000,None,3216500000,3216500000,125200000,None,None,1202400000,None,None,246000000,72600000,6.16,0.0239,286900000,286900000,None,0.064,0.04,1434000000,1680000000,2.45,2006-03-31,23.7,2466200000,10097700000.0,3619100000,1743000000,670600000,618000000,618000000,None,72800000,None,None,None,None,74300000,None,None,370600000,None,None,None,0.259,573900000,2320900000,1298200000,1657100000,2017400000,None,None,None,None,None,None,None,3.09,16.42,5.02,None,None,None,None,None,-204200000,None,0.198,None,782400000,2025-10-29,quarterly,2.49,USD,pre-market,472300000,9111400000,0.0662,0.706,0.071,51.44,2035100000,74300000,1019400000,367900000,292.23,261.76,1.6327,27490100000,4760100000,2592700000,21478500000,22730000000,18885800000,6835600000,6011600000,25.58,-3194800000,324.5,245.59
2025-12-28,ADP,10.12,20903399000.0,25.58,None,0.86,15.74,95800000,None,1900600000,1900600000,-96300000,-390300000,None,None,None,None,None,None,63900000,580300000,None,3216500000,3216500000,125200000,None,None,1202400000,None,None,246000000,99800000,6.16,0.0239,181100000,181100000,None,0.064,0.04,1434000000,1680000000,2.45,2005-12-31,23.7,2466200000,10097700000.0,3619100000,1743000000,670600000,618000000,618000000,None,72800000,None,None,None,None,74300000,None,None,259700000,None,None,None,0.259,498400000,2320900000,1298200000,1657100000,2017400000,None,None,None,None,None,None,None,3.09,16.42,5.02,None,None,None,None,None,-111800000,None,0.198,None,782400000,2025-10-29,quarterly,2.49,USD,pre-market,472300000,9111400000,0.0662,0.706,0.071,51.44,2035100000,74300000,1019400000,367900000,292.23,261.76,1.6327,27490100000,4760100000,2592700000,21478500000,22730000000,18885800000,6835600000,6011600000,25.58,-3194800000,324.5,245.59
2025-12-28,ADP,10.12,20903399000.0,25.58,None,0.86,15.74,59900000,None,1900600000,1900600000,-272400000,-46800000,None,None,None,None,None,None,63900000,580300000,None,3216500000,3216500000,125200000,None,None,1202400000,None,None,246000000,101900000,6.16,0.0239,91000000,91000000,None,0.064,0.04,1434000000,1680000000,2.45,2005-09-30,23.7,2466200000,10097700000.0,3619100000,1743000000,670600000,618000000,618000000,None,72800000,None,None,None,None,74300000,None,None,220000000,None,None,None,0.259,401800000,2320900000,1298200000,1657100000,2017400000,None,None,None,None,None,None,None,3.09,16.42,5.02,None,None,None,None,None,-229200000,None,0.198,None,782400000,2025-10-29,quarterly,2.49,USD,pre-market,472300000,9111400000,0.0662,0.706,0.071,51.44,2035100000,74300000,1019400000,367900000,292.23,261.76,1.6327,27490100000,4760100000,2592700000,21478500000,22730000000,18885800000,6835600000,6011600000,25.58,-3194800000,324.5,245.59
2025-12-28,ADP,10.12,20903399000.0,25.58,None,0.86,15.74,168700000,None,1900600000,1900600000,-6973400000,-3035000000,None,None,None,None,None,None,63900000,580300000,None,3216500000,3216500000,125200000,None,None,1202400000,None,None,246000000,486000000,6.16,0.0239,2398900000,2398900000,None,0.064,0.04,1434000000,1680000000,2.45,2025-06-30,23.7,2466200000,10097700000.0,3619100000,1743000000,670600000,618000000,618000000,None,72800000,None,None,None,None,74300000,None,None,4079700000,None,None,None,0.259,4939700000,2320900000,1298200000,1657100000,2017400000,None,None,None,None,None,None,None,3.09,16.42,5.02,None,None,None,None,None,-1280500000,None,0.198,None,782400000,2025-10-29,annual,2.49,USD,pre-market,472300000,9111400000,0.0662,0.706,0.071,51.44,2035100000,74300000,1019400000,367900000,292.23,261.76,1.6327,27490100000,4760100000,2592700000,21478500000,22730000000,18885800000,6835600000,6011600000,25.58,-3194800000,324.5,245.59
2025-12-28,ADP,10.12,20903399000.0,25.58,None,0.86,15.74,563400000,None,1900600000,1900600000,-1431700000,-1389000000,None,None,None,None,None,None,63900000,580300000,None,3216500000,3216500000,125200000,None,None,1202400000,None,None,246000000,561900000,6.16,0.0239,2183100000,2183100000,None,0.064,0.04,1434000000,1680000000,2.45,2024-06-30,23.7,2466200000,10097700000.0,3619100000,1743000000,670600000,618000000,618000000,None,72800000,None,None,None,None,74300000,None,None,3752000000,None,None,None,0.259,4157600000,2320900000,1298200000,1657100000,2017400000,None,None,None,None,None,None,None,3.09,16.42,5.02,None,None,None,None,None,-1231700000,None,0.198,None,782400000,2025-10-29,annual,2.49,USD,pre-market,472300000,9111400000,0.0662,0.706,0.071,51.44,2035100000,74300000,1019400000,367900000,292.23,261.76,1.6327,27490100000,4760100000,2592700000,21478500000,22730000000,18885800000,6835600000,6011600000,25.58,-3194800000,324.5,245.59
2025-12-28,ADP,10.12,20903399000.0,25.58,None,0.86,15.74,571600000,None,1900600000,1900600000,-15680700000,-2517300000,-13990400000,None,-938700000,None,None,129200000,63900000,580300000,None,3216500000,3216500000,125200000,None,None,1202400000,None,None,246000000,549300000,6.16,0.0239,1903600000,1903600000,None,0.064,0.04,1434000000,1680000000,2.45,2023-06-30,23.7,2466200000,10097700000.0,3619100000,1743000000,670600000,618000000,618000000,None,72800000,None,None,None,None,74300000,None,None,3412000000,None,None,None,0.259,4207600000,2320900000,1298200000,1657100000,2017400000,None,None,None,None,None,None,None,3.09,16.42,5.02,None,None,None,None,None,-1121400000,None,0.198,None,782400000,2025-10-29,annual,2.49,USD,pre-market,472300000,9111400000,0.0662,0.706,0.071,51.44,2035100000,74300000,1019400000,367900000,292.23,261.76,1.6327,27490100000,4760100000,2592700000,21478500000,22730000000,18885800000,6835600000,6011600000,25.58,-3194800000,324.5,245.59
2025-12-28,ADP,10.12,20903399000.0,25.58,None,0.86,15.74,553400000,None,1900600000,1900600000,13653400000,-7014400000,9738500000,None,None,None,None,-486500000,63900000,580300000,None,3216500000,3216500000,125200000,None,None,1202400000,None,None,246000000,515100000,6.16,0.0239,1659000000,1659000000,None,0.064,0.04,1434000000,1680000000,2.45,2022-06-30,23.7,2466200000,10097700000.0,3619100000,1743000000,670600000,618000000,618000000,None,72800000,None,None,None,None,74300000,None,None,2948900000,None,None,None,0.259,3099500000,2320900000,1298200000,1657100000,2017400000,None,None,None,None,None,None,None,3.09,16.42,5.02,None,None,None,None,None,-1969400000,None,0.198,None,782400000,2025-10-29,annual,2.49,USD,pre-market,472300000,9111400000,0.0662,0.706,0.071,51.44,2035100000,74300000,1019400000,367900000,292.23,261.76,1.6327,27490100000,4760100000,2592700000,21478500000,22730000000,18885800000,6835600000,6011600000,25.58,-3194800000,324.5,245.59
2025-12-28,ADP,10.12,20903399000.0,25.58,None,0.86,15.74,505900000,None,1900600000,1900600000,6437500000,-3515000000,6015800000,None,None,None,None,-339800000,63900000,580300000,None,3216500000,3216500000,125200000,None,None,1202400000,None,None,246000000,510700000,6.16,0.0239,1575500000,1575500000,None,0.064,0.04,1434000000,1680000000,2.45,2021-06-30,23.7,2466200000,10097700000.0,3619100000,1743000000,670600000,618000000,618000000,None,72800000,None,None,None,None,74300000,None,None,2598500000,None,None,None,0.259,3093300000,2320900000,1298200000,1657100000,2017400000,None,None,None,None,None,None,None,3.09,16.42,5.02,None,None,None,None,None,-1372300000,None,0.198,None,782400000,2025-10-29,annual,2.49,USD,pre-market,472300000,9111400000,0.0662,0.706,0.071,51.44,2035100000,74300000,1019400000,367900000,292.23,261.76,1.6327,27490100000,4760100000,2592700000,21478500000,22730000000,18885800000,6835600000,6011600000,25.58,-3194800000,324.5,245.59
2025-12-28,ADP,10.12,20903399000.0,25.58,None,0.86,15.74,616400000,None,1900600000,1900600000,-5890600000,3156300000,291900000,None,-77500000,None,None,-113800000,63900000,580300000,None,3216500000,3216500000,125200000,None,None,1202400000,None,None,246000000,480000000,6.16,0.0239,1470500000,1470500000,None,0.064,0.04,1434000000,1680000000,2.45,2020-06-30,23.7,2466200000,10097700000.0,3619100000,1743000000,670600000,618000000,618000000,None,72800000,None,None,None,None,74300000,None,None,2466500000,None,None,None,0.259,3026200000,2320900000,1298200000,1657100000,2017400000,None,None,None,None,None,None,None,3.09,16.42,5.02,None,None,None,None,None,-1006300000,None,0.198,None,782400000,2025-10-29,annual,2.49,USD,pre-market,472300000,9111400000,0.0662,0.706,0.071,51.44,2035100000,74300000,1019400000,367900000,292.23,261.76,1.6327,27490100000,4760100000,2592700000,21478500000,22730000000,18885800000,6835600000,6011600000,25.58,-3194800000,324.5,245.59
2025-12-28,ADP,10.12,20903399000.0,25.58,None,0.86,15.74,566500000,None,1900600000,1900600000,-207700000,-2197700000,282900000,None,266000000,None,None,-473900000,63900000,580300000,None,3216500000,3216500000,125200000,None,None,1202400000,None,None,246000000,409000000,6.16,0.0239,1293000000,1293000000,None,0.064,0.04,1434000000,1680000000,2.45,2019-06-30,23.7,2466200000,10097700000.0,3619100000,1743000000,670600000,618000000,618000000,None,72800000,None,None,None,None,74300000,None,None,2292800000,None,None,None,0.259,2688300000,2320900000,1298200000,1657100000,2017400000,None,None,None,None,None,None,None,3.09,16.42,5.02,None,None,None,None,None,-937700000,None,0.198,None,782400000,2025-10-29,annual,2.49,USD,pre-market,472300000,9111400000,0.0662,0.706,0.071,51.44,2035100000,74300000,1019400000,367900000,292.23,261.76,1.6327,27490100000,4760100000,2592700000,21478500000,22730000000,18885800000,6835600000,6011600000,25.58,-3194800000,324.5,245.59
2025-12-28,ADP,10.12,20903399000.0,25.58,None,0.86,15.74,470800000,None,1900600000,1900600000,-1655900000,-2504600000,-1639500000,5800000,107700000,None,None,-291800000,63900000,580300000,None,3216500000,3216500000,125200000,None,None,1202400000,None,None,246000000,377600000,6.16,0.0239,1063700000,1063700000,None,0.064,0.04,1434000000,1680000000,2.45,2018-06-30,23.7,2466200000,10097700000.0,3619100000,1743000000,670600000,618000000,618000000,None,72800000,None,None,None,None,74300000,None,None,1620800000,None,None,None,0.259,2515200000,2320900000,1298200000,1657100000,2017400000,None,None,None,None,None,None,None,3.09,16.42,5.02,None,None,None,None,None,-989300000,None,0.198,None,782400000,2025-10-29,annual,2.49,USD,pre-market,472300000,9111400000,0.0662,0.706,0.071,51.44,2035100000,74300000,1019400000,367900000,292.23,261.76,1.6327,27490100000,4760100000,2592700000,21478500000,22730000000,18885800000,6835600000,6011600000,25.58,-3194800000,324.5,245.59
2025-12-28,ADP,10.12,20903399000.0,25.58,None,0.86,15.74,470600000,None,1900600000,1900600000,-8281700000,5730400000,-410700000,14700000,159000000,None,None,23400000,63900000,580300000,None,3216500000,3216500000,125200000,None,None,1202400000,None,None,246000000,316100000,6.16,0.0239,995200000,995200000,None,0.064,0.04,1434000000,1680000000,2.45,2017-06-30,23.7,2466200000,10097700000.0,3619100000,1743000000,670600000,618000000,618000000,None,72800000,None,None,None,None,74300000,None,None,1733400000,None,None,None,0.259,2125900000,2320900000,1298200000,1657100000,2017400000,None,None,None,None,None,None,None,3.09,16.42,5.02,None,None,None,None,None,-1259600000,None,0.198,None,782400000,2025-10-29,annual,2.49,USD,pre-market,472300000,9111400000,0.0662,0.706,0.071,51.44,2035100000,74300000,1019400000,367900000,292.23,261.76,1.6327,27490100000,4760100000,2592700000,21478500000,22730000000,18885800000,6835600000,6011600000,25.58,-3194800000,324.5,245.59
2025-12-28,ADP,10.12,20903399000.0,25.58,None,0.86,15.74,386000000,None,1900600000,1900600000,8790100000,-9087200000,1551800000,-11000000,220500000,None,None,-224600000,63900000,580300000,None,3216500000,3216500000,125200000,None,None,1202400000,None,None,246000000,288600000,6.16,0.0239,943600000,943600000,None,0.064,0.04,1434000000,1680000000,2.45,2016-06-30,23.7,2466200000,10097700000.0,3619100000,1743000000,670600000,618000000,618000000,None,72800000,None,None,None,None,74300000,None,None,1492500000,None,None,None,0.259,1859900000,2320900000,1298200000,1657100000,2017400000,None,None,None,None,None,None,None,3.09,16.42,5.02,None,None,None,None,None,-1155700000,None,0.198,None,782400000,2025-10-29,annual,2.49,USD,pre-market,472300000,9111400000,0.0662,0.706,0.071,51.44,2035100000,74300000,1019400000,367900000,292.23,261.76,1.6327,27490100000,4760100000,2592700000,21478500000,22730000000,18885800000,6835600000,6011600000,25.58,-3194800000,324.5,245.59
2025-12-28,ADP,10.12,20903399000.0,25.58,None,0.86,15.74,335500000,None,1900600000,1900600000,1616700000,-3760300000,-344300000,-106300000,122100000,None,None,51600000,63900000,580300000,None,3216500000,3216500000,125200000,None,None,1202400000,None,None,246000000,277900000,6.16,0.0239,927600000,927600000,None,0.064,0.04,1434000000,1680000000,2.45,2015-06-30,23.7,2466200000,10097700000.0,3619100000,1743000000,670600000,618000000,618000000,None,72800000,None,None,None,None,74300000,None,None,1374100000,None,None,None,0.259,1905600000,2320900000,1298200000,1657100000,2017400000,None,None,None,None,None,None,None,3.09,16.42,5.02,None,None,None,None,None,-1557200000,None,0.198,None,782400000,2025-10-29,annual,2.49,USD,pre-market,472300000,9111400000,0.0662,0.706,0.071,51.44,2035100000,74300000,1019400000,367900000,292.23,261.76,1.6327,27490100000,4760100000,2592700000,21478500000,22730000000,18885800000,6835600000,6011600000,25.58,-3194800000,324.5,245.59
2025-12-28,ADP,10.12,20903399000.0,25.58,None,0.86,15.74,367700000,None,1900600000,1900600000,-2358200000,813300000,284500000,8000000,253000000,None,None,-204000000,63900000,580300000,None,3216500000,3216500000,125200000,None,None,1202400000,None,None,246000000,336200000,6.16,0.0239,883100000,883100000,None,0.064,0.04,1434000000,1680000000,2.45,2014-06-30,23.7,2466200000,10097700000.0,3619100000,1743000000,670600000,618000000,618000000,None,72800000,None,None,None,None,74300000,None,None,1505400000,None,None,None,0.259,1821400000,2320900000,1298200000,1657100000,2017400000,None,None,None,None,None,None,None,3.09,16.42,5.02,None,None,None,None,None,-667300000,None,0.198,None,782400000,2025-10-29,annual,2.49,USD,pre-market,472300000,9111400000,0.0662,0.706,0.071,51.44,2035100000,74300000,1019400000,367900000,292.23,261.76,1.6327,27490100000,4760100000,2592700000,21478500000,22730000000,18885800000,6835600000,6011600000,25.58,-3194800000,324.5,245.59
2025-12-28,ADP,10.12,20903399000.0,25.58,None,0.86,15.74,282900000,None,1900600000,1900600000,151000000,-1578400000,151000000,1200000,135900000,None,None,-217000000,63900000,580300000,None,3216500000,3216500000,125200000,None,None,1202400000,None,None,246000000,317000000,6.16,0.0239,805500000,805500000,None,0.064,0.04,1434000000,1680000000,2.45,2013-06-30,23.7,2466200000,10097700000.0,3619100000,1743000000,670600000,618000000,618000000,None,72800000,None,None,None,None,74300000,None,None,1369100000,None,None,None,0.259,1577200000,2320900000,1298200000,1657100000,2017400000,None,None,None,None,None,None,None,3.09,16.42,5.02,None,None,None,None,None,-647300000,None,0.198,None,782400000,2025-10-29,annual,2.49,USD,pre-market,472300000,9111400000,0.0662,0.706,0.071,51.44,2035100000,74300000,1019400000,367900000,292.23,261.76,1.6327,27490100000,4760100000,2592700000,21478500000,22730000000,18885800000,6835600000,6011600000,25.58,-3194800000,324.5,245.59
2025-12-28,ADP,10.12,20903399000.0,25.58,None,0.86,15.74,249600000,None,1900600000,1900600000,-4953900000,3243600000,158700000,-41200000,152100000,None,None,-40100000,63900000,580300000,None,3216500000,3216500000,125200000,None,None,1202400000,None,None,246000000,323300000,6.16,0.0239,739700000,739700000,None,0.064,0.04,1434000000,1680000000,2.45,2012-06-30,23.7,2466200000,10097700000.0,3619100000,1743000000,670600000,618000000,618000000,None,72800000,None,None,None,None,74300000,None,None,1388500000,None,None,None,0.259,1910200000,2320900000,1298200000,1657100000,2017400000,None,None,None,None,None,None,None,3.09,16.42,5.02,None,None,None,None,None,-741300000,None,0.198,None,782400000,2025-10-29,annual,2.49,USD,pre-market,472300000,9111400000,0.0662,0.706,0.071,51.44,2035100000,74300000,1019400000,367900000,292.23,261.76,1.6327,27490100000,4760100000,2592700000,21478500000,22730000000,18885800000,6835600000,6011600000,25.58,-3194800000,324.5,245.59
2025-12-28,ADP,10.12,20903399000.0,25.58,None,0.86,15.74,277700000,None,1900600000,1900600000,5339200000,-7340600000,-253900000,41700000,-1788200000,None,None,-138300000,63900000,580300000,None,3216500000,3216500000,125200000,None,None,1202400000,None,None,246000000,318200000,6.16,0.0239,692400000,692400000,None,0.064,0.04,1434000000,1680000000,2.45,2011-06-30,23.7,2466200000,10097700000.0,3619100000,1743000000,670600000,618000000,618000000,None,72800000,None,None,None,None,74300000,None,None,1254200000,None,None,None,0.259,1705800000,2320900000,1298200000,1657100000,2017400000,None,None,None,None,None,None,None,3.09,16.42,5.02,None,None,None,None,None,-732800000,None,0.198,None,782400000,2025-10-29,annual,2.49,USD,pre-market,472300000,9111400000,0.0662,0.706,0.071,51.44,2035100000,74300000,1019400000,367900000,292.23,261.76,1.6327,27490100000,4760100000,2592700000,21478500000,22730000000,18885800000,6835600000,6011600000,25.58,-3194800000,324.5,245.59
2025-12-28,ADP,10.12,20903399000.0,25.58,None,0.86,15.74,226700000,None,1900600000,1900600000,89000000,-2379500000,-622000000,-13600000,-2307800000,None,None,-108800000,63900000,580300000,None,3216500000,3216500000,125200000,None,None,1202400000,None,None,246000000,309200000,6.16,0.0239,673400000,673400000,None,0.064,0.04,1434000000,1680000000,2.45,2010-06-30,23.7,2466200000,10097700000.0,3619100000,1743000000,670600000,618000000,618000000,None,72800000,None,None,None,None,74300000,None,None,1211400000,None,None,None,0.259,1682100000,2320900000,1298200000,1657100000,2017400000,None,None,None,None,None,None,None,3.09,16.42,5.02,None,None,None,None,None,-766400000,None,0.198,None,782400000,2025-10-29,annual,2.49,USD,pre-market,472300000,9111400000,0.0662,0.706,0.071,51.44,2035100000,74300000,1019400000,367900000,292.23,261.76,1.6327,27490100000,4760100000,2592700000,21478500000,22730000000,18885800000,6835600000,6011600000,25.58,-3194800000,324.5,245.59
2025-12-28,ADP,10.12,20903399000.0,25.58,None,0.86,15.74,253900000,None,1900600000,1900600000,468400000,-644100000,None,None,-13600000,None,None,None,63900000,580300000,None,3216500000,3216500000,125200000,None,None,1202400000,None,None,246000000,308100000,6.16,0.0239,629400000,629400000,None,0.064,0.04,1434000000,1680000000,2.45,2009-06-30,23.7,2466200000,10097700000.0,3619100000,1743000000,670600000,618000000,618000000,None,72800000,None,None,None,None,74300000,None,None,1332600000,None,None,None,0.259,1562600000,2320900000,1298200000,1657100000,2017400000,None,None,None,None,None,None,None,3.09,16.42,5.02,None,None,None,None,None,-580400000,None,0.198,None,782400000,2025-10-29,annual,2.49,USD,pre-market,472300000,9111400000,0.0662,0.706,0.071,51.44,2035100000,74300000,1019400000,367900000,292.23,261.76,1.6327,27490100000,4760100000,2592700000,21478500000,22730000000,18885800000,6835600000,6011600000,25.58,-3194800000,324.5,245.59
2025-12-28,ADP,10.12,20903399000.0,25.58,None,0.86,15.74,277600000,None,1900600000,1900600000,-5270700000,2613900000,None,None,None,None,None,None,63900000,580300000,None,3216500000,3216500000,125200000,None,None,1202400000,None,None,246000000,361800000,6.16,0.0239,548900000,548900000,None,0.064,0.04,1434000000,1680000000,2.45,2008-06-30,23.7,2466200000,10097700000.0,3619100000,1743000000,670600000,618000000,618000000,None,72800000,None,None,None,None,74300000,None,None,1235700000,None,None,None,0.259,1786900000,2320900000,1298200000,1657100000,2017400000,None,None,None,None,None,None,None,3.09,16.42,5.02,None,None,None,None,None,-1504800000,None,0.198,None,782400000,2025-10-29,annual,2.49,USD,pre-market,472300000,9111400000,0.0662,0.706,0.071,51.44,2035100000,74300000,1019400000,367900000,292.23,261.76,1.6327,27490100000,4760100000,2592700000,21478500000,22730000000,18885800000,6835600000,6011600000,25.58,-3194800000,324.5,245.59
2025-12-28,ADP,10.12,20903399000.0,25.58,None,0.86,15.74,322800000,None,1900600000,1900600000,-1884400000,430800000,None,None,None,None,None,None,63900000,580300000,None,3216500000,3216500000,125200000,None,None,1202400000,None,None,246000000,329300000,6.16,0.0239,461300000,461300000,None,0.064,0.04,1434000000,1680000000,2.45,2007-06-30,23.7,2466200000,10097700000.0,3619100000,1743000000,670600000,618000000,618000000,None,72800000,None,None,None,None,74300000,None,None,1138700000,None,None,None,0.259,1298000000,2320900000,1298200000,1657100000,2017400000,None,None,None,None,None,None,None,3.09,16.42,5.02,None,None,None,None,None,-1900400000,None,0.198,None,782400000,2025-10-29,annual,2.49,USD,pre-market,472300000,9111400000,0.0662,0.706,0.071,51.44,2035100000,74300000,1019400000,367900000,292.23,261.76,1.6327,27490100000,4760100000,2592700000,21478500000,22730000000,18885800000,6835600000,6011600000,25.58,-3194800000,324.5,245.59
2025-12-28,ADP,10.12,20903399000.0,25.58,None,0.86,15.74,411000000,None,1900600000,1900600000,-1348800000,452200000,None,None,None,None,None,None,63900000,580300000,None,3216500000,3216500000,125200000,None,None,1202400000,None,None,246000000,364000000,6.16,0.0239,393900000,393900000,None,0.064,0.04,1434000000,1680000000,2.45,2006-06-30,23.7,2466200000,10097700000.0,3619100000,1743000000,670600000,618000000,618000000,None,72800000,None,None,None,None,74300000,None,None,1554000000,None,None,None,0.259,1812500000,2320900000,1298200000,1657100000,2017400000,None,None,None,None,None,None,None,3.09,16.42,5.02,None,None,None,None,None,-1299900000,None,0.198,None,782400000,2025-10-29,annual,2.49,USD,pre-market,472300000,9111400000,0.0662,0.706,0.071,51.44,2035100000,74300000,1019400000,367900000,292.23,261.76,1.6327,27490100000,4760100000,2592700000,21478500000,22730000000,18885800000,6835600000,6011600000,25.58,-3194800000,324.5,245.59
