date,symbol,eps,revenue_ttm,pe_ratio,accumulateddepreciationamortizationppe,beta,book_value,capitalexpenditures,capitalleaseobligations,cashandcashequivalentsatcarryingvalue,cashandshortterminvestments,cashflowfromfinancing,cashflowfrominvestment,changeincashandcashequivalents,changeinexchangerate,changeininventory,changeinoperatingassets,changeinoperatingliabilities,changeinreceivables,commonstock,commonstocksharesoutstanding,comprehensiveincomenetoftax,costofgoodsandservicessold,costofrevenue,currentaccountspayable,currentdebt,currentlongtermdebt,currentnetreceivables,deferredrevenue,depreciation,depreciationandamortization,depreciationdepletionandamortization,dividend_per_share,dividend_yield,dividendpayout,dividendpayoutcommonstock,dividendpayoutpreferredstock,earnings_growth_yoy,earnings_surprise,ebit,ebitda,estimated_eps,fiscaldateending,forward_pe,goodwill,gross_profit_ttm,grossprofit,incomebeforetax,incometaxexpense,intangibleassets,intangibleassetsexcludinggoodwill,interestanddebtexpense,interestexpense,interestincome,inventory,investmentincomenet,investments,longtermdebt,longtermdebtnoncurrent,longterminvestments,netincome,netincomefromcontinuingoperations,netinterestincome,noninterestincome,operating_margin_ttm,operatingcashflow,operatingexpenses,operatingincome,othercurrentassets,othercurrentliabilities,othernoncurrentassets,othernoncurrentliabilities,othernonoperatingincome,paymentsforoperatingactivities,paymentsforrepurchaseofcommonstock,paymentsforrepurchaseofequity,paymentsforrepurchaseofpreferredstock,peg_ratio,price_to_book,price_to_sales_ttm,proceedsfromissuanceofcommonstock,proceedsfromissuanceoflongtermdebtandcapitalsecuritiesnet,proceedsfromissuanceofpreferredstock,proceedsfromoperatingactivities,proceedsfromrepaymentsofshorttermdebt,proceedsfromrepurchaseofequity,proceedsfromsaleoftreasurystock,profit_margin,profitloss,propertyplantequipment,report_date,report_type,reported_eps,reportedcurrency,reporttime,researchanddevelopment,retainedearnings,return_on_assets_ttm,return_on_equity_ttm,revenue_growth_yoy,revenue_per_share_ttm,sellinggeneralandadministrative,shortlongtermdebttotal,shorttermdebt,shortterminvestments,sma_200,sma_50,surprise_pct,totalassets,totalcurrentassets,totalcurrentliabilities,totalliabilities,totalnoncurrentassets,totalnoncurrentliabilities,totalrevenue,totalshareholderequity,trailing_pe,treasurystock,week_52_high,week_52_low
1996-03-31,AEP,,,,,,,,,,,,,,,,,,,,,,,,,,,,,,,,,,,,,,0.1,,,0.86,,,,,,,,,,,,,,,,,,,,,,,,,,,,,,,,,,,,,,,,,,,,,,,,,1996-04-22,,0.96,,pre-market,,,,,,,,,,,,,11.6279,,,,,,,,,,,,
1996-06-30,AEP,,,,,,,,,,,,,,,,,,,,,,,,,,,,,,,,,,,,,,0.04,,,0.56,,,,,,,,,,,,,,,,,,,,,,,,,,,,,,,,,,,,,,,,,,,,,,,,,1996-07-18,,0.6,,pre-market,,,,,,,,,,,,,7.1429,,,,,,,,,,,,
1996-09-30,AEP,,,,,,,,,,,,,,,,,,,,,,,,,,,,,,,,,,,,,,0.04,,,0.83,,,,,,,,,,,,,,,,,,,,,,,,,,,,,,,,,,,,,,,,,,,,,,,,,1996-10-23,,0.87,,pre-market,,,,,,,,,,,,,4.8193,,,,,,,,,,,,
1996-12-31,AEP,,,,,,,,,,,,,,,,,,,,,,,,,,,,,,,,,,,,,,-0.02,,,0.73,,,,,,,,,,,,,,,,,,,,,,,,,,,,,,,,,,,,,,,,,,,,,,,,,1997-01-29,,0.71,,pre-market,,,,,,,,,,,,,-2.7397,,,,,,,,,,,,
1997-03-31,AEP,,,,,,,,,,,,,,,,,,,,,,,,,,,,,,,,,,,,,,-0.02,,,0.94,,,,,,,,,,,,,,,,,,,,,,,,,,,,,,,,,,,,,,,,,,,,,,,,,1997-04-23,,0.92,,pre-market,,,,,,,,,,,,,-2.1277,,,,,,,,,,,,
1997-06-30,AEP,,,,,,,,,,,,,,,,,,,,,,,,,,,,,,,,,,,,,,0.01,,,0.63,,,,,,,,,,,,,,,,,,,,,,,,,,,,,,,,,,,,,,,,,,,,,,,,,1997-07-23,,0.64,,pre-market,,,,,,,,,,,,,1.5873,,,,,,,,,,,,
1997-09-30,AEP,,,,,,,,,,,,,,,,,,,,,,,,,,,,,,,,,,,,,,0.12,,,0.95,,,,,,,,,,,,,,,,,,,,,,,,,,,,,,,,,,,,,,,,,,,,,,,,,1997-10-27,,1.07,,pre-market,,,,,,,,,,,,,12.6316,,,,,,,,,,,,
1997-12-31,AEP,,,,,,,,,,,,,,,,,,,,,,,,,,,,,,,,,,,,,,-0.13,,,0.79,,,,,,,,,,,,,,,,,,,,,,,,,,,,,,,,,,,,,,,,,,,,,,,,,1998-01-28,,0.66,,pre-market,,,,,,,,,,,,,-16.4557,,,,,,,,,,,,
1998-03-31,AEP,,,,,,,,,,,,,,,,,,,,,,,,,,,,,,,,,,,,,,-0.1,,,0.89,,,,,,,,,,,,,,,,,,,,,,,,,,,,,,,,,,,,,,,,,,,,,,,,,1998-04-21,,0.79,,pre-market,,,,,,,,,,,,,-11.236,,,,,,,,,,,,
1998-06-30,AEP,,,,,,,,,,,,,,,,,,,,,,,,,,,,,,,,,,,,,,-0.04,,,0.66,,,,,,,,,,,,,,,,,,,,,,,,,,,,,,,,,,,,,,,,,,,,,,,,,1998-07-21,,0.62,,pre-market,,,,,,,,,,,,,-6.0606,,,,,,,,,,,,
1998-09-30,AEP,,,,,,,,,,,,,,,,,,,,,,,,,,,,,,,,,,,,,,-0.02,,,1.04,,,,,,,,,,,,,,,,,,,,,,,,,,,,,,,,,,,,,,,,,,,,,,,,,1998-10-27,,1.02,,pre-market,,,,,,,,,,,,,-1.9231,,,,,,,,,,,,
1998-12-31,AEP,,,,,,,,,,,,,,,,,,,,,,,,,,,,,,,,,,,,,,-0.25,,,0.63,,,,,,,,,,,,,,,,,,,,,,,,,,,,,,,,,,,,,,,,,,,,,,,,,1999-01-26,,0.38,,pre-market,,,,,,,,,,,,,-39.6825,,,,,,,,,,,,
1999-03-31,AEP,,,,,,,,,,,,,,,,,,,,,,,,,,,,,,,,,,,,,,-0.07,,,0.86,,,,,,,,,,,,,,,,,,,,,,,,,,,,,,,,,,,,,,,,,,,,,,,,,1999-04-27,,0.79,,pre-market,,,,,,,,,,,,,-8.1395,,,,,,,,,,,,
1999-06-30,AEP,,,,,,,,,,,,,,,,,,,,,,,,,,,,,,,,,,,,,,-0.03,,,0.59,,,,,,,,,,,,,,,,,,,,,,,,,,,,,,,,,,,,,,,,,,,,,,,,,1999-07-27,,0.56,,pre-market,,,,,,,,,,,,,-5.0847,,,,,,,,,,,,
1999-09-30,AEP,,,,,,,,,,,,,,,,,,,,,,,,,,,,,,,,,,,,,,0.02,,,0.88,,,,,,,,,,,,,,,,,,,,,,,,,,,,,,,,,,,,,,,,,,,,,,,,,1999-10-26,,0.9,,pre-market,,,,,,,,,,,,,2.2727,,,,,,,,,,,,
1999-12-31,AEP,,,,,,,,,,,,,,,,,,,,,,,,,,,,,,,,,,,,,,0.02,,,0.53,,,,,,,,,,,,,,,,,,,,,,,,,,,,,,,,,,,,,,,,,,,,,,,,,2000-01-25,,0.55,,pre-market,,,,,,,,,,,,,3.7736,,,,,,,,,,,,
2000-03-31,AEP,,,,,,,,,,,,,,,,,,,,,,,,,,,,,,,,,,,,,,-0.07,,,0.6,,,,,,,,,,,,,,,,,,,,,,,,,,,,,,,,,,,,,,,,,,,,,,,,,2000-04-25,,0.53,,pre-market,,,,,,,,,,,,,-11.6667,,,,,,,,,,,,
2000-06-30,AEP,,,,,,,,,,,,,,,,,,,,,,,,,,,,,,,,,,,,,,-0.01,,,0.52,,,,,,,,,,,,,,,,,,,,,,,,,,,,,,,,,,,,,,,,,,,,,,,,,2000-07-26,,0.51,,pre-market,,,,,,,,,,,,,-1.9231,,,,,,,,,,,,
2000-09-30,AEP,,,,,,,,,,,,,,,,,,,,,,,,,,,,,,,,,,,,,,0.31,,,0.98,,,,,,,,,,,,,,,,,,,,,,,,,,,,,,,,,,,,,,,,,,,,,,,,,2000-10-24,,1.29,,pre-market,,,,,,,,,,,,,31.6327,,,,,,,,,,,,
2000-12-31,AEP,,,,,,,,,,,,,,,,,,,,,,,,,,,,,,,,,,,,,,0.03,,,0.46,,,,,,,,,,,,,,,,,,,,,,,,,,,,,,,,,,,,,,,,,,,,,,,,,2001-01-23,,0.49,,pre-market,,,,,,,,,,,,,6.5217,,,,,,,,,,,,
2001-03-31,AEP,,,,,,,,,,,,,,,,,,,,,,,,,,,,,,,,,,,,,,0.02,,,0.66,,,,,,,,,,,,,,,,,,,,,,,,,,,,,,,,,,,,,,,,,,,,,,,,,2001-04-24,,0.68,,pre-market,,,,,,,,,,,,,3.0303,,,,,,,,,,,,
2001-06-30,AEP,,,,,,,,,,,,,,,,,,,,,,,,,,,,,,,,,,,,,,0.09,,,0.8,,,,,,,,,,,,,,,,,,,,,,,,,,,,,,,,,,,,,,,,,,,,,,,,,2001-07-24,,0.89,,pre-market,,,,,,,,,,,,,11.25,,,,,,,,,,,,
2001-09-30,AEP,,,,,,,,,,,,,,,,,,,,,,,,,,,,,,,,,,,,,,-0.01,,,1.44,,,,,,,,,,,,,,,,,,,,,,,,,,,,,,,,,,,,,,,,,,,,,,,,,2001-10-23,,1.43,,pre-market,,,,,,,,,,,,,-0.6944,,,,,,,,,,,,
2001-12-31,AEP,,,,,,,,,,,,,,,,,,,,,,,,,,,,,,,,,,,,,,-0.03,,,0.38,,,,,,,,,,,,,,,,,,,,,,,,,,,,,,,,,,,,,,,,,,,,,,,,,2002-01-22,,0.35,,pre-market,,,,,,,,,,,,,-7.8947,,,,,,,,,,,,
2002-03-31,AEP,,,,,,,,,,,,,,,,,,,,,,,,,,,,,,,,,,,,,,0.0,,,0.59,,,,,,,,,,,,,,,,,,,,,,,,,,,,,,,,,,,,,,,,,,,,,,,,,2002-04-24,,0.59,,pre-market,,,,,,,,,,,,,0.0,,,,,,,,,,,,
2002-06-30,AEP,,,,,,,,,,,,,,,,,,,,,,,,,,,,,,,,,,,,,,0.04,,,0.52,,,,,,,,,,,,,,,,,,,,,,,,,,,,,,,,,,,,,,,,,,,,,,,,,2002-07-25,,0.56,,pre-market,,,,,,,,,,,,,7.6923,,,,,,,,,,,,
2002-09-30,AEP,,,,,,,,,,,,,,,,,,,,,,,,,,,,,,,,,,,,,,0.16,,,1.05,,,,,,,,,,,,,,,,,,,,,,,,,,,,,,,,,,,,,,,,,,,,,,,,,2002-10-25,,1.21,,pre-market,,,,,,,,,,,,,15.2381,,,,,,,,,,,,
2002-12-31,AEP,,,,,,,,,,,,,,,,,,,,,,,,,,,,,,,,,,,,,,-0.03,,,0.55,,,,,,,,,,,,,,,,,,,,,,,,,,,,,,,,,,,,,,,,,,,,,,,,,2003-01-24,,0.52,,pre-market,,,,,,,,,,,,,-5.4545,,,,,,,,,,,,
2003-03-31,AEP,,,,,,,,,,,,,,,,,,,,,,,,,,,,,,,,,,,,,,0.1,,,0.51,,,,,,,,,,,,,,,,,,,,,,,,,,,,,,,,,,,,,,,,,,,,,,,,,2003-04-29,,0.61,,pre-market,,,,,,,,,,,,,19.6078,,,,,,,,,,,,
2003-06-30,AEP,,,,,,,,,,,,,,,,,,,,,,,,,,,,,,,,,,,,,,0.04,,,0.4,,,,,,,,,,,,,,,,,,,,,,,,,,,,,,,,,,,,,,,,,,,,,,,,,2003-07-30,,0.44,,pre-market,,,,,,,,,,,,,10.0,,,,,,,,,,,,
2003-09-30,AEP,,,,,,,,,,,,,,,,,,,,,,,,,,,,,,,,,,,,,,-0.1,,,0.86,,,,,,,,,,,,,,,,,,,,,,,,,,,,,,,,,,,,,,,,,,,,,,,,,2003-10-23,,0.76,,pre-market,,,,,,,,,,,,,-11.6279,,,,,,,,,,,,
2003-12-31,AEP,,,,,,,,,,,,,,,,,,,,,,,,,,,,,,,,,,,,,,0.01,,,0.39,,,,,,,,,,,,,,,,,,,,,,,,,,,,,,,,,,,,,,,,,,,,,,,,,2004-02-03,,0.4,,pre-market,,,,,,,,,,,,,2.5641,,,,,,,,,,,,
2004-03-31,AEP,,,,,,,,,,,,,,,,,,,,,,,,,,,,,,,,,,,,,,0.11,,,0.61,,,,,,,,,,,,,,,,,,,,,,,,,,,,,,,,,,,,,,,,,,,,,,,,,2004-04-29,,0.72,,pre-market,,,,,,,,,,,,,18.0328,,,,,,,,,,,,
2004-06-30,AEP,,,,,,,,,,,,,,,,,,,,,,,,,,,,,,,,,,,,,,-0.05,,,0.43,,,,,,,,,,,,,,,,,,,,,,,,,,,,,,,,,,,,,,,,,,,,,,,,,2004-07-30,,0.38,,pre-market,,,,,,,,,,,,,-11.6279,,,,,,,,,,,,
2004-09-30,AEP,,,,,,,,,,,,,,,,,,,,,,,,,,,,,,,,,,,,,,0.06,,,0.74,,,,,,,,,,,,,,,,,,,,,,,,,,,,,,,,,,,,,,,,,,,,,,,,,2004-10-21,,0.8,,pre-market,,,,,,,,,,,,,8.1081,,,,,,,,,,,,
2004-12-31,AEP,,,,,,,,,,,,,,,,,,,,,,,,,,,,,,,,,,,,,,-0.01,,,0.43,,,,,,,,,,,,,,,,,,,,,,,,,,,,,,,,,,,,,,,,,,,,,,,,,2005-01-27,,0.42,,pre-market,,,,,,,,,,,,,-2.3256,,,,,,,,,,,,
2005-03-31,AEP,,,,,,,,,,,,,,,,,,,,,,,,,,,,,,,,,,,,,,0.17,,,0.71,,,,,,,,,,,,,,,,,,,,,,,,,,,,,,,,,,,,,,,,,,,,,,,,,2005-04-28,,0.88,,pre-market,,,,,,,,,,,,,23.9437,,,,,,,,,,,,
2005-06-30,AEP,,,,,,,,,,,,,,,,,,,,,,,,,,,,,,,,,,,,,,0.18,,,0.43,,,,,,,,,,,,,,,,,,,,,,,,,,,,,,,,,,,,,,,,,,,,,,,,,2005-07-29,,0.61,,pre-market,,,,,,,,,,,,,41.8605,,,,,,,,,,,,
2005-09-30,AEP,,,,,,,,,,,,,,,,,,,,,,,,,,,,,,,,,,,,,,0.13,,,0.82,,,,,,,,,,,,,,,,,,,,,,,,,,,,,,,,,,,,,,,,,,,,,,,,,2005-10-27,,0.95,,pre-market,,,,,,,,,,,,,15.8537,,,,,,,,,,,,
2005-12-31,AEP,,,,,,,,,,,,,,,,,,,,,,,,,,,,,,,,,,,,,,0.04,,,0.25,,,,,,,,,,,,,,,,,,,,,,,,,,,,,,,,,,,,,,,,,,,,,,,,,2006-02-01,,0.29,,pre-market,,,,,,,,,,,,,16.0,,,,,,,,,,,,
2006-03-31,AEP,,,,,,,,,,,,,,,,,,,,,,,,,,,,,,,,,,,,,,0.08,,,0.88,,,,,,,,,,,,,,,,,,,,,,,,,,,,,,,,,,,,,,,,,,,,,,,,,2006-04-27,,0.96,,pre-market,,,,,,,,,,,,,9.0909,,,,,,,,,,,,
2006-06-30,AEP,,,,,,,,,,,,,,,,,,,,,,,,,,,,,,,,,,,,,,-0.1,,,0.54,,,,,,,,,,,,,,,,,,,,,,,,,,,,,,,,,,,,,,,,,,,,,,,,,2006-07-27,,0.44,,pre-market,,,,,,,,,,,,,-18.5185,,,,,,,,,,,,
2006-09-30,AEP,,,,,,,,,,,,,,,,,,,,,,,,,,,,,,,,,,,,,,0.0,,,0.99,,,,,,,,,,,,,,,,,,,,,,,,,,,,,,,,,,,,,,,,,,,,,,,,,2006-10-31,,0.99,,pre-market,,,,,,,,,,,,,0.0,,,,,,,,,,,,
2006-12-31,AEP,,,,,,,,,,,,,,,,,,,,,,,,,,,,,,,,,,,,,,0.01,,,0.37,,,,,,,,,,,,,,,,,,,,,,,,,,,,,,,,,,,,,,,,,,,,,,,,,2007-01-30,,0.38,,pre-market,,,,,,,,,,,,,2.7027,,,,,,,,,,,,
2007-03-31,AEP,,,,,,,,,,,,,,,,,,,,,,,,,,,,,,,,,,,,,,-0.04,,,0.72,,,,,,,,,,,,,,,,,,,,,,,,,,,,,,,,,,,,,,,,,,,,,,,,,2007-04-26,,0.68,,pre-market,,,,,,,,,,,,,-5.5556,,,,,,,,,,,,
2007-06-30,AEP,,,,,,,,,,,,,,,,,,,,,,,,,,,,,,,,,,,,,,0.06,,,0.58,,,,,,,,,,,,,,,,,,,,,,,,,,,,,,,,,,,,,,,,,,,,,,,,,2007-07-31,,0.64,,pre-market,,,,,,,,,,,,,10.3448,,,,,,,,,,,,
2007-09-30,AEP,,,,,,,,,,,,,,,,,,,,,,,,,,,,,,,,,,,,,,0.05,,,1.11,,,,,,,,,,,,,,,,,,,,,,,,,,,,,,,,,,,,,,,,,,,,,,,,,2007-10-24,,1.16,,pre-market,,,,,,,,,,,,,4.5045,,,,,,,,,,,,
2007-12-31,AEP,,,,,,,,,,,,,,,,,,,,,,,,,,,,,,,,,,,,,,0.02,,,0.5,,,,,,,,,,,,,,,,,,,,,,,,,,,,,,,,,,,,,,,,,,,,,,,,,2008-01-29,,0.52,,pre-market,,,,,,,,,,,,,4.0,,,,,,,,,,,,
2008-03-31,AEP,,,,,,,,,,,,,,,,,,,,,,,,,,,,,,,,,,,,,,0.15,,,0.87,,,,,,,,,,,,,,,,,,,,,,,,,,,,,,,,,,,,,,,,,,,,,,,,,2008-04-24,,1.02,,pre-market,,,,,,,,,,,,,17.2414,,,,,,,,,,,,
2008-06-30,AEP,,,,,,,,,,,,,,,,,,,,,,,,,,,,,,,,,,,,,,0.02,,,0.68,,,,,,,,,,,,,,,,,,,,,,,,,,,,,,,,,,,,,,,,,,,,,,,,,2008-07-31,,0.7,,pre-market,,,,,,,,,,,,,2.9412,,,,,,,,,,,,
2008-09-30,AEP,,,,,,,,,,,,,,,,,,,,,,,,,,,,,,,,,,,,,,-0.11,,,1.04,,,,,,,,,,,,,,,,,,,,,,,,,,,,,,,,,,,,,,,,,,,,,,,,,2008-10-31,,0.93,,pre-market,,,,,,,,,,,,,-10.5769,,,,,,,,,,,,
2008-12-31,AEP,,,,,,,,,,,,,,,,,,,,,,,,,,,,,,,,,,,,,,0.06,,,0.53,,,,,,,,,,,,,,,,,,,,,,,,,,,,,,,,,,,,,,,,,,,,,,,,,2009-01-29,,0.59,,pre-market,,,,,,,,,,,,,11.3208,,,,,,,,,,,,
2009-03-31,AEP,,,,,,,,,,,,,,,,,,,,,,,,,,,,,,,,,,,,,,0.1,,,0.79,,,,,,,,,,,,,,,,,,,,,,,,,,,,,,,,,,,,,,,,,,,,,,,,,2009-04-24,,0.89,,pre-market,,,,,,,,,,,,,12.6582,,,,,,,,,,,,
2009-06-30,AEP,,,,,,,,,,,,,,,,,,,,,,,,,,,,,,,,,,,,,,0.07,,,0.61,,,,,,,,,,,,,,,,,,,,,,,,,,,,,,,,,,,,,,,,,,,,,,,,,2009-07-31,,0.68,,pre-market,,,,,,,,,,,,,11.4754,,,,,,,,,,,,
2009-09-30,AEP,,,,,,,,,,,,,,,,,,,,,,,,,,,,,,,,,,,,,,0.08,,,0.85,,,,,,,,,,,,,,,,,,,,,,,,,,,,,,,,,,,,,,,,,,,,,,,,,2009-10-29,,0.93,,pre-market,,,,,,,,,,,,,9.4118,,,,,,,,,,,,
2009-12-31,AEP,,,,,,,,,,,,,,,,,,,,,,,,,,,,,,,,,,,,,,0.04,,,0.46,,,,,,,,,,,,,,,,,,,,,,,,,,,,,,,,,,,,,,,,,,,,,,,,,2010-01-28,,0.5,,pre-market,,,,,,,,,,,,,8.6957,,,,,,,,,,,,
2010-03-31,AEP,,,,,,,,,,,,,,,,,,,,,,,,,,,,,,,,,,,,,,-0.02,,,0.78,,,,,,,,,,,,,,,,,,,,,,,,,,,,,,,,,,,,,,,,,,,,,,,,,2010-04-29,,0.76,,pre-market,,,,,,,,,,,,,-2.5641,,,,,,,,,,,,
2010-06-30,AEP,,,,,,,,,,,,,,,,,,,,,,,,,,,,,,,,,,,,,,0.05,,,0.69,,,,,,,,,,,,,,,,,,,,,,,,,,,,,,,,,,,,,,,,,,,,,,,,,2010-07-30,,0.74,,pre-market,,,,,,,,,,,,,7.2464,,,,,,,,,,,,
2010-09-30,AEP,,,,,,,,,,,,,,,,,,,,,,,,,,,,,,,,,,,,,,0.11,,,1.04,,,,,,,,,,,,,,,,,,,,,,,,,,,,,,,,,,,,,,,,,,,,,,,,,2010-10-19,,1.15,,pre-market,,,,,,,,,,,,,10.5769,,,,,,,,,,,,
2010-12-31,AEP,,,,,,,,,,,,,,,,,,,,,,,,,,,,,,,,,,,,,,-0.02,,,0.4,,,,,,,,,,,,,,,,,,,,,,,,,,,,,,,,,,,,,,,,,,,,,,,,,2011-01-28,,0.38,,pre-market,,,,,,,,,,,,,-5.0,,,,,,,,,,,,
2011-03-31,AEP,,,,,,,,,,,,,,,,,,,,,,,,,,,,,,,,,,,,,,0.02,,,0.8,,,,,,,,,,,,,,,,,,,,,,,,,,,,,,,,,,,,,,,,,,,,,,,,,2011-04-21,,0.82,,pre-market,,,,,,,,,,,,,2.5,,,,,,,,,,,,
2011-06-30,AEP,,,,,,,,,,,,,,,,,,,,,,,,,,,,,,,,,,,,,,-0.03,,,0.76,,,,,,,,,,,,,,,,,,,,,,,,,,,,,,,,,,,,,,,,,,,,,,,,,2011-07-29,,0.73,,pre-market,,,,,,,,,,,,,-3.9474,,,,,,,,,,,,
2011-09-30,AEP,,,,,,,,,,,,,,,,,,,,,,,,,,,,,,,,,,,,,,0.02,,,1.15,,,,,,,,,,,,,,,,,,,,,,,,,,,,,,,,,,,,,,,,,,,,,,,,,2011-10-26,,1.17,,pre-market,,,,,,,,,,,,,1.7391,,,,,,,,,,,,
2011-12-31,AEP,,,,,,,,,,,,,,,,,,,,,,,,,,,,,,,,,,,,,,0.0,,,0.4,,,,,,,,,,,,,,,,,,,,,,,,,,,,,,,,,,,,,,,,,,,,,,,,,2012-01-27,,0.4,,pre-market,,,,,,,,,,,,,0.0,,,,,,,,,,,,
2012-03-31,AEP,,,,,,,,,,,,,,,,,,,,,,,,,,,,,,,,,,,,,,0.01,,,0.79,,,,,,,,,,,,,,,,,,,,,,,,,,,,,,,,,,,,,,,,,,,,,,,,,2012-04-20,,0.8,,pre-market,,,,,,,,,,,,,1.2658,,,,,,,,,,,,
2012-06-30,AEP,,,,,,,,,,,,,,,,,,,,,,,,,,,,,,,,,,,,,,0.06,,,0.71,,,,,,,,,,,,,,,,,,,,,,,,,,,,,,,,,,,,,,,,,,,,,,,,,2012-07-20,,0.77,,pre-market,,,,,,,,,,,,,8.4507,,,,,,,,,,,,
2012-09-30,AEP,,,,,,,,,,,,,,,,,,,,,,,,,,,,,,,,,,,,,,-0.01,,,1.03,,,,,,,,,,,,,,,,,,,,,,,,,,,,,,,,,,,,,,,,,,,,,,,,,2012-10-24,,1.02,,pre-market,,,,,,,,,,,,,-0.9709,,,,,,,,,,,,
2012-12-31,AEP,,,,,,,,,,,,,,,,,,,,,,,,,,,,,,,,,,,,,,0.04,,,0.46,,,,,,,,,,,,,,,,,,,,,,,,,,,,,,,,,,,,,,,,,,,,,,,,,2013-02-15,,0.5,,pre-market,,,,,,,,,,,,,8.6957,,,,,,,,,,,,
2013-03-31,AEP,,,,,,,,,,,,,,,,,,,,,,,,,,,,,,,,,,,,,,-0.01,,,0.81,,,,,,,,,,,,,,,,,,,,,,,,,,,,,,,,,,,,,,,,,,,,,,,,,2013-04-26,,0.8,,pre-market,,,,,,,,,,,,,-1.2346,,,,,,,,,,,,
2013-06-30,AEP,,,,,,,,,,,,,,,,,,,,,,,,,,,,,,,,,,,,,,-0.01,,,0.74,,,,,,,,,,,,,,,,,,,,,,,,,,,,,,,,,,,,,,,,,,,,,,,,,2013-07-25,,0.73,,pre-market,,,,,,,,,,,,,-1.3514,,,,,,,,,,,,
2013-09-30,AEP,,,,,,,,,,,,,,,,,,,,,,,,,,,,,,,,,,,,,,0.01,,,1.09,,,,,,,,,,,,,,,,,,,,,,,,,,,,,,,,,,,,,,,,,,,,,,,,,2013-10-23,,1.1,,pre-market,,,,,,,,,,,,,0.9174,,,,,,,,,,,,
2013-12-31,AEP,,,,,,,,,,,,,,,,,,,,,,,,,,,,,,,,,,,,,,0.03,,,0.57,,,,,,,,,,,,,,,,,,,,,,,,,,,,,,,,,,,,,,,,,,,,,,,,,2014-01-27,,0.6,,pre-market,,,,,,,,,,,,,5.2632,,,,,,,,,,,,
2014-03-31,AEP,,,,,,,,,,,,,,,,,,,,,,,,,,,,,,,,,,,,,,0.22,,,0.93,,,,,,,,,,,,,,,,,,,,,,,,,,,,,,,,,,,,,,,,,,,,,,,,,2014-04-25,,1.15,,pre-market,,,,,,,,,,,,,23.6559,,,,,,,,,,,,
2014-06-30,AEP,,,,,,,,,,,,,,,,,,,,,,,,,,,,,,,,,,,,,,0.05,,,0.75,,,,,,,,,,,,,,,,,,,,,,,,,,,,,,,,,,,,,,,,,,,,,,,,,2014-07-25,,0.8,,pre-market,,,,,,,,,,,,,6.6667,,,,,,,,,,,,
2014-09-30,AEP,,,,,,,,,,,,,,,,,,,,,,,,,,,,,,,,,,,,,,0.0,,,1.01,,,,,,,,,,,,,,,,,,,,,,,,,,,,,,,,,,,,,,,,,,,,,,,,,2014-10-23,,1.01,,pre-market,,,,,,,,,,,,,0.0,,,,,,,,,,,,
2014-12-31,AEP,,,,,,,,,,,,,,,,,,,,,,,,,,,,,,,,,,,,,,-0.02,,,0.5,,,,,,,,,,,,,,,,,,,,,,,,,,,,,,,,,,,,,,,,,,,,,,,,,2015-01-28,,0.48,,pre-market,,,,,,,,,,,,,-4.0,,,,,,,,,,,,
2015-03-31,AEP,,,,,,,,,,,,,,,,,,,,,,,,,,,,,,,,,,,,,,0.18,,,1.1,,,,,,,,,,,,,,,,,,,,,,,,,,,,,,,,,,,,,,,,,,,,,,,,,2015-04-23,,1.28,,pre-market,,,,,,,,,,,,,16.3636,,,,,,,,,,,,
2015-06-30,AEP,,,,,,,,,,,,,,,,,,,,,,,,,,,,,,,,,,,,,,0.07,,,0.81,,,,,,,,,,,,,,,,,,,,,,,,,,,,,,,,,,,,,,,,,,,,,,,,,2015-07-23,,0.88,,pre-market,,,,,,,,,,,,,8.642,,,,,,,,,,,,
2015-09-30,AEP,,,,,,,,,,,,,,,,,,,,,,,,,,,,,,,,,,,,,,0.05,,,1.01,,,,,,,,,,,,,,,,,,,,,,,,,,,,,,,,,,,,,,,,,,,,,,,,,2015-10-22,,1.06,,pre-market,,,,,,,,,,,,,4.9505,,,,,,,,,,,,
2015-12-31,AEP,,,,,,,,,,,,,,,,,,,,,,,,,,,,,,,,,,,,,,-0.02,,,0.5,,,,,,,,,,,,,,,,,,,,,,,,,,,,,,,,,,,,,,,,,,,,,,,,,2016-01-28,,0.48,,pre-market,,,,,,,,,,,,,-4.0,,,,,,,,,,,,
2016-03-31,AEP,,,,,,,,,,,,,,,,,,,,,,,,,,,,,,,,,,,,,,-0.02,,,1.04,,,,,,,,,,,,,,,,,,,,,,,,,,,,,,,,,,,,,,,,,,,,,,,,,2016-04-28,,1.02,,pre-market,,,,,,,,,,,,,-1.9231,,,,,,,,,,,,
2016-06-30,AEP,,,,,,,,,,,,,,,,,,,,,,,,,,,,,,,,,,,,,,0.05,,,0.9,,,,,,,,,,,,,,,,,,,,,,,,,,,,,,,,,,,,,,,,,,,,,,,,,2016-07-28,,0.95,,pre-market,,,,,,,,,,,,,5.5556,,,,,,,,,,,,
2016-09-30,AEP,,,,,,,,,,,,,,,,,,,,,,,,,,,,,,,,,,,,,,0.08,,,1.22,,,,,,,,,,,,,,,,,,,,,,,,,,,,,,,,,,,,,,,,,,,,,,,,,2016-11-01,,1.3,,pre-market,,,,,,,,,,,,,6.5574,,,,,,,,,,,,
2016-12-31,AEP,,,,,,,,,,,,,,,,,,,,,,,,,,,,,,,,,,,,,,0.12,,,0.55,,,,,,,,,,,,,,,,,,,,,,,,,,,,,,,,,,,,,,,,,,,,,,,,,2017-01-26,,0.67,,pre-market,,,,,,,,,,,,,21.8182,,,,,,,,,,,,
2017-03-31,AEP,,,,,,,,,,,,,,,,,,,,,,,,,,,,,,,,,,,,,,0.01,,,0.95,,,,,,,,,,,,,,,,,,,,,,,,,,,,,,,,,,,,,,,,,,,,,,,,,2017-04-27,,0.96,,pre-market,,,,,,,,,,,,,1.0526,,,,,,,,,,,,
2017-06-30,AEP,,,,,,,,,,,,,,,,,,,,,,,,,,,,,,,,,,,,,,-0.07,,,0.82,,,,,,,,,,,,,,,,,,,,,,,,,,,,,,,,,,,,,,,,,,,,,,,,,2017-07-27,,0.75,,pre-market,,,,,,,,,,,,,-8.5366,,,,,,,,,,,,
2017-09-30,AEP,,,,,,,,,,,,,,,,,,,,,,,,,,,,,,,,,,,,,,-0.06,,,1.16,,,,,,,,,,,,,,,,,,,,,,,,,,,,,,,,,,,,,,,,,,,,,,,,,2017-10-26,,1.1,,pre-market,,,,,,,,,,,,,-5.1724,,,,,,,,,,,,
2017-12-31,AEP,,,,,,,,,,,,,,,,,,,,,,,,,,,,,,,,,,,,,,0.06,,,0.79,,,,,,,,,,,,,,,,,,,,,,,,,,,,,,,,,,,,,,,,,,,,,,,,,2018-01-25,,0.85,,pre-market,,,,,,,,,,,,,7.5949,,,,,,,,,,,,
2018-03-31,AEP,,,,,,,,,,,,,,,,,,,,,,,,,,,,,,,,,,,,,,-0.02,,,0.98,,,,,,,,,,,,,,,,,,,,,,,,,,,,,,,,,,,,,,,,,,,,,,,,,2018-04-26,,0.96,,pre-market,,,,,,,,,,,,,-2.0408,,,,,,,,,,,,
2018-06-30,AEP,,,,,,,,,,,,,,,,,,,,,,,,,,,,,,,,,,,,,,0.13,,,0.88,,,,,,,,,,,,,,,,,,,,,,,,,,,,,,,,,,,,,,,,,,,,,,,,,2018-07-25,,1.01,,pre-market,,,,,,,,,,,,,14.7727,,,,,,,,,,,,
2018-09-30,AEP,,,,,,,,,,,,,,,,,,,,,,,,,,,,,,,,,,,,,,0.05,,,1.21,,,,,,,,,,,,,,,,,,,,,,,,,,,,,,,,,,,,,,,,,,,,,,,,,2018-10-25,,1.26,,pre-market,,,,,,,,,,,,,4.1322,,,,,,,,,,,,
2018-12-31,AEP,,,,,,,,,,,,,,,,,,,,,,,,,,,,,,,,,,,,,,0.01,,,0.71,,,,,,,,,,,,,,,,,,,,,,,,,,,,,,,,,,,,,,,,,,,,,,,,,2019-01-24,,0.72,,pre-market,,,,,,,,,,,,,1.4085,,,,,,,,,,,,
2019-03-31,AEP,,,,,,,,,,,,,,,,,,,,,,,,,,,,,,,,,,,,,,0.08,,,1.11,,,,,,,,,,,,,,,,,,,,,,,,,,,,,,,,,,,,,,,,,,,,,,,,,2019-04-25,,1.19,,pre-market,,,,,,,,,,,,,7.2072,,,,,,,,,,,,
2019-06-30,AEP,,,,,,,,,,,,,,,,,,,,,,,,,,,,,,,,,,,,,,0.03,,,0.97,,,,,,,,,,,,,,,,,,,,,,,,,,,,,,,,,,,,,,,,,,,,,,,,,2019-07-25,,1.0,,pre-market,,,,,,,,,,,,,3.0928,,,,,,,,,,,,
2019-09-30,AEP,,,,,,,,,,,,,,,,,,,,,,,,,,,,,,,,,,,,,,0.14,,,1.32,,,,,,,,,,,,,,,,,,,,,,,,,,,,,,,,,,,,,,,,,,,,,,,,,2019-10-24,,1.46,,pre-market,,,,,,,,,,,,,10.6061,,,,,,,,,,,,
2019-12-31,AEP,,,,,,,,,,,,,,,,,,,,,,,,,,,,,,,,,,,,,,0.02,,,0.58,,,,,,,,,,,,,,,,,,,,,,,,,,,,,,,,,,,,,,,,,,,,,,,,,2020-02-20,,0.6,,pre-market,,,,,,,,,,,,,3.4483,,,,,,,,,,,,
2020-03-31,AEP,,,,,,,,,,,,,,,,,,,,,,,,,,,,,,,,,,,,,,-0.08,,,1.1,,,,,,,,,,,,,,,,,,,,,,,,,,,,,,,,,,,,,,,,,,,,,,,,,2020-05-06,,1.02,,pre-market,,,,,,,,,,,,,-7.2727,,,,,,,,,,,,
2020-06-30,AEP,,,,,,,,,,,,,,,,,,,,,,,,,,,,,,,,,,,,,,0.02,,,1.06,,,,,,,,,,,,,,,,,,,,,,,,,,,,,,,,,,,,,,,,,,,,,,,,,2020-08-06,,1.08,,pre-market,,,,,,,,,,,,,1.8868,,,,,,,,,,,,
2020-09-30,AEP,,,,,,,,,,,,,,,,,,,,,,,,,,,,,,,,,,,,,,-0.01,,,1.48,,,,,,,,,,,,,,,,,,,,,,,,,,,,,,,,,,,,,,,,,,,,,,,,,2020-10-22,,1.47,,pre-market,,,,,,,,,,,,,-0.6757,,,,,,,,,,,,
2020-12-31,AEP,,,,,,,,,,,,,,,,,,,,,,,,,,,,,,,,,,,,,,0.08,,,0.79,,,,,,,,,,,,,,,,,,,,,,,,,,,,,,,,,,,,,,,,,,,,,,,,,2021-02-25,,0.87,,pre-market,,,,,,,,,,,,,10.1266,,,,,,,,,,,,
2021-03-31,AEP,,,,,,,,,,,,,,,,,,,,,,,,,,,,,,,,,,,,,,-0.02,,,1.17,,,,,,,,,,,,,,,,,,,,,,,,,,,,,,,,,,,,,,,,,,,,,,,,,2021-04-22,,1.15,,pre-market,,,,,,,,,,,,,-1.7094,,,,,,,,,,,,
2021-06-30,AEP,,,,,,,,,,,,,,,,,,,,,,,,,,,,,,,,,,,,,,0.04,,,1.14,,,,,,,,,,,,,,,,,,,,,,,,,,,,,,,,,,,,,,,,,,,,,,,,,2021-07-22,,1.18,,pre-market,,,,,,,,,,,,,3.5088,,,,,,,,,,,,
2021-09-30,AEP,,,,,,,,,,,,,,,,,,,,,,,,,,,,,,,,,,,,,,-0.03,,,1.46,,,,,,,,,,,,,,,,,,,,,,,,,,,,,,,,,,,,,,,,,,,,,,,,,2021-10-28,,1.43,,pre-market,,,,,,,,,,,,,-2.0548,,,,,,,,,,,,
2021-12-31,AEP,,,,,,,,,,,,,,,,,,,,,,,,,,,,,,,,,,,,,,0.05,,,0.93,,,,,,,,,,,,,,,,,,,,,,,,,,,,,,,,,,,,,,,,,,,,,,,,,2022-02-24,,0.98,,pre-market,,,,,,,,,,,,,5.3763,,,,,,,,,,,,
2022-03-31,AEP,,,,,,,,,,,,,,,,,,,,,,,,,,,,,,,,,,,,,,0.02,,,1.2,,,,,,,,,,,,,,,,,,,,,,,,,,,,,,,,,,,,,,,,,,,,,,,,,2022-04-28,,1.22,,pre-market,,,,,,,,,,,,,1.6667,,,,,,,,,,,,
2022-06-30,AEP,,,,,,,,,,,,,,,,,,,,,,,,,,,,,,,,,,,,,,0.01,,,1.19,,,,,,,,,,,,,,,,,,,,,,,,,,,,,,,,,,,,,,,,,,,,,,,,,2022-07-27,,1.2,,pre-market,,,,,,,,,,,,,0.8403,,,,,,,,,,,,
2022-09-30,AEP,,,,,,,,,,,,,,,,,,,,,,,,,,,,,,,,,,,,,,0.06,,,1.56,,,,,,,,,,,,,,,,,,,,,,,,,,,,,,,,,,,,,,,,,,,,,,,,,2022-10-27,,1.62,,pre-market,,,,,,,,,,,,,3.8462,,,,,,,,,,,,
2022-12-31,AEP,,,,,,,,,,,,,,,,,,,,,,,,,,,,,,,,,,,,,,0.06,,,0.99,,,,,,,,,,,,,,,,,,,,,,,,,,,,,,,,,,,,,,,,,,,,,,,,,2023-02-23,,1.05,,pre-market,,,,,,,,,,,,,6.0606,,,,,,,,,,,,
2023-03-31,AEP,,,,,,,,,,,,,,,,,,,,,,,,,,,,,,,,,,,,,,-0.01,,,1.12,,,,,,,,,,,,,,,,,,,,,,,,,,,,,,,,,,,,,,,,,,,,,,,,,2023-05-04,,1.11,,pre-market,,,,,,,,,,,,,-0.8929,,,,,,,,,,,,
2023-06-30,AEP,,,,,,,,,,,,,,,,,,,,,,,,,,,,,,,,,,,,,,0.01,,,1.12,,,,,,,,,,,,,,,,,,,,,,,,,,,,,,,,,,,,,,,,,,,,,,,,,2023-07-27,,1.13,,pre-market,,,,,,,,,,,,,0.8929,,,,,,,,,,,,
2023-09-30,AEP,,,,,,,,,,,,,,,,,,,,,,,,,,,,,,,,,,,,,,0.07,,,1.7,,,,,,,,,,,,,,,,,,,,,,,,,,,,,,,,,,,,,,,,,,,,,,,,,2023-11-02,,1.77,,pre-market,,,,,,,,,,,,,4.1176,,,,,,,,,,,,
2023-12-31,AEP,,,,,,,,,,,,,,,,,,,,,,,,,,,,,,,,,,,,,,-0.03,,,1.26,,,,,,,,,,,,,,,,,,,,,,,,,,,,,,,,,,,,,,,,,,,,,,,,,2024-02-26,,1.23,,post-market,,,,,,,,,,,,,-2.381,,,,,,,,,,,,
2024-03-31,AEP,,,,,,,,,,,,,,,,,,,,,,,,,,,,,,,,,,,,,,0.02,,,1.25,,,,,,,,,,,,,,,,,,,,,,,,,,,,,,,,,,,,,,,,,,,,,,,,,2024-04-30,,1.27,,pre-market,,,,,,,,,,,,,1.6,,,,,,,,,,,,
2024-06-30,AEP,,,,,,,,,,,,,,,,,,,,,,,,,,,,,,,,,,,,,,0.02,,,1.23,,,,,,,,,,,,,,,,,,,,,,,,,,,,,,,,,,,,,,,,,,,,,,,,,2024-07-30,,1.25,,pre-market,,,,,,,,,,,,,1.626,,,,,,,,,,,,
2024-09-30,AEP,,,,,,,,,,,,,,,,,,,,,,,,,,,,,,,,,,,,,,0.05,,,1.8,,,,,,,,,,,,,,,,,,,,,,,,,,,,,,,,,,,,,,,,,,,,,,,,,2024-11-06,,1.85,,pre-market,,,,,,,,,,,,,2.7778,,,,,,,,,,,,
2024-12-31,AEP,,,,,,,,,,,,,,,,,,,,,,,,,,,,,,,,,,,,,,-0.0024,,,1.2424,,,,,,,,,,,,,,,,,,,,,,,,,,,,,,,,,,,,,,,,,,,,,,,,,2025-02-24,,1.24,,pre-market,,,,,,,,,,,,,-0.1932,,,,,,,,,,,,
2025-03-31,AEP,,,,,,,,,,,,,,,,,,,,,,,,,,,,,,,,,,,,,,0.14,,,1.4,,,,,,,,,,,,,,,,,,,,,,,,,,,,,,,,,,,,,,,,,,,,,,,,,2025-05-06,,1.54,,pre-market,,,,,,,,,,,,,10.0,,,,,,,,,,,,
2025-06-30,AEP,,,,,,,,,,,,,,,,,,,,,,,,,,,,,,,,,,,,,,0.16,,,1.27,,,,,,,,,,,,,,,,,,,,,,,,,,,,,,,,,,,,,,,,,,,,,,,,,2025-07-30,,1.43,,pre-market,,,,,,,,,,,,,12.5984,,,,,,,,,,,,
2025-09-30,AEP,,,,,,,,,,,,,,,,,,,,,,,,,,,,,,,,,,,,,,-0.09,,,1.89,,,,,,,,,,,,,,,,,,,,,,,,,,,,,,,,,,,,,,,,,,,,,,,,,2025-11-13,,1.8,,pre-market,,,,,,,,,,,,,-4.7619,,,,,,,,,,,,
2025-12-28,AEP,6.82,21257001000.0,16.96,,0.598,56.79,,,,,,,,,,,,,,,,,,,,,,,,,,3.72,0.0323,,,,0.006,-0.09,,,1.89,,18.35,,10293000000.0,,,,,,,,,,,,,,,,,,,0.259,,,,,,,,,,,,,2.122,2.027,2.913,,,,,,,,0.172,,,2025-11-13,,1.8,,pre-market,,,0.0321,0.129,0.109,39.82,,,,,110.11,118.69,-4.7619,,,,,,,,,16.96,,124.8,86.88
2025-12-28,AEP,6.82,21257001000.0,16.96,,0.598,56.79,,,,,,,,,,,,,,,None,3183100000,3183100000,,,,,,None,879600000,,3.72,0.0323,,,,0.006,-0.09,1626400000,2506000000,1.89,2025-09-30,18.35,,10293000000.0,2827300000,1117900000,117600000,,,None,508500000,None,,None,,,,,972000000,1000300000,-508500000,None,0.259,,1305900000,1521400000,,,,,None,,,,,2.122,2.027,2.913,,,,,,,,0.172,,,2025-11-13,quarterly,1.8,USD,pre-market,None,,0.0321,0.129,0.109,39.82,None,,,,110.11,118.69,-4.7619,,,,,,,6010400000,,16.96,,124.8,86.88
2025-12-28,AEP,6.82,21257001000.0,16.96,,0.598,56.79,,,,,,,,,,,,,,,None,3323100000,3323100000,,,,,,None,853100000,,3.72,0.0323,,,,0.006,-0.09,1507500000,2360600000,1.89,2025-06-30,18.35,,10293000000.0,1764500000,1037400000,-250900000,,,None,490700000,None,,None,,,,,1225800000,1288300000,-489500000,None,0.259,,365000000,1399500000,,,,,None,,,,,2.122,2.027,2.913,,,,,,,,0.172,,,2025-11-13,quarterly,1.8,USD,pre-market,None,,0.0321,0.129,0.109,39.82,None,,,,110.11,118.69,-4.7619,,,,,,,5087600000,,16.96,,124.8,86.88
2025-12-28,AEP,6.82,21257001000.0,16.96,,0.598,56.79,,,,,,,,,,,,,,,None,3760000000,3760000000,,,,,,None,833400000,,3.72,0.0323,,,,0.006,-0.09,1385800000,2219200000,1.89,2025-03-31,18.35,,10293000000.0,1879200000,927700000,125500000,,,None,496300000,None,,None,,,,,800200000,802200000,-494900000,None,0.259,,422000000,1457200000,,,,,None,,,,,2.122,2.027,2.913,,,,,,,,0.172,,,2025-11-13,quarterly,1.8,USD,pre-market,None,,0.0321,0.129,0.109,39.82,None,,,,110.11,118.69,-4.7619,,,,,,,5639200000,,16.96,,124.8,86.88
2025-12-28,AEP,6.82,21257001000.0,16.96,,0.598,56.79,,,,,,,,,,,,,,,None,3220700000,3220700000,,,,,,None,828200000,,3.72,0.0323,,,,0.006,-0.09,1161700000,1989900000,1.89,2024-12-31,18.35,,10293000000.0,1483500000,724400000,58500000,,,None,464000000,None,,None,,,,,664100000,665900000,-462800000,None,0.259,,385100000,1098400000,,,,,None,,,,,2.122,2.027,2.913,,,,,,,,0.172,,,2025-11-13,quarterly,1.8,USD,pre-market,None,,0.0321,0.129,0.109,39.82,None,,,,110.11,118.69,-4.7619,,,,,,,4704200000,,16.96,,124.8,86.88
2025-12-28,AEP,6.82,21257001000.0,16.96,,0.598,56.79,,,,,,,,,,,,,,,None,3661200000,3661200000,,,,,,None,852700000,,3.72,0.0323,,,,0.006,-0.09,1471900000,2324600000,1.89,2024-09-30,18.35,,10293000000.0,1827100000,999200000,37500000,,,None,490000000,None,,None,,,,,959600000,961700000,-498800000,None,0.259,,407200000,1419900000,,,,,None,,,,,2.122,2.027,2.913,,,,,,,,0.172,,,2025-11-13,quarterly,1.8,USD,pre-market,None,,0.0321,0.129,0.109,39.82,None,,,,110.11,118.69,-4.7619,,,,,,,5488300000,,16.96,,124.8,86.88
2025-12-28,AEP,6.82,21257001000.0,16.96,,0.598,56.79,,,,,,,,,,,,,,,None,3358000000,3358000000,,,,,,None,821900000,,3.72,0.0323,,,,0.006,-0.09,790700000,1612600000,1.89,2024-06-30,18.35,,10293000000.0,1269900000,349200000,6700000,,,None,466700000,None,,None,,,,,340300000,342500000,-465600000,None,0.259,,393600000,876300000,,,,,None,,,,,2.122,2.027,2.913,,,,,,,,0.172,,,2025-11-13,quarterly,1.8,USD,pre-market,None,,0.0321,0.129,0.109,39.82,None,,,,110.11,118.69,-4.7619,,,,,,,4627900000,,16.96,,124.8,86.88
2025-12-28,AEP,6.82,21257001000.0,16.96,,0.598,56.79,,,,,,,,,,,,,,,None,3443600000,3443600000,,,,,,None,787100000,,3.72,0.0323,,,,0.006,-0.09,1276100000,2063200000,1.89,2024-03-31,18.35,,10293000000.0,1652500000,863800000,-141900000,,,None,436800000,None,,None,,,,,1003100000,1005700000,-435600000,None,0.259,,410400000,1242100000,,,,,None,,,,,2.122,2.027,2.913,,,,,,,,0.172,,,2025-11-13,quarterly,1.8,USD,pre-market,None,,0.0321,0.129,0.109,39.82,None,,,,110.11,118.69,-4.7619,,,,,,,5096100000,,16.96,,124.8,86.88
2025-12-28,AEP,6.82,21257001000.0,16.96,,0.598,56.79,,,,,,,,,,,,,,,None,3544400000,3544400000,,,,,,None,877600000,,3.72,0.0323,,,,0.006,-0.09,753800000,1631400000,1.89,2023-12-31,18.35,,10293000000.0,1143600000,289200000,-48600000,,,None,462200000,None,,None,,,,,336200000,337800000,-460900000,None,0.259,,343100000,800500000,,,,,None,,,,,2.122,2.027,2.913,,,,,,,,0.172,,,2025-11-13,quarterly,1.8,USD,pre-market,None,,0.0321,0.129,0.109,39.82,None,,,,110.11,118.69,-4.7619,,,,,,,4688000000,,16.96,,124.8,86.88
2025-12-28,AEP,6.82,21257001000.0,16.96,,0.598,56.79,,,,,,,,,,,,,,,None,3594300000,3594300000,,,,,,None,792300000,,3.72,0.0323,,,,0.006,-0.09,1472800000,2265100000,1.89,2023-09-30,18.35,,10293000000.0,1758300000,1022500000,64200000,,,None,471600000,None,,None,,,,,953700000,958300000,-470300000,None,0.259,,393900000,1364400000,,,,,None,,,,,2.122,2.027,2.913,,,,,,,,0.172,,,2025-11-13,quarterly,1.8,USD,pre-market,None,,0.0321,0.129,0.109,39.82,None,,,,110.11,118.69,-4.7619,,,,,,,5352600000,,16.96,,124.8,86.88
2025-12-28,AEP,6.82,21257001000.0,16.96,,0.598,56.79,,,,,,,,,,,,,,,None,3138300000,3138300000,,,,,,None,741600000,,3.72,0.0323,,,,0.006,-0.09,985800000,1727400000,1.89,2023-06-30,18.35,,10293000000.0,1359000000,544699999,28600000,,,None,460500000,None,,None,,,,,521200000,516100000,-460000000,None,0.259,,360400000,998600000,,,,,74800000,,,,,2.122,2.027,2.913,,,,,,,,0.172,,,2025-11-13,quarterly,1.8,USD,pre-market,None,,0.0321,0.129,0.109,39.82,631200000,,,,110.11,118.69,-4.7619,,,,,,,4497300000,,16.96,,124.8,86.88
2025-12-28,AEP,6.82,21257001000.0,16.96,,0.598,56.79,,,,,,,,,,,,,,,None,3479800000,3479800000,,,,,,None,800500000,,3.72,0.0323,,,,0.006,-0.09,805600000,1606100000,1.89,2023-03-31,18.35,,10293000000.0,1363800000,410800000,10400000,,,None,415000000,None,,None,,,,,397000000,380200000,-415700000,None,0.259,,394900000,968900000,,,,,66200000,,,,,2.122,2.027,2.913,,,,,,,,0.172,,,2025-11-13,quarterly,1.8,USD,pre-market,None,,0.0321,0.129,0.109,39.82,680000000,,,,110.11,118.69,-4.7619,,,,,,,4843600000,,16.96,,124.8,86.88
2025-12-28,AEP,6.82,21257001000.0,16.96,,0.598,56.79,,,,,,,,,,,,,,,None,3850100000,3850100000,,,,,,None,868900000,,3.72,0.0323,,,,0.006,-0.09,661900000,1530800000,1.89,2022-12-31,18.35,,10293000000.0,1098300000,298099999,-85300000,,,None,393500000,None,,None,,,,,384300000,383400000,-394400000,None,0.259,,351300000,747000000,,,,,85400000,,,,,2.122,2.027,2.913,,,,,,,,0.172,,,2025-11-13,quarterly,1.8,USD,pre-market,None,,0.0321,0.129,0.109,39.82,799100000,,,,110.11,118.69,-4.7619,,,,,,,4948400000,,16.96,,124.8,86.88
2025-12-28,AEP,6.82,21257001000.0,16.96,,0.598,56.79,,,,,,,,,,,,,,,None,2111900000,2111900000,,,,,,None,821800000,,3.72,0.0323,,,,0.006,-0.09,1060100000,1881900000,1.89,2022-09-30,18.35,,10293000000.0,3414200000,657000000,16100000,,,None,360700000,None,,None,,,,,683300000,673100000,-360700000,None,0.259,,2484100000,1196700000,,,,,50600000,,,,,2.122,2.027,2.913,,,,,,,,0.172,,,2025-11-13,quarterly,1.8,USD,pre-market,None,,0.0321,0.129,0.109,39.82,797000000,,,,110.11,118.69,-4.7619,,,,,,,5526100000,,16.96,,124.8,86.88
2025-12-28,AEP,6.82,21257001000.0,16.96,,0.598,56.79,,,,,,,,,,,,,,,None,3318300000,3318300000,,,,,,None,818700000,,3.72,0.0323,,,,0.006,-0.09,1066300000,1885000000,1.89,2022-06-30,18.35,,10293000000.0,1200300000,574800000,54000000,,,None,326500000,None,,None,,,,,524500000,685800000,-327600000,None,0.259,,369500000,830800000,,,,,-149100000,,,,,2.122,2.027,2.913,,,,,,,,0.172,,,2025-11-13,quarterly,1.8,USD,pre-market,None,,0.0321,0.129,0.109,39.82,619800000,,,,110.11,118.69,-4.7619,,,,,,,4518600000,,16.96,,124.8,86.88
2025-12-28,AEP,6.82,21257001000.0,16.96,,0.598,56.79,,,,,,,,,,,,,,,None,3243200000,3243200000,,,,,,None,815300000,,3.72,0.0323,,,,0.006,-0.09,1067500000,1882800000,1.89,2022-03-31,18.35,,10293000000.0,1197100000,770900000,52800000,,,None,312300000,None,,None,,,,,714700000,702400000,-313400000,None,0.259,,364200000,832900000,,,,,49000000,,,,,2.122,2.027,2.913,,,,,,,,0.172,,,2025-11-13,quarterly,1.8,USD,pre-market,None,,0.0321,0.129,0.109,39.82,662200000,,,,110.11,118.69,-4.7619,,,,,,,4440300000,,16.96,,124.8,86.88
2025-12-28,AEP,6.82,21257001000.0,16.96,,0.598,56.79,,,,,,,,,,,,,,,None,3012400000,3012400000,,,,,,None,745200000,,3.72,0.0323,,,,0.006,-0.09,754700000,1499900000,1.89,2021-12-31,18.35,,10293000000.0,1024800000,468600000,-70000000,,,None,301900000,None,,None,,,,,538900000,522800000,-303600000,None,0.259,,346200000,678600000,,,,,58800000,,,,,2.122,2.027,2.913,,,,,,,,0.172,,,2025-11-13,quarterly,1.8,USD,pre-market,None,,0.0321,0.129,0.109,39.82,653100000,,,,110.11,118.69,-4.7619,,,,,,,4037200000,,16.96,,124.8,86.88
2025-12-28,AEP,6.82,21257001000.0,16.96,,0.598,56.79,,,,,,,,,,,,,,,None,3157000000,3157000000,,,,,,None,721800000,,3.72,0.0323,,,,0.006,-0.09,1151900000,1873700000,1.89,2021-09-30,18.35,,10293000000.0,1338100000,866700000,69800000,,,None,302200000,None,,None,,,,,796000000,796900000,-303700000,None,0.259,,360800000,977300000,,,,,33400000,,,,,2.122,2.027,2.913,,,,,,,,0.172,,,2025-11-13,quarterly,1.8,USD,pre-market,None,,0.0321,0.129,0.109,39.82,735300000,,,,110.11,118.69,-4.7619,,,,,,,4495100000,,16.96,,124.8,86.88
2025-12-28,AEP,6.82,21257001000.0,16.96,,0.598,56.79,,,,,,,,,,,,,,,None,2664600000,2664600000,,,,,,None,725000000,,3.72,0.0323,,,,0.006,-0.09,904400000,1629400000,1.89,2021-06-30,18.35,,10293000000.0,1145300000,635000000,61200000,,,None,299800000,None,,None,,,,,578200000,573800000,-301600000,None,0.259,,354100000,791200000,,,,,97000000,,,,,2.122,2.027,2.913,,,,,,,,0.172,,,2025-11-13,quarterly,1.8,USD,pre-market,None,,0.0321,0.129,0.109,39.82,566900000,,,,110.11,118.69,-4.7619,,,,,,,3809900000,,16.96,,124.8,86.88
2025-12-28,AEP,6.82,21257001000.0,16.96,,0.598,56.79,,,,,,,,,,,,,,,None,3125500000,3125500000,,,,,,None,719000000,,3.72,0.0323,,,,0.006,-0.09,893500000,1612500000,1.89,2021-03-31,18.35,,10293000000.0,1155800000,633300000,54500000,,,None,288700000,None,,None,,,,,575000000,550300000,-290200000,None,0.259,,346500000,809300000,,,,,83600000,,,,,2.122,2.027,2.913,,,,,,,,0.172,,,2025-11-13,quarterly,1.8,USD,pre-market,None,,0.0321,0.129,0.109,39.82,592400000,,,,110.11,118.69,-4.7619,,,,,,,4281300000,,16.96,,124.8,86.88
2025-12-28,AEP,6.82,21257001000.0,16.96,,0.598,56.79,,,,,,,,,,,,,,,None,2720100000,2720100000,,,,,,None,706800000,,3.72,0.0323,,,,0.006,-0.09,676700000,1383500000,1.89,2020-12-31,18.35,,10293000000.0,892100000,417300000,-17400000,,,None,287000000,None,,None,,,,,435500000,407100000,-288300000,None,0.259,,319200000,572900000,,,,,105600000,,,,,2.122,2.027,2.913,,,,,,,,0.172,,,2025-11-13,quarterly,1.8,USD,pre-market,None,,0.0321,0.129,0.109,39.82,701400000,,,,110.11,118.69,-4.7619,,,,,,,3612200000,,16.96,,124.8,86.88
2025-12-28,AEP,6.82,21257001000.0,16.96,,0.598,56.79,,,,,,,,,,,,,,,None,2784600000,2784600000,,,,,,None,666200000,,3.72,0.0323,,,,0.006,-0.09,1022300000,1688500000,1.89,2020-09-30,18.35,,10293000000.0,1269800000,747000000,-1200000,,,None,290000000,None,,None,,,,,748600000,733500000,-291300000,None,0.259,,337700000,932100000,,,,,65400000,,,,,2.122,2.027,2.913,,,,,,,,0.172,,,2025-11-13,quarterly,1.8,USD,pre-market,None,,0.0321,0.129,0.109,39.82,702900000,,,,110.11,118.69,-4.7619,,,,,,,4054400000,,16.96,,124.8,86.88
2025-12-28,AEP,6.82,21257001000.0,16.96,,0.598,56.79,,,,,,,,,,,,,,,None,2452600000,2452600000,,,,,,None,701700000,,3.72,0.0323,,,,0.006,-0.09,800500000,1502200000,1.89,2020-06-30,18.35,,10293000000.0,1031599999,527100000,12600000,,,None,292600000,258900000,,None,,,,,520800000,495300000,-294000000,None,0.259,,317500000,714100000,,,,,68600000,,,,,2.122,2.027,2.913,,,,,,,,0.172,,,2025-11-13,quarterly,1.8,USD,pre-market,None,,0.0321,0.129,0.109,39.82,566000000,,,,110.11,118.69,-4.7619,,,,,,,3484200000,,16.96,,124.8,86.88
2025-12-28,AEP,6.82,21257001000.0,16.96,,0.598,56.79,,,,,,,,,,,,,,,None,2674500000,2674500000,,,,,,None,695600000,,3.72,0.0323,,,,0.006,-0.09,807400000,1503000000,1.89,2020-03-31,18.35,,10293000000.0,1082900000,545800000,46500000,,,None,291200000,260700000,,None,,,,,495200000,469700000,-292100000,None,0.259,,321100000,761800000,,,,,56600000,,,,,2.122,2.027,2.913,,,,,,,,0.172,,,2025-11-13,quarterly,1.8,USD,pre-market,None,,0.0321,0.129,0.109,39.82,602100000,,,,110.11,118.69,-4.7619,,,,,,,3757400000,,16.96,,124.8,86.88
2025-12-28,AEP,6.82,21257001000.0,16.96,,0.598,56.79,,,,,,,,,,,,,,,None,2863000000,2863000000,,,,,,None,658400000,,3.72,0.0323,,,,0.006,-0.09,378000000,1036400000,1.89,2019-12-31,18.35,,10293000000.0,755400000,109100000,-43600000,,,None,289900000,244800000,,None,,,,,153500000,131700000,-290900000,None,0.259,,301800000,453600000,,,,,75300000,,,,,2.122,2.027,2.913,,,,,,,,0.172,,,2025-11-13,quarterly,1.8,USD,pre-market,None,,0.0321,0.129,0.109,39.82,762000000,,,,110.11,118.69,-4.7619,,,,,,,3618400000,,16.96,,124.8,86.88
2025-12-28,AEP,6.82,21257001000.0,16.96,,0.598,56.79,,,,,,,,,,,,,,,None,3036400000,3036400000,,,,,,None,670700000,,3.72,0.0323,,,,0.006,-0.09,1034400000,1705100000,1.89,2019-09-30,18.35,,10293000000.0,1257100000,774500000,40600000,,,None,275100000,232100000,,None,,,,,733500000,718700000,-275100000,None,0.259,,320500000,936600000,,,,,61400000,,,,,2.122,2.027,2.913,,,,,,,,0.172,,,2025-11-13,quarterly,1.8,USD,pre-market,None,,0.0321,0.129,0.109,39.82,708300000,,,,110.11,118.69,-4.7619,,,,,,,4293500000,,16.96,,124.8,86.88
2025-12-28,AEP,6.82,21257001000.0,16.96,,0.598,56.79,,,,,,,,,,,,,,,None,2720100000,2720100000,,,,,,None,643600000,,3.72,0.0323,,,,0.006,-0.09,637700000,1281300000,1.89,2019-06-30,18.35,,10293000000.0,849800000,404700000,-54400000,,,None,250400000,200300000,,None,,,,,461300000,441700000,-250700000,None,0.259,,302300000,547500000,,,,,74400000,,,,,2.122,2.027,2.913,,,,,,,,0.172,,,2025-11-13,quarterly,1.8,USD,pre-market,None,,0.0321,0.129,0.109,39.82,607400000,,,,110.11,118.69,-4.7619,,,,,,,3569900000,,16.96,,124.8,86.88
2025-12-28,AEP,6.82,21257001000.0,16.96,,0.598,56.79,,,,,,,,,,,,,,,None,2959000000,2959000000,,,,,,None,630900000,,3.72,0.0323,,,,0.006,-0.09,855700000,1486600000,1.89,2019-03-31,18.35,,10293000000.0,1094800000,618600000,44500000,,,None,255600000,226900000,,None,,,,,572800000,555600000,-255800000,None,0.259,,309900000,784900000,,,,,56000000,,,,,2.122,2.027,2.913,,,,,,,,0.172,,,2025-11-13,quarterly,1.8,USD,pre-market,None,,0.0321,0.129,0.109,39.82,666000000,,,,110.11,118.69,-4.7619,,,,,,,4053800000,,16.96,,124.8,86.88
2025-12-28,AEP,6.82,21257001000.0,16.96,,0.598,56.79,,,,,,,,,,,,,,,None,2900800000,2900800000,,,,,,None,622300000,,3.72,0.0323,,,,0.006,-0.09,619900000,1242200000,1.89,2018-12-31,18.35,,10293000000.0,894100000,386600000,21800000,,,None,251100000,None,,None,,,,,363400000,420100000,None,None,0.259,,279700000,614400000,,,,,57600000,,,,,2.122,2.027,2.913,,,,,,,,0.172,,,2025-11-13,quarterly,1.8,USD,pre-market,0,,0.0321,0.129,0.109,39.82,4228700000,,,,110.11,118.69,-4.7619,,,,,,,3794900000,,16.96,,124.8,86.88
2025-12-28,AEP,6.82,21257001000.0,16.96,,0.598,56.79,,,,,,,,,,,,,,,None,3371700000,3371700000,,,,,,None,633800000,,3.72,0.0323,,,,0.006,-0.09,737300000,1371100000,1.89,2018-09-30,18.35,,10293000000.0,942800000,499000000,-80700000,,,None,256399999,None,,None,,,,,577600000,561600000,None,None,0.259,,294200000,648600000,,,,,55300000,,,,,2.122,2.027,2.913,,,,,,,,0.172,,,2025-11-13,quarterly,1.8,USD,pre-market,0,,0.0321,0.129,0.109,39.82,826000000,,,,110.11,118.69,-4.7619,,,,,,,4314500000,,16.96,,124.8,86.88
2025-12-28,AEP,6.82,21257001000.0,16.96,,0.598,56.79,,,,,,,,,,,,,,,None,2977100000,2977100000,,,,,,None,577200000,,3.72,0.0323,,,,0.006,-0.09,825700000,1402900000,1.89,2018-06-30,18.35,,10293000000.0,1011800000,602300000,72200000,,,None,242100000,None,,None,,,,,528400000,511400000,None,None,0.259,,283200000,728600000,,,,,56200000,,,,,2.122,2.027,2.913,,,,,,,,0.172,,,2025-11-13,quarterly,1.8,USD,pre-market,0,,0.0321,0.129,0.109,39.82,1063500000,,,,110.11,118.69,-4.7619,,,,,,,3988900000,,16.96,,124.8,86.88
2025-12-28,AEP,6.82,21257001000.0,16.96,,0.598,56.79,,,,,,,,,,,,,,,None,3062300000,3062300000,,,,,,None,567100000,,3.72,0.0323,,,,0.006,-0.09,773900000,1341000000,1.89,2018-03-31,18.35,,10293000000.0,1006600000,558700000,102000000,,,None,233700000,None,,None,,,,,454400000,438200000,None,None,0.259,,285600000,721000000,,,,,54700000,,,,,2.122,2.027,2.913,,,,,,,,0.172,,,2025-11-13,quarterly,1.8,USD,pre-market,0,,0.0321,0.129,0.109,39.82,1012000000,,,,110.11,118.69,-4.7619,,,,,,,4068900000,,16.96,,124.8,86.88
2025-12-28,AEP,6.82,21257001000.0,16.96,,0.598,56.79,,,,,,,,,,,,,,,None,2725600000,2725600000,,,,,,None,535600000,,3.72,0.0323,,,,0.006,-0.09,781100000,1316700000,1.89,2017-12-31,18.35,,10293000000.0,1081400000,573700000,171900000,,,None,226700000,None,,None,,,,,400700000,428800000,None,None,0.259,,267399999,814000000,,,,,58500000,,,,,2.122,2.027,2.913,,,,,,,,0.172,,,2025-11-13,quarterly,1.8,USD,pre-market,0,,0.0321,0.129,0.109,39.82,908900000,,,,110.11,118.69,-4.7619,,,,,,,3807000000,,16.96,,124.8,86.88
2025-12-28,AEP,6.82,21257001000.0,16.96,,0.598,56.79,,,,,,,,,,,,,,,None,2858200000,2858200000,,,,,,None,551700000,,3.72,0.0323,,,,0.006,-0.09,1026000000,1577700000,1.89,2017-09-30,18.35,,10293000000.0,1227900000,820700000,264000000,,,None,222900000,None,,None,,,,,544700000,556700000,None,None,0.259,,272600000,955300000,,,,,57500000,,,,,2.122,2.027,2.913,,,,,,,,0.172,,,2025-11-13,quarterly,1.8,USD,pre-market,0,,0.0321,0.129,0.109,39.82,908700000,,,,110.11,118.69,-4.7619,,,,,,,4086100000,,16.96,,124.8,86.88
2025-12-28,AEP,6.82,21257001000.0,16.96,,0.598,56.79,,,,,,,,,,,,,,,None,2585300000,2585300000,,,,,,None,522000000,,3.72,0.0323,,,,0.006,-0.09,771500000,1293500000,1.89,2017-06-30,18.35,,10293000000.0,980300000,566800000,190600000,,,None,222600000,None,,None,,,,,375000000,376200000,None,None,0.259,,259600000,720700000,,,,,45000000,,,,,2.122,2.027,2.913,,,,,,,,0.172,,,2025-11-13,quarterly,1.8,USD,pre-market,0,,0.0321,0.129,0.109,39.82,863800000,,,,110.11,118.69,-4.7619,,,,,,,3565600000,,16.96,,124.8,86.88
2025-12-28,AEP,6.82,21257001000.0,16.96,,0.598,56.79,,,,,,,,,,,,,,,None,2794500000,2794500000,,,,,,None,517000000,,3.72,0.0323,,,,0.006,-0.09,1131700000,1648700000,1.89,2017-03-31,18.35,,10293000000.0,1122800000,910400000,343200000,,,None,221300000,None,,None,,,,,592200000,567200000,None,None,0.259,,259800000,863000000,,,,,62100000,,,,,2.122,2.027,2.913,,,,,,,,0.172,,,2025-11-13,quarterly,1.8,USD,pre-market,0,,0.0321,0.129,0.109,39.82,862000000,,,,110.11,118.69,-4.7619,,,,,,,3917300000,,16.96,,124.8,86.88
2025-12-28,AEP,6.82,21257001000.0,16.96,,0.598,56.79,,,,,,,,,,,,,,,None,2962400000,2962400000,,,,,,None,431000000,,3.72,0.0323,,,,0.006,-0.09,616400000,1047400000,1.89,2016-12-31,18.35,,10293000000.0,791400000,407100000,60300000,,,None,209300000,None,,None,,,,,373400000,375200000,None,None,0.259,,250100000,541300000,,,,,69600000,,,,,2.122,2.027,2.913,,,,,,,,0.172,,,2025-11-13,quarterly,1.8,USD,pre-market,0,,0.0321,0.129,0.109,39.82,1056300000,,,,110.11,118.69,-4.7619,,,,,,,3753800000,,16.96,,124.8,86.88
2025-12-28,AEP,6.82,21257001000.0,16.96,,0.598,56.79,,,,,,,,,,,,,,,None,3251500000,3251500000,,,,,,None,575800000,,3.72,0.0323,,,,0.006,-0.09,-1099200000,-523400000,1.89,2016-09-30,18.35,,10293000000.0,1389000000,-1323900000,-534500000,,,None,224700000,None,,None,,,,,-765800000,-764200000,None,None,0.259,,264399999,1124600000,,,,,54500000,,,,,2.122,2.027,2.913,,,,,,,,0.172,,,2025-11-13,quarterly,1.8,USD,pre-market,0,,0.0321,0.129,0.109,39.82,1035500000,,,,110.11,118.69,-4.7619,,,,,,,4640500000,,16.96,,124.8,86.88
2025-12-28,AEP,6.82,21257001000.0,16.96,,0.598,56.79,,,,,,,,,,,,,,,None,1599000000,1599000000,,,,,,None,546500000,,3.72,0.0323,,,,0.006,-0.09,903700000,1450200000,1.89,2016-06-30,18.35,,10293000000.0,2293900000,678800000,165000000,,,None,224900000,None,,None,,,,,502100000,506400000,None,None,0.259,,1427700000,866200000,,,,,30100000,,,,,2.122,2.027,2.913,,,,,,,,0.172,,,2025-11-13,quarterly,1.8,USD,pre-market,0,,0.0321,0.129,0.109,39.82,913900000,,,,110.11,118.69,-4.7619,,,,,,,3892900000,,16.96,,124.8,86.88
2025-12-28,AEP,6.82,21257001000.0,16.96,,0.598,56.79,,,,,,,,,,,,,,,None,1685700000,1685700000,,,,,,None,537600000,,3.72,0.0323,,,,0.006,-0.09,930600000,1468200000,1.89,2016-03-31,18.35,,10293000000.0,2359200000,713600000,235500000,,,None,217000000,None,,None,,,,,501200000,503100000,None,None,0.259,,1466300000,892900000,,,,,62700000,,,,,2.122,2.027,2.913,,,,,,,,0.172,,,2025-11-13,quarterly,1.8,USD,pre-market,0,,0.0321,0.129,0.109,39.82,969200000,,,,110.11,118.69,-4.7619,,,,,,,4044900000,,16.96,,124.8,86.88
2025-12-28,AEP,6.82,21257001000.0,16.96,,0.598,56.79,,,,,,,,,,,,,,,None,1678500000,1678500000,,,,,,None,524700000,,3.72,0.0323,,,,0.006,-0.09,507800000,1032500000,1.89,2015-12-31,18.35,,10293000000.0,1935700000,292900000,92600000,,,None,214900000,None,,None,,,,,469100000,1768600000,None,None,0.259,,1470200000,465500000,,,,,None,,,,,2.122,2.027,2.913,,,,,,,,0.172,,,2025-11-13,quarterly,1.8,USD,pre-market,0,,0.0321,0.129,0.109,39.82,124500000,,,,110.11,118.69,-4.7619,,,,,,,3614200000,,16.96,,124.8,86.88
2025-12-28,AEP,6.82,21257001000.0,16.96,,0.598,56.79,,,,,,,,,,,,,,,None,1998200000,1998200000,,,,,,None,571000000,,3.72,0.0323,,,,0.006,-0.09,996200000,1567200000,1.89,2015-09-30,18.35,,10293000000.0,2433200000,776000000,275600000,,,None,220200000,None,,None,,,,,518300000,512000000,None,None,0.259,,1473000000,960200000,,,,,48000000,,,,,2.122,2.027,2.913,,,,,,,,0.172,,,2025-11-13,quarterly,1.8,USD,pre-market,0,,0.0321,0.129,0.109,39.82,939000000,,,,110.11,118.69,-4.7619,,,,,,,4431400000,,16.96,,124.8,86.88
2025-12-28,AEP,6.82,21257001000.0,16.96,,0.598,56.79,,,,,,,,,,,,,,,None,1682100000,1682100000,,,,,,None,524900000,,3.72,0.0323,,,,0.006,-0.09,849500000,1374400000,1.89,2015-06-30,18.35,,10293000000.0,2144600000,630300000,224300000,,,None,219200000,None,,None,,,,,430000000,406000000,None,None,0.259,,1340500000,804100000,,,,,71000000,,,,,2.122,2.027,2.913,,,,,,,,0.172,,,2025-11-13,quarterly,1.8,USD,pre-market,0,,0.0321,0.129,0.109,39.82,937000000,,,,110.11,118.69,-4.7619,,,,,,,3826700000,,16.96,,124.8,86.88
2025-12-28,AEP,6.82,21257001000.0,16.96,,0.598,56.79,,,,,,,,,,,,,,,None,2075200000,2075200000,,,,,,None,533700000,,3.72,0.0323,,,,0.006,-0.09,1142300000,1676000000,1.89,2015-03-31,18.35,,10293000000.0,2505200000,923600000,327200000,,,None,218700000,None,,None,,,,,629200000,0,None,None,0.259,,1402400000,1102800000,,,,,None,,,,,2.122,2.027,2.913,,,,,,,,0.172,,,2025-11-13,quarterly,1.8,USD,pre-market,0,,0.0321,0.129,0.109,39.82,0,,,,110.11,118.69,-4.7619,,,,,,,4580400000,,16.96,,124.8,86.88
2025-12-28,AEP,6.82,21257001000.0,16.96,,0.598,56.79,,,,,,,,,,,,,,,None,1915000000,1915000000,,,,,,None,518000000,,3.72,0.0323,,,,0.006,-0.09,541000000,1059000000,1.89,2014-12-31,18.35,,10293000000.0,2111000000,318000000,151000000,,,None,223000000,None,,None,,,,,191000000,167000000,None,None,0.259,,1612000000,499000000,,,,,67000000,,,,,2.122,2.027,2.913,,,,,,,,0.172,,,2025-11-13,quarterly,1.8,USD,pre-market,0,,0.0321,0.129,0.109,39.82,1124000000,,,,110.11,118.69,-4.7619,,,,,,,4026000000,,16.96,,124.8,86.88
2025-12-28,AEP,6.82,21257001000.0,16.96,,0.598,56.79,,,,,,,,,,,,,,,None,1842000000,1842000000,,,,,,None,519000000,,3.72,0.0323,,,,0.006,-0.09,940000000,1459000000,1.89,2014-09-30,18.35,,10293000000.0,2319000000,723000000,264000000,,,None,217000000,None,,None,,,,,493000000,470000000,None,None,0.259,,1414000000,905000000,,,,,59000000,,,,,2.122,2.027,2.913,,,,,,,,0.172,,,2025-11-13,quarterly,1.8,USD,pre-market,0,,0.0321,0.129,0.109,39.82,1020000000,,,,110.11,118.69,-4.7619,,,,,,,4161000000,,16.96,,124.8,86.88
2025-12-28,AEP,6.82,21257001000.0,16.96,,0.598,56.79,,,,,,,,,,,,,,,None,1856000000,1856000000,,,,,,None,484000000,,3.72,0.0323,,,,0.006,-0.09,804000000,1288000000,1.89,2014-06-30,18.35,,10293000000.0,2188000000,583000000,215000000,,,None,221000000,None,,None,,,,,390000000,368000000,None,None,0.259,,1421000000,767000000,,,,,60000000,,,,,2.122,2.027,2.913,,,,,,,,0.172,,,2025-11-13,quarterly,1.8,USD,pre-market,0,,0.0321,0.129,0.109,39.82,978000000,,,,110.11,118.69,-4.7619,,,,,,,4044000000,,16.96,,124.8,86.88
2025-12-28,AEP,6.82,21257001000.0,16.96,,0.598,56.79,,,,,,,,,,,,,,,None,2098000000,2098000000,,,,,,None,529000000,,3.72,0.0323,,,,0.006,-0.09,1070000000,1599000000,1.89,2014-03-31,18.35,,10293000000.0,2550000000,850000000,307000000,,,None,220000000,None,,None,,,,,560000000,543000000,None,None,0.259,,1509000000,1041000000,,,,,47000000,,,,,2.122,2.027,2.913,,,,,,,,0.172,,,2025-11-13,quarterly,1.8,USD,pre-market,0,,0.0321,0.129,0.109,39.82,1018000000,,,,110.11,118.69,-4.7619,,,,,,,4648000000,,16.96,,124.8,86.88
2025-12-28,AEP,6.82,21257001000.0,16.96,,0.598,56.79,,,,,,,,,,,,,,,None,1689000000,1689000000,,,,,,None,463000000,,3.72,0.0323,,,,0.006,-0.09,713000000,1176000000,1.89,2013-12-31,18.35,,10293000000.0,2084000000,492000000,164000000,,,None,221000000,None,,None,,,,,346000000,328000000,None,None,0.259,,1406000000,678000000,,,,,54000000,,,,,2.122,2.027,2.913,,,,,,,,0.172,,,2025-11-13,quarterly,1.8,USD,pre-market,0,,0.0321,0.129,0.109,39.82,1045000000,,,,110.11,118.69,-4.7619,,,,,,,3773000000,,16.96,,124.8,86.88
2025-12-28,AEP,6.82,21257001000.0,16.96,,0.598,56.79,,,,,,,,,,,,,,,None,1802000000,1802000000,,,,,,None,485000000,,3.72,0.0323,,,,0.006,-0.09,905000000,1390000000,1.89,2013-09-30,18.35,,10293000000.0,2374000000,680000000,257000000,,,None,225000000,None,,None,,,,,433000000,423000000,None,None,0.259,,1499000000,875000000,,,,,41000000,,,,,2.122,2.027,2.913,,,,,,,,0.172,,,2025-11-13,quarterly,1.8,USD,pre-market,0,,0.0321,0.129,0.109,39.82,908000000,,,,110.11,118.69,-4.7619,,,,,,,4176000000,,16.96,,124.8,86.88
2025-12-28,AEP,6.82,21257001000.0,16.96,,0.598,56.79,,,,,,,,,,,,,,,None,1552000000,1552000000,,,,,,None,472000000,,3.72,0.0323,,,,0.006,-0.09,621000000,1093000000,1.89,2013-06-30,18.35,,10293000000.0,2030000000,393000000,68000000,,,None,228000000,None,,None,,,,,338000000,325000000,None,None,0.259,,1483000000,547000000,,,,,88000000,,,,,2.122,2.027,2.913,,,,,,,,0.172,,,2025-11-13,quarterly,1.8,USD,pre-market,0,,0.0321,0.129,0.109,39.82,886000000,,,,110.11,118.69,-4.7619,,,,,,,3582000000,,16.96,,124.8,86.88
2025-12-28,AEP,6.82,21257001000.0,16.96,,0.598,56.79,,,,,,,,,,,,,,,None,1695000000,1695000000,,,,,,None,454000000,,3.72,0.0323,,,,0.006,-0.09,777000000,1231000000,1.89,2013-03-31,18.35,,10293000000.0,2131000000,545000000,195000000,,,None,232000000,None,,None,,,,,363000000,350000000,None,None,0.259,,1376000000,755000000,,,,,36000000,,,,,2.122,2.027,2.913,,,,,,,,0.172,,,2025-11-13,quarterly,1.8,USD,pre-market,0,,0.0321,0.129,0.109,39.82,956000000,,,,110.11,118.69,-4.7619,,,,,,,3826000000,,16.96,,124.8,86.88
2025-12-28,AEP,6.82,21257001000.0,16.96,,0.598,56.79,,,,,,,,,,,,,,,None,2403000000,2403000000,,,,,,None,565000000,,3.72,0.0323,,,,0.006,-0.09,285000000,850000000,1.89,2012-12-31,18.35,,10293000000.0,1210000000,-6000000,-16000000,,,None,291000000,None,,None,,,,,21000000,0,None,None,0.259,,961000000,249000000,,,,,None,,,,,2.122,2.027,2.913,,,,,,,,0.172,,,2025-11-13,quarterly,1.8,USD,pre-market,0,,0.0321,0.129,0.109,39.82,0,,,,110.11,118.69,-4.7619,,,,,,,3613000000,,16.96,,124.8,86.88
2025-12-28,AEP,6.82,21257001000.0,16.96,,0.598,56.79,,,,,,,,,,,,,,,None,1762000000,1762000000,,,,,,None,506000000,,3.72,0.0323,,,,0.006,-0.09,948000000,1454000000,1.89,2012-09-30,18.35,,10293000000.0,2394000000,715000000,241000000,,,None,233000000,None,,None,,,,,487000000,0,None,None,0.259,,1482000000,912000000,,,,,None,,,,,2.122,2.027,2.913,,,,,,,,0.172,,,2025-11-13,quarterly,1.8,USD,pre-market,0,,0.0321,0.129,0.109,39.82,0,,,,110.11,118.69,-4.7619,,,,,,,4156000000,,16.96,,124.8,86.88
2025-12-28,AEP,6.82,21257001000.0,16.96,,0.598,56.79,,,,,,,,,,,,,,,None,1424000000,1424000000,,,,,,None,490000000,,3.72,0.0323,,,,0.006,-0.09,778000000,1268000000,1.89,2012-06-30,18.35,,10293000000.0,2127000000,543000000,190000000,,,None,235000000,None,,None,,,,,362000000,0,None,None,0.259,,1386000000,741000000,,,,,None,,,,,2.122,2.027,2.913,,,,,,,,0.172,,,2025-11-13,quarterly,1.8,USD,pre-market,0,,0.0321,0.129,0.109,39.82,0,,,,110.11,118.69,-4.7619,,,,,,,3551000000,,16.96,,124.8,86.88
2025-12-28,AEP,6.82,21257001000.0,16.96,,0.598,56.79,,,,,,,,,,,,,,,None,1575000000,1575000000,,,,,,None,457000000,,3.72,0.0323,,,,0.006,-0.09,799000000,1256000000,1.89,2012-03-31,18.35,,10293000000.0,2050000000,570000000,189000000,,,None,229000000,None,,None,,,,,389000000,0,None,None,0.259,,1296000000,754000000,,,,,None,,,,,2.122,2.027,2.913,,,,,,,,0.172,,,2025-11-13,quarterly,1.8,USD,pre-market,0,,0.0321,0.129,0.109,39.82,0,,,,110.11,118.69,-4.7619,,,,,,,3625000000,,16.96,,124.8,86.88
2025-12-28,AEP,6.82,21257001000.0,16.96,,0.598,56.79,,,,,,,,,,,,,,,None,1349000000,1349000000,,,,,,None,534000000,,3.72,0.0323,,,,0.006,-0.09,445000000,979000000,1.89,2011-12-31,18.35,,10293000000.0,2095000000,235000000,-1604000000,,,None,210000000,None,,None,,,,,311000000,0,None,None,0.259,,1752000000,343000000,,,,,None,,,,,2.122,2.027,2.913,,,,,,,,0.172,,,2025-11-13,quarterly,1.8,USD,pre-market,0,,0.0321,0.129,0.109,39.82,0,,,,110.11,118.69,-4.7619,,,,,,,3444000000,,16.96,,124.8,86.88
2025-12-28,AEP,6.82,21257001000.0,16.96,,0.598,56.79,,,,,,,,,,,,,,,None,1665000000,1665000000,,,,,,None,445000000,,3.72,0.0323,,,,0.006,-0.09,1226000000,1671000000,1.89,2011-09-30,18.35,,10293000000.0,2668000000,984000000,334000000,,,None,242000000,None,,None,,,,,929000000,650000000,None,None,0.259,,1778000000,890000000,,,,,343000000,,,,,2.122,2.027,2.913,,,,,,,,0.172,,,2025-11-13,quarterly,1.8,USD,pre-market,0,,0.0321,0.129,0.109,39.82,960000000,,,,110.11,118.69,-4.7619,,,,,,,4333000000,,16.96,,124.8,86.88
2025-12-28,AEP,6.82,21257001000.0,16.96,,0.598,56.79,,,,,,,,,,,,,,,None,1267000000,1267000000,,,,,,None,376000000,,3.72,0.0323,,,,0.006,-0.09,794000000,1170000000,1.89,2011-06-30,18.35,,10293000000.0,2342000000,521000000,168000000,,,None,239000000,None,,None,,,,,352000000,347000000,None,None,0.259,,1625000000,717000000,,,,,49000000,,,,,2.122,2.027,2.913,,,,,,,,0.172,,,2025-11-13,quarterly,1.8,USD,pre-market,0,,0.0321,0.129,0.109,39.82,899000000,,,,110.11,118.69,-4.7619,,,,,,,3609000000,,16.96,,124.8,86.88
2025-12-28,AEP,6.82,21257001000.0,16.96,,0.598,56.79,,,,,,,,,,,,,,,None,1331000000,1331000000,,,,,,None,437000000,,3.72,0.0323,,,,0.006,-0.09,869000000,1306000000,1.89,2011-03-31,18.35,,10293000000.0,2399000000,627000000,-278000000,,,None,242000000,None,,None,,,,,354000000,349000000,None,None,0.259,,1567000000,832000000,,,,,23000000,,,,,2.122,2.027,2.913,,,,,,,,0.172,,,2025-11-13,quarterly,1.8,USD,pre-market,0,,0.0321,0.129,0.109,39.82,899000000,,,,110.11,118.69,-4.7619,,,,,,,3730000000,,16.96,,124.8,86.88
2025-12-28,AEP,6.82,21257001000.0,16.96,,0.598,56.79,,,,,,,,,,,,,,,None,1219000000,1219000000,,,,,,None,430000000,,3.72,0.0323,,,,0.006,-0.09,536000000,966000000,1.89,2010-12-31,18.35,,10293000000.0,2215000000,287000000,113000000,,,None,249000000,None,,None,,,,,177000000,0,None,None,0.259,,1729000000,486000000,,,,,None,,,,,2.122,2.027,2.913,,,,,,,,0.172,,,2025-11-13,quarterly,1.8,USD,pre-market,0,,0.0321,0.129,0.109,39.82,0,,,,110.11,118.69,-4.7619,,,,,,,3434000000,,16.96,,124.8,86.88
2025-12-28,AEP,6.82,21257001000.0,16.96,,0.598,56.79,,,,,,,,,,,,,,,None,1436000000,1436000000,,,,,,None,424000000,,3.72,0.0323,,,,0.006,-0.09,1063000000,1487000000,1.89,2010-09-30,18.35,,10293000000.0,2628000000,812000000,258000000,,,None,251000000,None,,None,,,,,556000000,0,None,None,0.259,,1603000000,1025000000,,,,,None,,,,,2.122,2.027,2.913,,,,,,,,0.172,,,2025-11-13,quarterly,1.8,USD,pre-market,0,,0.0321,0.129,0.109,39.82,0,,,,110.11,118.69,-4.7619,,,,,,,4064000000,,16.96,,124.8,86.88
2025-12-28,AEP,6.82,21257001000.0,16.96,,0.598,56.79,,,,,,,,,,,,,,,None,1122000000,1122000000,,,,,,None,405000000,,3.72,0.0323,,,,0.006,-0.09,450000000,855000000,1.89,2010-06-30,18.35,,10293000000.0,2238000000,201000000,65000000,,,None,249000000,None,,None,,,,,136000000,0,None,None,0.259,,1844000000,394000000,,,,,None,,,,,2.122,2.027,2.913,,,,,,,,0.172,,,2025-11-13,quarterly,1.8,USD,pre-market,0,,0.0321,0.129,0.109,39.82,0,,,,110.11,118.69,-4.7619,,,,,,,3360000000,,16.96,,124.8,86.88
2025-12-28,AEP,6.82,21257001000.0,16.96,,0.598,56.79,,,,,,,,,,,,,,,None,1252000000,1252000000,,,,,,None,408000000,,3.72,0.0323,,,,0.006,-0.09,799000000,1207000000,1.89,2010-03-31,18.35,,10293000000.0,2317000000,549000000,-207000000,,,None,250000000,None,,None,,,,,345000000,0,None,None,0.259,,1559000000,758000000,,,,,None,,,,,2.122,2.027,2.913,,,,,,,,0.172,,,2025-11-13,quarterly,1.8,USD,pre-market,0,,0.0321,0.129,0.109,39.82,0,,,,110.11,118.69,-4.7619,,,,,,,3569000000,,16.96,,124.8,86.88
2025-12-28,AEP,6.82,21257001000.0,16.96,,0.598,56.79,,,,,,,,,,,,,,,None,1107000000,1107000000,,,,,,None,419000000,,3.72,0.0323,,,,0.006,-0.09,524000000,943000000,1.89,2009-12-31,18.35,,10293000000.0,2175000000,277000000,40000000,,,None,247000000,None,,None,,,,,239000000,0,None,None,0.259,,1694000000,481000000,,,,,None,,,,,2.122,2.027,2.913,,,,,,,,0.172,,,2025-11-13,quarterly,1.8,USD,pre-market,0,,0.0321,0.129,0.109,39.82,0,,,,110.11,118.69,-4.7619,,,,,,,3282000000,,16.96,,124.8,86.88
2025-12-28,AEP,6.82,21257001000.0,16.96,,0.598,56.79,,,,,,,,,,,,,,,None,1178000000,1178000000,,,,,,None,437000000,,3.72,0.0323,,,,0.006,-0.09,898000000,1335000000,1.89,2009-09-30,18.35,,10293000000.0,2369000000,650000000,208000000,,,None,248000000,None,,None,,,,,444000000,0,None,None,0.259,,1511000000,858000000,,,,,None,,,,,2.122,2.027,2.913,,,,,,,,0.172,,,2025-11-13,quarterly,1.8,USD,pre-market,0,,0.0321,0.129,0.109,39.82,0,,,,110.11,118.69,-4.7619,,,,,,,3547000000,,16.96,,124.8,86.88
2025-12-28,AEP,6.82,21257001000.0,16.96,,0.598,56.79,,,,,,,,,,,,,,,None,1022000000,1022000000,,,,,,None,409000000,,3.72,0.0323,,,,0.006,-0.09,709000000,1118000000,1.89,2009-06-30,18.35,,10293000000.0,2180000000,469000000,148000000,,,None,240000000,None,,None,,,,,316000000,0,None,None,0.259,,1498000000,682000000,,,,,None,,,,,2.122,2.027,2.913,,,,,,,,0.172,,,2025-11-13,quarterly,1.8,USD,pre-market,0,,0.0321,0.129,0.109,39.82,0,,,,110.11,118.69,-4.7619,,,,,,,3202000000,,16.96,,124.8,86.88
2025-12-28,AEP,6.82,21257001000.0,16.96,,0.598,56.79,,,,,,,,,,,,,,,None,1224000000,1224000000,,,,,,None,395000000,,3.72,0.0323,,,,0.006,-0.09,780000000,1175000000,1.89,2009-03-31,18.35,,10293000000.0,2234000000,542000000,179000000,,,None,238000000,None,,None,,,,,361000000,0,None,None,0.259,,1484000000,750000000,,,,,None,,,,,2.122,2.027,2.913,,,,,,,,0.172,,,2025-11-13,quarterly,1.8,USD,pre-market,0,,0.0321,0.129,0.109,39.82,0,,,,110.11,118.69,-4.7619,,,,,,,3458000000,,16.96,,124.8,86.88
2025-12-28,AEP,6.82,21257001000.0,16.96,,0.598,56.79,,,,,,,,,,,,,,,None,1219000000,1219000000,,,,,,None,448000000,,3.72,0.0323,,,,0.006,-0.09,617000000,1065000000,1.89,2008-12-31,18.35,,10293000000.0,2017000000,176000000,34000000,,,None,288000000,None,,None,,,,,153000000,0,None,None,0.259,,1582000000,435000000,,,,,None,,,,,2.122,2.027,2.913,,,,,,,,0.172,,,2025-11-13,quarterly,1.8,USD,pre-market,0,,0.0321,0.129,0.109,39.82,0,,,,110.11,118.69,-4.7619,,,,,,,3236000000,,16.96,,124.8,86.88
2025-12-28,AEP,6.82,21257001000.0,16.96,,0.598,56.79,,,,,,,,,,,,,,,None,1874000000,1874000000,,,,,,None,414000000,,3.72,0.0323,,,,0.006,-0.09,783000000,1197000000,1.89,2008-09-30,18.35,,10293000000.0,2317000000,567000000,192000000,,,None,216000000,None,,None,,,,,375000000,0,None,None,0.259,,1580000000,737000000,,,,,None,,,,,2.122,2.027,2.913,,,,,,,,0.172,,,2025-11-13,quarterly,1.8,USD,pre-market,0,,0.0321,0.129,0.109,39.82,0,,,,110.11,118.69,-4.7619,,,,,,,4191000000,,16.96,,124.8,86.88
2025-12-28,AEP,6.82,21257001000.0,16.96,,0.598,56.79,,,,,,,,,,,,,,,None,1419000000,1419000000,,,,,,None,418000000,,3.72,0.0323,,,,0.006,-0.09,638000000,1056000000,1.89,2008-06-30,18.35,,10293000000.0,2127000000,404000000,123000000,,,None,234000000,None,,None,,,,,281000000,0,None,None,0.259,,1541000000,586000000,,,,,None,,,,,2.122,2.027,2.913,,,,,,,,0.172,,,2025-11-13,quarterly,1.8,USD,pre-market,0,,0.0321,0.129,0.109,39.82,0,,,,110.11,118.69,-4.7619,,,,,,,3546000000,,16.96,,124.8,86.88
2025-12-28,AEP,6.82,21257001000.0,16.96,,0.598,56.79,,,,,,,,,,,,,,,None,1243000000,1243000000,,,,,,None,363000000,,3.72,0.0323,,,,0.006,-0.09,1086000000,1449000000,1.89,2008-03-31,18.35,,10293000000.0,2224000000,867000000,293000000,,,None,219000000,None,,None,,,,,574000000,0,None,None,0.259,,1181000000,1043000000,,,,,None,,,,,2.122,2.027,2.913,,,,,,,,0.172,,,2025-11-13,quarterly,1.8,USD,pre-market,0,,0.0321,0.129,0.109,39.82,0,,,,110.11,118.69,-4.7619,,,,,,,3467000000,,16.96,,124.8,86.88
2025-12-28,AEP,6.82,21257001000.0,16.96,,0.598,56.79,,,,,,,,,,,,,,,None,1219000000,1219000000,,,,,,None,386000000,,3.72,0.0323,,,,0.006,-0.09,414000000,800000000,1.89,2007-12-31,18.35,,10293000000.0,2057000000,282000000,73000000,,,None,226000000,None,,None,,,,,231000000,0,None,None,0.259,,1643000000,414000000,,,,,None,,,,,2.122,2.027,2.913,,,,,,,,0.172,,,2025-11-13,quarterly,1.8,USD,pre-market,0,,0.0321,0.129,0.109,39.82,0,,,,110.11,118.69,-4.7619,,,,,,,3276000000,,16.96,,124.8,86.88
2025-12-28,AEP,6.82,21257001000.0,16.96,,0.598,56.79,,,,,,,,,,,,,,,None,1457000000,1457000000,,,,,,None,396000000,,3.72,0.0323,,,,0.006,-0.09,796000000,1192000000,1.89,2007-09-30,18.35,,10293000000.0,2332000000,612000000,205000000,,,None,216000000,None,,None,,,,,407000000,0,None,None,0.259,,1536000000,796000000,,,,,None,,,,,2.122,2.027,2.913,,,,,,,,0.172,,,2025-11-13,quarterly,1.8,USD,pre-market,0,,0.0321,0.129,0.109,39.82,0,,,,110.11,118.69,-4.7619,,,,,,,3789000000,,16.96,,124.8,86.88
2025-12-28,AEP,6.82,21257001000.0,16.96,,0.598,56.79,,,,,,,,,,,,,,,None,1159000000,1159000000,,,,,,None,389000000,,3.72,0.0323,,,,0.006,-0.09,546000000,935000000,1.89,2007-06-30,18.35,,10293000000.0,1987000000,365000000,108000000,,,None,213000000,None,,None,,,,,180000000,0,None,None,0.259,,1441000000,546000000,,,,,None,,,,,2.122,2.027,2.913,,,,,,,,0.172,,,2025-11-13,quarterly,1.8,USD,pre-market,0,,0.0321,0.129,0.109,39.82,0,,,,110.11,118.69,-4.7619,,,,,,,3146000000,,16.96,,124.8,86.88
2025-12-28,AEP,6.82,21257001000.0,16.96,,0.598,56.79,,,,,,,,,,,,,,,None,1132000000,1132000000,,,,,,None,407000000,,3.72,0.0323,,,,0.006,-0.09,522000000,929000000,1.89,2007-03-31,18.35,,10293000000.0,2037000000,401000000,130000000,,,None,186000000,None,,None,,,,,271000000,0,None,None,0.259,,1515000000,522000000,,,,,None,,,,,2.122,2.027,2.913,,,,,,,,0.172,,,2025-11-13,quarterly,1.8,USD,pre-market,0,,0.0321,0.129,0.109,39.82,0,,,,110.11,118.69,-4.7619,,,,,,,3169000000,,16.96,,124.8,86.88
2025-12-28,AEP,6.82,21257001000.0,16.96,,0.598,56.79,,,,,,,,,,,,,,,None,1037000000,1037000000,,,,,,None,414000000,,3.72,0.0323,,,,0.006,-0.09,370000000,784000000,1.89,2006-12-31,18.35,,10293000000.0,1947000000,268000000,91000000,,,None,214000000,None,,None,,,,,181000000,0,None,None,0.259,,1577000000,370000000,,,,,None,,,,,2.122,2.027,2.913,,,,,,,,0.172,,,2025-11-13,quarterly,1.8,USD,pre-market,0,,0.0321,0.129,0.109,39.82,0,,,,110.11,118.69,-4.7619,,,,,,,2984000000,,16.96,,124.8,86.88
2025-12-28,AEP,6.82,21257001000.0,16.96,,0.598,56.79,,,,,,,,,,,,,,,None,1384000000,1384000000,,,,,,None,395000000,,3.72,0.0323,,,,0.006,-0.09,535000000,930000000,1.89,2006-09-30,18.35,,10293000000.0,2210000000,398000000,133000000,,,None,174000,None,,None,,,,,265000000,0,None,None,0.259,,1675000000,535000000,,,,,None,,,,,2.122,2.027,2.913,,,,,,,,0.172,,,2025-11-13,quarterly,1.8,USD,pre-market,0,,0.0321,0.129,0.109,39.82,0,,,,110.11,118.69,-4.7619,,,,,,,3594000000,,16.96,,124.8,86.88
2025-12-28,AEP,6.82,21257001000.0,16.96,,0.598,56.79,,,,,,,,,,,,,,,None,1125000000,1125000000,,,,,,None,365000000,,3.72,0.0323,,,,0.006,-0.09,371000000,736000000,1.89,2006-06-30,18.35,,10293000000.0,1811000000,244000000,72000000,,,None,176000,None,,None,,,,,175000000,0,None,None,0.259,,1440000000,371000000,,,,,None,,,,,2.122,2.027,2.913,,,,,,,,0.172,,,2025-11-13,quarterly,1.8,USD,pre-market,0,,0.0321,0.129,0.109,39.82,0,,,,110.11,118.69,-4.7619,,,,,,,2936000000,,16.96,,124.8,86.88
2025-12-28,AEP,6.82,21257001000.0,16.96,,0.598,56.79,,,,,,,,,,,,,,,None,1127000000,1127000000,,,,,,None,362000000,,3.72,0.0323,,,,0.006,-0.09,621000000,983000000,1.89,2006-03-31,18.35,,10293000000.0,1981000000,567000000,189000000,,,None,168000000,None,,None,,,,,381000000,0,None,None,0.259,,1360000000,621000000,,,,,None,,,,,2.122,2.027,2.913,,,,,,,,0.172,,,2025-11-13,quarterly,1.8,USD,pre-market,0,,0.0321,0.129,0.109,39.82,0,,,,110.11,118.69,-4.7619,,,,,,,3108000000,,16.96,,124.8,86.88
2025-12-28,AEP,6.82,21257001000.0,16.96,,0.598,56.79,,,,,,,,,,,,,,,None,1232000000,1232000000,,,,,,None,219000000,,3.72,0.0323,,,,0.006,-0.09,438000000,657000000,1.89,2005-12-31,18.35,,10293000000.0,1823000000,51000000,-41000000,,,None,173000000,None,,None,,,,,-149000000,0,None,None,0.259,,1496000000,327000000,,,,,None,,,,,2.122,2.027,2.913,,,,,,,,0.172,,,2025-11-13,quarterly,1.8,USD,pre-market,0,,0.0321,0.129,0.109,39.82,0,,,,110.11,118.69,-4.7619,,,,,,,3055000000,,16.96,,124.8,86.88
2025-12-28,AEP,6.82,21257001000.0,16.96,,0.598,56.79,,,,,,,,,,,,,,,None,1252000000,1252000000,,,,,,None,351000000,,3.72,0.0323,,,,0.006,-0.09,623000000,974000000,1.89,2005-09-30,18.35,,10293000000.0,2076000000,561000000,196000000,,,None,145000,None,,None,,,,,387000000,0,None,None,0.259,,1453000000,623000000,,,,,None,,,,,2.122,2.027,2.913,,,,,,,,0.172,,,2025-11-13,quarterly,1.8,USD,pre-market,0,,0.0321,0.129,0.109,39.82,0,,,,110.11,118.69,-4.7619,,,,,,,3328000000,,16.96,,124.8,86.88
2025-12-28,AEP,6.82,21257001000.0,16.96,,0.598,56.79,,,,,,,,,,,,,,,None,13559500000,13559500000,,,,,,None,3392800000,,3.72,0.0323,,,,0.006,-0.09,4700400000,8093200000,1.89,2024-12-31,18.35,,10293000000.0,6357000000,2936600000,-39200000,,,None,1857500000,None,,None,,,,,2967100000,2975800000,-1862800000,None,0.259,,1596300000,4760700000,,,,,None,,,,,2.122,2.027,2.913,,,,,,,,0.172,,,2025-11-13,annual,1.8,USD,pre-market,None,,0.0321,0.129,0.109,39.82,None,,,,110.11,118.69,-4.7619,,,,,,,19916500000,,16.96,,124.8,86.88
2025-12-28,AEP,6.82,21257001000.0,16.96,,0.598,56.79,,,,,,,,,,,,,,,None,13757000000,13757000000,,,,,,None,3187000000,,3.72,0.0323,,,,0.006,-0.09,4018000000,7205000000,1.89,2023-12-31,18.35,,10293000000.0,5624500000,2267200000,54600000,,,None,1809300000,None,,None,,,,,2208100000,2258200000,-1740400000,None,0.259,,1492300000,4132200000,,,,,None,,,,,2.122,2.027,2.913,,,,,,,,0.172,,,2025-11-13,annual,1.8,USD,pre-market,None,,0.0321,0.129,0.109,39.82,None,,,,110.11,118.69,-4.7619,,,,,,,19381500000,,16.96,,124.8,86.88
2025-12-28,AEP,6.82,21257001000.0,16.96,,0.598,56.79,,,,,,,,,,,,,,,None,14444700000,14444700000,,,,,,None,3285700000,,3.72,0.0323,,,,0.006,-0.09,3812500000,7098200000,1.89,2022-12-31,18.35,,10293000000.0,4869900000,2311000000,5400000,,,None,1392100000,None,,None,,,,,2307200000,2305600000,-1396100000,None,0.259,,1469800000,3400100000,,,,,35900000,,,,,2.122,2.027,2.913,,,,,,,,0.172,,,2025-11-13,annual,1.8,USD,pre-market,None,,0.0321,0.129,0.109,39.82,2878100000,,,,110.11,118.69,-4.7619,,,,,,,19314600000,,16.96,,124.8,86.88
2025-12-28,AEP,6.82,21257001000.0,16.96,,0.598,56.79,,,,,,,,,,,,,,,None,11953300000,11953300000,,,,,,None,3046400000,,3.72,0.0323,,,,0.006,-0.09,3704500000,6750900000,1.89,2021-12-31,18.35,,10293000000.0,4670200000,2603600000,115500000,,,None,1192600000,None,,None,,,,,2488100000,2396400000,-1199100000,None,0.259,,1407600000,3262600000,,,,,272800000,,,,,2.122,2.027,2.913,,,,,,,,0.172,,,2025-11-13,annual,1.8,USD,pre-market,None,,0.0321,0.129,0.109,39.82,2547700000,,,,110.11,118.69,-4.7619,,,,,,,16623500000,,16.96,,124.8,86.88
2025-12-28,AEP,6.82,21257001000.0,16.96,,0.598,56.79,,,,,,,,,,,,,,,None,10631800000,10631800000,,,,,,None,2906800000,,3.72,0.0323,,,,0.006,-0.09,3306900000,6213700000,1.89,2020-12-31,18.35,,10293000000.0,4276400000,2237200000,40500000,,,None,1160800000,None,,None,,,,,2200100000,2105600000,-1165700000,None,0.259,,1295500000,2980900000,,,,,296200000,,,,,2.122,2.027,2.913,,,,,,,,0.172,,,2025-11-13,annual,1.8,USD,pre-market,None,,0.0321,0.129,0.109,39.82,2572400000,,,,110.11,118.69,-4.7619,,,,,,,14908200000,,16.96,,124.8,86.88
2025-12-28,AEP,6.82,21257001000.0,16.96,,0.598,56.79,,,,,,,,,,,,,,,None,11578500000,11578500000,,,,,,None,2740100000,,3.72,0.0323,,,,0.006,-0.09,2905800000,5645900000,1.89,2019-12-31,18.35,,10293000000.0,3957100000,1906900000,-12900000,,,None,1071000000,904100000,,None,,,,,1921100000,1847700000,-1072500000,None,0.259,,1234500000,2722600000,,,,,267100000,,,,,2.122,2.027,2.913,,,,,,,,0.172,,,2025-11-13,annual,1.8,USD,pre-market,None,,0.0321,0.129,0.109,39.82,2743700000,,,,110.11,118.69,-4.7619,,,,,,,15535600000,,16.96,,124.8,86.88
2025-12-28,AEP,6.82,21257001000.0,16.96,,0.598,56.79,,,,,,,,,,,,,,,None,12311900000,12311900000,,,,,,None,2400400000,,3.72,0.0323,,,,0.006,-0.09,2956800000,5357200000,1.89,2018-12-31,18.35,,10293000000.0,3855300000,2046600000,115300000,,,None,983300000,11600000,,None,,,,,1923800000,1931300000,-972800000,None,0.259,,1142700000,2712600000,,,,,223800000,,,,,2.122,2.027,2.913,,,,,,,,0.172,,,2025-11-13,annual,1.8,USD,pre-market,0,,0.0321,0.129,0.109,39.82,2979200000,,,,110.11,118.69,-4.7619,,,,,,,16167200000,,16.96,,124.8,86.88
2025-12-28,AEP,6.82,21257001000.0,16.96,,0.598,56.79,,,,,,,,,,,,,,,None,10986900000,10986900000,,,,,,None,2126300000,,3.72,0.0323,,,,0.006,-0.09,3709700000,5836000000,1.89,2017-12-31,18.35,,10293000000.0,4389100000,2898600000,969700000,,,None,893500000,16000000,,None,,,,,1912600000,1928900000,-879000000,None,0.259,,1059400000,3329700000,,,,,223100000,,,,,2.122,2.027,2.913,,,,,,,,0.172,,,2025-11-13,annual,1.8,USD,pre-market,0,,0.0321,0.129,0.109,39.82,3543400000,,,,110.11,118.69,-4.7619,,,,,,,15376000000,,16.96,,124.8,86.88
2025-12-28,AEP,6.82,21257001000.0,16.96,,0.598,56.79,,,,,,,,,,,,,,,None,11890400000,11890400000,,,,,,None,2090900000,,3.72,0.0323,,,,0.006,-0.09,1350399999,3441299999,1.89,2016-12-31,18.35,,10293000000.0,4426200000,546800000,-73700000,,,None,874800000,16300000,,None,,,,,610900000,620500000,-860900000,None,0.259,,1018000000,3408200000,,,,,216900000,,,,,2.122,2.027,2.913,,,,,,,,0.172,,,2025-11-13,annual,1.8,USD,pre-market,0,,0.0321,0.129,0.109,39.82,3974900000,,,,110.11,118.69,-4.7619,,,,,,,16316600000,,16.96,,124.8,86.88
2025-12-28,AEP,6.82,21257001000.0,16.96,,0.598,56.79,,,,,,,,,,,,,,,None,12112200000,12112200000,,,,,,None,2154700000,,3.72,0.0323,,,,0.006,-0.09,3493800000,5648500000,1.89,2015-12-31,18.35,,10293000000.0,4283700000,2688200000,919600000,,,None,870900000,734100000,,None,,,,,2047100000,1768600000,None,None,0.259,,972600000,3311100000,,,,,228600000,,,,,2.122,2.027,2.913,,,,,,,,0.172,,,2025-11-13,annual,1.8,USD,pre-market,0,,0.0321,0.129,0.109,39.82,3676500000,,,,110.11,118.69,-4.7619,,,,,,,16395900000,,16.96,,124.8,86.88
2025-12-28,AEP,6.82,21257001000.0,16.96,,0.598,56.79,,,,,,,,,,,,,,,None,12883000000,12883000000,,,,,,None,2073000000,,3.72,0.0323,,,,0.006,-0.09,3369000000,5442000000,1.89,2014-12-31,18.35,,10293000000.0,4049000000,2580000000,902600000,,,None,879000000,None,,None,,,,,1633800000,1548000000,None,None,0.259,,915000000,3134000000,,,,,233000000,,,,,2.122,2.027,2.913,,,,,,,,0.172,,,2025-11-13,annual,1.8,USD,pre-market,0,,0.0321,0.129,0.109,39.82,4140000000,,,,110.11,118.69,-4.7619,,,,,,,16932000000,,16.96,,124.8,86.88
2025-12-28,AEP,6.82,21257001000.0,16.96,,0.598,56.79,,,,,,,,,,,,,,,None,11377000000,11377000000,,,,,,None,1874000000,,3.72,0.0323,,,,0.006,-0.09,3009000000,4883000000,1.89,2013-12-31,18.35,,10293000000.0,3916000000,2168000000,677700000,,,None,899000000,None,,None,,,,,1480500000,1426000000,None,None,0.259,,891000000,3025000000,,,,,219000000,,,,,2.122,2.027,2.913,,,,,,,,0.172,,,2025-11-13,annual,1.8,USD,pre-market,0,,0.0321,0.129,0.109,39.82,3795000000,,,,110.11,118.69,-4.7619,,,,,,,15293000000,,16.96,,124.8,86.88
2025-12-28,AEP,6.82,21257001000.0,16.96,,0.598,56.79,,,,,,,,,,,,,,,None,11079000000,11079000000,,,,,,None,1918000000,,3.72,0.0323,,,,0.006,-0.09,2806000000,4724000000,1.89,2012-12-31,18.35,,10293000000.0,3806000000,1866000000,604000000,,,None,984000000,None,,None,,,,,1259000000,1218000000,None,None,0.259,,850000000,2956000000,,,,,198000000,,,,,2.122,2.027,2.913,,,,,,,,0.172,,,2025-11-13,annual,1.8,USD,pre-market,0,,0.0321,0.129,0.109,39.82,3812000000,,,,110.11,118.69,-4.7619,,,,,,,14885000000,,16.96,,124.8,86.88
2025-12-28,AEP,6.82,21257001000.0,16.96,,0.598,56.79,,,,,,,,,,,,,,,None,11426000000,11426000000,,,,,,None,1792000000,,3.72,0.0323,,,,0.006,-0.09,3293000000,5085000000,1.89,2011-12-31,18.35,,10293000000.0,3624000000,2394000000,818000000,,,None,926000000,None,,None,,,,,1946000000,None,None,None,0.259,,824000000,2800000000,,,,,None,,,,,2.122,2.027,2.913,,,,,,,,0.172,,,2025-11-13,annual,1.8,USD,pre-market,0,,0.0321,0.129,0.109,39.82,0,,,,110.11,118.69,-4.7619,,,,,,,15050000000,,16.96,,124.8,86.88
2025-12-28,AEP,6.82,21257001000.0,16.96,,0.598,56.79,,,,,,,,,,,,,,,None,10940000000,10940000000,,,,,,None,1780000000,,3.72,0.0323,,,,0.006,-0.09,2844000000,4624000000,1.89,2010-12-31,18.35,,10293000000.0,3393000000,1861000000,643000000,,,None,995000000,None,,None,,,,,1214000000,1218000000,None,None,0.259,,820000000,2573000000,,,,,120000000,,,,,2.122,2.027,2.913,,,,,,,,0.172,,,2025-11-13,annual,1.8,USD,pre-market,0,,0.0321,0.129,0.109,39.82,3952000000,,,,110.11,118.69,-4.7619,,,,,,,14333000000,,16.96,,124.8,86.88
2025-12-28,AEP,6.82,21257001000.0,16.96,,0.598,56.79,,,,,,,,,,,,,,,None,9924000000,9924000000,,,,,,None,1660000000,,3.72,0.0323,,,,0.006,-0.09,2906000000,4566000000,1.89,2009-12-31,18.35,,10293000000.0,3402000000,1945000000,575000000,,,None,968000000,None,,None,,,,,1360000000,None,None,None,0.259,,765000000,2637000000,,,,,None,,,,,2.122,2.027,2.913,,,,,,,,0.172,,,2025-11-13,annual,1.8,USD,pre-market,0,,0.0321,0.129,0.109,39.82,0,,,,110.11,118.69,-4.7619,,,,,,,13326000000,,16.96,,124.8,86.88
2025-12-28,AEP,6.82,21257001000.0,16.96,,0.598,56.79,,,,,,,,,,,,,,,None,11163000000,11163000000,,,,,,None,1571000000,,3.72,0.0323,,,,0.006,-0.09,2972000000,4543000000,1.89,2008-12-31,18.35,,10293000000.0,3265000000,2017000000,642000000,,,None,958000000,None,,None,,,,,1383000000,None,None,None,0.259,,761000000,2504000000,,,,,None,,,,,2.122,2.027,2.913,,,,,,,,0.172,,,2025-11-13,annual,1.8,USD,pre-market,None,,0.0321,0.129,0.109,39.82,None,,,,110.11,118.69,-4.7619,,,,,,,14428000000,,16.96,,124.8,86.88
2025-12-28,AEP,6.82,21257001000.0,16.96,,0.598,56.79,,,,,,,,,,,,,,,None,10347000000,10347000000,,,,,,None,1578000000,,3.72,0.0323,,,,0.006,-0.09,2501000000,4079000000,1.89,2007-12-31,18.35,,10293000000.0,3033000000,1666000000,516000000,,,None,841000000,None,,None,,,,,1089000000,None,None,None,0.259,,755000000,2278000000,,,,,None,,,,,2.122,2.027,2.913,,,,,,,,0.172,,,2025-11-13,annual,1.8,USD,pre-market,None,,0.0321,0.129,0.109,39.82,None,,,,110.11,118.69,-4.7619,,,,,,,13380000000,,16.96,,124.8,86.88
2025-12-28,AEP,6.82,21257001000.0,16.96,,0.598,56.79,,,,,,,,,,,,,,,None,9779000000,9779000000,,,,,,None,1580000000,,3.72,0.0323,,,,0.006,-0.09,2212000000,3792000000,1.89,2006-12-31,18.35,,10293000000.0,2843000000,1483000000,485000000,,,None,732000000,None,,None,,,,,1002000000,None,None,None,0.259,,737000000,2106000000,,,,,None,,,,,2.122,2.027,2.913,,,,,,,,0.172,,,2025-11-13,annual,1.8,USD,pre-market,None,,0.0321,0.129,0.109,39.82,None,,,,110.11,118.69,-4.7619,,,,,,,12622000000,,16.96,,124.8,86.88
2025-12-28,AEP,6.82,21257001000.0,16.96,,0.598,56.79,,,,,,,,,,,,,,,None,9502000000,9502000000,,,,,,None,1381000000,,3.72,0.0323,,,,0.006,-0.09,2157000000,3538000000,1.89,2005-12-31,18.35,,10293000000.0,2609000000,1470000000,430000000,,,None,697000000,None,,None,,,,,814000000,None,None,None,0.259,,763000000,1846000000,,,,,None,,,,,2.122,2.027,2.913,,,,,,,,0.172,,,2025-11-13,annual,1.8,USD,pre-market,None,,0.0321,0.129,0.109,39.82,None,,,,110.11,118.69,-4.7619,,,,,,,12111000000,,16.96,,124.8,86.88
2025-12-28,AEP,6.82,21257001000.0,16.96,None,0.598,56.79,,594700000,1106800000,1106800000,,,,,,,,,3486000000,537989000,None,9502000000,9502000000,2806700000,None,3056300000,2833100000,None,None,1381000000,,3.72,0.0323,,,,0.006,-0.09,2157000000,3538000000,1.89,2025-09-30,18.35,52500000,10293000000.0,2609000000,1470000000,430000000,None,None,None,697000000,None,1585700000,None,None,44239000000,None,5811800000,814000000,None,None,None,0.259,,763000000,1846000000,1109000000,3537700000,None,844600000,None,,,,,2.122,2.027,2.913,,,,,,,,0.172,,None,2025-11-13,quarterly,1.8,USD,pre-market,None,15369300000,0.0321,0.129,0.109,39.82,None,47890000000,3154700000,225400000,110.11,118.69,-4.7619,110253500000,6860000000,9997600000,78713500000,103393500000,68715900000,12111000000,30389300000,16.96,None,124.8,86.88
2025-12-28,AEP,6.82,21257001000.0,16.96,None,0.598,56.79,,597500000,227300000,227300000,,,,,,,,,3482400000,536425635,None,9502000000,9502000000,2714200000,None,4714000000,2797100000,None,None,1381000000,,3.72,0.0323,,,,0.006,-0.09,2157000000,3538000000,1.89,2025-06-30,18.35,52500000,10293000000.0,2609000000,1470000000,430000000,None,None,None,697000000,None,1622000000,None,None,41313100000,None,5582800000,814000000,None,None,None,0.259,,763000000,1846000000,1463500000,1942000000,None,913800000,None,,,,,2.122,2.027,2.913,,,,,,,,0.172,,None,2025-11-13,quarterly,1.8,USD,pre-market,None,14896700000,0.0321,0.129,0.109,39.82,None,46624600000,4805000000,212000000,110.11,118.69,-4.7619,107778500000,6321900000,11443300000,76810100000,101456600000,65366800000,12111000000,29871100000,16.96,None,124.8,86.88
2025-12-28,AEP,6.82,21257001000.0,16.96,None,0.598,56.79,,594300000,256800000,256800000,,,,,,,,,3478700000,534663000,None,9502000000,9502000000,2380800000,None,7525000000,2618000000,None,None,1381000000,,3.72,0.0323,,,,0.006,-0.09,2157000000,3538000000,1.89,2025-03-31,18.35,52500000,10293000000.0,2609000000,1470000000,430000000,None,None,None,697000000,None,1582200000,None,None,38810900000,None,4846800000,814000000,None,None,None,0.259,,763000000,1846000000,1273100000,1979200000,None,828100000,None,,,,,2.122,2.027,2.913,,,,,,,,0.172,,None,2025-11-13,quarterly,1.8,USD,pre-market,None,14169400000,0.0321,0.129,0.109,39.82,None,46930200000,7617800000,206800000,110.11,118.69,-4.7619,104394600000,5936900000,14242300000,77030600000,98457700000,62788300000,12111000000,27320700000,16.96,None,124.8,86.88
2025-12-28,AEP,6.82,21257001000.0,16.96,None,0.598,56.79,,596200000,202900000,202900000,,,,,,,,,3471600000,531337703,None,9502000000,9502000000,2637600000,None,5858800000,2631900000,None,None,1381000000,,3.72,0.0323,,,,0.006,-0.09,2157000000,3538000000,1.89,2024-12-31,18.35,52500000,10293000000.0,2609000000,1470000000,430000000,None,None,None,697000000,None,1715100000,None,None,39307800000,None,4949400000,814000000,None,None,None,0.259,,763000000,1846000000,1023500000,2044200000,None,800600000,None,,,,,2.122,2.027,2.913,,,,,,,,0.172,,None,2025-11-13,quarterly,1.8,USD,pre-market,None,13869200000,0.0321,0.129,0.109,39.82,None,45762800000,5950700000,215400000,110.11,118.69,-4.7619,103078000000,5788800000,13009300000,76091900000,97289200000,63082600000,12111000000,26943800000,16.96,None,124.8,86.88
2025-12-28,AEP,6.82,21257001000.0,16.96,None,0.598,56.79,,587200000,245800000,245800000,,,,,,,,,3468700000,533600842,None,9502000000,9502000000,2265600000,None,4486300000,2597100000,None,None,1381000000,,3.72,0.0323,,,,0.006,-0.09,2157000000,3538000000,1.89,2024-09-30,18.35,52500000,10293000000.0,2609000000,1470000000,430000000,None,None,None,697000000,None,1685700000,None,None,39147700000,None,4679200000,814000000,None,None,None,0.259,,763000000,1846000000,1263600000,2151800000,None,677900000,None,,,,,2.122,2.027,2.913,,,,,,,,0.172,,None,2025-11-13,quarterly,1.8,USD,pre-market,None,13700700000,0.0321,0.129,0.109,39.82,None,44221200000,4583000000,228600000,110.11,118.69,-4.7619,100119100000,6020800000,10647600000,73394500000,94098300000,62812700000,12111000000,26617400000,16.96,None,124.8,86.88
2025-12-28,AEP,6.82,21257001000.0,16.96,None,0.598,56.79,,596000000,202500000,202500000,,,,,,,,,3465400000,530140990,None,9502000000,9502000000,2331500000,None,3753600000,2651800000,None,None,1381000000,,3.72,0.0323,,,,0.006,-0.09,2157000000,3538000000,1.89,2024-06-30,18.35,52500000,10293000000.0,2609000000,1470000000,430000000,None,None,None,697000000,None,1763000000,None,None,39990400000,None,4497200000,814000000,None,None,None,0.259,,763000000,1846000000,1809800000,2023600000,None,646100000,None,,,,,2.122,2.027,2.913,,,,,,,,0.172,,None,2025-11-13,quarterly,1.8,USD,pre-market,None,13211300000,0.0321,0.129,0.109,39.82,None,44340000000,3852700000,225700000,110.11,118.69,-4.7619,99622600000,6652800000,10162700000,73390000000,92969800000,63284200000,12111000000,26135200000,16.96,None,124.8,86.88
2025-12-28,AEP,6.82,21257001000.0,16.96,None,0.598,56.79,,616400000,230700000,230700000,,,,,,,,,3433300000,527596395,None,9502000000,9502000000,1990900000,None,4936200000,2415300000,None,None,1381000000,,3.72,0.0323,,,,0.006,-0.09,2157000000,3538000000,1.89,2024-03-31,18.35,52500000,10293000000.0,2609000000,1470000000,430000000,None,None,None,697000000,None,1770300000,None,None,38637300000,None,4422300000,814000000,None,None,None,0.259,,763000000,1846000000,1216300000,1760600000,None,561400000,None,,,,,2.122,2.027,2.913,,,,,,,,0.172,,None,2025-11-13,quarterly,1.8,USD,pre-market,None,13338000000,0.0321,0.129,0.109,39.82,None,44189900000,5043300000,217000000,110.11,118.69,-4.7619,97744600000,5849600000,10906600000,71900900000,91895000000,60994300000,12111000000,25803300000,16.96,None,124.8,86.88
2025-12-28,AEP,6.82,21257001000.0,16.96,None,0.598,56.79,,635100000,330100000,330100000,,,,,,,,,3427900000,523901327,None,9502000000,9502000000,2032500000,None,5320700000,2447400000,None,None,1381000000,,3.72,0.0323,,,,0.006,-0.09,2157000000,3538000000,1.89,2023-12-31,18.35,52500000,10293000000.0,2609000000,1470000000,430000000,None,None,None,697000000,None,1879500000,None,None,37652700000,None,4196500000,814000000,None,None,None,0.259,,763000000,1846000000,1210800000,1890900000,None,545800000,None,,,,,2.122,2.027,2.913,,,,,,,,0.172,,None,2025-11-13,quarterly,1.8,USD,pre-market,None,12800400000,0.0321,0.129,0.109,39.82,None,43608500000,5436400000,214300000,110.11,118.69,-4.7619,96684000000,6082100000,11583600000,71398100000,90601900000,59814500000,12111000000,25246700000,16.96,None,124.8,86.88
2025-12-28,AEP,6.82,21257001000.0,16.96,None,0.598,56.79,,632300000,353300000,353300000,,,,,,,,,3424300000,521444125,None,9502000000,9502000000,2258600000,None,5504000000,2565000000,None,None,1381000000,,3.72,0.0323,,,,0.006,-0.09,2157000000,3538000000,1.89,2023-09-30,18.35,52500000,10293000000.0,2609000000,1470000000,430000000,None,None,None,697000000,None,1720000000,None,None,36715500000,None,3905100000,814000000,None,None,None,0.259,,763000000,1846000000,1887300000,1817200000,None,597300000,None,,,,,2.122,2.027,2.913,,,,,,,,0.172,,76440200000,2025-11-13,quarterly,1.8,USD,pre-market,None,12929500000,0.0321,0.129,0.109,39.82,None,42851800000,5621700000,211000000,110.11,118.69,-4.7619,95125600000,6736600000,11278100000,69776000000,88389000000,58497900000,12111000000,25309700000,16.96,None,124.8,86.88
2025-12-28,AEP,6.82,21257001000.0,16.96,None,0.598,56.79,,650200000,304900000,304900000,,,,,,,,,3421500000,516242919,None,9502000000,9502000000,2433900000,None,7247900000,2385900000,None,None,1381000000,,3.72,0.0323,,,,0.006,-0.09,2157000000,3538000000,1.89,2023-06-30,18.35,52500000,10293000000.0,2609000000,1470000000,430000000,None,None,None,697000000,None,1681800000,None,None,36762000000,None,4043100000,814000000,None,None,None,0.259,,763000000,1846000000,3466200000,1720000000,None,568200000,None,,,,,2.122,2.027,2.913,,,,,,,,0.172,,74681400000,2025-11-13,quarterly,1.8,USD,pre-market,None,12405500000,0.0321,0.129,0.109,39.82,None,44660100000,7364500000,202500000,110.11,118.69,-4.7619,96002100000,8041300000,13267100000,71878500000,87960800000,58611400000,12111000000,23901400000,16.96,None,124.8,86.88
2025-12-28,AEP,6.82,21257001000.0,16.96,None,0.598,56.79,,652300000,343500000,343500000,,,,,,,,,3418200000,515598090,None,9502000000,9502000000,2269300000,None,6527200000,2303800000,None,None,1381000000,,3.72,0.0323,,,,0.006,-0.09,2157000000,3538000000,1.89,2023-03-31,18.35,52500000,10293000000.0,2609000000,1470000000,430000000,None,None,None,697000000,None,1457200000,None,None,36239100000,None,3921200000,814000000,None,None,None,0.259,,763000000,1846000000,3499100000,1718900000,None,12328300000,None,,,,,2.122,2.027,2.913,,,,,,,,0.172,,73347000000,2025-11-13,quarterly,1.8,USD,pre-market,None,12313800000,0.0321,0.129,0.109,39.82,None,43418600000,6643600000,194600000,110.11,118.69,-4.7619,94517900000,7798200000,12621700000,70550100000,86719700000,57928400000,12111000000,23738200000,16.96,None,124.8,86.88
2025-12-28,AEP,6.82,21257001000.0,16.96,-22511100000,0.598,56.79,,665500000,509400000,509400000,,,,,,,,,3413100000,514400302,None,9502000000,9502000000,2670800000,None,6108600000,2668000000,None,None,1381000000,,3.72,0.0323,,,,0.006,-0.09,2157000000,3538000000,1.89,2022-12-31,18.35,52500000,10293000000.0,2609000000,1470000000,430000000,None,None,None,697000000,None,1350200000,None,None,33626200000,None,3787200000,814000000,None,None,None,0.259,,763000000,1846000000,2060300000,1801700000,None,599100000,None,,,,,2.122,2.027,2.913,,,,,,,,0.172,,71282900000,2025-11-13,quarterly,1.8,USD,pre-market,None,12345600000,0.0321,0.129,0.109,39.82,None,41579300000,6712200000,187500000,110.11,118.69,-4.7619,93403300000,6775500000,13266300000,69347000000,86627800000,56014600000,12111000000,23893400000,16.96,None,124.8,86.88
2025-12-28,AEP,6.82,21257001000.0,16.96,None,0.598,56.79,,631700000,522200000,522200000,,,,,,,,,3412500000,515315994,None,9502000000,9502000000,2240200000,None,4105800000,1211900000,None,None,1381000000,,3.72,0.0323,,,,0.006,-0.09,2157000000,3538000000,1.89,2022-09-30,18.35,52500000,10293000000.0,2609000000,1470000000,430000000,None,None,None,697000000,None,801900000,None,None,33646600000,None,3604800000,814000000,None,None,None,0.259,,763000000,1846000000,6581800000,5773200000,None,12247800000,None,,,,,2.122,2.027,2.913,,,,,,,,0.172,,69813100000,2025-11-13,quarterly,1.8,USD,pre-market,None,12389800000,0.0321,0.129,0.109,39.82,None,37634100000,3447500000,202200000,110.11,118.69,-4.7619,91249400000,9320000000,11836400000,66663800000,81929400000,54827400000,12111000000,24278200000,16.96,None,124.8,86.88
2025-12-28,AEP,6.82,21257001000.0,16.96,None,0.598,56.79,,643700000,575300000,575300000,,,,,,,,,3412000000,515162210,None,9502000000,9502000000,2198200000,None,4606700000,2349300000,None,None,1381000000,,3.72,0.0323,,,,0.006,-0.09,2157000000,3538000000,1.89,2022-06-30,18.35,52500000,10293000000.0,2609000000,1470000000,430000000,None,None,None,697000000,None,1102300000,None,None,32982700000,None,3783300000,814000000,None,None,None,0.259,,763000000,1846000000,5152100000,3715700000,None,12277000000,None,,,,,2.122,2.027,2.913,,,,,,,,0.172,,68708200000,2025-11-13,quarterly,1.8,USD,pre-market,None,12108600000,0.0321,0.129,0.109,39.82,None,38233100000,4700800000,192000000,110.11,118.69,-4.7619,90861300000,9371000000,12448000000,66564300000,81490300000,54116300000,12111000000,24056000000,16.96,None,124.8,86.88
2025-12-28,AEP,6.82,21257001000.0,16.96,None,0.598,56.79,,658300000,675600000,675600000,,,,,,,,,3411100000,507658522,None,9502000000,9502000000,1694300000,None,6388700000,1936600000,None,None,1381000000,,3.72,0.0323,,,,0.006,-0.09,2157000000,3538000000,1.89,2022-03-31,18.35,52500000,10293000000.0,2609000000,1470000000,430000000,None,None,None,697000000,None,966800000,None,None,30855700000,None,4206000000,814000000,None,None,None,0.259,,763000000,1846000000,4480500000,3549200000,None,12688600000,None,,,,,2.122,2.027,2.913,,,,,,,,0.172,,67878000000,2025-11-13,quarterly,1.8,USD,pre-market,None,11985100000,0.0321,0.129,0.109,39.82,None,37902700000,6483700000,208500000,110.11,118.69,-4.7619,89831400000,8268000000,13568600000,65793300000,81563400000,52224700000,12111000000,23791300000,16.96,None,124.8,86.88
2025-12-28,AEP,6.82,21257001000.0,16.96,-20805100000,0.598,56.79,,590400000,403400000,403400000,,,,,,,,,3408700000,504721277,None,9502000000,9502000000,2054600000,None,4767800000,1941600000,None,None,1381000000,,3.72,0.0323,,,,0.006,-0.09,2157000000,3538000000,1.89,2021-12-31,18.35,52500000,10293000000.0,2609000000,1470000000,430000000,None,None,None,697000000,None,989200000,None,None,31300700000,None,267000000,814000000,None,None,None,0.259,,763000000,1846000000,4254600000,3598700000,None,12785000000,None,,,,,2.122,2.027,2.913,,,,,,,,0.172,,66001300000,2025-11-13,quarterly,1.8,USD,pre-market,None,11667100000,0.0321,0.129,0.109,39.82,None,36658900000,4865400000,220400000,110.11,118.69,-4.7619,87668700000,7809200000,12426700000,64988500000,79859500000,52561800000,12111000000,22433200000,16.96,None,124.8,86.88
2025-12-28,AEP,6.82,21257001000.0,16.96,None,0.598,56.79,,828600000,1372700000,1372700000,,,,,,,,,3404500000,502606836,None,9502000000,9502000000,1597100000,None,5025800000,2050400000,None,None,1381000000,,3.72,0.0323,,,,0.006,-0.09,2157000000,3538000000,1.89,2021-09-30,18.35,52500000,10293000000.0,2609000000,1470000000,430000000,None,None,None,697000000,None,978500000,None,None,32056500000,None,4190200000,814000000,None,None,None,0.259,,763000000,1846000000,1165100000,1642500000,None,12881700000,None,,,,,2.122,2.027,2.913,,,,,,,,0.172,,67471000000,2025-11-13,quarterly,1.8,USD,pre-market,None,11523000000,0.0321,0.129,0.109,39.82,None,37910900000,5267600000,218400000,110.11,118.69,-4.7619,86337100000,5785100000,9954000000,63809900000,80552000000,53855900000,12111000000,22278100000,16.96,None,124.8,86.88
2025-12-28,AEP,6.82,21257001000.0,16.96,None,0.598,56.79,,811100000,312700000,312700000,,,,,,,,,3382700000,500983778,None,9502000000,9502000000,1641600000,None,5586500000,2073800000,None,None,1381000000,,3.72,0.0323,,,,0.006,-0.09,2157000000,3538000000,1.89,2021-06-30,18.35,52500000,10293000000.0,2609000000,1470000000,430000000,None,None,None,697000000,None,1188400000,None,None,30659300000,None,4220400000,814000000,None,None,None,0.259,,763000000,1846000000,809200000,1364200000,None,12977100000,None,,,,,2.122,2.027,2.913,,,,,,,,0.172,,66462100000,2025-11-13,quarterly,1.8,USD,pre-market,None,11098700000,0.0321,0.129,0.109,39.82,None,37056900000,5829200000,221700000,110.11,118.69,-4.7619,84358200000,4605800000,10428600000,62728300000,79752400000,52299700000,12111000000,21378700000,16.96,None,124.8,86.88
2025-12-28,AEP,6.82,21257001000.0,16.96,None,0.598,56.79,,865700000,273200000,273200000,,,,,,,,,3376400000,498164219,None,9502000000,9502000000,1703900000,None,5178600000,1858400000,None,None,1381000000,,3.72,0.0323,,,,0.006,-0.09,2157000000,3538000000,1.89,2021-03-31,18.35,52500000,10293000000.0,2609000000,1470000000,430000000,None,None,None,697000000,None,1271900000,None,None,30214800000,None,4046800000,814000000,None,None,None,0.259,,763000000,1846000000,655800000,1368100000,None,12652000000,None,,,,,2.122,2.027,2.913,,,,,,,,0.172,,64696100000,2025-11-13,quarterly,1.8,USD,pre-market,None,10892700000,0.0321,0.129,0.109,39.82,None,36259100000,5419200000,199100000,110.11,118.69,-4.7619,82985100000,4258400000,10220100000,61765100000,78726700000,51545000000,12111000000,20972800000,16.96,None,124.8,86.88
2025-12-28,AEP,6.82,21257001000.0,16.96,-20411400000,0.598,56.79,,879700000,392700000,392700000,,,,,,,,,3359300000,497695543,None,9502000000,9502000000,1709700000,None,4565400000,1842700000,None,None,1381000000,,3.72,0.0323,,,,0.006,-0.09,2157000000,3538000000,1.89,2020-12-31,18.35,52500000,10293000000.0,2609000000,1470000000,430000000,None,None,None,697000000,None,1310000000,None,None,28986400000,None,242200000,814000000,None,None,None,0.259,,763000000,1846000000,605300000,1598300000,None,12550700000,None,,,,,2.122,2.027,2.913,,,,,,,,0.172,,63901600000,2025-11-13,quarterly,1.8,USD,pre-market,None,10687800000,0.0321,0.129,0.109,39.82,None,34431500000,4806700000,200800000,110.11,118.69,-4.7619,80757200000,4351500000,9926700000,59982700000,76405700000,50056000000,12111000000,20550900000,16.96,None,124.8,86.88
2025-12-28,AEP,6.82,21257001000.0,16.96,None,0.598,56.79,,927000000,409700000,409700000,,,,,,,,,3357600000,497458523,None,9502000000,9502000000,1659600000,None,4308600000,1850700000,None,None,1381000000,,3.72,0.0323,,,,0.006,-0.09,2157000000,3538000000,1.89,2020-09-30,18.35,52500000,10293000000.0,2609000000,1470000000,430000000,None,None,None,697000000,None,1267300000,None,None,28155500000,None,3759900000,814000000,None,None,None,0.259,,763000000,1846000000,601500000,1560100000,None,12535700000,None,,,,,2.122,2.027,2.913,,,,,,,,0.172,,62786400000,2025-11-13,quarterly,1.8,USD,pre-market,None,10621400000,0.0321,0.129,0.109,39.82,None,33391100000,4545100000,209000000,110.11,118.69,-4.7619,78689300000,4338200000,9047200000,58054700000,74351100000,49007500000,12111000000,20365900000,16.96,None,124.8,86.88
2025-12-28,AEP,6.82,21257001000.0,16.96,-19777400000,0.598,56.79,,924900000,348800000,348800000,,,,,,,,,3355400000,497337980,None,9502000000,9502000000,1628000000,None,5214300000,1791500000,None,None,1381000000,,3.72,0.0323,,,,0.006,-0.09,2157000000,3538000000,1.89,2020-06-30,18.35,52500000,10293000000.0,2609000000,1470000000,430000000,None,None,None,697000000,None,1279800000,None,None,26637700000,None,247100000,814000000,None,None,None,0.259,,763000000,1846000000,660800000,1474300000,None,12577700000,None,,,,,2.122,2.027,2.913,,,,,,,,0.172,,61926800000,2025-11-13,quarterly,1.8,USD,pre-market,None,10221900000,0.0321,0.129,0.109,39.82,None,32776900000,5450700000,192300000,110.11,118.69,-4.7619,77804800000,4273200000,10122000000,57526600000,73531600000,47404600000,12111000000,20007400000,16.96,None,124.8,86.88
2025-12-28,AEP,6.82,21257001000.0,16.96,-19368100000,0.598,56.79,,970600000,1554600000,1554600000,,,,,,,,,3350200000,496608918,None,9502000000,9502000000,1593400000,None,6573800000,1741500000,None,None,1381000000,,3.72,0.0323,,,,0.006,-0.09,2157000000,3538000000,1.89,2020-03-31,18.35,52500000,10293000000.0,2609000000,1470000000,430000000,None,None,None,697000000,None,1195900000,None,None,25783000000,None,323700000,814000000,None,None,None,0.259,,763000000,1846000000,614800000,1636800000,None,12200200000,None,,,,,2.122,2.027,2.913,,,,,,,,0.172,,61048900000,2025-11-13,quarterly,1.8,USD,pre-market,None,10038800000,0.0321,0.129,0.109,39.82,None,33327400000,6808100000,185200000,110.11,118.69,-4.7619,77724000000,5292000000,11654700000,57716300000,72432000000,46061600000,12111000000,19728400000,16.96,None,124.8,86.88
2025-12-28,AEP,6.82,21257001000.0,16.96,-19007600000,0.598,56.79,,968700000,246800000,246800000,,,,,,,,,3343400000,495957578,None,9502000000,9502000000,2085800000,None,4437000000,1705100000,None,None,1381000000,,3.72,0.0323,,,,0.006,-0.09,2157000000,3538000000,1.89,2019-12-31,18.35,52500000,10293000000.0,2609000000,1470000000,430000000,None,None,None,697000000,None,1169200000,None,None,25126800000,None,266600000,814000000,None,None,None,0.259,,763000000,1846000000,754000000,1818300000,None,12594600000,None,,,,,2.122,2.027,2.913,,,,,,,,0.172,,60138100000,2025-11-13,quarterly,1.8,USD,pre-market,None,9900900000,0.0321,0.129,0.109,39.82,None,30532500000,4671100000,202700000,110.11,118.69,-4.7619,75892300000,4077800000,10299100000,55979100000,71814500000,45680000000,12111000000,19632200000,16.96,None,124.8,86.88
2025-12-28,AEP,6.82,21257001000.0,16.96,-18760200000,0.598,56.79,,1029900000,348800000,348800000,,,,,,,,,3341900000,495461509,None,9502000000,9502000000,1766800000,None,3837700000,1825100000,None,None,1381000000,,3.72,0.0323,,,,0.006,-0.09,2157000000,3538000000,1.89,2019-09-30,18.35,52500000,10293000000.0,2609000000,1470000000,430000000,None,None,None,697000000,None,1051300000,None,None,24553500000,None,299000000,814000000,None,None,None,0.259,,763000000,1846000000,742800000,1513100000,None,12874000000,None,,,,,2.122,2.027,2.913,,,,,,,,0.172,,58692700000,2025-11-13,quarterly,1.8,USD,pre-market,None,10095300000,0.0321,0.129,0.109,39.82,None,29421100000,4066500000,198400000,110.11,118.69,-4.7619,73900700000,4166400000,8611200000,53903000000,69734300000,45291800000,12111000000,19716400000,16.96,None,124.8,86.88
2025-12-28,AEP,6.82,21257001000.0,16.96,-18439100000,0.598,56.79,,1026400000,210500000,210500000,,,,,,,,,3340800000,495382966,None,9502000000,9502000000,1689000000,None,3534400000,1781200000,None,None,1381000000,,3.72,0.0323,,,,0.006,-0.09,2157000000,3538000000,1.89,2019-06-30,18.35,52500000,10293000000.0,2609000000,1470000000,430000000,None,None,None,697000000,None,1034400000,None,None,24174400000,None,313500000,814000000,None,None,None,0.259,,763000000,1846000000,859500000,1476200000,None,12827000000,None,,,,,2.122,2.027,2.913,,,,,,,,0.172,,57202900000,2025-11-13,quarterly,1.8,USD,pre-market,None,9694200000,0.0321,0.129,0.109,39.82,None,28735200000,3763600000,175700000,110.11,118.69,-4.7619,72550000000,4061300000,8357100000,53126800000,68488700000,44769700000,12111000000,19259600000,16.96,None,124.8,86.88
2025-12-28,AEP,6.82,21257001000.0,16.96,-18182600000,0.598,56.79,,1088400000,227700000,227700000,,,,,,,,,3338600000,494484144,None,9502000000,9502000000,1497200000,None,3386500000,1882300000,None,None,1381000000,,3.72,0.0323,,,,0.006,-0.09,2157000000,3538000000,1.89,2019-03-31,18.35,52500000,10293000000.0,2609000000,1470000000,430000000,None,None,None,697000000,None,946600000,None,None,22898200000,None,250400000,814000000,None,None,None,0.259,,763000000,1846000000,689300000,1321800000,None,13029100000,None,,,,,2.122,2.027,2.913,,,,,,,,0.172,,55968600000,2025-11-13,quarterly,1.8,USD,pre-market,None,9565600000,0.0321,0.129,0.109,39.82,None,27373100000,3614700000,168900000,110.11,118.69,-4.7619,70722000000,3914800000,7990600000,51493500000,66807200000,43502900000,12111000000,19196300000,16.96,None,124.8,86.88
2025-12-28,AEP,6.82,21257001000.0,16.96,-17986100000,0.598,56.79,,233500000,234100000,234100000,,,,,,,,,3337400000,494484144,None,9502000000,9502000000,1874300000,None,1698500000,1926500000,None,None,1381000000,,3.72,0.0323,,,,0.006,-0.09,2157000000,3538000000,1.89,2018-12-31,18.35,52500000,10293000000.0,2609000000,1470000000,430000000,None,None,None,697000000,None,921100000,None,None,21648200000,None,254000000,814000000,None,None,None,0.259,,763000000,1846000000,150100000,2753800000,None,11987700000,None,,,,,2.122,2.027,2.913,,,,,,,,0.172,,55099100000,2025-11-13,quarterly,1.8,USD,pre-market,None,9325300000,0.0321,0.129,0.109,39.82,None,25490200000,3608500000,159100000,110.11,118.69,-4.7619,68802800000,4113900000,8648800000,49743400000,64688900000,41094600000,12111000000,19028400000,16.96,None,124.8,86.88
2025-12-28,AEP,6.82,21257001000.0,16.96,-17841600000,0.598,56.79,,None,788300000,788300000,,,,,,,,,3336500000,493940543,None,9502000000,9502000000,1579900000,None,1904200000,2118100000,None,None,1381000000,,3.72,0.0323,,,,0.006,-0.09,2157000000,3538000000,1.89,2018-09-30,18.35,52500000,10293000000.0,2609000000,1470000000,430000000,52500000,52500000,None,697000000,None,847900000,None,None,20869800000,None,264900000,814000000,None,None,None,0.259,,763000000,1846000000,774000000,1552900000,None,11776500000,None,,,,,2.122,2.027,2.913,,,,,,,,0.172,,53355700000,2025-11-13,quarterly,1.8,USD,pre-market,None,9293700000,0.0321,0.129,0.109,39.82,None,25016600000,4146800000,164100000,110.11,118.69,-4.7619,67617400000,4692400000,8426200000,48570600000,62925000000,40144400000,12111000000,19016800000,16.96,0,124.8,86.88
2025-12-28,AEP,6.82,21257001000.0,16.96,-17571400000,0.598,56.79,,None,211200000,211200000,,,,,,,,,3335400000,493505085,None,9502000000,9502000000,1635400000,None,2281400000,2270700000,None,None,1381000000,,3.72,0.0323,,,,0.006,-0.09,2157000000,3538000000,1.89,2018-06-30,18.35,52500000,10293000000.0,2609000000,1470000000,430000000,52500000,52500000,None,697000000,None,915600000,None,None,19750600000,None,264500000,814000000,None,None,None,0.259,,763000000,1846000000,1009500000,1239400000,None,11850900000,None,,,,,2.122,2.027,2.913,,,,,,,,0.172,,52441500000,2025-11-13,quarterly,1.8,USD,pre-market,None,9023100000,0.0321,0.129,0.109,39.82,None,24621200000,4870600000,163100000,110.11,118.69,-4.7619,66870100000,4570100000,9058300000,48118700000,62300000000,39060400000,12111000000,18722300000,16.96,0,124.8,86.88
2025-12-28,AEP,6.82,21257001000.0,16.96,-17431200000,0.598,56.79,,None,183400000,183400000,,,,,,,,,3332700000,493127300,None,9502000000,9502000000,1449600000,None,2616100000,1851500000,None,None,1381000000,,3.72,0.0323,,,,0.006,-0.09,2157000000,3538000000,1.89,2018-03-31,18.35,52500000,10293000000.0,2609000000,1470000000,430000000,52500000,52500000,None,697000000,None,922800000,None,None,18844900000,None,271200000,814000000,None,None,None,0.259,,763000000,1846000000,1009400000,1300000000,None,11467300000,None,,,,,2.122,2.027,2.913,,,,,,,,0.172,,51365100000,2025-11-13,quarterly,1.8,USD,pre-market,None,8801500000,0.0321,0.129,0.109,39.82,None,24119800000,5274900000,167900000,110.11,118.69,-4.7619,65609500000,4135000000,9471400000,47097900000,61474500000,37626500000,12111000000,18483300000,16.96,0,124.8,86.88
2025-12-28,AEP,6.82,21257001000.0,16.96,-17167000000,0.598,56.79,,238800000,214600000,214600000,,,,,,,,,3329400000,493127300,None,9502000000,9502000000,2065300000,None,1753700000,1891000000,None,None,1381000000,,3.72,0.0323,,,,0.006,-0.09,2157000000,3538000000,1.89,2017-12-31,18.35,52500000,10293000000.0,2609000000,1470000000,430000000,52500000,52500000,None,697000000,None,953200000,None,None,19419600000,None,282100000,814000000,None,None,None,0.259,,763000000,1846000000,292500000,2456700000,None,11576800000,None,,,,,2.122,2.027,2.913,,,,,,,,0.172,,50261500000,2025-11-13,quarterly,1.8,USD,pre-market,None,8626700000,0.0321,0.129,0.109,39.82,None,23050700000,3392300000,161700000,110.11,118.69,-4.7619,64729100000,4253100000,8271300000,46415500000,60476000000,38144200000,12111000000,18287000000,16.96,0,124.8,86.88
2025-12-28,AEP,6.82,21257001000.0,16.96,-17121700000,0.598,56.79,,None,343900000,343900000,,,,,,,,,3328300000,492986307,None,9502000000,9502000000,1537000000,None,2359300000,1740900000,None,None,1381000000,,3.72,0.0323,,,,0.006,-0.09,2157000000,3538000000,1.89,2017-09-30,18.35,52500000,10293000000.0,2609000000,1470000000,430000000,52500000,52500000,None,697000000,None,916500000,None,None,18362400000,None,310400000,814000000,None,None,None,0.259,,763000000,1846000000,755800000,1303300000,None,7184800000,None,,,,,2.122,2.027,2.913,,,,,,,,0.172,,48316500000,2025-11-13,quarterly,1.8,USD,pre-market,None,8532000000,0.0321,0.129,0.109,39.82,None,21781000000,3418600000,310700000,110.11,118.69,-4.7619,63964900000,4067800000,7322000000,45859400000,59897100000,38537400000,12111000000,18069100000,16.96,0,124.8,86.88
2025-12-28,AEP,6.82,21257001000.0,16.96,-16907600000,0.598,56.79,,None,172400000,172400000,,,,,,,,,3328300000,492642100,None,9502000000,9502000000,1268400000,None,21403600000,1661800000,None,None,1381000000,,3.72,0.0323,,,,0.006,-0.09,2157000000,3538000000,1.89,2017-06-30,18.35,52500000,10293000000.0,2609000000,1470000000,430000000,52500000,52500000,None,697000000,None,982200000,None,None,16796900000,None,285600000,814000000,None,None,None,0.259,,763000000,1846000000,675000000,1281600000,None,7095900000,None,,,,,2.122,2.027,2.913,,,,,,,,0.172,,47227200000,2025-11-13,quarterly,1.8,USD,pre-market,None,8276400000,0.0321,0.129,0.109,39.82,None,21403600000,4606700000,317600000,110.11,118.69,-4.7619,62739100000,3809000000,8392200000,44889600000,58930100000,36497400000,12111000000,17824100000,16.96,0,124.8,86.88
2025-12-28,AEP,6.82,21257001000.0,16.96,-16674200000,0.598,56.79,,None,175000000,175000000,,,,,,,,,3328300000,492031975,None,9502000000,9502000000,1116900000,None,4118400000,1711200000,None,None,1381000000,,3.72,0.0323,,,,0.006,-0.09,2157000000,3538000000,1.89,2017-03-31,18.35,52500000,10293000000.0,2609000000,1470000000,430000000,52500000,52500000,None,697000000,None,955300000,None,None,16722200000,None,310500000,814000000,None,None,None,0.259,,763000000,1846000000,499900000,1326900000,None,7051900000,None,,,,,2.122,2.027,2.913,,,,,,,,0.172,,46236300000,2025-11-13,quarterly,1.8,USD,pre-market,None,8194300000,0.0321,0.129,0.109,39.82,None,20772400000,4050200000,275000000,110.11,118.69,-4.7619,61728300000,3616400000,7914500000,44016600000,58111900000,36102100000,12111000000,17687100000,16.96,0,124.8,86.88
2025-12-28,AEP,6.82,21257001000.0,16.96,16397300000,0.598,56.79,,242100000,210500000,210500000,,,,,,,,,3328300000,492031975,None,9502000000,9502000000,1688500000,None,2878000000,1916700000,None,None,1381000000,,3.72,0.0323,,,,0.006,-0.09,2157000000,3538000000,1.89,2016-12-31,18.35,52500000,10293000000.0,2609000000,1470000000,430000000,52500000,52500000,None,697000000,None,967300000,None,None,17378400000,None,289100000,814000000,None,None,None,0.259,,763000000,1846000000,156600000,2875300000,None,6970600000,None,,,,,2.122,2.027,2.913,,,,,,,,0.172,,45639300000,2025-11-13,quarterly,1.8,USD,pre-market,None,7892400000,0.0321,0.129,0.109,39.82,None,22211500000,4591000000,331700000,110.11,118.69,-4.7619,63467700000,6033900000,9498000000,46047600000,57433800000,36549600000,12111000000,17397000000,16.96,None,124.8,86.88
2025-12-28,AEP,6.82,21257001000.0,16.96,-16337600000,0.598,56.79,,None,212200000,212200000,,,,,,,,,3328300000,491813858,None,9502000000,9502000000,1340300000,None,3942400000,2094900000,None,None,1381000000,,3.72,0.0323,,,,0.006,-0.09,2157000000,3538000000,1.89,2016-09-30,18.35,52500000,10293000000.0,2609000000,1470000000,430000000,52500000,52500000,None,697000000,None,1024800000,None,None,17319900000,None,311700000,814000000,None,None,None,0.259,,763000000,1846000000,2338100000,1568200000,None,6944600000,None,,,,,2.122,2.027,2.913,,,,,,,,0.172,,44262200000,2025-11-13,quarterly,1.8,USD,pre-market,None,7809400000,0.0321,0.129,0.109,39.82,None,21183000000,3863100000,279200000,110.11,118.69,-4.7619,61442000000,5949200000,7779400000,44099000000,55492800000,36319600000,12111000000,17321900000,16.96,0,124.8,86.88
2025-12-28,AEP,6.82,21257001000.0,16.96,-19646200000,0.598,56.79,,None,246800000,246800000,,,,,,,,,3328000000,491641400,None,9502000000,9502000000,1242300000,None,4152300000,2087900000,None,None,1381000000,,3.72,0.0323,,,,0.006,-0.09,2157000000,3538000000,1.89,2016-06-30,18.35,52500000,10293000000.0,2609000000,1470000000,430000000,52500000,52500000,None,697000000,None,1362000000,None,None,17537400000,None,298500000,814000000,None,None,None,0.259,,763000000,1846000000,779700000,1411200000,None,6935600000,None,,,,,2.122,2.027,2.913,,,,,,,,0.172,,47436200000,2025-11-13,quarterly,1.8,USD,pre-market,None,8851400000,0.0321,0.129,0.109,39.82,None,21604000000,4066600000,306900000,110.11,118.69,-4.7619,63317100000,4438900000,7869900000,44912200000,58878200000,37042300000,12111000000,18386200000,16.96,0,124.8,86.88
2025-12-28,AEP,6.82,21257001000.0,16.96,-19597300000,0.598,56.79,,None,190400000,190400000,,,,,,,,,3325300000,491332305,None,9502000000,9502000000,1219500000,None,None,1876100000,None,None,1381000000,,3.72,0.0323,,,,0.006,-0.09,2157000000,3538000000,1.89,2016-03-31,18.35,52500000,10293000000.0,2609000000,1470000000,430000000,52500000,52500000,None,697000000,None,1351900000,None,None,17749300000,None,328900000,814000000,None,None,None,0.259,,763000000,1846000000,761800000,1490500000,None,7032200000,None,,,,,2.122,2.027,2.913,,,,,,,,0.172,,46832900000,2025-11-13,quarterly,1.8,USD,pre-market,None,8624800000,0.0321,0.129,0.109,39.82,None,21003600000,3254300000,264500000,110.11,118.69,-4.7619,62486500000,4146300000,7221900000,44344800000,58340200000,37122900000,12111000000,18126500000,16.96,0,124.8,86.88
2025-12-28,AEP,6.82,21257001000.0,16.96,19348200000,0.598,56.79,,247300000,176400000,176400000,,,,,,,,,3324000000,491332305,None,9502000000,9502000000,1418000000,None,1831800000,1640500000,None,None,1381000000,,3.72,0.0323,,,,0.006,-0.09,2157000000,3538000000,1.89,2015-12-31,18.35,52500000,10293000000.0,2609000000,1470000000,430000000,1800000,1800000,None,697000000,None,1339400000,None,None,17740900000,None,321800000,814000000,None,None,None,0.259,,763000000,1846000000,115200000,2712100000,None,7016500000,None,,,,,2.122,2.027,2.913,,,,,,,,0.172,,46133200000,2025-11-13,quarterly,1.8,USD,pre-market,None,8398300000,0.0321,0.129,0.109,39.82,None,20620000000,2631800000,386800000,110.11,118.69,-4.7619,61683100000,4072400000,7108500000,43778200000,57610700000,36669700000,12111000000,17891700000,16.96,0,124.8,86.88
2025-12-28,AEP,6.82,21257001000.0,16.96,-19588000000,0.598,56.79,,None,178000000,178000000,,,,,,,,,3322000000,490800335,None,9502000000,9502000000,1274000000,None,None,1853000000,None,None,1381000000,,3.72,0.0323,,,,0.006,-0.09,2157000000,3538000000,1.89,2015-09-30,18.35,53000000,10293000000.0,2609000000,1470000000,430000000,53000000,53000000,None,697000000,None,1105000000,None,None,17600000000,None,353000000,814000000,None,None,None,0.259,,763000000,1846000000,1181000000,2093000000,None,7106000000,None,,,,,2.122,2.027,2.913,,,,,,,,0.172,,45238000000,2025-11-13,quarterly,1.8,USD,pre-market,None,8204000000,0.0321,0.129,0.109,39.82,None,20208000000,2608000000,315000000,110.11,118.69,-4.7619,61099000000,4548000000,7058000000,43390000000,56551000000,36332000000,12111000000,17699000000,16.96,0,124.8,86.88
2025-12-28,AEP,6.82,21257001000.0,16.96,-19589000000,0.598,56.79,,None,195000000,195000000,,,,,,,,,3321000000,490484450,None,9502000000,9502000000,1236000000,None,None,1920000000,None,None,1381000000,,3.72,0.0323,,,,0.006,-0.09,2157000000,3538000000,1.89,2015-06-30,18.35,91000000,10293000000.0,2609000000,1470000000,430000000,91000000,91000000,None,697000000,None,1160000000,None,None,17761000000,None,363000000,814000000,None,None,None,0.259,,763000000,1846000000,665000000,1408000000,None,7485000000,None,,,,,2.122,2.027,2.913,,,,,,,,0.172,,45013000000,2025-11-13,quarterly,1.8,USD,pre-market,None,7945000000,0.0321,0.129,0.109,39.82,None,20683000000,2922000000,356000000,110.11,118.69,-4.7619,60938000000,4225000000,6650000000,43496000000,56713000000,36846000000,12111000000,17434000000,16.96,0,124.8,86.88
2025-12-28,AEP,6.82,21257001000.0,16.96,None,0.598,56.79,,None,190000000,190000000,,,,,,,,,3317000000,489936726,None,9502000000,9502000000,1283000000,None,None,1889000000,None,None,1381000000,,3.72,0.0323,,,,0.006,-0.09,2157000000,3538000000,1.89,2015-03-31,18.35,91000000,10293000000.0,2609000000,1470000000,430000000,91000000,91000000,None,697000000,None,1192000000,None,None,16778000000,None,None,814000000,None,None,None,0.259,,763000000,1846000000,630000000,1358000000,None,None,None,,,,,2.122,2.027,2.913,,,,,,,,0.172,,44810000000,2025-11-13,quarterly,1.8,USD,pre-market,None,7776000000,0.0321,0.129,0.109,39.82,None,20084000000,3306000000,293000000,110.11,118.69,-4.7619,60038000000,4116000000,7128000000,42790000000,55922000000,35662000000,12111000000,17241000000,16.96,0,124.8,86.88
2025-12-28,AEP,6.82,21257001000.0,16.96,-20188000000,0.598,56.79,,441000000,163000000,163000000,,,,,,,,,3313000000,489936726,None,9502000000,9502000000,1287000000,None,2500400000,1926000000,None,None,1381000000,,3.72,0.0323,,,,0.006,-0.09,2157000000,3538000000,1.89,2014-12-31,18.35,91000000,10293000000.0,2609000000,1470000000,430000000,4900000,4900000,None,697000000,None,1325000000,None,None,16181000000,None,294000000,814000000,None,None,None,0.259,,763000000,1846000000,127000000,2507000000,None,7544000000,None,,,,,2.122,2.027,2.913,,,,,,,,0.172,,44117000000,2025-11-13,quarterly,1.8,USD,pre-market,None,7406000000,0.0321,0.129,0.109,39.82,None,20471000000,3849000000,386000000,110.11,118.69,-4.7619,59633000000,4478000000,7967000000,42809000000,55155000000,34842000000,12111000000,16820000000,16.96,0,124.8,86.88
2025-12-28,AEP,6.82,21257001000.0,16.96,-20059000000,0.598,56.79,,None,194000000,194000000,,,,,,,,,3312000000,488970647,None,9502000000,9502000000,1259000000,None,None,1855000000,None,None,1381000000,,3.72,0.0323,,,,0.006,-0.09,2157000000,3538000000,1.89,2014-09-30,18.35,91000000,10293000000.0,2609000000,1470000000,430000000,91000000,91000000,None,697000000,None,1205000000,None,None,15677000000,None,228000000,814000000,None,None,None,0.259,,763000000,1846000000,622000000,1451000000,None,7293000000,None,,,,,2.122,2.027,2.913,,,,,,,,0.172,,43064000000,2025-11-13,quarterly,1.8,USD,pre-market,None,7470000000,0.0321,0.129,0.109,39.82,None,19340000000,3663000000,318000000,110.11,118.69,-4.7619,57925000000,4111000000,7457000000,41053000000,53814000000,33596000000,12111000000,16868000000,16.96,0,124.8,86.88
2025-12-28,AEP,6.82,21257001000.0,16.96,-19792000000,0.598,56.79,,None,190000000,190000000,,,,,,,,,3308000000,488538227,None,9502000000,9502000000,1228000000,None,None,1926000000,None,None,1381000000,,3.72,0.0323,,,,0.006,-0.09,2157000000,3538000000,1.89,2014-06-30,18.35,91000000,10293000000.0,2609000000,1470000000,430000000,91000000,91000000,None,697000000,None,1219000000,None,None,15601000000,None,224000000,814000000,None,None,None,0.259,,763000000,1846000000,671000000,1368000000,None,7256000000,None,,,,,2.122,2.027,2.913,,,,,,,,0.172,,42273000000,2025-11-13,quarterly,1.8,USD,pre-market,None,7222000000,0.0321,0.129,0.109,39.82,None,19607000000,4006000000,377000000,110.11,118.69,-4.7619,57620000000,4323000000,7600000000,41035000000,53297000000,33435000000,12111000000,16581000000,16.96,0,124.8,86.88
2025-12-28,AEP,6.82,21257001000.0,16.96,-19564000000,0.598,56.79,,None,292000000,292000000,,,,,,,,,3305000000,488271167,None,9502000000,9502000000,1213000000,None,None,1943000000,None,None,1381000000,,3.72,0.0323,,,,0.006,-0.09,2157000000,3538000000,1.89,2014-03-31,18.35,91000000,10293000000.0,2609000000,1470000000,430000000,91000000,91000000,None,697000000,None,1214000000,None,None,16475000000,None,266000000,814000000,None,None,None,0.259,,763000000,1846000000,642000000,1257000000,None,7042000000,None,,,,,2.122,2.027,2.913,,,,,,,,0.172,,41530000000,2025-11-13,quarterly,1.8,USD,pre-market,None,7076000000,0.0321,0.129,0.109,39.82,None,19419000000,2944000000,310000000,110.11,118.69,-4.7619,57038000000,4335000000,6519000000,40619000000,52703000000,34100000000,12111000000,16416000000,16.96,0,124.8,86.88
2025-12-28,AEP,6.82,21257001000.0,16.96,-19288000000,0.598,56.79,,428000000,118000000,118000000,,,,,,,,,3303000000,488271167,None,9502000000,9502000000,1266000000,None,None,1860000000,None,None,1381000000,,3.72,0.0323,,,,0.006,-0.09,2157000000,3538000000,1.89,2013-12-31,18.35,91000000,10293000000.0,2609000000,1470000000,430000000,10000000,10000000,None,697000000,None,1423000000,None,None,16828000000,None,297000000,814000000,None,None,None,0.259,,763000000,1846000000,80000000,2241000000,None,6911000000,None,,,,,2.122,2.027,2.913,,,,,,,,0.172,,40997000000,2025-11-13,quarterly,1.8,USD,pre-market,None,6766000000,0.0321,0.129,0.109,39.82,None,19562000000,2306000000,353000000,110.11,118.69,-4.7619,56414000000,4310000000,6112000000,40328000000,52104000000,34216000000,12111000000,16085000000,16.96,0,124.8,86.88
2025-12-28,AEP,6.82,21257001000.0,16.96,-19174000000,0.598,56.79,,None,147000000,147000000,,,,,,,,,3299000000,487258905,None,9502000000,9502000000,1044000000,None,None,1856000000,None,None,1381000000,,3.72,0.0323,,,,0.006,-0.09,2157000000,3538000000,1.89,2013-09-30,18.35,91000000,10293000000.0,2609000000,1470000000,430000000,91000000,91000000,None,697000000,None,1440000000,None,None,16202000000,None,314000000,814000000,None,None,None,0.259,,763000000,1846000000,693000000,1176000000,None,7253000000,None,,,,,2.122,2.027,2.913,,,,,,,,0.172,,39870000000,2025-11-13,quarterly,1.8,USD,pre-market,None,6664000000,0.0321,0.129,0.109,39.82,None,18786000000,2584000000,288000000,110.11,118.69,-4.7619,54963000000,4317000000,5692000000,39200000000,50646000000,33508000000,12111000000,15762000000,16.96,0,124.8,86.88
2025-12-28,AEP,6.82,21257001000.0,16.96,-18932000000,0.598,56.79,,None,117000000,117000000,,,,,,,,,3296000000,486763615,None,9502000000,9502000000,987000000,None,None,1931000000,None,None,1381000000,,3.72,0.0323,,,,0.006,-0.09,2157000000,3538000000,1.89,2013-06-30,18.35,91000000,10293000000.0,2609000000,1470000000,430000000,91000000,91000000,None,697000000,None,1574000000,None,None,15799000000,None,317000000,814000000,None,None,None,0.259,,763000000,1846000000,702000000,1198000000,None,7252000000,None,,,,,2.122,2.027,2.913,,,,,,,,0.172,,39425000000,2025-11-13,quarterly,1.8,USD,pre-market,None,6470000000,0.0321,0.129,0.109,39.82,None,19156000000,3357000000,298000000,110.11,118.69,-4.7619,54979000000,4622000000,6519000000,39442000000,50357000000,32923000000,12111000000,15537000000,16.96,0,124.8,86.88
2025-12-28,AEP,6.82,21257001000.0,16.96,-18945000000,0.598,56.79,,None,179000000,179000000,,,,,,,,,3291000000,486344036,None,9502000000,9502000000,1004000000,None,None,1869000000,None,None,1381000000,,3.72,0.0323,,,,0.006,-0.09,2157000000,3538000000,1.89,2013-03-31,18.35,91000000,10293000000.0,2609000000,1470000000,430000000,91000000,91000000,None,697000000,None,1520000000,None,None,15899000000,None,341000000,814000000,None,None,None,0.259,,763000000,1846000000,701000000,1164000000,None,7314000000,None,,,,,2.122,2.027,2.913,,,,,,,,0.172,,39130000000,2025-11-13,quarterly,1.8,USD,pre-market,None,6370000000,0.0321,0.129,0.109,39.82,None,18880000000,2981000000,261000000,110.11,118.69,-4.7619,54550000000,4397000000,6175000000,39129000000,50153000000,32954000000,12111000000,15421000000,16.96,0,124.8,86.88
2025-12-28,AEP,6.82,21257001000.0,16.96,-18691000000,0.598,56.79,,375000000,279000000,279000000,,,,,,,,,3289000000,486344036,None,9502000000,9502000000,1169000000,None,None,1871000000,None,None,1381000000,,3.72,0.0323,,,,0.006,-0.09,2157000000,3538000000,1.89,2012-12-31,18.35,91000000,10293000000.0,2609000000,1470000000,430000000,24000000,24000000,None,697000000,None,1519000000,None,None,15586000000,None,368000000,814000000,None,None,None,0.259,,763000000,1846000000,88000000,2186000000,None,7255000000,None,,,,,2.122,2.027,2.913,,,,,,,,0.172,,38763000000,2025-11-13,quarterly,1.8,USD,pre-market,None,6236000000,0.0321,0.129,0.109,39.82,None,19113000000,3152000000,324000000,110.11,118.69,-4.7619,54367000000,4589000000,6823000000,39130000000,49778000000,32307000000,12111000000,15237000000,16.96,0,124.8,86.88
2025-12-28,AEP,6.82,21257001000.0,16.96,None,0.598,56.79,,None,443000000,443000000,,,,,,,,,3286000000,485362858,None,9502000000,9502000000,988000000,None,None,1904000000,None,None,1381000000,,3.72,0.0323,,,,0.006,-0.09,2157000000,3538000000,1.89,2012-09-30,18.35,90000000,10293000000.0,2609000000,1470000000,430000000,90000000,90000000,None,697000000,None,1462000000,None,None,14955000000,None,None,814000000,None,None,None,0.259,,763000000,1846000000,561000000,1512000000,None,None,None,,,,,2.122,2.027,2.913,,,,,,,,0.172,,38133000000,2025-11-13,quarterly,1.8,USD,pre-market,None,6444000000,0.0321,0.129,0.109,39.82,None,18443000000,3488000000,278000000,110.11,118.69,-4.7619,53843000000,4648000000,6795000000,38537000000,49195000000,31742000000,12111000000,15306000000,16.96,0,124.8,86.88
2025-12-28,AEP,6.82,21257001000.0,16.96,None,0.598,56.79,,None,297000000,297000000,,,,,,,,,3284000000,484860690,None,9502000000,9502000000,906000000,None,None,1808000000,None,None,1381000000,,3.72,0.0323,,,,0.006,-0.09,2157000000,3538000000,1.89,2012-06-30,18.35,90000000,10293000000.0,2609000000,1470000000,430000000,90000000,90000000,None,697000000,None,1494000000,None,None,15319000000,None,None,814000000,None,None,None,0.259,,763000000,1846000000,587000000,1400000000,None,None,None,,,,,2.122,2.027,2.913,,,,,,,,0.172,,37828000000,2025-11-13,quarterly,1.8,USD,pre-market,None,6185000000,0.0321,0.129,0.109,39.82,None,18510000000,3191000000,297000000,110.11,118.69,-4.7619,53421000000,4483000000,6407000000,38413000000,48938000000,32006000000,12111000000,15007000000,16.96,0,124.8,86.88
2025-12-28,AEP,6.82,21257001000.0,16.96,None,0.598,56.79,,None,286000000,286000000,,,,,,,,,3280000000,484248868,None,9502000000,9502000000,978000000,None,None,1717000000,None,None,1381000000,,3.72,0.0323,,,,0.006,-0.09,2157000000,3538000000,1.89,2012-03-31,18.35,90000000,10293000000.0,2609000000,1470000000,430000000,90000000,90000000,None,697000000,None,1418000000,None,None,15340000000,None,None,814000000,None,None,None,0.259,,763000000,1846000000,576000000,1655000000,None,None,None,,,,,2.122,2.027,2.913,,,,,,,,0.172,,37432000000,2025-11-13,quarterly,1.8,USD,pre-market,None,6050000000,0.0321,0.129,0.109,39.82,None,18370000000,3030000000,217000000,110.11,118.69,-4.7619,52902000000,4214000000,6342000000,38045000000,48688000000,31703000000,12111000000,14856000000,16.96,0,124.8,86.88
2025-12-28,AEP,6.82,21257001000.0,16.96,None,0.598,56.79,,None,221000000,221000000,,,,,,,,,3274000000,483354598,None,9502000000,9502000000,1095000000,None,None,1834000000,None,None,1381000000,,3.72,0.0323,,,,0.006,-0.09,2157000000,3538000000,1.89,2011-12-31,18.35,76000000,10293000000.0,2609000000,1470000000,430000000,76000000,76000000,None,697000000,None,1292000000,None,None,15467000000,None,None,814000000,None,None,None,0.259,,763000000,1846000000,490000000,1427000000,None,None,None,,,,,2.122,2.027,2.913,,,,,,,,0.172,,36971000000,2025-11-13,quarterly,1.8,USD,pre-market,None,5890000000,0.0321,0.129,0.109,39.82,None,18166000000,3083000000,294000000,110.11,118.69,-4.7619,52223000000,4182000000,6611000000,37558000000,48041000000,30947000000,12111000000,14664000000,16.96,0,124.8,86.88
2025-12-28,AEP,6.82,21257001000.0,16.96,None,0.598,56.79,,None,546000000,546000000,,,,,,,,,3271000000,482796945,None,9502000000,9502000000,1003000000,None,None,1938000000,None,None,1381000000,,3.72,0.0323,,,,0.006,-0.09,2157000000,3538000000,1.89,2011-09-30,18.35,76000000,10293000000.0,2609000000,1470000000,430000000,76000000,76000000,None,697000000,None,1173000000,None,None,15183000000,None,None,814000000,None,None,None,0.259,,763000000,1846000000,477000000,1354000000,None,7366000000,None,,,,,2.122,2.027,2.913,,,,,,,,0.172,,36417000000,2025-11-13,quarterly,1.8,USD,pre-market,None,5810000000,0.0321,0.129,0.109,39.82,None,17729000000,2546000000,240000000,110.11,118.69,-4.7619,51187000000,4374000000,5684000000,36534000000,46813000000,30850000000,12111000000,14653000000,16.96,0,124.8,86.88
2025-12-28,AEP,6.82,21257001000.0,16.96,None,0.598,56.79,,None,417000000,417000000,,,,,,,,,3266000000,482203255,None,9502000000,9502000000,969000000,None,None,2197000000,None,None,1381000000,,3.72,0.0323,,,,0.006,-0.09,2157000000,3538000000,1.89,2011-06-30,18.35,76000000,10293000000.0,2609000000,1470000000,430000000,76000000,76000000,None,697000000,None,1305000000,None,None,15564000000,None,None,814000000,None,None,None,0.259,,763000000,1846000000,524000000,1327000000,None,7462000000,None,,,,,2.122,2.027,2.913,,,,,,,,0.172,,36064000000,2025-11-13,quarterly,1.8,USD,pre-market,None,5103000000,0.0321,0.129,0.109,39.82,None,18274000000,2710000000,311000000,110.11,118.69,-4.7619,50752000000,4754000000,5887000000,36813000000,45998000000,30926000000,12111000000,13939000000,16.96,0,124.8,86.88
2025-12-28,AEP,6.82,21257001000.0,16.96,None,0.598,56.79,,None,625000000,625000000,,,,,,,,,3263000000,481365806,None,9502000000,9502000000,884000000,None,None,2050000000,None,None,1381000000,,3.72,0.0323,,,,0.006,-0.09,2157000000,3538000000,1.89,2011-03-31,18.35,76000000,10293000000.0,2609000000,1470000000,430000000,76000000,76000000,None,697000000,None,1328000000,None,None,15631000000,None,None,814000000,None,None,None,0.259,,763000000,1846000000,420000000,1307000000,None,7473000000,None,,,,,2.122,2.027,2.913,,,,,,,,0.172,,35766000000,2025-11-13,quarterly,1.8,USD,pre-market,None,4973000000,0.0321,0.129,0.109,39.82,None,18760000000,3129000000,366000000,110.11,118.69,-4.7619,50560000000,4789000000,5989000000,36781000000,45771000000,30792000000,12111000000,13779000000,16.96,0,124.8,86.88
2025-12-28,AEP,6.82,21257001000.0,16.96,None,0.598,56.79,,None,294000000,294000000,,,,,,,,,3257000000,480483624,None,9502000000,9502000000,1061000000,None,None,2312000000,None,None,1381000000,,3.72,0.0323,,,,0.006,-0.09,2157000000,3538000000,1.89,2010-12-31,18.35,76000000,10293000000.0,2609000000,1470000000,430000000,77200000,77200000,None,697000000,None,1448000000,None,None,15502000000,None,None,814000000,None,None,None,0.259,,763000000,1846000000,546000000,1652000000,None,7253000000,None,,,,,2.122,2.027,2.913,,,,,,,,0.172,,35674000000,2025-11-13,quarterly,1.8,USD,pre-market,None,4842000000,0.0321,0.129,0.109,39.82,None,18157000000,2655000000,416000000,110.11,118.69,-4.7619,50455000000,5016000000,6518000000,36833000000,45439000000,30315000000,12111000000,13622000000,16.96,0,124.8,86.88
2025-12-28,AEP,6.82,21257001000.0,16.96,None,0.598,56.79,,None,1090000000,1090000000,,,,,,,,,3252000000,479750447,None,9502000000,9502000000,884000000,None,None,1981000000,None,None,1381000000,,3.72,0.0323,,,,0.006,-0.09,2157000000,3538000000,1.89,2010-09-30,18.35,76000000,10293000000.0,2609000000,1470000000,430000000,76000000,76000000,None,697000000,None,1409000000,None,None,15995000000,None,None,814000000,None,None,None,0.259,,763000000,1846000000,615000000,2042000000,None,None,None,,,,,2.122,2.027,2.913,,,,,,,,0.172,,34998000000,2025-11-13,quarterly,1.8,USD,pre-market,None,4887000000,0.0321,0.129,0.109,39.82,None,18747000000,2752000000,326000000,110.11,118.69,-4.7619,49892000000,5421000000,6148000000,36236000000,44471000000,30088000000,12111000000,13656000000,16.96,0,124.8,86.88
2025-12-28,AEP,6.82,21257001000.0,16.96,None,0.598,56.79,,None,912000000,912000000,,,,,,,,,3248000000,479176543,None,9502000000,9502000000,863000000,None,None,2500000000,None,None,1381000000,,3.72,0.0323,,,,0.006,-0.09,2157000000,3538000000,1.89,2010-06-30,18.35,76000000,10293000000.0,2609000000,1470000000,430000000,76000000,76000000,None,697000000,None,1577000000,None,None,16305000000,None,None,814000000,None,None,None,0.259,,763000000,1846000000,506000000,1829000000,None,None,None,,,,,2.122,2.027,2.913,,,,,,,,0.172,,34718000000,2025-11-13,quarterly,1.8,USD,pre-market,None,4533000000,0.0321,0.129,0.109,39.82,None,18821000000,2516000000,298000000,110.11,118.69,-4.7619,49937000000,5793000000,5778000000,36667000000,44144000000,30889000000,12111000000,13269000000,16.96,0,124.8,86.88
2025-12-28,AEP,6.82,21257001000.0,16.96,None,0.598,56.79,,None,927000000,927000000,,,,,,,,,3244000000,478844632,None,9502000000,9502000000,954000000,None,None,2116000000,None,None,1381000000,,3.72,0.0323,,,,0.006,-0.09,2157000000,3538000000,1.89,2010-03-31,18.35,76000000,10293000000.0,2609000000,1470000000,430000000,76000000,76000000,None,697000000,None,1566000000,None,None,16281000000,None,None,814000000,None,None,None,0.259,,763000000,1846000000,669000000,1624000000,None,None,None,,,,,2.122,2.027,2.913,,,,,,,,0.172,,34526000000,2025-11-13,quarterly,1.8,USD,pre-market,None,4597000000,0.0321,0.129,0.109,39.82,None,18597000000,2316000000,238000000,110.11,118.69,-4.7619,49625000000,5516000000,5515000000,36301000000,44109000000,30786000000,12111000000,13324000000,16.96,0,124.8,86.88
2025-12-28,AEP,6.82,21257001000.0,16.96,None,0.598,56.79,,None,579000000,579000000,,,,,,,,,3239000000,468046718,None,9502000000,9502000000,1158000000,None,None,1597000000,None,None,1381000000,,3.72,0.0323,,,,0.006,-0.09,2157000000,3538000000,1.89,2009-12-31,18.35,76000000,10293000000.0,2609000000,1470000000,430000000,86300000,86300000,None,697000000,None,1661000000,None,None,16001000000,None,None,814000000,None,None,None,0.259,,763000000,1846000000,556000000,1670000000,None,None,None,,,,,2.122,2.027,2.913,,,,,,,,0.172,,34344000000,2025-11-13,quarterly,1.8,USD,pre-market,None,4451000000,0.0321,0.129,0.109,39.82,None,17624000000,1867000000,363000000,110.11,118.69,-4.7619,48348000000,4756000000,5327000000,35208000000,43592000000,29881000000,12111000000,13140000000,16.96,0,124.8,86.88
2025-12-28,AEP,6.82,21257001000.0,16.96,None,0.598,56.79,,None,877000000,877000000,,,,,,,,,3235000000,477111144,None,9502000000,9502000000,1004000000,None,None,1029000000,None,None,1381000000,,3.72,0.0323,,,,0.006,-0.09,2157000000,3538000000,1.89,2009-09-30,18.35,76000000,10293000000.0,2609000000,1470000000,430000000,76000000,76000000,None,697000000,None,1567000000,None,None,15713000000,None,None,814000000,None,None,None,0.259,,763000000,1846000000,747000000,1621000000,None,None,None,,,,,2.122,2.027,2.913,,,,,,,,0.172,,33821000000,2025-11-13,quarterly,1.8,USD,pre-market,None,4407000000,0.0321,0.129,0.109,39.82,None,17605000000,1892000000,259000000,110.11,118.69,-4.7619,47193000000,4479000000,4987000000,34129000000,42714000000,29142000000,12111000000,13064000000,16.96,0,124.8,86.88
2025-12-28,AEP,6.82,21257001000.0,16.96,None,0.598,56.79,,None,493000000,493000000,,,,,,,,,3231000000,472222817,None,9502000000,9502000000,1096000000,None,None,1037000000,None,None,1381000000,,3.72,0.0323,,,,0.006,-0.09,2157000000,3538000000,1.89,2009-06-30,18.35,76000000,10293000000.0,2609000000,1470000000,430000000,76000000,76000000,None,697000000,None,1486000000,None,None,15350000000,None,None,814000000,None,None,None,0.259,,763000000,1846000000,919000000,1836000000,None,None,None,,,,,2.122,2.027,2.913,,,,,,,,0.172,,33559000000,2025-11-13,quarterly,1.8,USD,pre-market,None,4160000000,0.0321,0.129,0.109,39.82,None,17258000000,1908000000,289000000,110.11,118.69,-4.7619,46338000000,4224000000,5393000000,33575000000,42114000000,28182000000,12111000000,12745000000,16.96,0,124.8,86.88
2025-12-28,AEP,6.82,21257001000.0,16.96,None,0.598,56.79,,None,710000000,710000000,,,,,,,,,2782000000,407381954,None,9502000000,9502000000,1126000000,None,None,962000000,None,None,1381000000,,3.72,0.0323,,,,0.006,-0.09,2157000000,3538000000,1.89,2009-03-31,18.35,76000000,10293000000.0,2609000000,1470000000,430000000,76000000,76000000,None,697000000,None,1290000000,None,None,15904000000,None,None,814000000,None,None,None,0.259,,763000000,1846000000,941000000,1490000000,None,None,None,,,,,2.122,2.027,2.913,,,,,,,,0.172,,33251000000,2025-11-13,quarterly,1.8,USD,pre-market,None,4040000000,0.0321,0.129,0.109,39.82,None,18819000000,2915000000,215000000,110.11,118.69,-4.7619,45865000000,4118000000,6411000000,34907000000,41747000000,-15000000,12111000000,10940000000,16.96,None,124.8,86.88
2025-12-28,AEP,6.82,21257001000.0,16.96,None,0.598,56.79,,None,497000000,497000000,,,,,,,,,2771000000,405511331,None,9502000000,9502000000,1297000000,None,None,1112000000,None,None,1381000000,,3.72,0.0323,,,,0.006,-0.09,2157000000,3538000000,1.89,2008-12-31,18.35,76000000,10293000000.0,2609000000,1470000000,430000000,88800000,88800000,None,697000000,None,1173000000,None,None,15762000000,None,None,814000000,None,None,None,0.259,,763000000,1846000000,712000000,1943000000,None,None,None,,,,,2.122,2.027,2.913,,,,,,,,0.172,,32987000000,2025-11-13,quarterly,1.8,USD,pre-market,None,3847000000,0.0321,0.129,0.109,39.82,None,17959000000,2423000000,327000000,110.11,118.69,-4.7619,45155000000,3775000000,6297000000,34401000000,41380000000,21807000000,12111000000,10754000000,16.96,None,124.8,86.88
2025-12-28,AEP,6.82,21257001000.0,16.96,None,0.598,56.79,,None,338000000,338000000,,,,,,,,,2760000000,403910309,None,9502000000,9502000000,1447000000,None,None,1187000000,None,None,1381000000,,3.72,0.0323,,,,0.006,-0.09,2157000000,3538000000,1.89,2008-09-30,18.35,1187000000,10293000000.0,2609000000,1470000000,430000000,76000000,76000000,None,697000000,None,1018000000,None,None,15325000000,None,None,814000000,None,None,None,0.259,,763000000,1846000000,1441000000,2165000000,None,None,None,,,,,2.122,2.027,2.913,,,,,,,,0.172,,31789000000,2025-11-13,quarterly,1.8,USD,pre-market,None,3861000000,0.0321,0.129,0.109,39.82,None,17309000000,1984000000,670000000,110.11,118.69,-4.7619,43038000000,3984000000,5722000000,32121000000,39054000000,2561000000,12111000000,10917000000,16.96,None,124.8,86.88
2025-12-28,AEP,6.82,21257001000.0,16.96,None,0.598,56.79,,None,218000000,218000000,,,,,,,,,2754000000,402785942,None,9502000000,9502000000,1414000000,None,None,1195000000,None,None,1381000000,,3.72,0.0323,,,,0.006,-0.09,2157000000,3538000000,1.89,2008-06-30,18.35,1195000000,10293000000.0,2609000000,1470000000,430000000,76000000,76000000,None,697000000,None,1049000000,None,None,15184000000,None,None,814000000,None,None,None,0.259,,763000000,1846000000,1544000000,-29631000000,None,None,None,,,,,2.122,2.027,2.913,,,,,,,,0.172,,31004000000,2025-11-13,quarterly,1.8,USD,pre-market,None,3651000000,0.0321,0.129,0.109,39.82,None,16458000000,1274000000,243000000,110.11,118.69,-4.7619,42696000000,4006000000,5626000000,32065000000,38690000000,164474000000,12111000000,10631000000,16.96,None,124.8,86.88
2025-12-28,AEP,6.82,21257001000.0,16.96,None,0.598,56.79,,None,155000000,155000000,,,,,,,,,2750000000,402072098,None,9502000000,9502000000,1176000000,None,None,1050000000,None,None,1381000000,,3.72,0.0323,,,,0.006,-0.09,2157000000,3538000000,1.89,2008-03-31,18.35,1050000000,10293000000.0,2609000000,1470000000,430000000,76000000,76000000,None,697000000,None,947000000,None,None,14705000000,None,None,814000000,None,None,None,0.259,,763000000,1846000000,1209000000,2620000000,None,None,None,,,,,2.122,2.027,2.913,,,,,,,,0.172,,30371000000,2025-11-13,quarterly,1.8,USD,pre-market,None,3535000000,0.0321,0.129,0.109,39.82,None,16045000000,1340000000,339000000,110.11,118.69,-4.7619,41317000000,3361000000,5172000000,30828000000,37956000000,916000000,12111000000,10489000000,16.96,None,124.8,86.88
2025-12-28,AEP,6.82,21257001000.0,16.96,None,0.598,56.79,,None,178000000,178000000,,,,,,,,,2743000000,401135449,None,9502000000,9502000000,1324000000,None,None,1117000000,None,None,1381000000,,3.72,0.0323,,,,0.006,-0.09,2157000000,3538000000,1.89,2007-12-31,18.35,1117000000,10293000000.0,2609000000,1470000000,430000000,91200000,91200000,None,697000000,None,967000000,None,None,14469000000,None,None,814000000,None,None,None,0.259,,763000000,1846000000,790000000,2385000000,None,None,None,,,,,2.122,2.027,2.913,,,,,,,,0.172,,29870000000,2025-11-13,quarterly,1.8,USD,pre-market,None,3138000000,0.0321,0.129,0.109,39.82,None,15654000000,1452000000,365000000,110.11,118.69,-4.7619,40366000000,3052000000,5207000000,30287000000,37314000000,18932000000,12111000000,10079000000,16.96,None,124.8,86.88
2025-12-28,AEP,6.82,21257001000.0,16.96,None,0.598,56.79,,None,196000000,196000000,,,,,,,,,2739000000,400215911,None,9502000000,9502000000,1121000000,None,None,1115000000,None,None,1381000000,,3.72,0.0323,,,,0.006,-0.09,2157000000,3538000000,1.89,2007-09-30,18.35,1115000000,10293000000.0,2609000000,1470000000,430000000,76000000,76000000,None,697000000,None,961000000,None,None,13866000000,None,None,814000000,None,None,None,0.259,,763000000,1846000000,839000000,1927000000,None,None,None,,,,,2.122,2.027,2.913,,,,,,,,0.172,,29030000000,2025-11-13,quarterly,1.8,USD,pre-market,None,3070000000,0.0321,0.129,0.109,39.82,None,15363000000,1497000000,-50000000,110.11,118.69,-4.7619,39456000000,3111000000,4908000000,29547000000,36345000000,1924000000,12111000000,9909000000,16.96,None,124.8,86.88
2025-12-28,AEP,6.82,21257001000.0,16.96,None,0.598,56.79,,None,172000000,172000000,,,,,,,,,2734000000,399868900,None,9502000000,9502000000,1189000000,None,None,1072000000,None,None,1381000000,,3.72,0.0323,,,,0.006,-0.09,2157000000,3538000000,1.89,2007-06-30,18.35,1072000000,10293000000.0,2609000000,1470000000,430000000,76000000,76000000,None,697000000,None,1038000000,None,None,13067000000,None,None,814000000,None,None,None,0.259,,763000000,1846000000,981000000,2528000000,None,None,None,,,,,2.122,2.027,2.913,,,,,,,,0.172,,28467000000,2025-11-13,quarterly,1.8,USD,pre-market,None,2819000000,0.0321,0.129,0.109,39.82,None,15026000000,1959000000,337000000,110.11,118.69,-4.7619,39193000000,3263000000,5804000000,29537000000,35930000000,1064000000,12111000000,9656000000,16.96,None,124.8,86.88
2025-12-28,AEP,6.82,21257001000.0,16.96,None,0.598,56.79,,None,456000000,456000000,,,,,,,,,2728000000,398552113,None,9502000000,9502000000,1263000000,None,None,1089000000,None,None,1381000000,,3.72,0.0323,,,,0.006,-0.09,2157000000,3538000000,1.89,2007-03-31,18.35,1089000000,10293000000.0,2609000000,1470000000,430000000,76000000,76000000,None,697000000,None,942000000,None,None,12525000000,None,None,814000000,None,None,None,0.259,,763000000,1846000000,676000000,2493000000,None,None,None,,,,,2.122,2.027,2.913,,,,,,,,0.172,,27303000000,2025-11-13,quarterly,1.8,USD,pre-market,None,2795000000,0.0321,0.129,0.109,39.82,None,14077000000,1552000000,197000000,110.11,118.69,-4.7619,37936000000,3163000000,5308000000,28396000000,34773000000,-7463000,12111000000,9540000000,16.96,None,124.8,86.88
2025-12-28,AEP,6.82,21257001000.0,16.96,None,0.598,56.79,,None,726000000,726000000,,,,,,,,,2718000000,397517789,None,9502000000,9502000000,1360000000,None,None,1040000000,None,None,1381000000,,3.72,0.0323,,,,0.006,-0.09,2157000000,3538000000,1.89,2006-12-31,18.35,1040000000,10293000000.0,2609000000,1470000000,430000000,95400000,95400000,None,697000000,None,913000000,None,None,12639000000,None,None,814000000,None,None,None,0.259,,763000000,1846000000,909000000,2809000000,None,None,None,,,,,2.122,2.027,2.913,,,,,,,,0.172,,26781000000,2025-11-13,quarterly,1.8,USD,pre-market,None,2696000000,0.0321,0.129,0.109,39.82,None,13716000000,1287000000,425000000,110.11,118.69,-4.7619,37987000000,3588000000,5456000000,28575000000,34399000000,17119000000,12111000000,9412000000,16.96,None,124.8,86.88
2025-12-28,AEP,6.82,21257001000.0,16.96,None,0.598,56.79,,None,259000000,259000000,,,,,,,,,2704000000,396266250,None,9502000000,9502000000,1180000000,None,None,1083000000,None,None,1381000000,,3.72,0.0323,,,,0.006,-0.09,2157000000,3538000000,1.89,2006-09-30,18.35,1083000000,10293000000.0,2609000000,1470000000,430000000,76000000,76000000,None,697000000,None,810000000,None,None,10974000000,None,None,814000000,None,None,None,0.259,,763000000,1846000000,1023000000,2550491000,None,None,None,,,,,2.122,2.027,2.913,,,,,,,,0.172,,25822000000,2025-11-13,quarterly,1.8,USD,pre-market,None,2669000000,0.0321,0.129,0.109,39.82,None,12786000000,1812000000,198000000,110.11,118.69,-4.7619,36385000000,3175000000,5596000000,26860000000,33210000000,80593000,12111000000,9525000000,16.96,None,124.8,86.88
2025-12-28,AEP,6.82,21257001000.0,16.96,None,0.598,56.79,,None,422000000,422000000,,,,,,,,,2700000000,395500506,None,9502000000,9502000000,1191000000,None,None,1017000000,None,None,1381000000,,3.72,0.0323,,,,0.006,-0.09,2157000000,3538000000,1.89,2006-06-30,18.35,1017000000,10293000000.0,2609000000,1470000000,430000000,76000000,76000000,None,697000000,None,865000000,None,None,11845000000,None,None,814000000,None,None,None,0.259,,763000000,1846000000,951000000,2410877000,None,None,None,,,,,2.122,2.027,2.913,,,,,,,,0.172,,25398000000,2025-11-13,quarterly,1.8,USD,pre-market,None,2550000000,0.0321,0.129,0.109,39.82,None,12804000000,959000000,3000,110.11,118.69,-4.7619,36184000000,3255000000,4561000000,26758000000,32929000000,1081000,12111000000,9426000000,16.96,None,124.8,86.88
2025-12-28,AEP,6.82,21257001000.0,16.96,None,0.598,56.79,,None,478000000,478000000,,,,,,,,,2700000000,395580106,None,9502000000,9502000000,1033000000,None,None,1000000000,None,None,1381000000,,3.72,0.0323,,,,0.006,-0.09,2157000000,3538000000,1.89,2006-03-31,18.35,1000000000,10293000000.0,2609000000,1470000000,430000000,76000000,76000000,None,697000000,None,776000000,None,None,11081000000,None,None,814000000,None,None,None,0.259,,763000000,1846000000,995000000,2544000000,None,None,None,,,,,2.122,2.027,2.913,,,,,,,,0.172,,24808000000,2025-11-13,quarterly,1.8,USD,pre-market,None,2520000000,0.0321,0.129,0.109,39.82,None,12368000000,1287000000,202000000,110.11,118.69,-4.7619,35765000000,3249000000,4864000000,26381000000,32516000000,-2457000,12111000000,9384000000,16.96,None,124.8,86.88
2025-12-28,AEP,6.82,21257001000.0,16.96,None,0.598,56.79,,None,528000000,528000000,,,,,,,,,2699000000,393501974,None,9502000000,9502000000,1144000000,None,None,1220000000,None,None,1381000000,,3.72,0.0323,,,,0.006,-0.09,2157000000,3538000000,1.89,2005-12-31,18.35,1220000000,10293000000.0,2609000000,1470000000,430000000,76000000,76000000,None,697000000,None,726000000,None,None,11266000000,None,None,814000000,None,None,None,0.259,,763000000,1846000000,1471000000,3153000000,None,None,None,,,,,2.122,2.027,2.913,,,,,,,,0.172,,24284000000,2025-11-13,quarterly,1.8,USD,pre-market,None,2285000000,0.0321,0.129,0.109,39.82,None,12236000000,1163000000,127000000,110.11,118.69,-4.7619,36172000000,3945000000,5460000000,27084000000,32227000000,15883000000,12111000000,9088000000,16.96,None,124.8,86.88
2025-12-28,AEP,6.82,21257001000.0,16.96,None,0.598,56.79,,None,849000000,849000000,,,,,,,,,2697000000,390000000,None,9502000000,9502000000,1112000000,None,None,1210000000,None,None,1381000000,,3.72,0.0323,,,,0.006,-0.09,2157000000,3538000000,1.89,2005-09-30,18.35,1210000000,10293000000.0,2609000000,1470000000,430000000,76000000,76000000,None,697000000,None,649000000,None,None,11025000000,None,None,814000000,None,None,None,0.259,,763000000,1846000000,1962000000,3568000000,None,None,None,,,,,2.122,2.027,2.913,,,,,,,,0.172,,23515000000,2025-11-13,quarterly,1.8,USD,pre-market,None,2579000000,0.0321,0.129,0.109,39.82,None,11757000000,732000000,73000000,110.11,118.69,-4.7619,35956000000,4670000000,5412000000,26971000000,31286000000,840469000,12111000000,8985000000,16.96,None,124.8,86.88
2025-12-28,AEP,6.82,21257001000.0,16.96,None,0.598,56.79,,596200000,202900000,202900000,,,,,,,,,3471600000,531338000,None,9502000000,9502000000,2637600000,None,5858800000,2631900000,None,None,1381000000,,3.72,0.0323,,,,0.006,-0.09,2157000000,3538000000,1.89,2024-12-31,18.35,52500000,10293000000.0,2609000000,1470000000,430000000,None,None,None,697000000,None,1715100000,None,None,39307800000,None,4949400000,814000000,None,None,None,0.259,,763000000,1846000000,1023500000,2044200000,None,800600000,None,,,,,2.122,2.027,2.913,,,,,,,,0.172,,None,2025-11-13,annual,1.8,USD,pre-market,None,13869200000,0.0321,0.129,0.109,39.82,None,45762800000,5950700000,215400000,110.11,118.69,-4.7619,103078000000,5788800000,13009300000,76091900000,97289200000,63082600000,12111000000,26943800000,16.96,None,124.8,86.88
2025-12-28,AEP,6.82,21257001000.0,16.96,None,0.598,56.79,,635100000,330100000,330100000,,,,,,,,,3427900000,520206258,None,9502000000,9502000000,2032500000,None,5320700000,2447400000,None,None,1381000000,,3.72,0.0323,,,,0.006,-0.09,2157000000,3538000000,1.89,2023-12-31,18.35,52500000,10293000000.0,2609000000,1470000000,430000000,None,None,None,697000000,None,1879500000,None,None,37652700000,None,4196500000,814000000,None,None,None,0.259,,763000000,1846000000,1210800000,1890900000,None,545800000,None,,,,,2.122,2.027,2.913,,,,,,,,0.172,,None,2025-11-13,annual,1.8,USD,pre-market,None,12800400000,0.0321,0.129,0.109,39.82,None,43608500000,5436400000,214300000,110.11,118.69,-4.7619,96684000000,6082100000,11583600000,71398100000,90601900000,59814500000,12111000000,25246700000,16.96,None,124.8,86.88
2025-12-28,AEP,6.82,21257001000.0,16.96,-22511100000,0.598,56.79,,665500000,509400000,509400000,,,,,,,,,3413100000,513484609,None,9502000000,9502000000,2670800000,None,6108600000,2668000000,None,None,1381000000,,3.72,0.0323,,,,0.006,-0.09,2157000000,3538000000,1.89,2022-12-31,18.35,52500000,10293000000.0,2609000000,1470000000,430000000,None,None,None,697000000,None,1350200000,None,None,33626200000,None,3787200000,814000000,None,None,None,0.259,,763000000,1846000000,2060300000,1801700000,None,599100000,None,,,,,2.122,2.027,2.913,,,,,,,,0.172,,71282900000,2025-11-13,annual,1.8,USD,pre-market,None,12345600000,0.0321,0.129,0.109,39.82,None,41579300000,6712200000,187500000,110.11,118.69,-4.7619,93403300000,6775500000,13266300000,69347000000,86627800000,56014600000,12111000000,23893400000,16.96,None,124.8,86.88
2025-12-28,AEP,6.82,21257001000.0,16.96,-20805100000,0.598,56.79,,590400000,403400000,403400000,,,,,,,,,3408700000,501784032,None,9502000000,9502000000,2054600000,None,4767800000,1941600000,None,None,1381000000,,3.72,0.0323,,,,0.006,-0.09,2157000000,3538000000,1.89,2021-12-31,18.35,52500000,10293000000.0,2609000000,1470000000,430000000,None,None,None,697000000,None,989200000,None,None,31300700000,None,267000000,814000000,None,None,None,0.259,,763000000,1846000000,4254600000,3598700000,None,12785000000,None,,,,,2.122,2.027,2.913,,,,,,,,0.172,,66001300000,2025-11-13,annual,1.8,USD,pre-market,None,11667100000,0.0321,0.129,0.109,39.82,None,36658900000,4865400000,220400000,110.11,118.69,-4.7619,87668700000,7809200000,12426700000,64988500000,79859500000,52561800000,12111000000,22433200000,16.96,None,124.8,86.88
2025-12-28,AEP,6.82,21257001000.0,16.96,-20411400000,0.598,56.79,,879700000,392700000,392700000,,,,,,,,,3359300000,497226867,None,9502000000,9502000000,1709700000,None,4565400000,1842700000,None,None,1381000000,,3.72,0.0323,,,,0.006,-0.09,2157000000,3538000000,1.89,2020-12-31,18.35,52500000,10293000000.0,2609000000,1470000000,430000000,None,None,None,697000000,None,1310000000,None,None,28986400000,None,242200000,814000000,None,None,None,0.259,,763000000,1846000000,605300000,1598300000,None,12550700000,None,,,,,2.122,2.027,2.913,,,,,,,,0.172,,63901600000,2025-11-13,annual,1.8,USD,pre-market,None,10687800000,0.0321,0.129,0.109,39.82,None,34431500000,4806700000,200800000,110.11,118.69,-4.7619,80757200000,4351500000,9926700000,59982700000,76405700000,50056000000,12111000000,20550900000,16.96,None,124.8,86.88
2025-12-28,AEP,6.82,21257001000.0,16.96,-19007600000,0.598,56.79,,968700000,246800000,246800000,,,,,,,,,3343400000,495306238,None,9502000000,9502000000,2085800000,None,4437000000,1705100000,None,None,1381000000,,3.72,0.0323,,,,0.006,-0.09,2157000000,3538000000,1.89,2019-12-31,18.35,52500000,10293000000.0,2609000000,1470000000,430000000,None,None,None,697000000,None,1169200000,None,None,25126800000,None,266600000,814000000,None,None,None,0.259,,763000000,1846000000,754000000,1818300000,None,12594600000,None,,,,,2.122,2.027,2.913,,,,,,,,0.172,,60138100000,2025-11-13,annual,1.8,USD,pre-market,None,9900900000,0.0321,0.129,0.109,39.82,None,30532500000,4671100000,202700000,110.11,118.69,-4.7619,75892300000,4077800000,10299100000,55979100000,71814500000,45680000000,12111000000,19632200000,16.96,None,124.8,86.88
2025-12-28,AEP,6.82,21257001000.0,16.96,-17986100000,0.598,56.79,,233500000,234100000,234100000,,,,,,,,,3337400000,493758277,None,9502000000,9502000000,1874300000,None,3608500000,1926500000,None,None,1381000000,,3.72,0.0323,,,,0.006,-0.09,2157000000,3538000000,1.89,2018-12-31,18.35,52500000,10293000000.0,2609000000,1470000000,430000000,None,None,None,697000000,None,921100000,None,None,21648200000,None,254000000,814000000,None,None,None,0.259,,763000000,1846000000,150100000,2753800000,None,11987700000,None,,,,,2.122,2.027,2.913,,,,,,,,0.172,,55099100000,2025-11-13,annual,1.8,USD,pre-market,None,9325300000,0.0321,0.129,0.109,39.82,None,25490200000,3608500000,159100000,110.11,118.69,-4.7619,68802800000,4113900000,8648800000,49743400000,64688900000,41094600000,12111000000,19028400000,16.96,None,124.8,86.88
2025-12-28,AEP,6.82,21257001000.0,16.96,-17167000000,0.598,56.79,,238800000,214600000,214600000,,,,,,,,,3329400000,492611067,None,9502000000,9502000000,2065300000,None,3392300000,1891000000,None,None,1381000000,,3.72,0.0323,,,,0.006,-0.09,2157000000,3538000000,1.89,2017-12-31,18.35,52500000,10293000000.0,2609000000,1470000000,430000000,52500000,52500000,None,697000000,None,953200000,None,None,19419600000,None,282100000,814000000,None,None,None,0.259,,763000000,1846000000,292500000,2456700000,None,11576800000,None,,,,,2.122,2.027,2.913,,,,,,,,0.172,,50261500000,2025-11-13,annual,1.8,USD,pre-market,None,8626700000,0.0321,0.129,0.109,39.82,None,23050700000,3392300000,161700000,110.11,118.69,-4.7619,64729100000,4253100000,8271300000,46415500000,60476000000,38144200000,12111000000,18287000000,16.96,0,124.8,86.88
2025-12-28,AEP,6.82,21257001000.0,16.96,16397300000,0.598,56.79,,242100000,210500000,210500000,,,,,,,,,3328300000,491662007,None,9502000000,9502000000,1688500000,None,4591000000,1916700000,None,None,1381000000,,3.72,0.0323,,,,0.006,-0.09,2157000000,3538000000,1.89,2016-12-31,18.35,52500000,10293000000.0,2609000000,1470000000,430000000,52500000,52500000,None,697000000,None,967300000,None,None,17378400000,None,289100000,814000000,None,None,None,0.259,,763000000,1846000000,156600000,2875300000,None,6970600000,None,,,,,2.122,2.027,2.913,,,,,,,,0.172,,45639300000,2025-11-13,annual,1.8,USD,pre-market,None,7892400000,0.0321,0.129,0.109,39.82,None,22211500000,4591000000,331700000,110.11,118.69,-4.7619,63467700000,6033900000,9498000000,46047600000,57433800000,36549600000,12111000000,17397000000,16.96,None,124.8,86.88
2025-12-28,AEP,6.82,21257001000.0,16.96,19348200000,0.598,56.79,,247300000,176400000,176400000,,,,,,,,,3324000000,490574568,None,9502000000,9502000000,1418000000,None,1831800000,1640500000,None,None,1381000000,,3.72,0.0323,,,,0.006,-0.09,2157000000,3538000000,1.89,2015-12-31,18.35,52500000,10293000000.0,2609000000,1470000000,430000000,1800000,1800000,None,697000000,None,1339400000,None,None,17740900000,None,321800000,814000000,None,None,None,0.259,,763000000,1846000000,115200000,2712100000,None,7016500000,None,,,,,2.122,2.027,2.913,,,,,,,,0.172,,46133200000,2025-11-13,annual,1.8,USD,pre-market,None,8398300000,0.0321,0.129,0.109,39.82,None,20620000000,2631800000,386800000,110.11,118.69,-4.7619,61683100000,4072400000,7108500000,43778200000,57610700000,36669700000,12111000000,17891700000,16.96,0,124.8,86.88
2025-12-28,AEP,6.82,21257001000.0,16.96,-20188000000,0.598,56.79,,441000000,163000000,163000000,,,,,,,,,3313000000,488899840,None,9502000000,9502000000,1287000000,None,2500400000,1926000000,None,None,1381000000,,3.72,0.0323,,,,0.006,-0.09,2157000000,3538000000,1.89,2014-12-31,18.35,91000000,10293000000.0,2609000000,1470000000,430000000,4900000,4900000,None,697000000,None,1325000000,None,None,16181000000,None,294000000,814000000,None,None,None,0.259,,763000000,1846000000,127000000,2507000000,None,7544000000,None,,,,,2.122,2.027,2.913,,,,,,,,0.172,,44117000000,2025-11-13,annual,1.8,USD,pre-market,None,7406000000,0.0321,0.129,0.109,39.82,None,20471000000,3849000000,386000000,110.11,118.69,-4.7619,59633000000,4478000000,7967000000,42809000000,55155000000,34842000000,12111000000,16820000000,16.96,0,124.8,86.88
2025-12-28,AEP,6.82,21257001000.0,16.96,-19288000000,0.598,56.79,,428000000,118000000,118000000,,,,,,,,,3303000000,487040956,None,9502000000,9502000000,1266000000,None,None,1860000000,None,None,1381000000,,3.72,0.0323,,,,0.006,-0.09,2157000000,3538000000,1.89,2013-12-31,18.35,91000000,10293000000.0,2609000000,1470000000,430000000,10000000,10000000,None,697000000,None,1423000000,None,None,16828000000,None,297000000,814000000,None,None,None,0.259,,763000000,1846000000,80000000,2241000000,None,6911000000,None,,,,,2.122,2.027,2.913,,,,,,,,0.172,,40997000000,2025-11-13,annual,1.8,USD,pre-market,None,6766000000,0.0321,0.129,0.109,39.82,None,19562000000,2306000000,353000000,110.11,118.69,-4.7619,56414000000,4310000000,6112000000,40328000000,52104000000,34216000000,12111000000,16085000000,16.96,0,124.8,86.88
2025-12-28,AEP,6.82,21257001000.0,16.96,-18691000000,0.598,56.79,,375000000,279000000,279000000,,,,,,,,,3289000000,485084694,None,9502000000,9502000000,1169000000,None,None,1871000000,None,None,1381000000,,3.72,0.0323,,,,0.006,-0.09,2157000000,3538000000,1.89,2012-12-31,18.35,91000000,10293000000.0,2609000000,1470000000,430000000,24000000,24000000,None,697000000,None,1519000000,None,None,15586000000,None,368000000,814000000,None,None,None,0.259,,763000000,1846000000,88000000,2186000000,None,7255000000,None,,,,,2.122,2.027,2.913,,,,,,,,0.172,,38763000000,2025-11-13,annual,1.8,USD,pre-market,None,6236000000,0.0321,0.129,0.109,39.82,None,19113000000,3152000000,324000000,110.11,118.69,-4.7619,54367000000,4589000000,6823000000,39130000000,49778000000,32307000000,12111000000,15237000000,16.96,0,124.8,86.88
2025-12-28,AEP,6.82,21257001000.0,16.96,None,0.598,56.79,,None,221000000,221000000,,,,,,,,,3274000000,482460328,None,9502000000,9502000000,1095000000,None,None,1885000000,None,None,1381000000,,3.72,0.0323,,,,0.006,-0.09,2157000000,3538000000,1.89,2011-12-31,18.35,76000000,10293000000.0,2609000000,1470000000,430000000,76000000,76000000,None,697000000,None,1292000000,None,None,15467000000,None,None,814000000,None,None,None,0.259,,763000000,1846000000,490000000,1427000000,None,None,None,,,,,2.122,2.027,2.913,,,,,,,,0.172,,36971000000,2025-11-13,annual,1.8,USD,pre-market,None,5890000000,0.0321,0.129,0.109,39.82,None,18166000000,3157000000,294000000,110.11,118.69,-4.7619,52223000000,4182000000,6611000000,37558000000,48041000000,30947000000,12111000000,14664000000,16.96,0,124.8,86.88
2025-12-28,AEP,6.82,21257001000.0,16.96,None,0.598,56.79,,None,294000000,294000000,,,,,,,,,3257000000,479601442,None,9502000000,9502000000,1061000000,None,None,2312000000,None,None,1381000000,,3.72,0.0323,,,,0.006,-0.09,2157000000,3538000000,1.89,2010-12-31,18.35,76000000,10293000000.0,2609000000,1470000000,430000000,77200000,77200000,None,697000000,None,1448000000,None,None,15502000000,None,None,814000000,None,None,None,0.259,,763000000,1846000000,546000000,1652000000,None,7253000000,None,,,,,2.122,2.027,2.913,,,,,,,,0.172,,35674000000,2025-11-13,annual,1.8,USD,pre-market,None,4842000000,0.0321,0.129,0.109,39.82,None,18157000000,2731000000,416000000,110.11,118.69,-4.7619,50455000000,5016000000,6518000000,36833000000,45439000000,30315000000,12111000000,13622000000,16.96,0,124.8,86.88
2025-12-28,AEP,6.82,21257001000.0,16.96,None,0.598,56.79,,None,579000000,579000000,,,,,,,,,3239000000,458982292,None,9502000000,9502000000,1158000000,None,None,1597000000,None,None,1381000000,,3.72,0.0323,,,,0.006,-0.09,2157000000,3538000000,1.89,2009-12-31,18.35,76000000,10293000000.0,2609000000,1470000000,430000000,86300000,86300000,None,697000000,None,1661000000,None,None,16001000000,None,None,814000000,None,None,None,0.259,,763000000,1846000000,645000000,1670000000,None,None,None,,,,,2.122,2.027,2.913,,,,,,,,0.172,,34344000000,2025-11-13,annual,1.8,USD,pre-market,None,4451000000,0.0321,0.129,0.109,39.82,None,17624000000,1940000000,363000000,110.11,118.69,-4.7619,48348000000,4756000000,5327000000,35208000000,43592000000,29881000000,12111000000,13140000000,16.96,0,124.8,86.88
2025-12-28,AEP,6.82,21257001000.0,16.96,None,0.598,56.79,,None,497000000,497000000,,,,,,,,,2771000000,403640708,None,9502000000,9502000000,1297000000,None,None,1066000000,None,None,1381000000,,3.72,0.0323,,,,0.006,-0.09,2157000000,3538000000,1.89,2008-12-31,18.35,76000000,10293000000.0,2609000000,1470000000,430000000,88800000,88800000,None,697000000,None,1173000000,None,None,15762000000,None,None,814000000,None,None,None,0.259,,763000000,1846000000,712000000,1943000000,None,None,None,,,,,2.122,2.027,2.913,,,,,,,,0.172,,32987000000,2025-11-13,annual,1.8,USD,pre-market,None,3847000000,0.0321,0.129,0.109,39.82,None,17959000000,2522000000,327000000,110.11,118.69,-4.7619,45155000000,3775000000,6297000000,34401000000,41380000000,21807000000,12111000000,10754000000,16.96,None,124.8,86.88
2025-12-28,AEP,6.82,21257001000.0,16.96,None,0.598,56.79,,None,178000000,178000000,,,,,,,,,2743000000,400198799,None,9502000000,9502000000,1324000000,None,None,1117000000,None,None,1381000000,,3.72,0.0323,,,,0.006,-0.09,2157000000,3538000000,1.89,2007-12-31,18.35,1117000000,10293000000.0,2609000000,1470000000,430000000,91200000,91200000,None,697000000,None,967000000,None,None,14469000000,None,None,814000000,None,None,None,0.259,,763000000,1846000000,790000000,2385000000,None,None,None,,,,,2.122,2.027,2.913,,,,,,,,0.172,,29870000000,2025-11-13,annual,1.8,USD,pre-market,None,3138000000,0.0321,0.129,0.109,39.82,None,15654000000,1452000000,365000000,110.11,118.69,-4.7619,40366000000,3052000000,5207000000,30287000000,37314000000,18932000000,12111000000,10079000000,16.96,None,124.8,86.88
2025-12-28,AEP,6.82,21257001000.0,16.96,None,0.598,56.79,,None,726000000,726000000,,,,,,,,,2718000000,396483464,None,9502000000,9502000000,1360000000,None,None,1040000000,None,None,1381000000,,3.72,0.0323,,,,0.006,-0.09,2157000000,3538000000,1.89,2006-12-31,18.35,1040000000,10293000000.0,2609000000,1470000000,430000000,95400000,95400000,None,697000000,None,913000000,None,None,12639000000,None,None,814000000,None,None,None,0.259,,763000000,1846000000,909000000,2809000000,None,None,None,,,,,2.122,2.027,2.913,,,,,,,,0.172,,26781000000,2025-11-13,annual,1.8,USD,pre-market,None,2696000000,0.0321,0.129,0.109,39.82,None,13716000000,1287000000,425000000,110.11,118.69,-4.7619,37987000000,3588000000,5456000000,28575000000,34399000000,17119000000,12111000000,9412000000,16.96,None,124.8,86.88
2025-12-28,AEP,6.82,21257001000.0,16.96,None,0.598,56.79,,None,528000000,528000000,,,,,,,,,2699000000,391423842,None,9502000000,9502000000,1144000000,None,None,1220000000,None,None,1381000000,,3.72,0.0323,,,,0.006,-0.09,2157000000,3538000000,1.89,2005-12-31,18.35,1220000000,10293000000.0,2609000000,1470000000,430000000,76000000,76000000,None,697000000,None,726000000,None,None,11266000000,None,None,814000000,None,None,None,0.259,,763000000,1846000000,1471000000,3153000000,None,None,None,,,,,2.122,2.027,2.913,,,,,,,,0.172,,24284000000,2025-11-13,annual,1.8,USD,pre-market,None,2285000000,0.0321,0.129,0.109,39.82,None,12236000000,1163000000,127000000,110.11,118.69,-4.7619,36172000000,3945000000,5460000000,27084000000,32227000000,15883000000,12111000000,9088000000,16.96,None,124.8,86.88
2025-12-28,AEP,6.82,21257001000.0,16.96,None,0.598,56.79,2143500000,None,528000000,528000000,770300000,-2401800000,None,None,138600000,None,None,None,2699000000,391423842,None,9502000000,9502000000,1144000000,None,None,1220000000,None,None,1381000000,879600000,3.72,0.0323,497400000,497400000,None,0.006,-0.09,2157000000,3538000000,1.89,2025-09-30,18.35,1220000000,10293000000.0,2609000000,1470000000,430000000,76000000,76000000,None,697000000,None,726000000,None,None,11266000000,None,None,1038500000,None,None,None,0.259,2459700000,763000000,1846000000,1471000000,3153000000,None,None,None,None,None,None,None,2.122,2.027,2.913,None,None,None,None,None,None,None,0.172,None,24284000000,2025-11-13,quarterly,1.8,USD,pre-market,None,2285000000,0.0321,0.129,0.109,39.82,None,12236000000,1163000000,127000000,110.11,118.69,-4.7619,36172000000,3945000000,5460000000,27084000000,32227000000,15883000000,12111000000,9088000000,16.96,None,124.8,86.88
2025-12-28,AEP,6.82,21257001000.0,16.96,None,0.598,56.79,2090400000,None,528000000,528000000,2010800000,-3245300000,None,None,-24300000,None,None,None,2699000000,391423842,None,9502000000,9502000000,1144000000,None,None,1220000000,None,None,1381000000,853100000,3.72,0.0323,499500000,499500000,None,0.006,-0.09,2157000000,3538000000,1.89,2025-06-30,18.35,1220000000,10293000000.0,2609000000,1470000000,430000000,76000000,76000000,None,697000000,None,726000000,None,None,11266000000,None,None,1288300000,None,None,None,0.259,1221100000,763000000,1846000000,1471000000,3153000000,None,None,None,None,None,None,None,2.122,2.027,2.913,None,None,None,None,None,None,None,0.172,None,24284000000,2025-11-13,quarterly,1.8,USD,pre-market,None,2285000000,0.0321,0.129,0.109,39.82,None,12236000000,1163000000,127000000,110.11,118.69,-4.7619,36172000000,3945000000,5460000000,27084000000,32227000000,15883000000,12111000000,9088000000,16.96,None,124.8,86.88
2025-12-28,AEP,6.82,21257001000.0,16.96,None,0.598,56.79,2136000000,None,528000000,528000000,698000000,-2102000000,None,None,138600000,None,None,None,2699000000,391423842,None,9502000000,9502000000,1144000000,None,None,1220000000,None,None,1381000000,833400000,3.72,0.0323,501000000,501000000,None,0.006,-0.09,2157000000,3538000000,1.89,2025-03-31,18.35,1220000000,10293000000.0,2609000000,1470000000,430000000,76000000,76000000,None,697000000,None,726000000,None,None,11266000000,None,None,802200000,None,None,None,0.259,1450000000,763000000,1846000000,1471000000,3153000000,None,None,None,None,None,None,None,2.122,2.027,2.913,None,None,None,None,None,None,None,0.172,None,24284000000,2025-11-13,quarterly,1.8,USD,pre-market,None,2285000000,0.0321,0.129,0.109,39.82,None,12236000000,1163000000,127000000,110.11,118.69,-4.7619,36172000000,3945000000,5460000000,27084000000,32227000000,15883000000,12111000000,9088000000,16.96,None,124.8,86.88
2025-12-28,AEP,6.82,21257001000.0,16.96,None,0.598,56.79,2503600000,None,528000000,528000000,1046400000,-2827000000,None,None,-16900000,None,None,None,2699000000,391423842,None,9502000000,9502000000,1144000000,None,None,1220000000,None,None,1381000000,931100000,3.72,0.0323,496500000,496500000,None,0.006,-0.09,2157000000,3538000000,1.89,2024-12-31,18.35,1220000000,10293000000.0,2609000000,1470000000,430000000,76000000,76000000,None,697000000,None,726000000,None,None,11266000000,None,None,664100000,None,None,None,0.259,1727400000,763000000,1846000000,1471000000,3153000000,None,None,None,None,None,None,None,2.122,2.027,2.913,None,None,None,None,None,None,None,0.172,None,24284000000,2025-11-13,quarterly,1.8,USD,pre-market,None,2285000000,0.0321,0.129,0.109,39.82,None,12236000000,1163000000,127000000,110.11,118.69,-4.7619,36172000000,3945000000,5460000000,27084000000,32227000000,15883000000,12111000000,9088000000,16.96,None,124.8,86.88
2025-12-28,AEP,6.82,21257001000.0,16.96,None,0.598,56.79,1878900000,None,528000000,528000000,-601600000,-1519800000,None,None,77200000,None,None,None,2699000000,391423842,None,9502000000,9502000000,1144000000,None,None,1220000000,None,None,1381000000,852700000,3.72,0.0323,471400000,471400000,None,0.006,-0.09,2157000000,3538000000,1.89,2024-09-30,18.35,1220000000,10293000000.0,2609000000,1470000000,430000000,76000000,76000000,None,697000000,None,726000000,None,None,11266000000,None,None,961700000,None,None,None,0.259,2172700000,763000000,1846000000,1471000000,3153000000,None,None,None,None,None,None,None,2.122,2.027,2.913,None,None,None,None,None,-1611500000,None,0.172,None,24284000000,2025-11-13,quarterly,1.8,USD,pre-market,None,2285000000,0.0321,0.129,0.109,39.82,None,12236000000,1163000000,127000000,110.11,118.69,-4.7619,36172000000,3945000000,5460000000,27084000000,32227000000,15883000000,12111000000,9088000000,16.96,None,124.8,86.88
2025-12-28,AEP,6.82,21257001000.0,16.96,None,0.598,56.79,1592700000,None,528000000,528000000,84500000,-1580400000,None,None,7000000,None,None,None,2699000000,391423842,None,9502000000,9502000000,1144000000,None,None,1220000000,None,None,1381000000,821900000,3.72,0.0323,469100000,469100000,None,0.006,-0.09,2157000000,3538000000,1.89,2024-06-30,18.35,1220000000,10293000000.0,2609000000,1470000000,430000000,76000000,76000000,None,697000000,None,726000000,None,None,11266000000,None,None,340300000,None,None,None,0.259,1462000000,763000000,1846000000,1471000000,3153000000,None,None,None,None,None,None,None,2.122,2.027,2.913,None,None,None,None,None,None,None,0.172,None,24284000000,2025-11-13,quarterly,1.8,USD,pre-market,None,2285000000,0.0321,0.129,0.109,39.82,None,12236000000,1163000000,127000000,110.11,118.69,-4.7619,36172000000,3945000000,5460000000,27084000000,32227000000,15883000000,12111000000,9088000000,16.96,None,124.8,86.88
2025-12-28,AEP,6.82,21257001000.0,16.96,None,0.598,56.79,1795400000,None,528000000,528000000,129900000,-1669300000,None,None,104300000,None,None,None,2699000000,391423842,None,9502000000,9502000000,1144000000,None,None,1220000000,None,None,1381000000,787100000,3.72,0.0323,466900000,466900000,None,0.006,-0.09,2157000000,3538000000,1.89,2024-03-31,18.35,1220000000,10293000000.0,2609000000,1470000000,430000000,76000000,76000000,None,697000000,None,726000000,None,None,11266000000,None,None,1005700000,None,None,None,0.259,1442200000,763000000,1846000000,1471000000,3153000000,None,None,None,None,None,None,None,2.122,2.027,2.913,None,None,None,None,None,None,None,0.172,None,24284000000,2025-11-13,quarterly,1.8,USD,pre-market,None,2285000000,0.0321,0.129,0.109,39.82,None,12236000000,1163000000,127000000,110.11,118.69,-4.7619,36172000000,3945000000,5460000000,27084000000,32227000000,15883000000,12111000000,9088000000,16.96,None,124.8,86.88
2025-12-28,AEP,6.82,21257001000.0,16.96,None,0.598,56.79,1678500000,None,528000000,528000000,258600000,-1623200000,None,None,-159600000,None,None,None,2699000000,391423842,None,9502000000,9502000000,1144000000,None,None,1220000000,None,None,1381000000,877600000,3.72,0.0323,466600000,466600000,None,0.006,-0.09,2157000000,3538000000,1.89,2023-12-31,18.35,1220000000,10293000000.0,2609000000,1470000000,430000000,76000000,76000000,None,697000000,None,726000000,None,None,11266000000,None,None,337800000,None,None,None,0.259,1336500000,763000000,1846000000,1471000000,3153000000,None,None,None,None,None,None,None,2.122,2.027,2.913,None,None,None,None,None,-1864800000,None,0.172,None,24284000000,2025-11-13,quarterly,1.8,USD,pre-market,None,2285000000,0.0321,0.129,0.109,39.82,None,12236000000,1163000000,127000000,110.11,118.69,-4.7619,36172000000,3945000000,5460000000,27084000000,32227000000,15883000000,12111000000,9088000000,16.96,None,124.8,86.88
2025-12-28,AEP,6.82,21257001000.0,16.96,None,0.598,56.79,1704400000,None,528000000,528000000,-1359700000,-378000000,None,None,-29300000,None,None,None,2699000000,391423842,None,9502000000,9502000000,1144000000,None,None,1220000000,None,None,1381000000,792300000,3.72,0.0323,430200000,430200000,None,0.006,-0.09,2157000000,3538000000,1.89,2023-09-30,18.35,1220000000,10293000000.0,2609000000,1470000000,430000000,76000000,76000000,None,697000000,None,726000000,None,None,11266000000,None,None,958300000,None,None,None,0.259,1794100000,763000000,1846000000,1471000000,3153000000,None,None,None,None,None,None,None,2.122,2.027,2.913,None,None,None,None,None,253300000,None,0.172,None,24284000000,2025-11-13,quarterly,1.8,USD,pre-market,None,2285000000,0.0321,0.129,0.109,39.82,None,12236000000,1163000000,127000000,110.11,118.69,-4.7619,36172000000,3945000000,5460000000,27084000000,32227000000,15883000000,12111000000,9088000000,16.96,None,124.8,86.88
2025-12-28,AEP,6.82,21257001000.0,16.96,None,0.598,56.79,2031800000,None,528000000,528000000,813700000,-2020300000,-42800000,None,-199200000,None,None,-70600000,2699000000,391423842,None,9502000000,9502000000,1144000000,None,None,1220000000,None,None,1381000000,741600000,3.72,0.0323,431800000,431800000,None,0.006,-0.09,2157000000,3538000000,1.89,2023-06-30,18.35,1220000000,10293000000.0,2609000000,1470000000,430000000,76000000,76000000,None,697000000,None,726000000,None,None,11266000000,None,None,516100000,None,None,None,0.259,1163800000,763000000,1846000000,1471000000,3153000000,None,None,None,None,None,None,None,2.122,2.027,2.913,None,None,None,None,None,1611500000,None,0.172,None,24284000000,2025-11-13,quarterly,1.8,USD,pre-market,None,2285000000,0.0321,0.129,0.109,39.82,None,12236000000,1163000000,127000000,110.11,118.69,-4.7619,36172000000,3945000000,5460000000,27084000000,32227000000,15883000000,12111000000,9088000000,16.96,None,124.8,86.88
2025-12-28,AEP,6.82,21257001000.0,16.96,None,0.598,56.79,2091800000,None,528000000,528000000,1364400000,-2245200000,-163000000,None,-115900000,None,None,348400000,2699000000,391423842,None,9502000000,9502000000,1144000000,None,None,1220000000,None,None,1381000000,775500000,3.72,0.0323,431800000,431800000,None,0.006,-0.09,2157000000,3538000000,1.89,2023-03-31,18.35,1220000000,10293000000.0,2609000000,1470000000,430000000,76000000,76000000,None,697000000,None,726000000,None,None,11266000000,None,None,400400000,None,None,None,0.259,717800000,763000000,1846000000,1471000000,3153000000,None,None,None,None,None,None,None,2.122,2.027,2.913,None,None,None,None,None,41100000,None,0.172,None,24284000000,2025-11-13,quarterly,1.8,USD,pre-market,None,2285000000,0.0321,0.129,0.109,39.82,None,12236000000,1163000000,127000000,110.11,118.69,-4.7619,36172000000,3945000000,5460000000,27084000000,32227000000,15883000000,12111000000,9088000000,16.96,None,124.8,86.88
2025-12-28,AEP,6.82,21257001000.0,16.96,None,0.598,56.79,1932000000,None,528000000,528000000,1353700000,-1929300000,-20800000,None,-179300000,None,None,-186000000,2699000000,391423842,None,9502000000,9502000000,1144000000,None,None,1220000000,None,None,1381000000,868900000,3.72,0.0323,432700000,432700000,None,0.006,-0.09,2157000000,3538000000,1.89,2022-12-31,18.35,1220000000,10293000000.0,2609000000,1470000000,430000000,76000000,76000000,None,697000000,None,726000000,None,None,11266000000,None,None,383400000,None,None,None,0.259,554800000,763000000,1846000000,1471000000,3153000000,None,None,None,None,None,None,None,2.122,2.027,2.913,None,None,None,None,None,-700000,None,0.172,None,24284000000,2025-11-13,quarterly,1.8,USD,pre-market,None,2285000000,0.0321,0.129,0.109,39.82,None,12236000000,1163000000,127000000,110.11,118.69,-4.7619,36172000000,3945000000,5460000000,27084000000,32227000000,15883000000,12111000000,9088000000,16.96,None,124.8,86.88
2025-12-28,AEP,6.82,21257001000.0,16.96,None,0.598,56.79,1634600000,None,528000000,528000000,-162900000,-1623500000,-43900000,None,-24100000,None,None,-49900000,2699000000,391423842,None,9502000000,9502000000,1144000000,None,None,1220000000,None,None,1381000000,821800000,3.72,0.0323,409000000,409000000,None,0.006,-0.09,2157000000,3538000000,1.89,2022-09-30,18.35,1220000000,10293000000.0,2609000000,1470000000,430000000,76000000,76000000,None,697000000,None,726000000,None,None,11266000000,None,None,683300000,None,None,None,0.259,1742500000,763000000,1846000000,1471000000,3153000000,None,None,None,None,None,None,None,2.122,2.027,2.913,None,None,None,None,None,14500000,None,0.172,None,24284000000,2025-11-13,quarterly,1.8,USD,pre-market,None,2285000000,0.0321,0.129,0.109,39.82,None,12236000000,1163000000,127000000,110.11,118.69,-4.7619,36172000000,3945000000,5460000000,27084000000,32227000000,15883000000,12111000000,9088000000,16.96,None,124.8,86.88
2025-12-28,AEP,6.82,21257001000.0,16.96,None,0.598,56.79,1488100000,None,528000000,528000000,-167000000,-1305800000,-104300000,None,-138100000,None,None,-421500000,2699000000,391423842,None,9502000000,9502000000,1144000000,None,None,1220000000,None,None,1381000000,802600000,3.72,0.0323,404700000,404700000,None,0.006,-0.09,2157000000,3538000000,1.89,2022-06-30,18.35,1220000000,10293000000.0,2609000000,1470000000,430000000,76000000,76000000,None,697000000,None,726000000,None,None,11266000000,None,None,524500000,None,None,None,0.259,1368500000,763000000,1846000000,1471000000,3153000000,None,None,None,None,None,None,None,2.122,2.027,2.913,None,None,None,None,None,3200000,None,0.172,None,24284000000,2025-11-13,quarterly,1.8,USD,pre-market,None,2285000000,0.0321,0.129,0.109,39.82,None,12236000000,1163000000,127000000,110.11,118.69,-4.7619,36172000000,3945000000,5460000000,27084000000,32227000000,15883000000,12111000000,9088000000,16.96,None,124.8,86.88
2025-12-28,AEP,6.82,21257001000.0,16.96,None,0.598,56.79,1717700000,None,528000000,528000000,1545100000,-2893200000,274100000,None,27600000,None,None,-24300000,2699000000,391423842,None,9502000000,9502000000,1144000000,None,None,1220000000,None,None,1381000000,815300000,3.72,0.0323,398800000,398800000,None,0.006,-0.09,2157000000,3538000000,1.89,2022-03-31,18.35,1220000000,10293000000.0,2609000000,1470000000,430000000,76000000,76000000,None,697000000,None,726000000,None,None,11266000000,None,None,718100000,None,None,None,0.259,1622200000,763000000,1846000000,1471000000,3153000000,None,None,None,None,None,None,None,2.122,2.027,2.913,None,None,None,None,None,809500000,None,0.172,None,24284000000,2025-11-13,quarterly,1.8,USD,pre-market,None,2285000000,0.0321,0.129,0.109,39.82,None,12236000000,1163000000,127000000,110.11,118.69,-4.7619,36172000000,3945000000,5460000000,27084000000,32227000000,15883000000,12111000000,9088000000,16.96,None,124.8,86.88
2025-12-28,AEP,6.82,21257001000.0,16.96,None,0.598,56.79,1613900000,None,528000000,528000000,-314500000,-1527700000,-975300000,None,-47200000,None,None,79500000,2699000000,391423842,None,9502000000,9502000000,1144000000,None,None,1220000000,None,None,1381000000,745200000,3.72,0.0323,396800000,396800000,None,0.006,-0.09,2157000000,3538000000,1.89,2021-12-31,18.35,1220000000,10293000000.0,2609000000,1470000000,430000000,76000000,76000000,None,697000000,None,726000000,None,None,11266000000,None,None,538600000,None,None,None,0.259,866900000,763000000,1846000000,1471000000,3153000000,None,None,None,None,None,None,None,2.122,2.027,2.913,None,None,None,None,None,1638800000,None,0.172,None,24284000000,2025-11-13,quarterly,1.8,USD,pre-market,None,2285000000,0.0321,0.129,0.109,39.82,None,12236000000,1163000000,127000000,110.11,118.69,-4.7619,36172000000,3945000000,5460000000,27084000000,32227000000,15883000000,12111000000,9088000000,16.96,None,124.8,86.88
2025-12-28,AEP,6.82,21257001000.0,16.96,None,0.598,56.79,1302400000,None,528000000,528000000,814300000,-1676400000,1067000000,None,215100000,None,None,16300000,2699000000,391423842,None,9502000000,9502000000,1144000000,None,None,1220000000,None,None,1381000000,700300000,3.72,0.0323,371700000,371700000,None,0.006,-0.09,2157000000,3538000000,1.89,2021-09-30,18.35,1220000000,10293000000.0,2609000000,1470000000,430000000,76000000,76000000,None,697000000,None,726000000,None,None,11266000000,None,None,796900000,None,None,None,0.259,1929100000,763000000,1846000000,1471000000,3153000000,None,None,None,None,None,None,None,2.122,2.027,2.913,None,None,None,None,None,2007200000,None,0.172,None,24284000000,2025-11-13,quarterly,1.8,USD,pre-market,None,2285000000,0.0321,0.129,0.109,39.82,None,12236000000,1163000000,127000000,110.11,118.69,-4.7619,36172000000,3945000000,5460000000,27084000000,32227000000,15883000000,12111000000,9088000000,16.96,None,124.8,86.88
2025-12-28,AEP,6.82,21257001000.0,16.96,None,0.598,56.79,1299200000,None,528000000,528000000,470200000,-1595600000,35700000,None,92800000,None,None,-202600000,2699000000,391423842,None,9502000000,9502000000,1144000000,None,None,1220000000,None,None,1381000000,651800000,3.72,0.0323,371800000,371800000,None,0.006,-0.09,2157000000,3538000000,1.89,2021-06-30,18.35,1220000000,10293000000.0,2609000000,1470000000,430000000,76000000,76000000,None,697000000,None,726000000,None,None,11266000000,None,None,578200000,None,None,None,0.259,1161100000,763000000,1846000000,1471000000,3153000000,None,None,None,None,None,None,None,2.122,2.027,2.913,None,None,None,None,None,1621000000,None,0.172,None,24284000000,2025-11-13,quarterly,1.8,USD,pre-market,None,2285000000,0.0321,0.129,0.109,39.82,None,12236000000,1163000000,127000000,110.11,118.69,-4.7619,36172000000,3945000000,5460000000,27084000000,32227000000,15883000000,12111000000,9088000000,16.96,None,124.8,86.88
2025-12-28,AEP,6.82,21257001000.0,16.96,None,0.598,56.79,1548600000,None,528000000,528000000,1637100000,-1634200000,-114300000,None,39500000,None,None,-12900000,2699000000,391423842,None,9502000000,9502000000,1144000000,None,None,1220000000,None,None,1381000000,751800000,3.72,0.0323,372000000,372000000,None,0.006,-0.09,2157000000,3538000000,1.89,2021-03-31,18.35,1220000000,10293000000.0,2609000000,1470000000,430000000,76000000,76000000,None,697000000,None,726000000,None,None,11266000000,None,None,575000000,None,None,None,0.259,-117200000,763000000,1846000000,1471000000,3153000000,None,None,None,None,None,None,None,2.122,2.027,2.913,None,None,None,None,None,2612600000,None,0.172,None,24284000000,2025-11-13,quarterly,1.8,USD,pre-market,None,2285000000,0.0321,0.129,0.109,39.82,None,12236000000,1163000000,127000000,110.11,118.69,-4.7619,36172000000,3945000000,5460000000,27084000000,32227000000,15883000000,12111000000,9088000000,16.96,None,124.8,86.88
2025-12-28,AEP,6.82,21257001000.0,16.96,None,0.598,56.79,1557200000,None,528000000,528000000,590400000,-1526600000,-25500000,None,-45500000,None,None,9600000,2699000000,391423842,None,9502000000,9502000000,1144000000,None,None,1220000000,None,None,1381000000,843300000,3.72,0.0323,369100000,369100000,None,0.006,-0.09,2157000000,3538000000,1.89,2020-12-31,18.35,1220000000,10293000000.0,2609000000,1470000000,430000000,76000000,76000000,None,697000000,None,726000000,None,None,11266000000,None,None,434700000,None,None,None,0.259,910700000,763000000,1846000000,1471000000,3153000000,None,None,None,None,None,None,None,2.122,2.027,2.913,None,None,None,None,None,1732300000,None,0.172,None,24284000000,2025-11-13,quarterly,1.8,USD,pre-market,None,2285000000,0.0321,0.129,0.109,39.82,None,12236000000,1163000000,127000000,110.11,118.69,-4.7619,36172000000,3945000000,5460000000,27084000000,32227000000,15883000000,12111000000,9088000000,16.96,None,124.8,86.88
2025-12-28,AEP,6.82,21257001000.0,16.96,None,0.598,56.79,1476200000,None,528000000,528000000,242800000,-1459700000,-40900000,None,22900000,None,None,-58200000,2699000000,391423842,None,9502000000,9502000000,1144000000,None,None,1220000000,None,None,1381000000,700300000,3.72,0.0323,351100000,351100000,None,0.006,-0.09,2157000000,3538000000,1.89,2020-09-30,18.35,1220000000,10293000000.0,2609000000,1470000000,430000000,76000000,76000000,None,697000000,None,726000000,None,None,11266000000,None,None,748200000,None,None,None,0.259,1176000000,763000000,1846000000,1471000000,3153000000,None,None,None,None,None,None,None,2.122,2.027,2.913,None,None,None,None,None,1554500000,None,0.172,None,24284000000,2025-11-13,quarterly,1.8,USD,pre-market,None,2285000000,0.0321,0.129,0.109,39.82,None,12236000000,1163000000,127000000,110.11,118.69,-4.7619,36172000000,3945000000,5460000000,27084000000,32227000000,15883000000,12111000000,9088000000,16.96,None,124.8,86.88
2025-12-28,AEP,6.82,21257001000.0,16.96,None,0.598,56.79,1488600000,None,528000000,528000000,-815000000,-1481600000,-1166100000,None,-84500000,None,None,-48100000,2699000000,391423842,None,9502000000,9502000000,1144000000,None,None,1220000000,None,None,1381000000,735900000,3.72,0.0323,340900000,340900000,None,0.006,-0.09,2157000000,3538000000,1.89,2020-06-30,18.35,1220000000,10293000000.0,2609000000,1470000000,430000000,76000000,76000000,None,697000000,None,726000000,None,None,11266000000,None,None,520799999,None,None,None,0.259,1130500000,763000000,1846000000,1471000000,3153000000,None,None,None,None,None,None,None,2.122,2.027,2.913,None,None,None,None,None,691100000,None,0.172,None,24284000000,2025-11-13,quarterly,1.8,USD,pre-market,None,2285000000,0.0321,0.129,0.109,39.82,None,12236000000,1163000000,127000000,110.11,118.69,-4.7619,36172000000,3945000000,5460000000,27084000000,32227000000,15883000000,12111000000,9088000000,16.96,None,124.8,86.88
2025-12-28,AEP,6.82,21257001000.0,16.96,None,0.598,56.79,1794000000,None,528000000,528000000,2388500000,-1766000000,1238200000,None,-35800000,None,None,-32600000,2699000000,391423842,None,9502000000,9502000000,1144000000,None,None,1220000000,None,None,1381000000,729700000,3.72,0.0323,363700000,363700000,None,0.006,-0.09,2157000000,3538000000,1.89,2020-03-31,18.35,1220000000,10293000000.0,2609000000,1470000000,430000000,76000000,76000000,None,697000000,None,726000000,None,None,11266000000,None,None,495200000,None,None,None,0.259,615700000,763000000,1846000000,1471000000,3153000000,None,None,None,None,None,None,None,2.122,2.027,2.913,None,None,None,None,None,3044700000,None,0.172,None,24284000000,2025-11-13,quarterly,1.8,USD,pre-market,None,2285000000,0.0321,0.129,0.109,39.82,None,12236000000,1163000000,127000000,110.11,118.69,-4.7619,36172000000,3945000000,5460000000,27084000000,32227000000,15883000000,12111000000,9088000000,16.96,None,124.8,86.88
2025-12-28,AEP,6.82,21257001000.0,16.96,None,0.598,56.79,1715800000,None,528000000,528000000,809500000,-1786900000,-57200000,None,-131600000,None,None,122800000,2699000000,391423842,None,9502000000,9502000000,1144000000,None,None,1220000000,None,None,1381000000,514200000,3.72,0.0323,347900000,347900000,None,0.006,-0.09,2157000000,3538000000,1.89,2019-12-31,18.35,1220000000,10293000000.0,2609000000,1470000000,430000000,76000000,76000000,None,697000000,None,726000000,None,None,11266000000,None,None,153500000,None,None,None,0.259,920200000,763000000,1846000000,1471000000,3153000000,None,None,None,None,None,None,None,2.122,2.027,2.913,None,None,None,None,None,1372500000,None,0.172,None,24284000000,2025-11-13,quarterly,1.8,USD,pre-market,None,2285000000,0.0321,0.129,0.109,39.82,None,12236000000,1163000000,127000000,110.11,118.69,-4.7619,36172000000,3945000000,5460000000,27084000000,32227000000,15883000000,12111000000,9088000000,16.96,None,124.8,86.88
2025-12-28,AEP,6.82,21257001000.0,16.96,None,0.598,56.79,1407400000,None,528000000,528000000,313600000,-1762600000,100200000,None,-2000000,None,None,-40500000,2699000000,391423842,None,9502000000,9502000000,1144000000,None,None,1220000000,None,None,1381000000,670700000,3.72,0.0323,332400000,332400000,None,0.006,-0.09,2157000000,3538000000,1.89,2019-09-30,18.35,1220000000,10293000000.0,2609000000,1470000000,430000000,76000000,76000000,None,697000000,None,726000000,None,None,11266000000,None,None,733900000,None,None,None,0.259,1549100000,763000000,1846000000,1471000000,3153000000,None,None,None,None,None,None,None,2.122,2.027,2.913,None,None,None,None,None,951700000,None,0.172,None,24284000000,2025-11-13,quarterly,1.8,USD,pre-market,None,2285000000,0.0321,0.129,0.109,39.82,None,12236000000,1163000000,127000000,110.11,118.69,-4.7619,36172000000,3945000000,5460000000,27084000000,32227000000,15883000000,12111000000,9088000000,16.96,None,124.8,86.88
2025-12-28,AEP,6.82,21257001000.0,16.96,None,0.598,56.79,1422700000,None,528000000,528000000,1046300000,-2012200000,26500000,None,-88200000,None,None,108000000,2699000000,391423842,None,9502000000,9502000000,1144000000,None,None,1220000000,None,None,1381000000,643600000,3.72,0.0323,334500000,334500000,None,0.006,-0.09,2157000000,3538000000,1.89,2019-06-30,18.35,1220000000,10293000000.0,2609000000,1470000000,430000000,76000000,76000000,None,697000000,None,726000000,None,None,11266000000,None,None,459100000,None,None,None,0.259,992500000,763000000,1846000000,1471000000,3153000000,None,None,None,None,None,None,None,2.122,2.027,2.913,None,None,None,None,None,1855100000,None,0.172,None,24284000000,2025-11-13,quarterly,1.8,USD,pre-market,None,2285000000,0.0321,0.129,0.109,39.82,None,12236000000,1163000000,127000000,110.11,118.69,-4.7619,36172000000,3945000000,5460000000,27084000000,32227000000,15883000000,12111000000,9088000000,16.96,None,124.8,86.88
2025-12-28,AEP,6.82,21257001000.0,16.96,None,0.598,56.79,1597800000,None,528000000,528000000,693500000,-1582800000,-81000000,None,-26400000,None,None,57500000,2699000000,391423842,None,9502000000,9502000000,1144000000,None,None,1220000000,None,None,1381000000,630900000,3.72,0.0323,332500000,332500000,None,0.006,-0.09,2157000000,3538000000,1.89,2019-03-31,18.35,1220000000,10293000000.0,2609000000,1470000000,430000000,76000000,76000000,None,697000000,None,726000000,None,None,11266000000,None,None,574100000,None,None,None,0.259,808300000,763000000,1846000000,1471000000,3153000000,None,None,None,None,None,None,None,2.122,2.027,2.913,None,None,None,None,None,1285600000,None,0.172,None,24284000000,2025-11-13,quarterly,1.8,USD,pre-market,None,2285000000,0.0321,0.129,0.109,39.82,None,12236000000,1163000000,127000000,110.11,118.69,-4.7619,36172000000,3945000000,5460000000,27084000000,32227000000,15883000000,12111000000,9088000000,16.96,None,124.8,86.88
2025-12-28,AEP,6.82,21257001000.0,16.96,None,0.598,56.79,1642500000,None,528000000,528000000,-119100000,-1664900000,-493400000,None,-78000000,None,None,198200000,2699000000,391423842,None,9502000000,9502000000,1144000000,None,None,1220000000,None,None,1381000000,622300000,3.72,0.0323,331800000,331800000,None,0.006,-0.09,2157000000,3538000000,1.89,2018-12-31,18.35,1220000000,10293000000.0,2609000000,1470000000,430000000,76000000,76000000,None,697000000,None,726000000,None,None,11266000000,None,None,364800000,None,None,None,0.259,1290600000,763000000,1846000000,1471000000,3153000000,None,None,None,None,None,None,None,2.122,2.027,2.913,None,None,None,None,None,1041100000,None,0.172,None,24284000000,2025-11-13,quarterly,1.8,USD,pre-market,None,2285000000,0.0321,0.129,0.109,39.82,None,12236000000,1163000000,127000000,110.11,118.69,-4.7619,36172000000,3945000000,5460000000,27084000000,32227000000,15883000000,12111000000,9088000000,16.96,None,124.8,86.88
2025-12-28,AEP,6.82,21257001000.0,16.96,None,0.598,56.79,1466900000,None,528000000,528000000,74200000,-1449800000,550200000,None,67500000,None,None,157600000,2699000000,391423842,None,9502000000,9502000000,1144000000,None,None,1220000000,None,None,1381000000,633800000,3.72,0.0323,307000000,307000000,None,0.006,-0.09,2157000000,3538000000,1.89,2018-09-30,18.35,1220000000,10293000000.0,2609000000,1470000000,430000000,76000000,76000000,None,697000000,None,726000000,None,None,11266000000,None,None,579700000,None,None,None,0.259,1925800000,763000000,1846000000,1471000000,3153000000,None,None,None,None,None,None,None,2.122,2.027,2.913,None,None,None,None,None,1014800000,None,0.172,None,24284000000,2025-11-13,quarterly,1.8,USD,pre-market,None,2285000000,0.0321,0.129,0.109,39.82,None,12236000000,1163000000,127000000,110.11,118.69,-4.7619,36172000000,3945000000,5460000000,27084000000,32227000000,15883000000,12111000000,9088000000,16.96,None,124.8,86.88
2025-12-28,AEP,6.82,21257001000.0,16.96,None,0.598,56.79,1318000000,None,528000000,528000000,177300000,-1311100000,70800000,None,2700000,None,None,-249600000,2699000000,391423842,None,9502000000,9502000000,1144000000,None,None,1220000000,None,None,1381000000,577200000,3.72,0.0323,306800000,306800000,None,0.006,-0.09,2157000000,3538000000,1.89,2018-06-30,18.35,1220000000,10293000000.0,2609000000,1470000000,430000000,76000000,76000000,None,697000000,None,726000000,None,None,11266000000,None,None,530100000,None,None,None,0.259,1204600000,763000000,1846000000,1471000000,3153000000,None,None,None,None,None,None,None,2.122,2.027,2.913,None,None,None,None,None,1505600000,None,0.172,None,24284000000,2025-11-13,quarterly,1.8,USD,pre-market,None,2285000000,0.0321,0.129,0.109,39.82,None,12236000000,1163000000,127000000,110.11,118.69,-4.7619,36172000000,3945000000,5460000000,27084000000,32227000000,15883000000,12111000000,9088000000,16.96,None,124.8,86.88
2025-12-28,AEP,6.82,21257001000.0,16.96,None,0.598,56.79,1929600000,None,528000000,528000000,1029500000,-1927800000,-96100000,None,28500000,None,None,39700000,2699000000,391423842,None,9502000000,9502000000,1144000000,None,None,1220000000,None,None,1381000000,567100000,3.72,0.0323,305500000,305500000,None,0.006,-0.09,2157000000,3538000000,1.89,2018-03-31,18.35,1220000000,10293000000.0,2609000000,1470000000,430000000,76000000,76000000,None,697000000,None,726000000,None,None,11266000000,None,None,454400000,None,None,None,0.259,802200000,763000000,1846000000,1471000000,3153000000,None,None,None,None,None,None,None,2.122,2.027,2.913,None,None,None,None,None,1861200000,None,0.172,None,24284000000,2025-11-13,quarterly,1.8,USD,pre-market,None,2285000000,0.0321,0.129,0.109,39.82,None,12236000000,1163000000,127000000,110.11,118.69,-4.7619,36172000000,3945000000,5460000000,27084000000,32227000000,15883000000,12111000000,9088000000,16.96,None,124.8,86.88
2025-12-28,AEP,6.82,21257001000.0,16.96,None,0.598,56.79,1947900000,None,528000000,528000000,709300000,-1979800000,-124300000,None,-40600000,None,None,-172800000,2699000000,391423842,None,9502000000,9502000000,1144000000,None,None,1220000000,None,None,1381000000,535600000,3.72,0.0323,306000000,306000000,None,0.006,-0.09,2157000000,3538000000,1.89,2017-12-31,18.35,1220000000,10293000000.0,2609000000,1470000000,430000000,76000000,76000000,None,697000000,None,726000000,None,None,11266000000,None,None,401800000,None,None,None,0.259,1146200000,763000000,1846000000,1471000000,3153000000,None,None,None,None,None,None,None,2.122,2.027,2.913,None,None,None,None,None,1111400000,None,0.172,None,24284000000,2025-11-13,quarterly,1.8,USD,pre-market,None,2285000000,0.0321,0.129,0.109,39.82,None,12236000000,1163000000,127000000,110.11,118.69,-4.7619,36172000000,3945000000,5460000000,27084000000,32227000000,15883000000,12111000000,9088000000,16.96,None,124.8,86.88
2025-12-28,AEP,6.82,21257001000.0,16.96,None,0.598,56.79,1302100000,None,528000000,528000000,65200000,-1300900000,171500000,None,68000000,None,None,-69200000,2699000000,391423842,None,9502000000,9502000000,1144000000,None,None,1220000000,None,None,1381000000,551700000,3.72,0.0323,289100000,289100000,None,0.006,-0.09,2157000000,3538000000,1.89,2017-09-30,18.35,1220000000,10293000000.0,2609000000,1470000000,430000000,76000000,76000000,None,697000000,None,726000000,None,None,11266000000,None,None,544700000,None,None,None,0.259,1407200000,763000000,1846000000,1471000000,3153000000,None,None,None,None,None,None,None,2.122,2.027,2.913,None,None,None,None,None,0,None,0.172,None,24284000000,2025-11-13,quarterly,1.8,USD,pre-market,None,2285000000,0.0321,0.129,0.109,39.82,None,12236000000,1163000000,127000000,110.11,118.69,-4.7619,36172000000,3945000000,5460000000,27084000000,32227000000,15883000000,12111000000,9088000000,16.96,None,124.8,86.88
2025-12-28,AEP,6.82,21257001000.0,16.96,None,0.598,56.79,1179800000,None,528000000,528000000,307700000,-1220500000,-2600000,None,-22900000,None,None,34700000,2699000000,391423842,None,9502000000,9502000000,1144000000,None,None,1220000000,None,None,1381000000,522000000,3.72,0.0323,292900000,292900000,None,0.006,-0.09,2157000000,3538000000,1.89,2017-06-30,18.35,1220000000,10293000000.0,2609000000,1470000000,430000000,76000000,76000000,None,697000000,None,726000000,None,None,11266000000,None,None,376200000,None,None,None,0.259,910200000,763000000,1846000000,1471000000,3153000000,None,None,None,None,None,None,None,2.122,2.027,2.913,None,None,None,None,None,0,None,0.172,None,24284000000,2025-11-13,quarterly,1.8,USD,pre-market,None,2285000000,0.0321,0.129,0.109,39.82,None,12236000000,1163000000,127000000,110.11,118.69,-4.7619,36172000000,3945000000,5460000000,27084000000,32227000000,15883000000,12111000000,9088000000,16.96,None,124.8,86.88
2025-12-28,AEP,6.82,21257001000.0,16.96,None,0.598,56.79,1369500000,None,528000000,528000000,-1687100000,844800000,-35500000,None,13400000,None,None,235800000,2699000000,391423842,None,9502000000,9502000000,1144000000,None,None,1220000000,None,None,1381000000,517000000,3.72,0.0323,290300000,290300000,None,0.006,-0.09,2157000000,3538000000,1.89,2017-03-31,18.35,1220000000,10293000000.0,2609000000,1470000000,430000000,76000000,76000000,None,697000000,None,726000000,None,None,11266000000,None,None,594200000,None,None,None,0.259,806800000,763000000,1846000000,1471000000,3153000000,None,None,None,None,None,None,None,2.122,2.027,2.913,None,None,None,None,None,0,None,0.172,None,24284000000,2025-11-13,quarterly,1.8,USD,pre-market,None,2285000000,0.0321,0.129,0.109,39.82,None,12236000000,1163000000,127000000,110.11,118.69,-4.7619,36172000000,3945000000,5460000000,27084000000,32227000000,15883000000,12111000000,9088000000,16.96,None,124.8,86.88
2025-12-28,AEP,6.82,21257001000.0,16.96,None,0.598,56.79,1395000000,None,528000000,528000000,457900000,-1560400000,-1700000,None,48600000,None,None,14200000,2699000000,391423842,None,9502000000,9502000000,1144000000,None,None,1220000000,None,None,1381000000,431000000,3.72,0.0323,290400000,290400000,None,0.006,-0.09,2157000000,3538000000,1.89,2016-12-31,18.35,1220000000,10293000000.0,2609000000,1470000000,430000000,76000000,76000000,None,697000000,None,726000000,None,None,11266000000,None,None,375200000,None,None,None,0.259,1100800000,763000000,1846000000,1471000000,3153000000,None,None,None,None,None,None,None,2.122,2.027,2.913,None,None,None,None,None,34200000,None,0.172,None,24284000000,2025-11-13,quarterly,1.8,USD,pre-market,None,2285000000,0.0321,0.129,0.109,39.82,None,12236000000,1163000000,127000000,110.11,118.69,-4.7619,36172000000,3945000000,5460000000,27084000000,32227000000,15883000000,12111000000,9088000000,16.96,None,124.8,86.88
2025-12-28,AEP,6.82,21257001000.0,16.96,None,0.598,56.79,1149600000,None,528000000,528000000,-600800000,-1129000000,-34600000,None,118600000,None,None,-74800000,2699000000,391423842,None,9502000000,9502000000,1144000000,None,None,1220000000,None,None,1381000000,575800000,3.72,0.0323,275600000,275600000,None,0.006,-0.09,2157000000,3538000000,1.89,2016-09-30,18.35,1220000000,10293000000.0,2609000000,1470000000,430000000,76000000,76000000,None,697000000,None,726000000,None,None,11266000000,None,None,-764200000,None,None,None,0.259,1695200000,763000000,1846000000,1471000000,3153000000,None,None,None,None,None,None,None,2.122,2.027,2.913,None,None,None,None,None,234200000,None,0.172,None,24284000000,2025-11-13,quarterly,1.8,USD,pre-market,None,2285000000,0.0321,0.129,0.109,39.82,None,12236000000,1163000000,127000000,110.11,118.69,-4.7619,36172000000,3945000000,5460000000,27084000000,32227000000,15883000000,12111000000,9088000000,16.96,None,124.8,86.88
2025-12-28,AEP,6.82,21257001000.0,16.96,None,0.598,56.79,1116000000,None,528000000,528000000,294400000,-1161400000,56400000,None,-11600000,None,None,-155200000,2699000000,391423842,None,9502000000,9502000000,1144000000,None,None,1220000000,None,None,1381000000,546500000,3.72,0.0323,275500000,275500000,None,0.006,-0.09,2157000000,3538000000,1.89,2016-06-30,18.35,1220000000,10293000000.0,2609000000,1470000000,430000000,76000000,76000000,None,697000000,None,726000000,None,None,11266000000,None,None,502100000,None,None,None,0.259,923400000,763000000,1846000000,1471000000,3153000000,None,None,None,None,None,None,None,2.122,2.027,2.913,None,None,None,None,None,1057600000,None,0.172,None,24284000000,2025-11-13,quarterly,1.8,USD,pre-market,None,2285000000,0.0321,0.129,0.109,39.82,None,12236000000,1163000000,127000000,110.11,118.69,-4.7619,36172000000,3945000000,5460000000,27084000000,32227000000,15883000000,12111000000,9088000000,16.96,None,124.8,86.88
2025-12-28,AEP,6.82,21257001000.0,16.96,None,0.598,56.79,1249000000,None,528000000,528000000,352400000,-1138300000,14000000,None,-95400000,None,None,-10800000,2699000000,391423842,None,9502000000,9502000000,1144000000,None,None,1220000000,None,None,1381000000,537600000,3.72,0.0323,275300000,275300000,None,0.006,-0.09,2157000000,3538000000,1.89,2016-03-31,18.35,1220000000,10293000000.0,2609000000,1470000000,430000000,76000000,76000000,None,697000000,None,726000000,None,None,11266000000,None,None,503100000,None,None,None,0.259,799900000,763000000,1846000000,1471000000,3153000000,None,None,None,None,None,None,None,2.122,2.027,2.913,None,None,None,None,None,946100000,None,0.172,None,24284000000,2025-11-13,quarterly,1.8,USD,pre-market,None,2285000000,0.0321,0.129,0.109,39.82,None,12236000000,1163000000,127000000,110.11,118.69,-4.7619,36172000000,3945000000,5460000000,27084000000,32227000000,15883000000,12111000000,9088000000,16.96,None,124.8,86.88
2025-12-28,AEP,6.82,21257001000.0,16.96,None,0.598,56.79,1264000000,None,528000000,528000000,-142400000,-767200000,None,None,-232600000,None,None,None,2699000000,391423842,None,9502000000,9502000000,1144000000,None,None,1220000000,None,None,1381000000,524700000,3.72,0.0323,276000000,276000000,None,0.006,-0.09,2157000000,3538000000,1.89,2015-12-31,18.35,1220000000,10293000000.0,2609000000,1470000000,430000000,76000000,76000000,None,697000000,None,726000000,None,None,11266000000,None,None,204600000,None,None,None,0.259,908500000,763000000,1846000000,1471000000,3153000000,None,None,None,None,None,None,None,2.122,2.027,2.913,None,None,None,None,None,377900000,None,0.172,None,24284000000,2025-11-13,quarterly,1.8,USD,pre-market,None,2285000000,0.0321,0.129,0.109,39.82,None,12236000000,1163000000,127000000,110.11,118.69,-4.7619,36172000000,3945000000,5460000000,27084000000,32227000000,15883000000,12111000000,9088000000,16.96,None,124.8,86.88
2025-12-28,AEP,6.82,21257001000.0,16.96,None,0.598,56.79,1102000000,None,528000000,528000000,-666000000,-1058000000,None,None,45000000,None,None,None,2699000000,391423842,None,9502000000,9502000000,1144000000,None,None,1220000000,None,None,1381000000,571000000,3.72,0.0323,261000000,261000000,None,0.006,-0.09,2157000000,3538000000,1.89,2015-09-30,18.35,1220000000,10293000000.0,2609000000,1470000000,430000000,76000000,76000000,None,697000000,None,726000000,None,None,11266000000,None,None,518300000,None,None,None,0.259,1707000000,763000000,1846000000,1471000000,3153000000,None,None,None,None,None,None,None,2.122,2.027,2.913,None,None,None,None,None,328000000,None,0.172,None,24284000000,2025-11-13,quarterly,1.8,USD,pre-market,None,2285000000,0.0321,0.129,0.109,39.82,None,12236000000,1163000000,127000000,110.11,118.69,-4.7619,36172000000,3945000000,5460000000,27084000000,32227000000,15883000000,12111000000,9088000000,16.96,None,124.8,86.88
2025-12-28,AEP,6.82,21257001000.0,16.96,None,0.598,56.79,1105000000,None,528000000,528000000,232000000,-1173000000,None,None,16000000,None,None,None,2699000000,391423842,None,9502000000,9502000000,1144000000,None,None,1220000000,None,None,1381000000,534000000,3.72,0.0323,262000000,262000000,None,0.006,-0.09,2157000000,3538000000,1.89,2015-06-30,18.35,1220000000,10293000000.0,2609000000,1470000000,430000000,76000000,76000000,None,697000000,None,726000000,None,None,11266000000,None,None,431000000,None,None,None,0.259,946000000,763000000,1846000000,1471000000,3153000000,None,None,None,None,None,None,None,2.122,2.027,2.913,None,None,None,None,None,1829000000,None,0.172,None,24284000000,2025-11-13,quarterly,1.8,USD,pre-market,None,2285000000,0.0321,0.129,0.109,39.82,None,12236000000,1163000000,127000000,110.11,118.69,-4.7619,36172000000,3945000000,5460000000,27084000000,32227000000,15883000000,12111000000,9088000000,16.96,None,124.8,86.88
2025-12-28,AEP,6.82,21257001000.0,16.96,None,0.598,56.79,1129000000,None,528000000,528000000,-213000000,-1017000000,None,None,133000000,None,None,None,2699000000,391423842,None,9502000000,9502000000,1144000000,None,None,1220000000,None,None,1381000000,533700000,3.72,0.0323,260000000,260000000,None,0.006,-0.09,2157000000,3538000000,1.89,2015-03-31,18.35,1220000000,10293000000.0,2609000000,1470000000,430000000,76000000,76000000,None,697000000,None,726000000,None,None,11266000000,None,None,620200000,None,None,None,0.259,1257000000,763000000,1846000000,1471000000,3153000000,None,None,None,None,None,None,None,2.122,2.027,2.913,None,None,None,None,None,774000000,None,0.172,None,24284000000,2025-11-13,quarterly,1.8,USD,pre-market,None,2285000000,0.0321,0.129,0.109,39.82,None,12236000000,1163000000,127000000,110.11,118.69,-4.7619,36172000000,3945000000,5460000000,27084000000,32227000000,15883000000,12111000000,9088000000,16.96,None,124.8,86.88
2025-12-28,AEP,6.82,21257001000.0,16.96,None,0.598,56.79,1242000000,None,528000000,528000000,397500000,-1325000000,-31000000,None,-120000000,None,None,1000000,2699000000,391423842,None,9502000000,9502000000,1144000000,None,None,1220000000,None,None,1381000000,518000000,3.72,0.0323,260300000,260300000,None,0.006,-0.09,2157000000,3538000000,1.89,2014-12-31,18.35,1220000000,10293000000.0,2609000000,1470000000,430000000,76000000,76000000,None,697000000,None,726000000,None,None,11266000000,None,None,192000000,None,None,None,0.259,888000000,763000000,1846000000,1471000000,3153000000,None,None,None,None,None,None,None,2.122,2.027,2.913,None,None,None,None,None,925000000,None,0.172,None,24284000000,2025-11-13,quarterly,1.8,USD,pre-market,None,2285000000,0.0321,0.129,0.109,39.82,None,12236000000,1163000000,127000000,110.11,118.69,-4.7619,36172000000,3945000000,5460000000,27084000000,32227000000,15883000000,12111000000,9088000000,16.96,None,124.8,86.88
2025-12-28,AEP,6.82,21257001000.0,16.96,None,0.598,56.79,1067000000,None,528000000,528000000,-503000000,-1013000000,4000000,None,15000000,None,None,None,2699000000,391423842,None,9502000000,9502000000,1144000000,None,None,1220000000,None,None,1381000000,519000000,3.72,0.0323,245000000,245000000,None,0.006,-0.09,2157000000,3538000000,1.89,2014-09-30,18.35,1220000000,10293000000.0,2609000000,1470000000,430000000,76000000,76000000,None,697000000,None,726000000,None,None,11266000000,None,None,494000000,None,None,None,0.259,1528000000,763000000,1846000000,1471000000,3153000000,None,None,None,None,None,None,None,2.122,2.027,2.913,None,None,None,None,None,67000000,None,0.172,None,24284000000,2025-11-13,quarterly,1.8,USD,pre-market,None,2285000000,0.0321,0.129,0.109,39.82,None,12236000000,1163000000,127000000,110.11,118.69,-4.7619,36172000000,3945000000,5460000000,27084000000,32227000000,15883000000,12111000000,9088000000,16.96,None,124.8,86.88
2025-12-28,AEP,6.82,21257001000.0,16.96,None,0.598,56.79,985000000,None,528000000,528000000,-79000000,-1087000000,-102000000,None,-2000000,None,None,10000000,2699000000,391423842,None,9502000000,9502000000,1144000000,None,None,1220000000,None,None,1381000000,484000000,3.72,0.0323,244000000,244000000,None,0.006,-0.09,2157000000,3538000000,1.89,2014-06-30,18.35,1220000000,10293000000.0,2609000000,1470000000,430000000,76000000,76000000,None,697000000,None,726000000,None,None,11266000000,None,None,391000000,None,None,None,0.259,1064000000,763000000,1846000000,1471000000,3153000000,None,None,None,None,None,None,None,2.122,2.027,2.913,None,None,None,None,None,1013000000,None,0.172,None,24284000000,2025-11-13,quarterly,1.8,USD,pre-market,None,2285000000,0.0321,0.129,0.109,39.82,None,12236000000,1163000000,127000000,110.11,118.69,-4.7619,36172000000,3945000000,5460000000,27084000000,32227000000,15883000000,12111000000,9088000000,16.96,None,124.8,86.88
2025-12-28,AEP,6.82,21257001000.0,16.96,None,0.598,56.79,956000000,None,528000000,528000000,22000000,-981000000,174000000,None,209000000,None,None,-83000000,2699000000,391423842,None,9502000000,9502000000,1144000000,None,None,1220000000,None,None,1381000000,529000000,3.72,0.0323,244000000,244000000,None,0.006,-0.09,2157000000,3538000000,1.89,2014-03-31,18.35,1220000000,10293000000.0,2609000000,1470000000,430000000,76000000,76000000,None,697000000,None,726000000,None,None,11266000000,None,None,561000000,None,None,None,0.259,1133000000,763000000,1846000000,1471000000,3153000000,None,None,None,None,None,None,None,2.122,2.027,2.913,None,None,None,None,None,651000000,None,0.172,None,24284000000,2025-11-13,quarterly,1.8,USD,pre-market,None,2285000000,0.0321,0.129,0.109,39.82,None,12236000000,1163000000,127000000,110.11,118.69,-4.7619,36172000000,3945000000,5460000000,27084000000,32227000000,15883000000,12111000000,9088000000,16.96,None,124.8,86.88
2025-12-28,AEP,6.82,21257001000.0,16.96,None,0.598,56.79,1187000000,None,528000000,528000000,203000000,-1298000000,-29000000,None,50000000,None,None,1000000,2699000000,391423842,None,9502000000,9502000000,1144000000,None,None,1220000000,None,None,1381000000,463000000,3.72,0.0323,245000000,245000000,None,0.006,-0.09,2157000000,3538000000,1.89,2013-12-31,18.35,1220000000,10293000000.0,2609000000,1470000000,430000000,76000000,76000000,None,697000000,None,726000000,None,None,11266000000,None,None,347000000,None,None,None,0.259,1066000000,763000000,1846000000,1471000000,3153000000,None,None,None,None,None,None,None,2.122,2.027,2.913,None,None,None,None,None,880000000,None,0.172,None,24284000000,2025-11-13,quarterly,1.8,USD,pre-market,None,2285000000,0.0321,0.129,0.109,39.82,None,12236000000,1163000000,127000000,110.11,118.69,-4.7619,36172000000,3945000000,5460000000,27084000000,32227000000,15883000000,12111000000,9088000000,16.96,None,124.8,86.88
2025-12-28,AEP,6.82,21257001000.0,16.96,None,0.598,56.79,895000000,None,528000000,528000000,-617000000,-877000000,30000000,None,133000000,None,None,57000000,2699000000,391423842,None,9502000000,9502000000,1144000000,None,None,1220000000,None,None,1381000000,485000000,3.72,0.0323,240000000,240000000,None,0.006,-0.09,2157000000,3538000000,1.89,2013-09-30,18.35,1220000000,10293000000.0,2609000000,1470000000,430000000,76000000,76000000,None,697000000,None,726000000,None,None,11266000000,None,None,434000000,None,None,None,0.259,1524000000,763000000,1846000000,1471000000,3153000000,None,None,None,None,None,None,None,2.122,2.027,2.913,None,None,None,None,None,826000000,None,0.172,None,24284000000,2025-11-13,quarterly,1.8,USD,pre-market,None,2285000000,0.0321,0.129,0.109,39.82,None,12236000000,1163000000,127000000,110.11,118.69,-4.7619,36172000000,3945000000,5460000000,27084000000,32227000000,15883000000,12111000000,9088000000,16.96,None,124.8,86.88
2025-12-28,AEP,6.82,21257001000.0,16.96,None,0.598,56.79,806000000,None,528000000,528000000,49000000,-871000000,-62000000,None,-60000000,None,None,-49000000,2699000000,391423842,None,9502000000,9502000000,1144000000,None,None,1220000000,None,None,1381000000,472000000,3.72,0.0323,239000000,239000000,None,0.006,-0.09,2157000000,3538000000,1.89,2013-06-30,18.35,1220000000,10293000000.0,2609000000,1470000000,430000000,76000000,76000000,None,697000000,None,726000000,None,None,11266000000,None,None,339000000,None,None,None,0.259,760000000,763000000,1846000000,1471000000,3153000000,None,None,None,None,None,None,None,2.122,2.027,2.913,None,None,None,None,None,501000000,None,0.172,None,24284000000,2025-11-13,quarterly,1.8,USD,pre-market,None,2285000000,0.0321,0.129,0.109,39.82,None,12236000000,1163000000,127000000,110.11,118.69,-4.7619,36172000000,3945000000,5460000000,27084000000,32227000000,15883000000,12111000000,9088000000,16.96,None,124.8,86.88
2025-12-28,AEP,6.82,21257001000.0,16.96,None,0.598,56.79,890000000,None,528000000,528000000,-84000000,-772000000,-100000000,None,-1000000,None,None,-4000000,2699000000,391423842,None,9502000000,9502000000,1144000000,None,None,1220000000,None,None,1381000000,454000000,3.72,0.0323,230000000,230000000,None,0.006,-0.09,2157000000,3538000000,1.89,2013-03-31,18.35,1220000000,10293000000.0,2609000000,1470000000,430000000,76000000,76000000,None,697000000,None,726000000,None,None,11266000000,None,None,364000000,None,None,None,0.259,756000000,763000000,1846000000,1471000000,3153000000,None,None,None,None,None,None,None,2.122,2.027,2.913,None,None,None,None,None,1017000000,None,0.172,None,24284000000,2025-11-13,quarterly,1.8,USD,pre-market,None,2285000000,0.0321,0.129,0.109,39.82,None,12236000000,1163000000,127000000,110.11,118.69,-4.7619,36172000000,3945000000,5460000000,27084000000,32227000000,15883000000,12111000000,9088000000,16.96,None,124.8,86.88
2025-12-28,AEP,6.82,21257001000.0,16.96,None,0.598,56.79,922000000,None,528000000,528000000,54000000,-1110000000,None,None,-55000000,None,None,None,2699000000,391423842,None,9502000000,9502000000,1144000000,None,None,1220000000,None,None,1381000000,499000000,3.72,0.0323,229000000,229000000,None,0.006,-0.09,2157000000,3538000000,1.89,2012-12-31,18.35,1220000000,10293000000.0,2609000000,1470000000,430000000,76000000,76000000,None,697000000,None,726000000,None,None,11266000000,None,None,21000000,None,None,None,0.259,892000000,763000000,1846000000,1471000000,3153000000,None,None,None,None,None,None,None,2.122,2.027,2.913,None,None,None,None,None,0,None,0.172,None,24284000000,2025-11-13,quarterly,1.8,USD,pre-market,None,2285000000,0.0321,0.129,0.109,39.82,None,12236000000,1163000000,127000000,110.11,118.69,-4.7619,36172000000,3945000000,5460000000,27084000000,32227000000,15883000000,12111000000,9088000000,16.96,None,124.8,86.88
2025-12-28,AEP,6.82,21257001000.0,16.96,None,0.598,56.79,740000000,None,528000000,528000000,-302000000,-751000000,None,None,30000000,None,None,None,2699000000,391423842,None,9502000000,9502000000,1144000000,None,None,1220000000,None,None,1381000000,506000000,3.72,0.0323,229000000,229000000,None,0.006,-0.09,2157000000,3538000000,1.89,2012-09-30,18.35,1220000000,10293000000.0,2609000000,1470000000,430000000,76000000,76000000,None,697000000,None,726000000,None,None,11266000000,None,None,488000000,None,None,None,0.259,1199000000,763000000,1846000000,1471000000,3153000000,None,None,None,None,None,None,None,2.122,2.027,2.913,None,None,None,None,None,368000000,None,0.172,None,24284000000,2025-11-13,quarterly,1.8,USD,pre-market,None,2285000000,0.0321,0.129,0.109,39.82,None,12236000000,1163000000,127000000,110.11,118.69,-4.7619,36172000000,3945000000,5460000000,27084000000,32227000000,15883000000,12111000000,9088000000,16.96,None,124.8,86.88
2025-12-28,AEP,6.82,21257001000.0,16.96,None,0.598,56.79,633000000,None,528000000,528000000,-88000000,-738000000,None,None,-73000000,None,None,None,2699000000,391423842,None,9502000000,9502000000,1144000000,None,None,1220000000,None,None,1381000000,490000000,3.72,0.0323,229000000,229000000,None,0.006,-0.09,2157000000,3538000000,1.89,2012-06-30,18.35,1220000000,10293000000.0,2609000000,1470000000,430000000,76000000,76000000,None,697000000,None,726000000,None,None,11266000000,None,None,363000000,None,None,None,0.259,837000000,763000000,1846000000,1471000000,3153000000,None,None,None,None,None,None,None,2.122,2.027,2.913,None,None,None,None,None,266000000,None,0.172,None,24284000000,2025-11-13,quarterly,1.8,USD,pre-market,None,2285000000,0.0321,0.129,0.109,39.82,None,12236000000,1163000000,127000000,110.11,118.69,-4.7619,36172000000,3945000000,5460000000,27084000000,32227000000,15883000000,12111000000,9088000000,16.96,None,124.8,86.88
2025-12-28,AEP,6.82,21257001000.0,16.96,None,0.598,56.79,837000000,None,528000000,528000000,-19000000,-792000000,None,None,-126000000,None,None,None,2699000000,391423842,None,9502000000,9502000000,1144000000,None,None,1220000000,None,None,1381000000,457000000,3.72,0.0323,229000000,229000000,None,0.006,-0.09,2157000000,3538000000,1.89,2012-03-31,18.35,1220000000,10293000000.0,2609000000,1470000000,430000000,76000000,76000000,None,697000000,None,726000000,None,None,11266000000,None,None,390000000,None,None,None,0.259,876000000,763000000,1846000000,1471000000,3153000000,None,None,None,None,None,None,None,2.122,2.027,2.913,None,None,None,None,None,570000000,None,0.172,None,24284000000,2025-11-13,quarterly,1.8,USD,pre-market,None,2285000000,0.0321,0.129,0.109,39.82,None,12236000000,1163000000,127000000,110.11,118.69,-4.7619,36172000000,3945000000,5460000000,27084000000,32227000000,15883000000,12111000000,9088000000,16.96,None,124.8,86.88
2025-12-28,AEP,6.82,21257001000.0,16.96,None,0.598,56.79,812000000,None,528000000,528000000,148000000,-923000000,None,None,-99000000,None,None,None,2699000000,391423842,None,9502000000,9502000000,1144000000,None,None,1220000000,None,None,1381000000,534000000,3.72,0.0323,230000000,230000000,None,0.006,-0.09,2157000000,3538000000,1.89,2011-12-31,18.35,1220000000,10293000000.0,2609000000,1470000000,430000000,76000000,76000000,None,697000000,None,726000000,None,None,11266000000,None,None,311000000,None,None,None,0.259,450000000,763000000,1846000000,1471000000,3153000000,None,None,None,None,None,None,None,2.122,2.027,2.913,None,None,None,None,None,626000000,None,0.172,None,24284000000,2025-11-13,quarterly,1.8,USD,pre-market,None,2285000000,0.0321,0.129,0.109,39.82,None,12236000000,1163000000,127000000,110.11,118.69,-4.7619,36172000000,3945000000,5460000000,27084000000,32227000000,15883000000,12111000000,9088000000,16.96,None,124.8,86.88
2025-12-28,AEP,6.82,21257001000.0,16.96,None,0.598,56.79,747000000,None,528000000,528000000,-790000000,-687000000,129000000,None,129000000,None,None,-2000000,2699000000,391423842,None,9502000000,9502000000,1144000000,None,None,1220000000,None,None,1381000000,445000000,3.72,0.0323,223000000,223000000,None,0.006,-0.09,2157000000,3538000000,1.89,2011-09-30,18.35,1220000000,10293000000.0,2609000000,1470000000,430000000,76000000,76000000,None,697000000,None,726000000,None,None,11266000000,None,None,657000000,None,None,None,0.259,1606000000,763000000,1846000000,1471000000,3153000000,None,None,None,None,None,None,None,2.122,2.027,2.913,None,None,None,None,None,21000000,None,0.172,None,24284000000,2025-11-13,quarterly,1.8,USD,pre-market,None,2285000000,0.0321,0.129,0.109,39.82,None,12236000000,1163000000,127000000,110.11,118.69,-4.7619,36172000000,3945000000,5460000000,27084000000,32227000000,15883000000,12111000000,9088000000,16.96,None,124.8,86.88
2025-12-28,AEP,6.82,21257001000.0,16.96,None,0.598,56.79,435000000,None,528000000,528000000,-443000000,-667000000,-208000000,None,25000000,None,None,-128000000,2699000000,391423842,None,9502000000,9502000000,1144000000,None,None,1220000000,None,None,1381000000,410000000,3.72,0.0323,223000000,223000000,None,0.006,-0.09,2157000000,3538000000,1.89,2011-06-30,18.35,1220000000,10293000000.0,2609000000,1470000000,430000000,76000000,76000000,None,697000000,None,726000000,None,None,11266000000,None,None,352000000,None,None,None,0.259,902000000,763000000,1846000000,1471000000,3153000000,None,None,None,None,None,None,None,2.122,2.027,2.913,None,None,None,None,None,18000000,None,0.172,None,24284000000,2025-11-13,quarterly,1.8,USD,pre-market,None,2285000000,0.0321,0.129,0.109,39.82,None,12236000000,1163000000,127000000,110.11,118.69,-4.7619,36172000000,3945000000,5460000000,27084000000,32227000000,15883000000,12111000000,9088000000,16.96,None,124.8,86.88
2025-12-28,AEP,6.82,21257001000.0,16.96,None,0.598,56.79,781000000,None,528000000,528000000,114000000,-613000000,331000000,None,121000000,None,None,181000000,2699000000,391423842,None,9502000000,9502000000,1144000000,None,None,1220000000,None,None,1381000000,403000,3.72,0.0323,224000000,224000000,None,0.006,-0.09,2157000000,3538000000,1.89,2011-03-31,18.35,1220000000,10293000000.0,2609000000,1470000000,430000000,76000000,76000000,None,697000000,None,726000000,None,None,11266000000,None,None,355000,None,None,None,0.259,830000000,763000000,1846000000,1471000000,3153000000,None,None,None,None,None,None,None,2.122,2.027,2.913,None,None,None,None,None,31000000,None,0.172,None,24284000000,2025-11-13,quarterly,1.8,USD,pre-market,None,2285000000,0.0321,0.129,0.109,39.82,None,12236000000,1163000000,127000000,110.11,118.69,-4.7619,36172000000,3945000000,5460000000,27084000000,32227000000,15883000000,12111000000,9088000000,16.96,None,124.8,86.88
2025-12-28,AEP,6.82,21257001000.0,16.96,None,0.598,56.79,738000000,None,528000000,528000000,-808000000,-948000000,None,None,-19000000,None,None,None,2699000000,391423842,None,9502000000,9502000000,1144000000,None,None,1220000000,None,None,1381000000,430000000,3.72,0.0323,223000000,223000000,None,0.006,-0.09,2157000000,3538000000,1.89,2010-12-31,18.35,1220000000,10293000000.0,2609000000,1470000000,430000000,76000000,76000000,None,697000000,None,726000000,None,None,11266000000,None,None,177000000,None,None,None,0.259,960000000,763000000,1846000000,1471000000,3153000000,None,None,None,None,None,None,None,2.122,2.027,2.913,None,None,None,None,None,-14000000,None,0.172,None,24284000000,2025-11-13,quarterly,1.8,USD,pre-market,None,2285000000,0.0321,0.129,0.109,39.82,None,12236000000,1163000000,127000000,110.11,118.69,-4.7619,36172000000,3945000000,5460000000,27084000000,32227000000,15883000000,12111000000,9088000000,16.96,None,124.8,86.88
2025-12-28,AEP,6.82,21257001000.0,16.96,None,0.598,56.79,553000000,None,528000000,528000000,-285000000,-583000000,None,None,169000000,None,None,None,2699000000,391423842,None,9502000000,9502000000,1144000000,None,None,1220000000,None,None,1381000000,424000000,3.72,0.0323,204000000,204000000,None,0.006,-0.09,2157000000,3538000000,1.89,2010-09-30,18.35,1220000000,10293000000.0,2609000000,1470000000,430000000,76000000,76000000,None,697000000,None,726000000,None,None,11266000000,None,None,557000000,None,None,None,0.259,1120000000,763000000,1846000000,1471000000,3153000000,None,None,None,None,None,None,None,2.122,2.027,2.913,None,None,None,None,None,0,None,0.172,None,24284000000,2025-11-13,quarterly,1.8,USD,pre-market,None,2285000000,0.0321,0.129,0.109,39.82,None,12236000000,1163000000,127000000,110.11,118.69,-4.7619,36172000000,3945000000,5460000000,27084000000,32227000000,15883000000,12111000000,9088000000,16.96,None,124.8,86.88
2025-12-28,AEP,6.82,21257001000.0,16.96,None,0.598,56.79,498000000,None,528000000,528000000,2000000,-562000000,None,None,-12000000,None,None,None,2699000000,391423842,None,9502000000,9502000000,1144000000,None,None,1220000000,None,None,1381000000,444000000,3.72,0.0323,202000000,202000000,None,0.006,-0.09,2157000000,3538000000,1.89,2010-06-30,18.35,1220000000,10293000000.0,2609000000,1470000000,430000000,76000000,76000000,None,697000000,None,726000000,None,None,11266000000,None,None,137000000,None,None,None,0.259,580000000,763000000,1846000000,1471000000,3153000000,None,None,None,None,None,None,None,2.122,2.027,2.913,None,None,None,None,None,0,None,0.172,None,24284000000,2025-11-13,quarterly,1.8,USD,pre-market,None,2285000000,0.0321,0.129,0.109,39.82,None,12236000000,1163000000,127000000,110.11,118.69,-4.7619,36172000000,3945000000,5460000000,27084000000,32227000000,15883000000,12111000000,9088000000,16.96,None,124.8,86.88
2025-12-28,AEP,6.82,21257001000.0,16.96,None,0.598,56.79,647000000,None,528000000,528000000,756000000,-430000000,None,None,83000000,None,None,None,2699000000,391423842,None,9502000000,9502000000,1144000000,None,None,1220000000,None,None,1381000000,408000000,3.72,0.0323,198000000,198000000,None,0.006,-0.09,2157000000,3538000000,1.89,2010-03-31,18.35,1220000000,10293000000.0,2609000000,1470000000,430000000,76000000,76000000,None,697000000,None,726000000,None,None,11266000000,None,None,346000000,None,None,None,0.259,2000000,763000000,1846000000,1471000000,3153000000,None,None,None,None,None,None,None,2.122,2.027,2.913,None,None,None,None,None,0,None,0.172,None,24284000000,2025-11-13,quarterly,1.8,USD,pre-market,None,2285000000,0.0321,0.129,0.109,39.82,None,12236000000,1163000000,127000000,110.11,118.69,-4.7619,36172000000,3945000000,5460000000,27084000000,32227000000,15883000000,12111000000,9088000000,16.96,None,124.8,86.88
2025-12-28,AEP,6.82,21257001000.0,16.96,None,0.598,56.79,516000000,None,528000000,528000000,-172000000,-819000000,None,None,-81000000,None,None,None,2699000000,391423842,None,9502000000,9502000000,1144000000,None,None,1220000000,None,None,1381000000,419000000,3.72,0.0323,195000000,195000000,None,0.006,-0.09,2157000000,3538000000,1.89,2009-12-31,18.35,1220000000,10293000000.0,2609000000,1470000000,430000000,76000000,76000000,None,697000000,None,726000000,None,None,11266000000,None,None,-1126000000,None,None,None,0.259,604000000,763000000,1846000000,1471000000,3153000000,None,None,None,None,None,None,None,2.122,2.027,2.913,None,None,None,None,None,2137000000,None,0.172,None,24284000000,2025-11-13,quarterly,1.8,USD,pre-market,None,2285000000,0.0321,0.129,0.109,39.82,None,12236000000,1163000000,127000000,110.11,118.69,-4.7619,36172000000,3945000000,5460000000,27084000000,32227000000,15883000000,12111000000,9088000000,16.96,None,124.8,86.88
2025-12-28,AEP,6.82,21257001000.0,16.96,None,0.598,56.79,577000000,None,528000000,528000000,124000000,-619000000,None,None,-81000000,None,None,None,2699000000,391423842,None,9502000000,9502000000,1144000000,None,None,1220000000,None,None,1381000000,437000000,3.72,0.0323,201000000,201000000,None,0.006,-0.09,2157000000,3538000000,1.89,2009-09-30,18.35,1220000000,10293000000.0,2609000000,1470000000,430000000,76000000,76000000,None,697000000,None,726000000,None,None,11266000000,None,None,446000000,None,None,None,0.259,1014000000,763000000,1846000000,1471000000,3153000000,None,None,None,None,None,None,None,2.122,2.027,2.913,None,None,None,None,None,-787000000,None,0.172,None,24284000000,2025-11-13,quarterly,1.8,USD,pre-market,None,2285000000,0.0321,0.129,0.109,39.82,None,12236000000,1163000000,127000000,110.11,118.69,-4.7619,36172000000,3945000000,5460000000,27084000000,32227000000,15883000000,12111000000,9088000000,16.96,None,124.8,86.88
2025-12-28,AEP,6.82,21257001000.0,16.96,None,0.598,56.79,726000000,None,528000000,528000000,-141000000,-751000000,None,None,-195000000,None,None,None,2699000000,391423842,None,9502000000,9502000000,1144000000,None,None,1220000000,None,None,1381000000,409000000,3.72,0.0323,195000000,195000000,None,0.006,-0.09,2157000000,3538000000,1.89,2009-06-30,18.35,1220000000,10293000000.0,2609000000,1470000000,430000000,76000000,76000000,None,697000000,None,726000000,None,None,11266000000,None,None,317000000,None,None,None,0.259,540000000,763000000,1846000000,1471000000,3153000000,None,None,None,None,None,None,None,2.122,2.027,2.913,None,None,None,None,None,0,None,0.172,None,24284000000,2025-11-13,quarterly,1.8,USD,pre-market,None,2285000000,0.0321,0.129,0.109,39.82,None,12236000000,1163000000,127000000,110.11,118.69,-4.7619,36172000000,3945000000,5460000000,27084000000,32227000000,15883000000,12111000000,9088000000,16.96,None,124.8,86.88
2025-12-28,AEP,6.82,21257001000.0,16.96,None,0.598,56.79,973000000,None,528000000,528000000,709000000,-727000000,None,None,-118000000,None,None,None,2699000000,391423842,None,9502000000,9502000000,1144000000,None,None,1220000000,None,None,1381000000,382000000,3.72,0.0323,170000000,170000000,None,0.006,-0.09,2157000000,3538000000,1.89,2009-03-31,18.35,1220000000,10293000000.0,2609000000,1470000000,430000000,76000000,76000000,None,697000000,None,726000000,None,None,11266000000,None,None,361000000,None,None,None,0.259,317000000,763000000,1846000000,1471000000,3153000000,None,None,None,None,None,None,None,2.122,2.027,2.913,None,None,None,None,None,None,None,0.172,None,24284000000,2025-11-13,quarterly,1.8,USD,pre-market,None,2285000000,0.0321,0.129,0.109,39.82,None,12236000000,1163000000,127000000,110.11,118.69,-4.7619,36172000000,3945000000,5460000000,27084000000,32227000000,15883000000,12111000000,9088000000,16.96,None,124.8,86.88
2025-12-28,AEP,6.82,21257001000.0,16.96,None,0.598,56.79,1127000000,None,528000000,528000000,516000000,-966000000,None,None,-134000000,None,None,None,2699000000,391423842,None,9502000000,9502000000,1144000000,None,None,1220000000,None,None,1381000000,None,3.72,0.0323,169000000,169000000,None,0.006,-0.09,2157000000,3538000000,1.89,2008-12-31,18.35,1220000000,10293000000.0,2609000000,1470000000,430000000,76000000,76000000,None,697000000,None,726000000,None,None,11266000000,None,None,140000000,None,None,None,0.259,523000000,763000000,1846000000,1471000000,3153000000,None,None,None,None,None,None,None,2.122,2.027,2.913,None,None,None,None,None,None,None,0.172,None,24284000000,2025-11-13,quarterly,1.8,USD,pre-market,None,2285000000,0.0321,0.129,0.109,39.82,None,12236000000,1163000000,127000000,110.11,118.69,-4.7619,36172000000,3945000000,5460000000,27084000000,32227000000,15883000000,12111000000,9088000000,16.96,None,124.8,86.88
2025-12-28,AEP,6.82,21257001000.0,16.96,None,0.598,56.79,966000000,None,528000000,528000000,680000000,-1416000000,None,None,33000000,None,None,None,2699000000,391423842,None,9502000000,9502000000,1144000000,None,None,1220000000,None,None,1381000000,None,3.72,0.0323,164000000,164000000,None,0.006,-0.09,2157000000,3538000000,1.89,2008-09-30,18.35,1220000000,10293000000.0,2609000000,1470000000,430000000,76000000,76000000,None,697000000,None,726000000,None,None,11266000000,None,None,374000000,None,None,None,0.259,856000000,763000000,1846000000,1471000000,3153000000,None,None,None,None,None,None,None,2.122,2.027,2.913,None,None,None,None,None,None,None,0.172,None,24284000000,2025-11-13,quarterly,1.8,USD,pre-market,None,2285000000,0.0321,0.129,0.109,39.82,None,12236000000,1163000000,127000000,110.11,118.69,-4.7619,36172000000,3945000000,5460000000,27084000000,32227000000,15883000000,12111000000,9088000000,16.96,None,124.8,86.88
2025-12-28,AEP,6.82,21257001000.0,16.96,None,0.598,56.79,929000000,None,528000000,528000000,245000000,-751000000,None,None,-102000000,None,None,None,2699000000,391423842,None,9502000000,9502000000,1144000000,None,None,1220000000,None,None,1381000000,None,3.72,0.0323,165000000,165000000,None,0.006,-0.09,2157000000,3538000000,1.89,2008-06-30,18.35,1220000000,10293000000.0,2609000000,1470000000,430000000,76000000,76000000,None,697000000,None,726000000,None,None,11266000000,None,None,281000000,None,None,None,0.259,569000000,763000000,1846000000,1471000000,3153000000,None,None,None,None,None,None,None,2.122,2.027,2.913,None,None,None,None,None,None,None,0.172,None,24284000000,2025-11-13,quarterly,1.8,USD,pre-market,None,2285000000,0.0321,0.129,0.109,39.82,None,12236000000,1163000000,127000000,110.11,118.69,-4.7619,36172000000,3945000000,5460000000,27084000000,32227000000,15883000000,12111000000,9088000000,16.96,None,124.8,86.88
2025-12-28,AEP,6.82,21257001000.0,16.96,None,0.598,56.79,778000000,None,528000000,528000000,243000000,-894000000,None,None,20000000,None,None,None,2699000000,391423842,None,9502000000,9502000000,1144000000,None,None,1220000000,None,None,1381000000,None,3.72,0.0323,165000000,165000000,None,0.006,-0.09,2157000000,3538000000,1.89,2008-03-31,18.35,1220000000,10293000000.0,2609000000,1470000000,430000000,76000000,76000000,None,697000000,None,726000000,None,None,11266000000,None,None,573000000,None,None,None,0.259,628000000,763000000,1846000000,1471000000,3153000000,None,None,None,None,None,None,None,2.122,2.027,2.913,None,None,None,None,None,None,None,0.172,None,24284000000,2025-11-13,quarterly,1.8,USD,pre-market,None,2285000000,0.0321,0.129,0.109,39.82,None,12236000000,1163000000,127000000,110.11,118.69,-4.7619,36172000000,3945000000,5460000000,27084000000,32227000000,15883000000,12111000000,9088000000,16.96,None,124.8,86.88
2025-12-28,AEP,6.82,21257001000.0,16.96,None,0.598,56.79,961000000,None,528000000,528000000,210000000,-986000000,None,None,29000000,None,None,None,2699000000,391423842,None,9502000000,9502000000,1144000000,None,None,1220000000,None,None,1381000000,None,3.72,0.0323,163000000,163000000,None,0.006,-0.09,2157000000,3538000000,1.89,2007-12-31,18.35,1220000000,10293000000.0,2609000000,1470000000,430000000,76000000,76000000,None,697000000,None,726000000,None,None,11266000000,None,None,231000000,None,None,None,0.259,758000000,763000000,1846000000,1471000000,3153000000,None,None,None,None,None,None,None,2.122,2.027,2.913,None,None,None,None,None,None,None,0.172,None,24284000000,2025-11-13,quarterly,1.8,USD,pre-market,None,2285000000,0.0321,0.129,0.109,39.82,None,12236000000,1163000000,127000000,110.11,118.69,-4.7619,36172000000,3945000000,5460000000,27084000000,32227000000,15883000000,12111000000,9088000000,16.96,None,124.8,86.88
2025-12-28,AEP,6.82,21257001000.0,16.96,None,0.598,56.79,345000000,None,528000000,528000000,171000000,-808000000,None,None,77000000,None,None,None,2699000000,391423842,None,9502000000,9502000000,1144000000,None,None,1220000000,None,None,1381000000,None,3.72,0.0323,156000000,156000000,None,0.006,-0.09,2157000000,3538000000,1.89,2007-09-30,18.35,1220000000,10293000000.0,2609000000,1470000000,430000000,76000000,76000000,None,697000000,None,726000000,None,None,11266000000,None,None,407000000,None,None,None,0.259,661000000,763000000,1846000000,1471000000,3153000000,None,None,None,None,None,None,None,2.122,2.027,2.913,None,None,None,None,None,None,None,0.172,None,24284000000,2025-11-13,quarterly,1.8,USD,pre-market,None,2285000000,0.0321,0.129,0.109,39.82,None,12236000000,1163000000,127000000,110.11,118.69,-4.7619,36172000000,3945000000,5460000000,27084000000,32227000000,15883000000,12111000000,9088000000,16.96,None,124.8,86.88
2025-12-28,AEP,6.82,21257001000.0,16.96,None,0.598,56.79,1343000000,None,528000000,528000000,794000000,-1499000000,None,None,-87000000,None,None,None,2699000000,391423842,None,9502000000,9502000000,1144000000,None,None,1220000000,None,None,1381000000,None,3.72,0.0323,156000000,156000000,None,0.006,-0.09,2157000000,3538000000,1.89,2007-06-30,18.35,1220000000,10293000000.0,2609000000,1470000000,430000000,76000000,76000000,None,697000000,None,726000000,None,None,11266000000,None,None,180000000,None,None,None,0.259,618000000,763000000,1846000000,1471000000,3153000000,None,None,None,None,None,None,None,2.122,2.027,2.913,None,None,None,None,None,None,None,0.172,None,24284000000,2025-11-13,quarterly,1.8,USD,pre-market,None,2285000000,0.0321,0.129,0.109,39.82,None,12236000000,1163000000,127000000,110.11,118.69,-4.7619,36172000000,3945000000,5460000000,27084000000,32227000000,15883000000,12111000000,9088000000,16.96,None,124.8,86.88
2025-12-28,AEP,6.82,21257001000.0,16.96,None,0.598,56.79,907000000,None,528000000,528000000,235000000,-628000000,None,None,-3000000,None,None,None,2699000000,391423842,None,9502000000,9502000000,1144000000,None,None,1220000000,None,None,1381000000,None,3.72,0.0323,155000000,155000000,None,0.006,-0.09,2157000000,3538000000,1.89,2007-03-31,18.35,1220000000,10293000000.0,2609000000,1470000000,430000000,76000000,76000000,None,697000000,None,726000000,None,None,11266000000,None,None,271000000,None,None,None,0.259,351000000,763000000,1846000000,1471000000,3153000000,None,None,None,None,None,None,None,2.122,2.027,2.913,None,None,None,None,None,None,None,0.172,None,24284000000,2025-11-13,quarterly,1.8,USD,pre-market,None,2285000000,0.0321,0.129,0.109,39.82,None,12236000000,1163000000,127000000,110.11,118.69,-4.7619,36172000000,3945000000,5460000000,27084000000,32227000000,15883000000,12111000000,9088000000,16.96,None,124.8,86.88
2025-12-28,AEP,6.82,21257001000.0,16.96,None,0.598,56.79,1083000000,None,528000000,528000000,792000000,-1269000000,None,None,-103000000,None,None,None,2699000000,391423842,None,9502000000,9502000000,1144000000,None,None,1220000000,None,None,1381000000,None,3.72,0.0323,154000000,154000000,None,0.006,-0.09,2157000000,3538000000,1.89,2006-12-31,18.35,1220000000,10293000000.0,2609000000,1470000000,430000000,76000000,76000000,None,697000000,None,726000000,None,None,11266000000,None,None,181000000,None,None,None,0.259,519000000,763000000,1846000000,1471000000,3153000000,None,None,None,None,None,None,None,2.122,2.027,2.913,None,None,None,None,None,None,None,0.172,None,24284000000,2025-11-13,quarterly,1.8,USD,pre-market,None,2285000000,0.0321,0.129,0.109,39.82,None,12236000000,1163000000,127000000,110.11,118.69,-4.7619,36172000000,3945000000,5460000000,27084000000,32227000000,15883000000,12111000000,9088000000,16.96,None,124.8,86.88
2025-12-28,AEP,6.82,21257001000.0,16.96,None,0.598,56.79,820000000,None,528000000,528000000,-178000000,-888000000,None,None,56000000,None,None,None,2699000000,391423842,None,9502000000,9502000000,1144000000,None,None,1220000000,None,None,1381000000,None,3.72,0.0323,146000000,146000000,None,0.006,-0.09,2157000000,3538000000,1.89,2006-09-30,18.35,1220000000,10293000000.0,2609000000,1470000000,430000000,76000000,76000000,None,697000000,None,726000000,None,None,11266000000,None,None,265000000,None,None,None,0.259,1076000000,763000000,1846000000,1471000000,3153000000,None,None,None,None,None,None,None,2.122,2.027,2.913,None,None,None,None,None,None,None,0.172,None,24284000000,2025-11-13,quarterly,1.8,USD,pre-market,None,2285000000,0.0321,0.129,0.109,39.82,None,12236000000,1163000000,127000000,110.11,118.69,-4.7619,36172000000,3945000000,5460000000,27084000000,32227000000,15883000000,12111000000,9088000000,16.96,None,124.8,86.88
2025-12-28,AEP,6.82,21257001000.0,16.96,None,0.598,56.79,853000000,None,528000000,528000000,255000000,-829000000,None,None,-90000000,None,None,None,2699000000,391423842,None,9502000000,9502000000,1144000000,None,None,1220000000,None,None,1381000000,None,3.72,0.0323,145000000,145000000,None,0.006,-0.09,2157000000,3538000000,1.89,2006-06-30,18.35,1220000000,10293000000.0,2609000000,1470000000,430000000,76000000,76000000,None,697000000,None,726000000,None,None,11266000000,None,None,175000000,None,None,None,0.259,547000000,763000000,1846000000,1471000000,3153000000,None,None,None,None,None,None,None,2.122,2.027,2.913,None,None,None,None,None,None,None,0.172,None,24284000000,2025-11-13,quarterly,1.8,USD,pre-market,None,2285000000,0.0321,0.129,0.109,39.82,None,12236000000,1163000000,127000000,110.11,118.69,-4.7619,36172000000,3945000000,5460000000,27084000000,32227000000,15883000000,12111000000,9088000000,16.96,None,124.8,86.88
2025-12-28,AEP,6.82,21257001000.0,16.96,None,0.598,56.79,772000000,None,528000000,528000000,42000000,-757000000,None,None,-50000000,None,None,None,2699000000,391423842,None,9502000000,9502000000,1144000000,None,None,1220000000,None,None,1381000000,None,3.72,0.0323,146000000,146000000,None,0.006,-0.09,2157000000,3538000000,1.89,2006-03-31,18.35,1220000000,10293000000.0,2609000000,1470000000,430000000,76000000,76000000,None,697000000,None,726000000,None,None,11266000000,None,None,381000000,None,None,None,0.259,590000000,763000000,1846000000,1471000000,3153000000,None,None,None,None,None,None,None,2.122,2.027,2.913,None,None,None,None,None,66000000,None,0.172,None,24284000000,2025-11-13,quarterly,1.8,USD,pre-market,None,2285000000,0.0321,0.129,0.109,39.82,None,12236000000,1163000000,127000000,110.11,118.69,-4.7619,36172000000,3945000000,5460000000,27084000000,32227000000,15883000000,12111000000,9088000000,16.96,None,124.8,86.88
2025-12-28,AEP,6.82,21257001000.0,16.96,None,0.598,56.79,794000000,None,528000000,528000000,279000000,-1017000000,None,None,-74000000,None,None,None,2699000000,391423842,None,9502000000,9502000000,1144000000,None,None,1220000000,None,None,1381000000,None,3.72,0.0323,145000000,145000000,None,0.006,-0.09,2157000000,3538000000,1.89,2005-12-31,18.35,1220000000,10293000000.0,2609000000,1470000000,430000000,76000000,76000000,None,697000000,None,726000000,None,None,11266000000,None,None,-149000000,None,None,None,0.259,290000000,763000000,1846000000,1471000000,3153000000,None,None,None,None,None,None,None,2.122,2.027,2.913,None,None,None,None,None,66000000,None,0.172,None,24284000000,2025-11-13,quarterly,1.8,USD,pre-market,None,2285000000,0.0321,0.129,0.109,39.82,None,12236000000,1163000000,127000000,110.11,118.69,-4.7619,36172000000,3945000000,5460000000,27084000000,32227000000,15883000000,12111000000,9088000000,16.96,None,124.8,86.88
2025-12-28,AEP,6.82,21257001000.0,16.96,None,0.598,56.79,592000000,None,528000000,528000000,21000000,-472000000,None,None,83000000,None,None,None,2699000000,391423842,None,9502000000,9502000000,1144000000,None,None,1220000000,None,None,1381000000,None,3.72,0.0323,135000000,135000000,None,0.006,-0.09,2157000000,3538000000,1.89,2005-09-30,18.35,1220000000,10293000000.0,2609000000,1470000000,430000000,76000000,76000000,None,697000000,None,726000000,None,None,11266000000,None,None,387000000,None,None,None,0.259,693000000,763000000,1846000000,1471000000,3153000000,None,None,None,None,None,None,None,2.122,2.027,2.913,None,None,None,None,None,None,None,0.172,None,24284000000,2025-11-13,quarterly,1.8,USD,pre-market,None,2285000000,0.0321,0.129,0.109,39.82,None,12236000000,1163000000,127000000,110.11,118.69,-4.7619,36172000000,3945000000,5460000000,27084000000,32227000000,15883000000,12111000000,9088000000,16.96,None,124.8,86.88
2025-12-28,AEP,6.82,21257001000.0,16.96,None,0.598,56.79,139900000,None,528000000,528000000,659200000,-7596500000,None,None,171600000,None,None,None,2699000000,391423842,None,9502000000,9502000000,1144000000,None,None,1220000000,None,None,1381000000,3392800000,3.72,0.0323,1903900000,1903900000,None,0.006,-0.09,2157000000,3538000000,1.89,2024-12-31,18.35,1220000000,10293000000.0,2609000000,1470000000,430000000,76000000,76000000,None,697000000,None,726000000,None,None,11266000000,None,None,2975800000,None,None,None,0.259,6804300000,763000000,1846000000,1471000000,3153000000,None,None,None,None,None,None,None,2.122,2.027,2.913,None,None,None,None,None,None,None,0.172,None,24284000000,2025-11-13,annual,1.8,USD,pre-market,None,2285000000,0.0321,0.129,0.109,39.82,None,12236000000,1163000000,127000000,110.11,118.69,-4.7619,36172000000,3945000000,5460000000,27084000000,32227000000,15883000000,12111000000,9088000000,16.96,None,124.8,86.88
2025-12-28,AEP,6.82,21257001000.0,16.96,None,0.598,56.79,7506500000,None,528000000,528000000,1077000000,-6266700000,None,None,-504000000,None,None,None,2699000000,391423842,None,9502000000,9502000000,1144000000,None,None,1220000000,None,None,1381000000,3187000000,3.72,0.0323,1760400000,1760400000,None,0.006,-0.09,2157000000,3538000000,1.89,2023-12-31,18.35,1220000000,10293000000.0,2609000000,1470000000,430000000,76000000,76000000,None,697000000,None,726000000,None,None,11266000000,None,None,2208100000,None,None,None,0.259,5012200000,763000000,1846000000,1471000000,3153000000,None,None,None,None,None,None,None,2.122,2.027,2.913,None,None,None,None,None,6532700000,None,0.172,None,24284000000,2025-11-13,annual,1.8,USD,pre-market,None,2285000000,0.0321,0.129,0.109,39.82,None,12236000000,1163000000,127000000,110.11,118.69,-4.7619,36172000000,3945000000,5460000000,27084000000,32227000000,15883000000,12111000000,9088000000,16.96,None,124.8,86.88
2025-12-28,AEP,6.82,21257001000.0,16.96,None,0.598,56.79,6772400000,None,528000000,528000000,2568900000,-7751800000,105100000,None,-313900000,None,None,-681700000,2699000000,391423842,None,9502000000,9502000000,1144000000,None,None,1220000000,None,None,1381000000,3285700000,3.72,0.0323,1645200000,1645200000,None,0.006,-0.09,2157000000,3538000000,1.89,2022-12-31,18.35,1220000000,10293000000.0,2609000000,1470000000,430000000,76000000,76000000,None,697000000,None,726000000,None,None,11266000000,None,None,2305600000,None,None,None,0.259,5288000000,763000000,1846000000,1471000000,3153000000,None,None,None,None,None,None,None,2.122,2.027,2.913,None,None,None,None,None,826500000,None,0.172,None,24284000000,2025-11-13,annual,1.8,USD,pre-market,None,2285000000,0.0321,0.129,0.109,39.82,None,12236000000,1163000000,127000000,110.11,118.69,-4.7619,36172000000,3945000000,5460000000,27084000000,32227000000,15883000000,12111000000,9088000000,16.96,None,124.8,86.88
2025-12-28,AEP,6.82,21257001000.0,16.96,None,0.598,56.79,5764100000,None,528000000,528000000,2607100000,-6433900000,13100000,None,300200000,None,None,-119700000,2699000000,391423842,None,9502000000,9502000000,1144000000,None,None,1220000000,None,None,1381000000,3046400000,3.72,0.0323,1519500000,1519500000,None,0.006,-0.09,2157000000,3538000000,1.89,2021-12-31,18.35,1220000000,10293000000.0,2609000000,1470000000,430000000,76000000,76000000,None,697000000,None,726000000,None,None,11266000000,None,None,2488100000,None,None,None,0.259,3839900000,763000000,1846000000,1471000000,3153000000,None,None,None,None,None,None,None,2.122,2.027,2.913,None,None,None,None,None,7879600000,None,0.172,None,24284000000,2025-11-13,annual,1.8,USD,pre-market,None,2285000000,0.0321,0.129,0.109,39.82,None,12236000000,1163000000,127000000,110.11,118.69,-4.7619,36172000000,3945000000,5460000000,27084000000,32227000000,15883000000,12111000000,9088000000,16.96,None,124.8,86.88
2025-12-28,AEP,6.82,21257001000.0,16.96,None,0.598,56.79,6316000000,None,528000000,528000000,2406700000,-6233900000,5700000,None,-142900000,None,None,-129300000,2699000000,391423842,None,9502000000,9502000000,1144000000,None,None,1220000000,None,None,1381000000,2906800000,3.72,0.0323,1424900000,1424900000,None,0.006,-0.09,2157000000,3538000000,1.89,2020-12-31,18.35,1220000000,10293000000.0,2609000000,1470000000,430000000,76000000,76000000,None,697000000,None,726000000,None,None,11266000000,None,None,2196700000,None,None,None,0.259,3832900000,763000000,1846000000,1471000000,3153000000,None,None,None,None,None,None,None,2.122,2.027,2.913,None,None,None,None,None,7022600000,None,0.172,None,24284000000,2025-11-13,annual,1.8,USD,pre-market,None,2285000000,0.0321,0.129,0.109,39.82,None,12236000000,1163000000,127000000,110.11,118.69,-4.7619,36172000000,3945000000,5460000000,27084000000,32227000000,15883000000,12111000000,9088000000,16.96,None,124.8,86.88
2025-12-28,AEP,6.82,21257001000.0,16.96,None,0.598,56.79,6143700000,None,528000000,528000000,2862900000,-7144500000,-11500000,None,-248200000,None,None,247800000,2699000000,391423842,None,9502000000,9502000000,1144000000,None,None,1220000000,None,None,1381000000,2740100000,3.72,0.0323,1350000000,1350000000,None,0.006,-0.09,2157000000,3538000000,1.89,2019-12-31,18.35,1220000000,10293000000.0,2609000000,1470000000,430000000,76000000,76000000,None,697000000,None,726000000,None,None,11266000000,None,None,1919800000,None,None,None,0.259,4270100000,763000000,1846000000,1471000000,3153000000,None,None,None,None,None,None,None,2.122,2.027,2.913,None,None,None,None,None,5464900000,None,0.172,None,24284000000,2025-11-13,annual,1.8,USD,pre-market,None,2285000000,0.0321,0.129,0.109,39.82,None,12236000000,1163000000,127000000,110.11,118.69,-4.7619,36172000000,3945000000,5460000000,27084000000,32227000000,15883000000,12111000000,9088000000,16.96,None,124.8,86.88
2025-12-28,AEP,6.82,21257001000.0,16.96,None,0.598,56.79,6357000000,None,528000000,528000000,1161900000,-6353600000,31500000,None,20700000,None,None,145900000,2699000000,391423842,None,9502000000,9502000000,1144000000,None,None,1220000000,None,None,1381000000,2400400000,3.72,0.0323,1251100000,1251100000,None,0.006,-0.09,2157000000,3538000000,1.89,2018-12-31,18.35,1220000000,10293000000.0,2609000000,1470000000,430000000,76000000,76000000,None,697000000,None,726000000,None,None,11266000000,None,None,1931300000,None,None,None,0.259,5223200000,763000000,1846000000,1471000000,3153000000,None,None,None,None,None,None,None,2.122,2.027,2.913,None,None,None,None,None,5422700000,None,0.172,None,24284000000,2025-11-13,annual,1.8,USD,pre-market,None,2285000000,0.0321,0.129,0.109,39.82,None,12236000000,1163000000,127000000,110.11,118.69,-4.7619,36172000000,3945000000,5460000000,27084000000,32227000000,15883000000,12111000000,9088000000,16.96,None,124.8,86.88
2025-12-28,AEP,6.82,21257001000.0,16.96,None,0.598,56.79,5799300000,None,528000000,528000000,-604900000,-3656400000,9100000,None,17900000,None,None,28500000,2699000000,391423842,None,9502000000,9502000000,1144000000,None,None,1220000000,None,None,1381000000,2126300000,3.72,0.0323,1191900000,1191900000,None,0.006,-0.09,2157000000,3538000000,1.89,2017-12-31,18.35,1220000000,10293000000.0,2609000000,1470000000,430000000,76000000,76000000,None,697000000,None,726000000,None,None,11266000000,None,None,1912600000,None,None,None,0.259,4270400000,763000000,1846000000,1471000000,3153000000,None,None,None,None,None,None,None,2.122,2.027,2.913,None,None,None,None,None,3854100000,None,0.172,None,24284000000,2025-11-13,annual,1.8,USD,pre-market,None,2285000000,0.0321,0.129,0.109,39.82,None,12236000000,1163000000,127000000,110.11,118.69,-4.7619,36172000000,3945000000,5460000000,27084000000,32227000000,15883000000,12111000000,9088000000,16.96,None,124.8,86.88
2025-12-28,AEP,6.82,21257001000.0,16.96,None,0.598,56.79,4909600000,None,528000000,528000000,503900000,-4989100000,34100000,None,60200000,None,None,-226600000,2699000000,391423842,None,9502000000,9502000000,1144000000,None,None,1220000000,None,None,1381000000,2090900000,3.72,0.0323,1116800000,1116800000,None,0.006,-0.09,2157000000,3538000000,1.89,2016-12-31,18.35,1220000000,10293000000.0,2609000000,1470000000,430000000,76000000,76000000,None,697000000,None,726000000,None,None,11266000000,None,None,610900000,None,None,None,0.259,4519300000,763000000,1846000000,1471000000,3153000000,None,None,None,None,None,None,None,2.122,2.027,2.913,None,None,None,None,None,3507900000,None,0.172,None,24284000000,2025-11-13,annual,1.8,USD,pre-market,None,2285000000,0.0321,0.129,0.109,39.82,None,12236000000,1163000000,127000000,110.11,118.69,-4.7619,36172000000,3945000000,5460000000,27084000000,32227000000,15883000000,12111000000,9088000000,16.96,None,124.8,86.88
2025-12-28,AEP,6.82,21257001000.0,16.96,None,0.598,56.79,4600000000,None,528000000,528000000,-789400000,-4015200000,13900000,None,-38600000,None,None,200200000,2699000000,391423842,None,9502000000,9502000000,1144000000,None,None,1220000000,None,None,1381000000,2154700000,3.72,0.0323,1059000000,1059000000,None,0.006,-0.09,2157000000,3538000000,1.89,2015-12-31,18.35,1220000000,10293000000.0,2609000000,1470000000,430000000,76000000,76000000,None,697000000,None,726000000,None,None,11266000000,None,None,1768600000,None,None,None,0.259,4818500000,763000000,1846000000,1471000000,3153000000,None,None,None,None,None,None,None,2.122,2.027,2.913,None,None,None,None,None,3308900000,None,0.172,None,24284000000,2025-11-13,annual,1.8,USD,pre-market,None,2285000000,0.0321,0.129,0.109,39.82,None,12236000000,1163000000,127000000,110.11,118.69,-4.7619,36172000000,3945000000,5460000000,27084000000,32227000000,15883000000,12111000000,9088000000,16.96,None,124.8,86.88
2025-12-28,AEP,6.82,21257001000.0,16.96,None,0.598,56.79,4250000000,None,528000000,528000000,-162500000,-4406000000,45000000,None,102000000,None,None,-72000000,2699000000,391423842,None,9502000000,9502000000,1144000000,None,None,1220000000,None,None,1381000000,1736400000,3.72,0.0323,993300000,993300000,None,0.006,-0.09,2157000000,3538000000,1.89,2014-12-31,18.35,1220000000,10293000000.0,2609000000,1470000000,430000000,76000000,76000000,None,697000000,None,726000000,None,None,11266000000,None,None,1638000000,None,None,None,0.259,4613000000,763000000,1846000000,1471000000,3153000000,None,None,None,None,None,None,None,2.122,2.027,2.913,None,None,None,None,None,2656000000,None,0.172,None,24284000000,2025-11-13,annual,1.8,USD,pre-market,None,2285000000,0.0321,0.129,0.109,39.82,None,12236000000,1163000000,127000000,110.11,118.69,-4.7619,36172000000,3945000000,5460000000,27084000000,32227000000,15883000000,12111000000,9088000000,16.96,None,124.8,86.88
2025-12-28,AEP,6.82,21257001000.0,16.96,None,0.598,56.79,3778000000,None,528000000,528000000,-449000000,-3818000000,-161000000,None,122000000,None,None,5000000,2699000000,391423842,None,9502000000,9502000000,1144000000,None,None,1220000000,None,None,1381000000,1843100000,3.72,0.0323,954000000,954000000,None,0.006,-0.09,2157000000,3538000000,1.89,2013-12-31,18.35,1220000000,10293000000.0,2609000000,1470000000,430000000,76000000,76000000,None,697000000,None,726000000,None,None,11266000000,None,None,1473900000,None,None,None,0.259,4106000000,763000000,1846000000,1471000000,3153000000,None,None,None,None,None,None,None,2.122,2.027,2.913,None,None,None,None,None,3224000000,None,0.172,None,24284000000,2025-11-13,annual,1.8,USD,pre-market,None,2285000000,0.0321,0.129,0.109,39.82,None,12236000000,1163000000,127000000,110.11,118.69,-4.7619,36172000000,3945000000,5460000000,27084000000,32227000000,15883000000,12111000000,9088000000,16.96,None,124.8,86.88
2025-12-28,AEP,6.82,21257001000.0,16.96,None,0.598,56.79,3132000000,None,528000000,528000000,-355000000,-3391000000,58000000,None,-224000000,None,None,-16000000,2699000000,391423842,None,9502000000,9502000000,1144000000,None,None,1220000000,None,None,1381000000,1918000000,3.72,0.0323,916000000,916000000,None,0.006,-0.09,2157000000,3538000000,1.89,2012-12-31,18.35,1220000000,10293000000.0,2609000000,1470000000,430000000,76000000,76000000,None,697000000,None,726000000,None,None,11266000000,None,None,1262000000,None,None,None,0.259,3804000000,763000000,1846000000,1471000000,3153000000,None,None,None,None,None,None,None,2.122,2.027,2.913,None,None,None,None,None,2881000000,None,0.172,None,24284000000,2025-11-13,annual,1.8,USD,pre-market,None,2285000000,0.0321,0.129,0.109,39.82,None,12236000000,1163000000,127000000,110.11,118.69,-4.7619,36172000000,3945000000,5460000000,27084000000,32227000000,15883000000,12111000000,9088000000,16.96,None,124.8,86.88
2025-12-28,AEP,6.82,21257001000.0,16.96,None,0.598,56.79,2775000000,None,528000000,528000000,-971000000,-2890000000,None,None,176000000,None,None,None,2699000000,391423842,None,9502000000,9502000000,1144000000,None,None,1220000000,None,None,1381000000,1792000000,3.72,0.0323,900000000,900000000,None,0.006,-0.09,2157000000,3538000000,1.89,2011-12-31,18.35,1220000000,10293000000.0,2609000000,1470000000,430000000,76000000,76000000,None,697000000,None,726000000,None,None,11266000000,None,None,211000000,None,None,None,0.259,3788000000,763000000,1846000000,1471000000,3153000000,None,None,None,None,None,None,None,2.122,2.027,2.913,None,None,None,None,None,-64000000,None,0.172,None,24284000000,2025-11-13,annual,1.8,USD,pre-market,None,2285000000,0.0321,0.129,0.109,39.82,None,12236000000,1163000000,127000000,110.11,118.69,-4.7619,36172000000,3945000000,5460000000,27084000000,32227000000,15883000000,12111000000,9088000000,16.96,None,124.8,86.88
2025-12-28,AEP,6.82,21257001000.0,16.96,None,0.598,56.79,2436000000,None,528000000,528000000,-335000000,-2523000000,-196000000,None,221000000,None,None,-866000000,2699000000,391423842,None,9502000000,9502000000,1144000000,None,None,1220000000,None,None,1381000000,1780000000,3.72,0.0323,827000000,827000000,None,0.006,-0.09,2157000000,3538000000,1.89,2010-12-31,18.35,1220000000,10293000000.0,2609000000,1470000000,430000000,76000000,76000000,None,697000000,None,726000000,None,None,11266000000,None,None,1218000000,None,None,None,0.259,2662000000,763000000,1846000000,1471000000,3153000000,None,None,None,None,None,None,None,2.122,2.027,2.913,None,None,None,None,None,2605000000,None,0.172,None,24284000000,2025-11-13,annual,1.8,USD,pre-market,None,2285000000,0.0321,0.129,0.109,39.82,None,12236000000,1163000000,127000000,110.11,118.69,-4.7619,36172000000,3945000000,5460000000,27084000000,32227000000,15883000000,12111000000,9088000000,16.96,None,124.8,86.88
2025-12-28,AEP,6.82,21257001000.0,16.96,None,0.598,56.79,2792000000,None,528000000,528000000,520000000,-2916000000,None,None,-475000000,None,None,None,2699000000,391423842,None,9502000000,9502000000,1144000000,None,None,1220000000,None,None,1381000000,1660000000,3.72,0.0323,761000000,761000000,None,0.006,-0.09,2157000000,3538000000,1.89,2009-12-31,18.35,1220000000,10293000000.0,2609000000,1470000000,430000000,76000000,76000000,None,697000000,None,726000000,None,None,11266000000,None,None,1365000000,None,None,None,0.259,2475000000,763000000,1846000000,1471000000,3153000000,None,None,None,None,None,None,None,2.122,2.027,2.913,None,None,None,None,None,2425000000,None,0.172,None,24284000000,2025-11-13,annual,1.8,USD,pre-market,None,2285000000,0.0321,0.129,0.109,39.82,None,12236000000,1163000000,127000000,110.11,118.69,-4.7619,36172000000,3945000000,5460000000,27084000000,32227000000,15883000000,12111000000,9088000000,16.96,None,124.8,86.88
2025-12-28,AEP,6.82,21257001000.0,16.96,None,0.598,56.79,3800000000,None,528000000,528000000,1684000000,-4027000000,None,None,-183000000,None,None,None,2699000000,391423842,None,9502000000,9502000000,1144000000,None,None,1220000000,None,None,1381000000,1571000000,3.72,0.0323,663000000,663000000,None,0.006,-0.09,2157000000,3538000000,1.89,2008-12-31,18.35,1220000000,10293000000.0,2609000000,1470000000,430000000,76000000,76000000,None,697000000,None,726000000,None,None,11266000000,None,None,1368000000,None,None,None,0.259,2576000000,763000000,1846000000,1471000000,3153000000,None,None,None,None,None,None,None,2.122,2.027,2.913,None,None,None,None,None,4090000000,None,0.172,None,24284000000,2025-11-13,annual,1.8,USD,pre-market,None,2285000000,0.0321,0.129,0.109,39.82,None,12236000000,1163000000,127000000,110.11,118.69,-4.7619,36172000000,3945000000,5460000000,27084000000,32227000000,15883000000,12111000000,9088000000,16.96,None,124.8,86.88
2025-12-28,AEP,6.82,21257001000.0,16.96,None,0.598,56.79,3556000000,None,528000000,528000000,1410000000,-3921000000,None,None,16000000,None,None,None,2699000000,391423842,None,9502000000,9502000000,1144000000,None,None,1220000000,None,None,1381000000,None,3.72,0.0323,630000000,630000000,None,0.006,-0.09,2157000000,3538000000,1.89,2007-12-31,18.35,1220000000,10293000000.0,2609000000,1470000000,430000000,76000000,76000000,None,697000000,None,726000000,None,None,11266000000,None,None,1089000000,None,None,None,0.259,2388000000,763000000,1846000000,1471000000,3153000000,None,None,None,None,None,None,None,2.122,2.027,2.913,None,None,None,None,None,None,None,0.172,None,24284000000,2025-11-13,annual,1.8,USD,pre-market,None,2285000000,0.0321,0.129,0.109,39.82,None,12236000000,1163000000,127000000,110.11,118.69,-4.7619,36172000000,3945000000,5460000000,27084000000,32227000000,15883000000,12111000000,9088000000,16.96,None,124.8,86.88
2025-12-28,AEP,6.82,21257001000.0,16.96,None,0.598,56.79,3528000000,None,528000000,528000000,911000000,-3743000000,None,None,-187000000,None,None,None,2699000000,391423842,None,9502000000,9502000000,1144000000,None,None,1220000000,None,None,1381000000,None,3.72,0.0323,591000000,591000000,None,0.006,-0.09,2157000000,3538000000,1.89,2006-12-31,18.35,1220000000,10293000000.0,2609000000,1470000000,430000000,76000000,76000000,None,697000000,None,726000000,None,None,11266000000,None,None,1002000000,None,None,None,0.259,2732000000,763000000,1846000000,1471000000,3153000000,None,None,None,None,None,None,None,2.122,2.027,2.913,None,None,None,None,None,None,None,0.172,None,24284000000,2025-11-13,annual,1.8,USD,pre-market,None,2285000000,0.0321,0.129,0.109,39.82,None,12236000000,1163000000,127000000,110.11,118.69,-4.7619,36172000000,3945000000,5460000000,27084000000,32227000000,15883000000,12111000000,9088000000,16.96,None,124.8,86.88
2025-12-28,AEP,6.82,21257001000.0,16.96,None,0.598,56.79,2404000000,None,528000000,528000000,-791000000,-1005000000,None,None,-20000000,None,None,None,2699000000,391423842,None,9502000000,9502000000,1144000000,None,None,1220000000,None,None,1381000000,None,3.72,0.0323,553000000,553000000,None,0.006,-0.09,2157000000,3538000000,1.89,2005-12-31,18.35,1220000000,10293000000.0,2609000000,1470000000,430000000,76000000,76000000,None,697000000,None,726000000,None,None,11266000000,None,None,814000000,None,None,None,0.259,1877000000,763000000,1846000000,1471000000,3153000000,None,None,None,None,None,None,None,2.122,2.027,2.913,None,None,None,None,None,-427000000,None,0.172,None,24284000000,2025-11-13,annual,1.8,USD,pre-market,None,2285000000,0.0321,0.129,0.109,39.82,None,12236000000,1163000000,127000000,110.11,118.69,-4.7619,36172000000,3945000000,5460000000,27084000000,32227000000,15883000000,12111000000,9088000000,16.96,None,124.8,86.88
