date,symbol,eps,revenue_ttm,accumulateddepreciationamortizationppe,beta,book_value,capitalexpenditures,capitalleaseobligations,cashandcashequivalentsatcarryingvalue,cashandshortterminvestments,cashflowfromfinancing,cashflowfrominvestment,changeincashandcashequivalents,changeinexchangerate,changeininventory,changeinoperatingassets,changeinoperatingliabilities,changeinreceivables,commonstock,commonstocksharesoutstanding,comprehensiveincomenetoftax,costofgoodsandservicessold,costofrevenue,currentaccountspayable,currentdebt,currentlongtermdebt,currentnetreceivables,deferredrevenue,depreciation,depreciationandamortization,depreciationdepletionandamortization,dividendpayout,dividendpayoutcommonstock,dividendpayoutpreferredstock,earnings_growth_yoy,earnings_surprise,ebit,ebitda,estimated_eps,fiscaldateending,goodwill,gross_profit_ttm,grossprofit,incomebeforetax,incometaxexpense,intangibleassets,intangibleassetsexcludinggoodwill,interestanddebtexpense,interestexpense,interestincome,inventory,investmentincomenet,investments,longtermdebt,longtermdebtnoncurrent,longterminvestments,netincome,netincomefromcontinuingoperations,netinterestincome,noninterestincome,operating_margin_ttm,operatingcashflow,operatingexpenses,operatingincome,othercurrentassets,othercurrentliabilities,othernoncurrentassets,othernoncurrentliabilities,othernonoperatingincome,paymentsforoperatingactivities,paymentsforrepurchaseofcommonstock,paymentsforrepurchaseofequity,paymentsforrepurchaseofpreferredstock,price_to_book,price_to_sales_ttm,proceedsfromissuanceofcommonstock,proceedsfromissuanceoflongtermdebtandcapitalsecuritiesnet,proceedsfromissuanceofpreferredstock,proceedsfromoperatingactivities,proceedsfromrepaymentsofshorttermdebt,proceedsfromrepurchaseofequity,proceedsfromsaleoftreasurystock,profit_margin,profitloss,propertyplantequipment,report_date,report_type,reported_eps,reportedcurrency,reporttime,researchanddevelopment,retainedearnings,return_on_assets_ttm,return_on_equity_ttm,revenue_growth_yoy,revenue_per_share_ttm,sellinggeneralandadministrative,shortlongtermdebttotal,shorttermdebt,shortterminvestments,sma_200,sma_50,surprise_pct,totalassets,totalcurrentassets,totalcurrentliabilities,totalliabilities,totalnoncurrentassets,totalnoncurrentliabilities,totalrevenue,totalshareholderequity,treasurystock,week_52_high,week_52_low
1998-01-31,AI,,,,,,,,,,,,,,,,,,,,,,,,,,,,,,,,,,,0.9,,,5.3,,,,,,,,,,,,,,,,,,,,,,,,,,,,,,,,,,,,,,,,,,,,,,,1998-04-23,,6.2,,pre-market,,,,,,,,,,,,,16.9811,,,,,,,,,,,
1998-04-30,AI,,,,,,,,,,,,,,,,,,,,,,,,,,,,,,,,,,,-1.47,,,4.47,,,,,,,,,,,,,,,,,,,,,,,,,,,,,,,,,,,,,,,,,,,,,,,1998-07-22,,3.0,,pre-market,,,,,,,,,,,,,-32.8859,,,,,,,,,,,
1998-07-31,AI,,,,,,,,,,,,,,,,,,,,,,,,,,,,,,,,,,,1.4,,,-15.6,,,,,,,,,,,,,,,,,,,,,,,,,,,,,,,,,,,,,,,,,,,,,,,1998-10-22,,-14.2,,pre-market,,,,,,,,,,,,,8.9744,,,,,,,,,,,
1998-10-31,AI,,,,,,,,,,,,,,,,,,,,,,,,,,,,,,,,,,,1.73,,,-3.33,,,,,,,,,,,,,,,,,,,,,,,,,,,,,,,,,,,,,,,,,,,,,,,1999-01-26,,-1.6,,pre-market,,,,,,,,,,,,,51.952,,,,,,,,,,,
1999-01-31,AI,,,,,,,,,,,,,,,,,,,,,,,,,,,,,,,,,,,0.0,,,0.0,,,,,,,,,,,,,,,,,,,,,,,,,,,,,,,,,,,,,,,,,,,,,,,1999-04-28,,0.0,,pre-market,,,,,,,,,,,,,51.952,,,,,,,,,,,
1999-04-30,AI,,,,,,,,,,,,,,,,,,,,,,,,,,,,,,,,,,,1.07,,,1.33,,,,,,,,,,,,,,,,,,,,,,,,,,,,,,,,,,,,,,,,,,,,,,,1999-07-21,,2.4,,pre-market,,,,,,,,,,,,,80.4511,,,,,,,,,,,
1999-07-31,AI,,,,,,,,,,,,,,,,,,,,,,,,,,,,,,,,,,,-4.2,,,-5.2,,,,,,,,,,,,,,,,,,,,,,,,,,,,,,,,,,,,,,,,,,,,,,,1999-10-21,,-9.4,,pre-market,,,,,,,,,,,,,-80.7692,,,,,,,,,,,
1999-10-31,AI,,,,,,,,,,,,,,,,,,,,,,,,,,,,,,,,,,,2.93,,,1.27,,,,,,,,,,,,,,,,,,,,,,,,,,,,,,,,,,,,,,,,,,,,,,,2000-01-27,,4.2,,pre-market,,,,,,,,,,,,,230.7087,,,,,,,,,,,
2000-01-31,AI,,,,,,,,,,,,,,,,,,,,,,,,,,,,,,,,,,,-2.1,,,4.5,,,,,,,,,,,,,,,,,,,,,,,,,,,,,,,,,,,,,,,,,,,,,,,2000-04-20,,2.4,,pre-market,,,,,,,,,,,,,-46.6667,,,,,,,,,,,
2000-07-31,AI,,,,,,,,,,,,,,,,,,,,,,,,,,,,,,,,,,,1.2,,,0.8,,,,,,,,,,,,,,,,,,,,,,,,,,,,,,,,,,,,,,,,,,,,,,,2000-10-26,,2.0,,pre-market,,,,,,,,,,,,,150.0,,,,,,,,,,,
2000-10-31,AI,,,,,,,,,,,,,,,,,,,,,,,,,,,,,,,,,,,0.3,,,0.3,,,,,,,,,,,,,,,,,,,,,,,,,,,,,,,,,,,,,,,,,,,,,,,2001-01-30,,0.6,,pre-market,,,,,,,,,,,,,100.0,,,,,,,,,,,
2001-01-31,AI,,,,,,,,,,,,,,,,,,,,,,,,,,,,,,,,,,,-3.6,,,1.2,,,,,,,,,,,,,,,,,,,,,,,,,,,,,,,,,,,,,,,,,,,,,,,2001-04-26,,-2.4,,pre-market,,,,,,,,,,,,,-300.0,,,,,,,,,,,
2001-04-30,AI,,,,,,,,,,,,,,,,,,,,,,,,,,,,,,,,,,,1.1,,,0.9,,,,,,,,,,,,,,,,,,,,,,,,,,,,,,,,,,,,,,,,,,,,,,,2001-07-26,,2.0,,pre-market,,,,,,,,,,,,,122.2222,,,,,,,,,,,
2001-07-31,AI,,,,,,,,,,,,,,,,,,,,,,,,,,,,,,,,,,,-7.4,,,-2.4,,,,,,,,,,,,,,,,,,,,,,,,,,,,,,,,,,,,,,,,,,,,,,,2001-10-25,,-9.8,,pre-market,,,,,,,,,,,,,-308.3333,,,,,,,,,,,
2001-10-31,AI,,,,,,,,,,,,,,,,,,,,,,,,,,,,,,,,,,,5.5,,,-1.3,,,,,,,,,,,,,,,,,,,,,,,,,,,,,,,,,,,,,,,,,,,,,,,2002-01-31,,4.2,,pre-market,,,,,,,,,,,,,423.0769,,,,,,,,,,,
2002-04-30,AI,,,,,,,,,,,,,,,,,,,,,,,,,,,,,,,,,,,2.0,,,1.8,,,,,,,,,,,,,,,,,,,,,,,,,,,,,,,,,,,,,,,,,,,,,,,2002-05-01,,3.8,,pre-market,,,,,,,,,,,,,111.1111,,,,,,,,,,,
2003-04-30,AI,,,,,,,,,,,,,,,,,,,,,,,,,,,,,,,,,,,2.2,,,6.4,,,,,,,,,,,,,,,,,,,,,,,,,,,,,,,,,,,,,,,,,,,,,,,2003-07-29,,8.6,,pre-market,,,,,,,,,,,,,34.375,,,,,,,,,,,
2003-07-31,AI,,,,,,,,,,,,,,,,,,,,,,,,,,,,,,,,,,,1.6,,,8.0,,,,,,,,,,,,,,,,,,,,,,,,,,,,,,,,,,,,,,,,,,,,,,,2003-10-28,,9.6,,pre-market,,,,,,,,,,,,,20.0,,,,,,,,,,,
2004-01-31,AI,,,,,,,,,,,,,,,,,,,,,,,,,,,,,,,,,,,0.0,,,10.8,,,,,,,,,,,,,,,,,,,,,,,,,,,,,,,,,,,,,,,,,,,,,,,2004-04-27,,10.8,,pre-market,,,,,,,,,,,,,0.0,,,,,,,,,,,
2004-07-31,AI,,,,,,,,,,,,,,,,,,,,,,,,,,,,,,,,,,,-0.27,,,11.27,,,,,,,,,,,,,,,,,,,,,,,,,,,,,,,,,,,,,,,,,,,,,,,2004-10-26,,11.0,,pre-market,,,,,,,,,,,,,-2.3957,,,,,,,,,,,
2005-01-31,AI,,,,,,,,,,,,,,,,,,,,,,,,,,,,,,,,,,,0.4,,,9.8,,,,,,,,,,,,,,,,,,,,,,,,,,,,,,,,,,,,,,,,,,,,,,,2005-02-09,,10.2,,pre-market,,,,,,,,,,,,,4.0816,,,,,,,,,,,
2005-04-30,AI,,,,,,,,,,,,,,,,,,,,,,,,,,,,,,,,,,,-0.9,,,7.1,,,,,,,,,,,,,,,,,,,,,,,,,,,,,,,,,,,,,,,,,,,,,,,2005-07-27,,6.2,,pre-market,,,,,,,,,,,,,-12.6761,,,,,,,,,,,
2005-07-31,AI,,,,,,,,,,,,,,,,,,,,,,,,,,,,,,,,,,,-3.3,,,6.1,,,,,,,,,,,,,,,,,,,,,,,,,,,,,,,,,,,,,,,,,,,,,,,2005-10-25,,2.8,,pre-market,,,,,,,,,,,,,-54.0984,,,,,,,,,,,
2006-01-31,AI,,,,,,,,,,,,,,,,,,,,,,,,,,,,,,,,,,,1.0,,,2.2,,,,,,,,,,,,,,,,,,,,,,,,,,,,,,,,,,,,,,,,,,,,,,,2006-04-26,,3.2,,pre-market,,,,,,,,,,,,,45.4545,,,,,,,,,,,
2006-04-30,AI,,,,,,,,,,,,,,,,,,,,,,,,,,,,,,,,,,,-1.3,,,2.7,,,,,,,,,,,,,,,,,,,,,,,,,,,,,,,,,,,,,,,,,,,,,,,2006-07-27,,1.4,,pre-market,,,,,,,,,,,,,-48.1481,,,,,,,,,,,
2006-10-31,AI,,,,,,,,,,,,,,,,,,,,,,,,,,,,,,,,,,,-6.9,,,3.3,,,,,,,,,,,,,,,,,,,,,,,,,,,,,,,,,,,,,,,,,,,,,,,2006-11-02,,-3.6,,pre-market,,,,,,,,,,,,,-209.0909,,,,,,,,,,,
2007-01-31,AI,,,,,,,,,,,,,,,,,,,,,,,,,,,,,,,,,,,-14.0,,,2.6,,,,,,,,,,,,,,,,,,,,,,,,,,,,,,,,,,,,,,,,,,,,,,,2007-04-26,,-11.4,,pre-market,,,,,,,,,,,,,-538.4615,,,,,,,,,,,
2010-01-31,AI,,,,,,,,,,,,,,,,,,,,,,,,,,,,,,,,,,,0.33,,,0.26,,,,,,,,,,,,,,,,,,,,,,,,,,,,,,,,,,,,,,,,,,,,,,,2010-02-11,,0.59,,pre-market,,,,,,,,,,,,,126.9231,,,,,,,,,,,
2011-01-31,AI,,,,,,,,,,,,,,,,,,,,,,,,,,,,,,,,,,,1.04,,,1.37,,,,,,,,,,,,,,,,,,,,,,,,,,,,,,,,,,,,,,,,,,,,,,,2011-04-27,,2.41,,pre-market,,,,,,,,,,,,,75.9124,,,,,,,,,,,
2011-04-30,AI,,,,,,,,,,,,,,,,,,,,,,,,,,,,,,,,,,,-1.54,,,1.55,,,,,,,,,,,,,,,,,,,,,,,,,,,,,,,,,,,,,,,,,,,,,,,2011-07-27,,0.01,,pre-market,,,,,,,,,,,,,-99.3548,,,,,,,,,,,
2011-07-31,AI,,,,,,,,,,,,,,,,,,,,,,,,,,,,,,,,,,,-2.96,,,1.46,,,,,,,,,,,,,,,,,,,,,,,,,,,,,,,,,,,,,,,,,,,,,,,2011-10-26,,-1.5,,pre-market,,,,,,,,,,,,,-202.7397,,,,,,,,,,,
2012-01-31,AI,,,,,,,,,,,,,,,,,,,,,,,,,,,,,,,,,,,0.05,,,1.08,,,,,,,,,,,,,,,,,,,,,,,,,,,,,,,,,,,,,,,,,,,,,,,2012-04-18,,1.13,,pre-market,,,,,,,,,,,,,4.6296,,,,,,,,,,,
2012-04-30,AI,,,,,,,,,,,,,,,,,,,,,,,,,,,,,,,,,,,0.05,,,1.11,,,,,,,,,,,,,,,,,,,,,,,,,,,,,,,,,,,,,,,,,,,,,,,2012-07-30,,1.16,,pre-market,,,,,,,,,,,,,4.5045,,,,,,,,,,,
2012-07-31,AI,,,,,,,,,,,,,,,,,,,,,,,,,,,,,,,,,,,0.23,,,1.11,,,,,,,,,,,,,,,,,,,,,,,,,,,,,,,,,,,,,,,,,,,,,,,2012-10-29,,1.34,,pre-market,,,,,,,,,,,,,20.7207,,,,,,,,,,,
2013-01-31,AI,,,,,,,,,,,,,,,,,,,,,,,,,,,,,,,,,,,0.03,,,1.01,,,,,,,,,,,,,,,,,,,,,,,,,,,,,,,,,,,,,,,,,,,,,,,2013-04-29,,1.04,,pre-market,,,,,,,,,,,,,2.9703,,,,,,,,,,,
2013-04-30,AI,,,,,,,,,,,,,,,,,,,,,,,,,,,,,,,,,,,0.04,,,1.08,,,,,,,,,,,,,,,,,,,,,,,,,,,,,,,,,,,,,,,,,,,,,,,2013-07-29,,1.12,,pre-market,,,,,,,,,,,,,3.7037,,,,,,,,,,,
2013-07-31,AI,,,,,,,,,,,,,,,,,,,,,,,,,,,,,,,,,,,0.01,,,1.02,,,,,,,,,,,,,,,,,,,,,,,,,,,,,,,,,,,,,,,,,,,,,,,2013-10-28,,1.03,,pre-market,,,,,,,,,,,,,0.9804,,,,,,,,,,,
2014-01-31,AI,,,,,,,,,,,,,,,,,,,,,,,,,,,,,,,,,,,0.25,,,0.93,,,,,,,,,,,,,,,,,,,,,,,,,,,,,,,,,,,,,,,,,,,,,,,2014-04-28,,1.18,,pre-market,,,,,,,,,,,,,26.8817,,,,,,,,,,,
2014-04-30,AI,,,,,,,,,,,,,,,,,,,,,,,,,,,,,,,,,,,0.16,,,1.06,,,,,,,,,,,,,,,,,,,,,,,,,,,,,,,,,,,,,,,,,,,,,,,2014-07-29,,1.22,,pre-market,,,,,,,,,,,,,15.0943,,,,,,,,,,,
2014-07-31,AI,,,,,,,,,,,,,,,,,,,,,,,,,,,,,,,,,,,0.21,,,1.15,,,,,,,,,,,,,,,,,,,,,,,,,,,,,,,,,,,,,,,,,,,,,,,2014-10-27,,1.36,,post-market,,,,,,,,,,,,,18.2609,,,,,,,,,,,
2015-01-31,AI,,,,,,,,,,,,,,,,,,,,,,,,,,,,,,,,,,,0.3,,,1.2,,,,,,,,,,,,,,,,,,,,,,,,,,,,,,,,,,,,,,,,,,,,,,,2015-04-27,,1.5,,post-market,,,,,,,,,,,,,25.0,,,,,,,,,,,
2015-04-30,AI,,,,,,,,,,,,,,,,,,,,,,,,,,,,,,,,,,,0.02,,,1.3,,,,,,,,,,,,,,,,,,,,,,,,,,,,,,,,,,,,,,,,,,,,,,,2015-07-27,,1.32,,post-market,,,,,,,,,,,,,1.5385,,,,,,,,,,,
2015-07-31,AI,,,,,,,,,,,,,,,,,,,,,,,,,,,,,,,,,,,0.02,,,1.33,,,,,,,,,,,,,,,,,,,,,,,,,,,,,,,,,,,,,,,,,,,,,,,2015-10-26,,1.35,,post-market,,,,,,,,,,,,,1.5038,,,,,,,,,,,
2016-01-31,AI,,,,,,,,,,,,,,,,,,,,,,,,,,,,,,,,,,,-0.01,,,1.32,,,,,,,,,,,,,,,,,,,,,,,,,,,,,,,,,,,,,,,,,,,,,,,2016-02-02,,1.31,,post-market,,,,,,,,,,,,,-0.7576,,,,,,,,,,,
2016-04-30,AI,,,,,,,,,,,,,,,,,,,,,,,,,,,,,,,,,,,0.0,,,0.67,,,,,,,,,,,,,,,,,,,,,,,,,,,,,,,,,,,,,,,,,,,,,,,2016-07-26,,0.67,,post-market,,,,,,,,,,,,,0.0,,,,,,,,,,,
2016-07-31,AI,,,,,,,,,,,,,,,,,,,,,,,,,,,,,,,,,,,-0.02,,,0.66,,,,,,,,,,,,,,,,,,,,,,,,,,,,,,,,,,,,,,,,,,,,,,,2016-10-25,,0.64,,post-market,,,,,,,,,,,,,-3.0303,,,,,,,,,,,
2017-01-31,AI,,,,,,,,,,,,,,,,,,,,,,,,,,,,,,,,,,,-0.02,,,0.62,,,,,,,,,,,,,,,,,,,,,,,,,,,,,,,,,,,,,,,,,,,,,,,2017-04-25,,0.6,,post-market,,,,,,,,,,,,,-3.2258,,,,,,,,,,,
2017-04-30,AI,,,,,,,,,,,,,,,,,,,,,,,,,,,,,,,,,,,-0.01,,,0.59,,,,,,,,,,,,,,,,,,,,,,,,,,,,,,,,,,,,,,,,,,,,,,,2017-07-24,,0.58,,post-market,,,,,,,,,,,,,-1.6949,,,,,,,,,,,
2017-07-31,AI,,,,,,,,,,,,,,,,,,,,,,,,,,,,,,,,,,,-0.05,,,0.57,,,,,,,,,,,,,,,,,,,,,,,,,,,,,,,,,,,,,,,,,,,,,,,2017-10-24,,0.52,,post-market,,,,,,,,,,,,,-8.7719,,,,,,,,,,,
2018-01-31,AI,,,,,,,,,,,,,,,,,,,,,,,,,,,,,,,,,,,0.06,,,0.52,,,,,,,,,,,,,,,,,,,,,,,,,,,,,,,,,,,,,,,,,,,,,,,2018-02-06,,0.58,,post-market,,,,,,,,,,,,,11.5385,,,,,,,,,,,
2018-04-30,AI,,,,,,,,,,,,,,,,,,,,,,,,,,,,,,,,,,,0.05,,,0.54,,,,,,,,,,,,,,,,,,,,,,,,,,,,,,,,,,,,,,,,,,,,,,,2018-07-24,,0.59,,post-market,,,,,,,,,,,,,9.2593,,,,,,,,,,,
2018-07-31,AI,,,,,,,,,,,,,,,,,,,,,,,,,,,,,,,,,,,-0.05,,,0.52,,,,,,,,,,,,,,,,,,,,,,,,,,,,,,,,,,,,,,,,,,,,,,,2018-10-23,,0.47,,post-market,,,,,,,,,,,,,-9.6154,,,,,,,,,,,
2019-01-31,AI,,,,,,,,,,,,,,,,,,,,,,,,,,,,,,,,,,,-0.02,,,0.46,,,,,,,,,,,,,,,,,,,,,,,,,,,,,,,,,,,,,,,,,,,,,,,2019-02-19,,0.44,,pre-market,,,,,,,,,,,,,-4.3478,,,,,,,,,,,
2019-04-30,AI,,,,,,,,,,,,,,,,,,,,,,,,,,,,,,,,,,,-0.09,,,0.41,,,,,,,,,,,,,,,,,,,,,,,,,,,,,,,,,,,,,,,,,,,,,,,2019-05-01,,0.32,,post-market,,,,,,,,,,,,,-21.9512,,,,,,,,,,,
2019-07-31,AI,,,,,,,,,,,,,,,,,,,,,,,,,,,,,,,,,,,-0.01,,,0.24,,,,,,,,,,,,,,,,,,,,,,,,,,,,,,,,,,,,,,,,,,,,,,,2019-08-06,,0.23,,post-market,,,,,,,,,,,,,-4.1667,,,,,,,,,,,
2019-10-31,AI,,,,,,,,,,,,,,,,,,,,,,,,,,,,,,,,,,,-0.02,,,0.2,,,,,,,,,,,,,,,,,,,,,,,,,,,,,,,,,,,,,,,,,,,,,,,2019-11-07,,0.18,,post-market,,,,,,,,,,,,,-10.0,,,,,,,,,,,
2020-01-31,AI,,,,,,,,,,,,,,,,,,,,,,,,,,,,,,,,,,,-0.01,,,0.19,,,,,,,,,,,,,,,,,,,,,,,,,,,,,,,,,,,,,,,,,,,,,,,2020-02-18,,0.18,,pre-market,,,,,,,,,,,,,-5.2632,,,,,,,,,,,
2020-04-30,AI,,,,,,,,,,,,,,,,,,,,,,,,,,,,,,,,,,,-0.01,,,0.02,,,,,,,,,,,,,,,,,,,,,,,,,,,,,,,,,,,,,,,,,,,,,,,2020-07-30,,0.01,,post-market,,,,,,,,,,,,,-50.0,,,,,,,,,,,
2020-07-31,AI,,,,,,,,,,,,,,,,,,,,,,,,,,,,,,,,,,,-0.0661,,,0.0,,,,,,,,,,,,,,,,,,,,,,,,,,,,,,,,,,,,,,,,,,,,,,,2020-10-31,,-0.0661,,pre-market,,,,,,,,,,,,,-50.0,,,,,,,,,,,
2020-10-31,AI,,,,,,,,,,,,,,,,,,,,,,,,,,,,,,,,,,,-0.19,,,-0.13,,,,,,,,,,,,,,,,,,,,,,,,,,,,,,,,,,,,,,,,,,,,,,,2020-12-09,,-0.32,,post-market,,,,,,,,,,,,,-146.1538,,,,,,,,,,,
2021-01-31,AI,,,,,,,,,,,,,,,,,,,,,,,,,,,,,,,,,,,0.01,,,-0.16,,,,,,,,,,,,,,,,,,,,,,,,,,,,,,,,,,,,,,,,,,,,,,,2021-03-01,,-0.15,,post-market,,,,,,,,,,,,,6.25,,,,,,,,,,,
2021-04-30,AI,,,,,,,,,,,,,,,,,,,,,,,,,,,,,,,,,,,0.11,,,-0.27,,,,,,,,,,,,,,,,,,,,,,,,,,,,,,,,,,,,,,,,,,,,,,,2021-06-02,,-0.16,,post-market,,,,,,,,,,,,,40.7407,,,,,,,,,,,
2021-07-31,AI,,,,,,,,,,,,,,,,,,,,,,,,,,,,,,,,,,,0.05,,,-0.28,,,,,,,,,,,,,,,,,,,,,,,,,,,,,,,,,,,,,,,,,,,,,,,2021-09-01,,-0.23,,post-market,,,,,,,,,,,,,17.8571,,,,,,,,,,,
2021-10-31,AI,,,,,,,,,,,,,,,,,,,,,,,,,,,,,,,,,,,0.06,,,-0.29,,,,,,,,,,,,,,,,,,,,,,,,,,,,,,,,,,,,,,,,,,,,,,,2021-12-01,,-0.23,,post-market,,,,,,,,,,,,,20.6897,,,,,,,,,,,
2022-01-31,AI,,,,,,,,,,,,,,,,,,,,,,,,,,,,,,,,,,,0.18,,,-0.25,,,,,,,,,,,,,,,,,,,,,,,,,,,,,,,,,,,,,,,,,,,,,,,2022-03-02,,-0.07,,post-market,,,,,,,,,,,,,72.0,,,,,,,,,,,
2022-04-30,AI,,,,,,,,,,,,,,,,,,,,,,,,,,,,,,,,,,,0.08,,,-0.29,,,,,,,,,,,,,,,,,,,,,,,,,,,,,,,,,,,,,,,,,,,,,,,2022-06-01,,-0.21,,post-market,,,,,,,,,,,,,27.5862,,,,,,,,,,,
2022-07-31,AI,,,,,,,,,,,,,,,,,,,,,,,,,,,,,,,,,,,0.12,,,-0.24,,,,,,,,,,,,,,,,,,,,,,,,,,,,,,,,,,,,,,,,,,,,,,,2022-08-31,,-0.12,,post-market,,,,,,,,,,,,,50.0,,,,,,,,,,,
2022-10-31,AI,,,,,,,,,,,,,,,,,,,,,,,,,,,,,,,,,,,0.05,,,-0.16,,,,,,,,,,,,,,,,,,,,,,,,,,,,,,,,,,,,,,,,,,,,,,,2022-12-07,,-0.11,,post-market,,,,,,,,,,,,,31.25,,,,,,,,,,,
2023-01-31,AI,,,,,,,,,,,,,,,,,,,,,,,,,,,,,,,,,,,0.16,,,-0.22,,,,,,,,,,,,,,,,,,,,,,,,,,,,,,,,,,,,,,,,,,,,,,,2023-03-02,,-0.06,,post-market,,,,,,,,,,,,,72.7273,,,,,,,,,,,
2023-04-30,AI,,,,,,,,,,,,,,,,,,,,,,,,,,,,,,,,,,,0.04,,,-0.17,,,,,,,,,,,,,,,,,,,,,,,,,,,,,,,,,,,,,,,,,,,,,,,2023-05-31,,-0.13,,post-market,,,,,,,,,,,,,23.5294,,,,,,,,,,,
2023-07-31,AI,,,,,,,,,,,,,,,,,,,,,,,,,,,,,,,,,,,0.08,,,-0.17,,,,,,,,,,,,,,,,,,,,,,,,,,,,,,,,,,,,,,,,,,,,,,,2023-09-05,,-0.09,,post-market,,,,,,,,,,,,,47.0588,,,,,,,,,,,
2023-10-31,AI,,,,,,,,,,,,,,,,,,,,,,,,,,,,,,,,,,,0.05,,,-0.18,,,,,,,,,,,,,,,,,,,,,,,,,,,,,,,,,,,,,,,,,,,,,,,2023-12-06,,-0.13,,post-market,,,,,,,,,,,,,27.7778,,,,,,,,,,,
2024-01-31,AI,,,,,,,,,,,,,,,,,,,,,,,,,,,,,,,,,,,0.15,,,-0.28,,,,,,,,,,,,,,,,,,,,,,,,,,,,,,,,,,,,,,,,,,,,,,,2024-02-28,,-0.13,,post-market,,,,,,,,,,,,,53.5714,,,,,,,,,,,
2024-04-30,AI,,,,,,,,,,,,,,,,,,,,,,,,,,,,,,,,,,,0.19,,,-0.3,,,,,,,,,,,,,,,,,,,,,,,,,,,,,,,,,,,,,,,,,,,,,,,2024-05-29,,-0.11,,post-market,,,,,,,,,,,,,63.3333,,,,,,,,,,,
2024-07-31,AI,,,,,,,,,,,,,,,,,,,,,,,,,,,,,,,,,,,0.08,,,-0.13,,,,,,,,,,,,,,,,,,,,,,,,,,,,,,,,,,,,,,,,,,,,,,,2024-09-04,,-0.05,,post-market,,,,,,,,,,,,,61.5385,,,,,,,,,,,
2024-10-31,AI,,,,,,,,,,,,,,,,,,,,,,,,,,,,,,,,,,,0.1,,,-0.16,,,,,,,,,,,,,,,,,,,,,,,,,,,,,,,,,,,,,,,,,,,,,,,2024-12-09,,-0.06,,post-market,,,,,,,,,,,,,62.5,,,,,,,,,,,
2025-01-31,AI,,,,,,,,,,,,,,,,,,,,,,,,,,,,,,,,,,,0.13,,,-0.25,,,,,,,,,,,,,,,,,,,,,,,,,,,,,,,,,,,,,,,,,,,,,,,2025-02-26,,-0.12,,post-market,,,,,,,,,,,,,52.0,,,,,,,,,,,
2025-04-30,AI,,,,,,,,,,,,,,,,,,,,,,,,,,,,,,,,,,,0.04,,,-0.2,,,,,,,,,,,,,,,,,,,,,,,,,,,,,,,,,,,,,,,,,,,,,,,2025-05-28,,-0.16,,post-market,,,,,,,,,,,,,20.0,,,,,,,,,,,
2025-07-31,AI,,,,,,,,,,,,,,,,,,,,,,,,,,,,,,,,,,,-0.16,,,-0.21,,,,,,,,,,,,,,,,,,,,,,,,,,,,,,,,,,,,,,,,,,,,,,,2025-09-03,,-0.37,,post-market,,,,,,,,,,,,,-76.1905,,,,,,,,,,,
2025-10-31,AI,,,,,,,,,,,,,,,,,,,,,,,,,,,,,,,,,,,0.08,,,-0.33,,,,,,,,,,,,,,,,,,,,,,,,,,,,,,,,,,,,,,,,,,,,,,,2025-12-03,,-0.25,,post-market,,,,,,,,,,,,,24.2424,,,,,,,,,,,
2025-12-28,AI,-2.84,352913000.0,,1.959,5.51,,,,,,,,,,,,,,,,,,,,,,,,,,,,,0.0,0.08,,,-0.33,,,182681000.0,,,,,,,,,,,,,,,,,,,-1.492,,,,,,,,,,,,,2.551,5.58,,,,,,,,-1.081,,,2025-12-03,,-0.25,,post-market,,,-0.258,-0.468,-0.203,2.626,,,,,20.15,15.55,24.2424,,,,,,,,,,38.58,12.59
2025-12-28,AI,-2.84,352913000.0,,1.959,5.51,,,,,,,,,,,,,,,None,44767000,44767000,,,,,,None,None,,,,,0.0,0.08,None,-104431000,-0.33,2025-10-31,,182681000.0,30380000,-104431000,237000,,,None,None,7539000,,None,,,,,-104668000,-104668000,7539000,None,-1.492,,142493000,-112113000,,,,,None,,,,,2.551,5.58,,,,,,,,-1.081,,,2025-12-03,quarterly,-0.25,USD,post-market,58352000,,-0.258,-0.468,-0.203,2.626,25804000,,,,20.15,15.55,24.2424,,,,,,,75147000,,,38.58,12.59
2025-12-28,AI,-2.84,352913000.0,,1.959,5.51,,,,,,,,,,,,,,,None,43817000,43817000,,,,,,None,3415000,,,,,0.0,0.08,-116469000,-113054000,-0.33,2025-07-31,,182681000.0,26444000,-116469000,300000,,,None,None,8218000,,None,,,,,-116769000,-116769000,8218000,None,-1.492,,151263000,-124819000,,,,,None,,,,,2.551,5.58,,,,,,,,-1.081,,,2025-12-03,quarterly,-0.25,USD,post-market,64651000,,-0.258,-0.468,-0.203,2.626,24099000,,,,20.15,15.55,24.2424,,,,,,,70261000,,,38.58,12.59
2025-12-28,AI,-2.84,352913000.0,,1.959,5.51,,,,,,,,,,,,,,,None,41213000,41213000,,,,,,None,3392000,,,,,0.0,0.08,-88965000,-85573000,-0.33,2025-04-30,,182681000.0,67510000,-79591000,111000,,,None,None,7949000,,None,,,,,-79702000,-79702000,7949000,None,-1.492,,156475000,-88965000,,,,,None,,,,,2.551,5.58,,,,,,,,-1.081,,,2025-12-03,quarterly,-0.25,USD,post-market,58393000,,-0.258,-0.468,-0.203,2.626,27392000,,,,20.15,15.55,24.2424,,,,,,,108723000,,,38.58,12.59
2025-12-28,AI,-2.84,352913000.0,,1.959,5.51,,,,,,,,,,,,,,,None,40435000,40435000,,,,,,None,3123000,,,,,0.0,0.08,-87585000,-84462000,-0.33,2025-01-31,,182681000.0,58347000,-79865000,336000,,,None,None,8677000,,None,,,,,-80201000,-80201000,8677000,None,-1.492,,145932000,-87585000,,,,,None,,,,,2.551,5.58,,,,,,,,-1.081,,,2025-12-03,quarterly,-0.25,USD,post-market,59356000,,-0.258,-0.468,-0.203,2.626,25375000,,,,20.15,15.55,24.2424,,,,,,,98782000,,,38.58,12.59
2025-12-28,AI,-2.84,352913000.0,,1.959,5.51,,,,,,,,,,,,,,,None,36498000,36498000,,,,,,None,2973000,,,,,0.0,0.08,-75288000,-72315000,-0.33,2024-10-31,,182681000.0,57840000,-65715000,257000,,,None,None,9560000,,None,,,,,-65972000,-65972000,9560000,None,-1.492,,133128000,-75288000,,,,,None,,,,,2.551,5.58,,,,,,,,-1.081,,,2025-12-03,quarterly,-0.25,USD,post-market,55715000,,-0.258,-0.468,-0.203,2.626,21770000,,,,20.15,15.55,24.2424,,,,,,,94338000,,,38.58,12.59
2025-12-28,AI,-2.84,352913000.0,,1.959,5.51,,,,,,,,,,,,,,,None,35047000,35047000,,,,,,None,3119000,,,,,0.0,0.08,-72586000,-69467000,-0.33,2024-07-31,,182681000.0,52166000,-62555000,272000,,,None,None,10003000,,None,,,,,-62827000,-62827000,10003000,None,-1.492,,124752000,-72586000,,,,,None,,,,,2.551,5.58,,,,,,,,-1.081,,,2025-12-03,quarterly,-0.25,USD,post-market,52927000,,-0.258,-0.468,-0.203,2.626,19700000,,,,20.15,15.55,24.2424,,,,,,,87213000,,,38.58,12.59
2025-12-28,AI,-2.84,352913000.0,,1.959,5.51,,,,,,,,,,,,,,,None,34979000,34979000,,,,,,None,3250000,,,,,0.0,0.08,-82307000,-79057000,-0.33,2024-04-30,,182681000.0,51611000,-72998000,-71000,,,None,None,9482000,,None,,,,,-72927000,-72927000,9482000,None,-1.492,,133918000,-82307000,,,,,None,,,,,2.551,5.58,,,,,,,,-1.081,,,2025-12-03,quarterly,-0.25,USD,post-market,50618000,,-0.258,-0.468,-0.203,2.626,20053000,,,,20.15,15.55,24.2424,,,,,,,86590000,,,38.58,12.59
2025-12-28,AI,-2.84,352913000.0,,1.959,5.51,,,,,,,,,,,,,,,None,33114000,33114000,,,,,,None,3249000,,,,,0.0,0.08,-82546000,-79297000,-0.33,2024-01-31,,182681000.0,45287000,-72142000,489000,,,None,None,9995000,,None,,,,,-72631000,-72631000,9995000,None,-1.492,,127833000,-82546000,,,,,None,,,,,2.551,5.58,,,,,,,,-1.081,,,2025-12-03,quarterly,-0.25,USD,post-market,49480000,,-0.258,-0.468,-0.203,2.626,21213000,,,,20.15,15.55,24.2424,,,,,,,78401000,,,38.58,12.59
2025-12-28,AI,-2.84,352913000.0,,1.959,5.51,,,,,,,,,,,,,,,None,32116000,32116000,,,,,,None,3164000,,,,,0.0,0.08,-79396000,-76232000,-0.33,2023-10-31,,182681000.0,41113000,-69554000,226000,,,None,None,10480000,,None,,,,,-69780000,-69780000,10480000,None,-1.492,,120509000,-79396000,,,,,None,,,,,2.551,5.58,,,,,,,,-1.081,,,2025-12-03,quarterly,-0.25,USD,post-market,50399000,,-0.258,-0.468,-0.203,2.626,20215000,,,,20.15,15.55,24.2424,,,,,,,73229000,,,38.58,12.59
2025-12-28,AI,-2.84,352913000.0,,1.959,5.51,,,,,,,,,,,,,,,None,31813000,31813000,,,,,,None,3056000,,,,,0.0,0.08,-74093000,-71037000,-0.33,2023-07-31,,182681000.0,40549000,-64210000,148000,,,None,None,10122000,,None,,,,,-64358000,-64358000,10122000,None,-1.492,,114642000,-74093000,,,,,None,,,,,2.551,5.58,,,,,,,,-1.081,,,2025-12-03,quarterly,-0.25,USD,post-market,50868000,,-0.258,-0.468,-0.203,2.626,19889000,,,,20.15,15.55,24.2424,,,,,,,72362000,,,38.58,12.59
2025-12-28,AI,-2.84,352913000.0,,1.959,5.51,,,,,,,,,,,,,,,None,24908000,24908000,,,,,,None,2831000,,,,,0.0,0.08,-73280000,-70449000,-0.33,2023-04-30,,182681000.0,47502000,-64766000,190000,,,None,8514000,8230000,,None,,,,,-64956000,-64956000,8230000,None,-1.492,,120782000,-73280000,,,,,8514000,,,,,2.551,5.58,,,,,,,,-1.081,,,2025-12-03,quarterly,-0.25,USD,post-market,49681000,,-0.258,-0.468,-0.203,2.626,19400000,,,,20.15,15.55,24.2424,,,,,,,72410000,,,38.58,12.59
2025-12-28,AI,-2.84,352913000.0,,1.959,5.51,,,,,,,,,,,,,,,None,22271000,22271000,,,,,,None,844000,,,,,0.0,0.08,-72038000,-71194000,-0.33,2023-01-31,,182681000.0,44398000,-63019000,143000,,,None,6987000,6987000,,None,,,,,-63162000,-63162000,6987000,None,-1.492,,116436000,-72038000,,,,,9019000,,,,,2.551,5.58,,,,,,,,-1.081,,,2025-12-03,quarterly,-0.25,USD,post-market,55051000,,-0.258,-0.468,-0.203,2.626,17888000,,,,20.15,15.55,24.2424,,,,,,,66669000,,,38.58,12.59
2025-12-28,AI,-2.84,352913000.0,,1.959,5.51,,,,,,,,,,,,,,,None,20752000,20752000,,,,,,None,952000,,,,,0.0,0.08,-71966000,-71014000,-0.33,2022-10-31,,182681000.0,41656000,-68687000,163000,,,None,4224000,4224000,,None,,,,,-68850000,-68850000,4224000,None,-1.492,,113622000,-71966000,,,,,3279000,,,,,2.551,5.58,,,,,,,,-1.081,,,2025-12-03,quarterly,-0.25,USD,post-market,50051000,,-0.258,-0.468,-0.203,2.626,18635000,,,,20.15,15.55,24.2424,,,,,,,62408000,,,38.58,12.59
2025-12-28,AI,-2.84,352913000.0,,1.959,5.51,,,,,,,,,,,,,,,None,18406000,18406000,,,,,,None,1461000,,,,,0.0,0.08,-73209000,-71748000,-0.33,2022-07-31,,182681000.0,46902000,-71692000,179000,,,None,2538000,2538000,,None,,,,,-71871000,-71871000,2538000,None,-1.492,,120111000,-73209000,,,,,1517000,,,,,2.551,5.58,,,,,,,,-1.081,,,2025-12-03,quarterly,-0.25,USD,post-market,55877000,,-0.258,-0.468,-0.203,2.626,21247000,,,,20.15,15.55,24.2424,,,,,,,65308000,,,38.58,12.59
2025-12-28,AI,-2.84,352913000.0,,1.959,5.51,,,,,,,,,,,,,,,None,17363000,17363000,,,,,,None,1429000,,,,,0.0,0.08,-56523000,-55094000,-0.33,2022-04-30,,182681000.0,54954000,-58225000,195000,,,None,750000,750000,,None,,,,,-58420000,-58420000,750000,None,-1.492,,111477000,-56523000,,,,,-1702000,,,,,2.551,5.58,,,,,,,,-1.081,,,2025-12-03,quarterly,-0.25,USD,post-market,46378000,,-0.258,-0.468,-0.203,2.626,17649000,,,,20.15,15.55,24.2424,,,,,,,72317000,,,38.58,12.59
2025-12-28,AI,-2.84,352913000.0,,1.959,5.51,,,,,,,,,,,,,,,None,17354000,17354000,,,,,,None,1397000,,,,,0.0,0.08,-47406000,-46009000,-0.33,2022-01-31,,182681000.0,52419000,-39254000,193000,,,None,410000,410000,,None,,,,,-39447000,-39447000,410000,None,-1.492,,99825000,-47406000,,,,,8152000,,,,,2.551,5.58,,,,,,,,-1.081,,,2025-12-03,quarterly,-0.25,USD,post-market,40931000,,-0.258,-0.468,-0.203,2.626,15748000,,,,20.15,15.55,24.2424,,,,,,,69773000,,,38.58,12.59
2025-12-28,AI,-2.84,352913000.0,,1.959,5.51,,,,,,,,,,,,,,,None,15971000,15971000,,,,,,None,1223000,,,,,0.0,0.08,-55676000,-54453000,-0.33,2021-10-31,,182681000.0,42292000,-56726000,13000,,,None,322000,322000,,None,,,,,-56739000,-56739000,322000,None,-1.492,,97968000,-55676000,,,,,-1050000,,,,,2.551,5.58,,,,,,,,-1.081,,,2025-12-03,quarterly,-0.25,USD,post-market,36523000,,-0.258,-0.468,-0.203,2.626,15279000,,,,20.15,15.55,24.2424,,,,,,,58263000,,,38.58,12.59
2025-12-28,AI,-2.84,352913000.0,,1.959,5.51,,,,,,,,,,,,,,,None,13025000,13025000,,,,,,None,1141000,,,,,0.0,0.08,-36517000,-35376000,-0.33,2021-07-31,,182681000.0,39381000,-37071000,388000,,,None,345000,345000,,None,,,,,-37459000,-37459000,345000,None,-1.492,,75898000,-36517000,,,,,-554000,,,,,2.551,5.58,,,,,,,,-1.081,,,2025-12-03,quarterly,-0.25,USD,post-market,26712000,,-0.258,-0.468,-0.203,2.626,12364000,,,,20.15,15.55,24.2424,,,,,,,52406000,,,38.58,12.59
2025-12-28,AI,-2.84,352913000.0,,1.959,5.51,,,,,,,,,,,,,,,None,11712000,11712000,,,,,,None,1108000,,,,,0.0,0.08,-23908000,-22800000,-0.33,2021-04-30,,182681000.0,40572000,-23802000,248000,,,None,258000,258000,,None,,,,,-24050000,-24050000,258000,None,-1.492,,64480000,-23908000,,,,,None,,,,,2.551,5.58,,,,,,,,-1.081,,,2025-12-03,quarterly,-0.25,USD,post-market,20711000,,-0.258,-0.468,-0.203,2.626,11676000,,,,20.15,15.55,24.2424,,,,,,,52284000,,,38.58,12.59
2025-12-28,AI,-2.84,352913000.0,,1.959,5.51,,,,,,,,,,,,,,,None,12226000,12226000,,,,,,None,1091000,,,,,0.0,0.08,-18499000,-17408000,-0.33,2021-01-31,,182681000.0,36883000,-16649000,203000,,,None,129000,129000,,None,,,,,-16852000,-16852000,129000,None,-1.492,,55382000,-18499000,,,,,1850000,,,,,2.551,5.58,,,,,,,,-1.081,,,2025-12-03,quarterly,-0.25,USD,post-market,18748000,,-0.258,-0.468,-0.203,2.626,8184000,,,,20.15,15.55,24.2424,,,,,,,49109000,,,38.58,12.59
2025-12-28,AI,-2.84,352913000.0,,1.959,5.51,,,,,,,,,,,,,,,None,10081000,10081000,,,,,,None,1070000,,,,,0.0,0.08,-14526000,-13456000,-0.33,2020-10-31,,182681000.0,31260000,-14814000,130000,,,None,288000,288000,,None,,,,,-14944000,-14944000,288000,None,-1.492,,45784000,-14524000,,,,,None,,,,,2.551,5.58,,,,,,,,-1.081,,,2025-12-03,quarterly,-0.25,USD,post-market,16134000,,-0.258,-0.468,-0.203,2.626,7562000,,,,20.15,15.55,24.2424,,,,,,,41341000,,,38.58,12.59
2025-12-28,AI,-2.84,352913000.0,,1.959,5.51,,,,,,,,,,,,,,,None,10499000,10499000,,,,,,None,1028000,,,,,0.0,0.08,-3325000,-2297000,-0.33,2020-07-31,,182681000.0,29984000,273000,123000,,,None,580000,580000,,None,,,,,150000,150000,580000,None,-1.492,,33309000,-3325000,,,,,None,,,,,2.551,5.58,,,,,,,,-1.081,,,2025-12-03,quarterly,-0.25,USD,post-market,13264000,,-0.258,-0.468,-0.203,2.626,5687000,,,,20.15,15.55,24.2424,,,,,,,40483000,,,38.58,12.59
2025-12-28,AI,-2.84,352913000.0,,1.959,5.51,,,,,,,,,,,,,,,None,9509000,9509000,,,,,,None,736000,,,,,0.0,0.08,-30219000,-29483000,-0.33,2020-04-30,,182681000.0,32109000,-30337000,97000,,,None,1136000,1137000,,None,,,,,-30434000,-30434000,1136000,None,-1.492,,62328000,-30219000,,,,,None,,,,,2.551,5.58,,,,,,,,-1.081,,,2025-12-03,quarterly,-0.25,USD,post-market,17426000,,-0.258,-0.468,-0.203,2.626,10313000,,,,20.15,15.55,24.2424,,,,,,,41618000,,,38.58,12.59
2025-12-28,AI,-2.84,352913000.0,,1.959,5.51,,,,,,,,,,,,,,,None,10931000,10931000,,,,,,None,204000,,,,,0.0,0.08,-10432000,-10228000,-0.33,2020-01-31,,182681000.0,30352000,-9698000,98000,,,None,1136000,1136000,,None,,,,,-9796000,-9796000,1136000,None,-1.492,,40784000,-10432000,,,,,None,,,,,2.551,5.58,,,,,,,,-1.081,,,2025-12-03,quarterly,-0.25,USD,post-market,12331000,,-0.258,-0.468,-0.203,2.626,5291000,,,,20.15,15.55,24.2424,,,,,,,41283000,,,38.58,12.59
2025-12-28,AI,-2.84,352913000.0,,1.959,5.51,,,,,,,,,,,,,,,None,10128000,10128000,,,,,,None,193000,,,,,0.0,0.08,-29883000,-29690000,-0.33,2019-10-31,,182681000.0,28747000,-28727000,98000,,,None,1156000,999000,,None,,,,,-28825000,-28825000,1000000,None,-1.492,,58630000,-29883000,,,,,None,,,,,2.551,5.58,,,,,,,,-1.081,,,2025-12-03,quarterly,-0.25,USD,post-market,23873000,,-0.258,-0.468,-0.203,2.626,9170000,,,,20.15,15.55,24.2424,,,,,,,38875000,,,38.58,12.59
2025-12-28,AI,-2.84,352913000.0,,1.959,5.51,,,,,,,,,,,,,,,None,8218000,8218000,,,,,,None,169000,,,,,0.0,0.08,-963000,-794000,-0.33,2019-07-31,,182681000.0,26672000,-236000,87000,,,None,727000,None,,None,,,,,-323000,None,None,None,-1.492,,27635000,-963000,,,,,None,,,,,2.551,5.58,,,,,,,,-1.081,,,2025-12-03,quarterly,-0.25,USD,post-market,10918000,,-0.258,-0.468,-0.203,2.626,5080000,,,,20.15,15.55,24.2424,,,,,,,34890000,,,38.58,12.59
2025-12-28,AI,-2.84,352913000.0,,1.959,5.51,,,,,,,,,,,,,,,None,153193000,153193000,,,,,,None,12607000,,,,,0.0,0.08,-324424000,-311817000,-0.33,2025-04-30,,182681000.0,235863000,-287726000,976000,,,None,None,36189000,,None,,,,,-288702000,-288702000,36189000,None,-1.492,,560287000,-324424000,,,,,None,,,,,2.551,5.58,,,,,,,,-1.081,,,2025-12-03,annual,-0.25,USD,post-market,226391000,,-0.258,-0.468,-0.203,2.626,94237000,,,,20.15,15.55,24.2424,,,,,,,389056000,,,38.58,12.59
2025-12-28,AI,-2.84,352913000.0,,1.959,5.51,,,,,,,,,,,,,,,None,132022000,132022000,,,,,,None,12719000,,,,,0.0,0.08,-319642000,-306923000,-0.33,2024-04-30,,182681000.0,178560000,-278904000,792000,,,None,None,40079000,,None,,,,,-279696000,-279696000,40079000,None,-1.492,,496902000,-318342000,,,,,None,,,,,2.551,5.58,,,,,,,,-1.081,,,2025-12-03,annual,-0.25,USD,post-market,201365000,,-0.258,-0.468,-0.203,2.626,81370000,,,,20.15,15.55,24.2424,,,,,,,310582000,,,38.58,12.59
2025-12-28,AI,-2.84,352913000.0,,1.959,5.51,,,,,,,,,,,,,,,None,86337000,86337000,,,,,,None,6088000,,,,,0.0,0.08,-290493000,-284405000,-0.33,2023-04-30,,182681000.0,180458000,-268164000,675000,,,None,22329000,21979000,,None,,,,,-268839000,-268839000,21979000,None,-1.492,,470951000,-290493000,,,,,22329000,,,,,2.551,5.58,,,,,,,,-1.081,,,2025-12-03,annual,-0.25,USD,post-market,210660000,,-0.258,-0.468,-0.203,2.626,77170000,,,,20.15,15.55,24.2424,,,,,,,266795000,,,38.58,12.59
2025-12-28,AI,-2.84,352913000.0,,1.959,5.51,,,,,,,,,,,,,,,None,63713000,63713000,,,,,,None,5190000,,,,,0.0,0.08,-196122000,-190932000,-0.33,2022-04-30,,182681000.0,189046000,-191276000,789000,,,None,1827000,1827000,,None,,,,,-192065000,-192065000,1827000,None,-1.492,,385168000,-196122000,,,,,4846000,,,,,2.551,5.58,,,,,,,,-1.081,,,2025-12-03,annual,-0.25,USD,post-market,150544000,,-0.258,-0.468,-0.203,2.626,61040000,,,,20.15,15.55,24.2424,,,,,,,252759000,,,38.58,12.59
2025-12-28,AI,-2.84,352913000.0,,1.959,5.51,,,,,,,,,,,,,,,None,44519000,44519000,,,,,,None,4297000,,,,,0.0,0.08,-60258000,-55961000,-0.33,2021-04-30,,182681000.0,138698000,-54992000,704000,,,None,5266000,1255000,,None,,,,,-55696000,-55696000,1255000,None,-1.492,,198956000,-60258000,,,,,5266000,,,,,2.551,5.58,,,,,,,,-1.081,,,2025-12-03,annual,-0.25,USD,post-market,68856000,,-0.258,-0.468,-0.203,2.626,33109000,,,,20.15,15.55,24.2424,,,,,,,183217000,,,38.58,12.59
2025-12-28,AI,-2.84,352913000.0,,1.959,5.51,,,,,,,,,,,,,,,None,38787000,38787000,,,,,,None,1302000,,,,,0.0,0.08,-71497000,-70195000,-0.33,2020-04-30,,182681000.0,117879000,-68998000,380000,,,None,2499000,4451000,,None,,,,,-69378000,-69378000,4251000,None,-1.492,,189376000,-71497000,,,,,None,,,,,2.551,5.58,,,,,,,,-1.081,,,2025-12-03,annual,-0.25,USD,post-market,64548000,,-0.258,-0.468,-0.203,2.626,29854000,,,,20.15,15.55,24.2424,,,,,,,156666000,,,38.58,12.59
2025-12-28,AI,-2.84,352913000.0,,1.959,5.51,,,,,,,,,,,,,,,None,30386000,30386000,,,,,,None,550000,,,,,0.0,0.08,-36042000,-35492000,-0.33,2019-04-30,,182681000.0,61219000,-33080000,266000,,,None,2962000,4508000,,None,,,,,-33346000,-33346000,3508000,None,-1.492,,97261000,-36042000,,,,,None,,,,,2.551,5.58,,,,,,,,-1.081,,,2025-12-03,annual,-0.25,USD,post-market,37318000,,-0.258,-0.468,-0.203,2.626,22061000,,,,20.15,15.55,24.2424,,,,,,,91605000,,,38.58,12.59
2025-12-28,AI,-2.84,352913000.0,None,1.959,5.51,,5174000,103205000,103205000,,,,,,,,,140000,138670000,None,30386000,30386000,35936000,None,None,136064000,None,None,550000,,,,,0.0,0.08,-36042000,-35492000,-0.33,2025-10-31,625000,182681000.0,61219000,-33080000,266000,None,None,None,2962000,4508000,None,None,None,None,None,None,-33346000,-33346000,3508000,None,-1.492,,97261000,-36042000,34800000,62491000,None,56305000,None,,,,,2.551,5.58,,,,,,,,-1.081,,73681000,2025-12-03,quarterly,-0.25,USD,post-market,37318000,-1600072000,-0.258,-0.468,-0.203,2.626,22061000,None,0,571829000,20.15,15.55,24.2424,961298000,845898000,130825000,189413000,115400000,58588000,91605000,771885000,None,38.58,12.59
2025-12-28,AI,-2.84,352913000.0,None,1.959,5.51,,4930000,80941000,80941000,,,,,,,,,136000,135375000,None,30386000,30386000,12084000,None,None,113925000,None,None,550000,,,,,0.0,0.08,-36042000,-35492000,-0.33,2025-07-31,625000,182681000.0,61219000,-33080000,266000,None,None,None,2962000,4508000,None,None,None,None,None,None,-33346000,-33346000,3508000,None,-1.492,,97261000,-36042000,25290000,65329000,None,57639000,None,,,,,2.551,5.58,,,,,,,,-1.081,,76600000,2025-12-03,quarterly,-0.25,USD,post-market,37318000,-1495404000,-0.258,-0.468,-0.203,2.626,22061000,4930000,4930000,630957000,20.15,15.55,24.2424,968739000,851113000,111291000,169915000,117626000,58624000,91605000,798824000,None,38.58,12.59
2025-12-28,AI,-2.84,352913000.0,None,1.959,5.51,,4795000,164358000,164358000,,,,,,,,,133000,133233000,None,30386000,30386000,15160000,None,None,137226000,None,None,550000,,,,,0.0,0.08,-36042000,-35492000,-0.33,2025-04-30,625000,182681000.0,61219000,-33080000,266000,None,None,None,2962000,4508000,None,None,None,None,None,None,-33346000,-33346000,3508000,None,-1.492,,97261000,-36042000,24338000,75368000,None,55695000,None,,,,,2.551,5.58,,,,,,,,-1.081,,79298000,2025-12-03,quarterly,-0.25,USD,post-market,37318000,-1378635000,-0.258,-0.468,-0.203,2.626,22061000,4795000,4795000,578330000,20.15,15.55,24.2424,1025882000,904252000,131884000,187579000,121630000,55695000,91605000,838303000,None,38.58,12.59
2025-12-28,AI,-2.84,352913000.0,None,1.959,5.51,,4490000,125094000,125094000,,,,,,,,,132000,130382000,None,30386000,30386000,28737000,None,None,180357000,None,None,550000,,,,,0.0,0.08,-36042000,-35492000,-0.33,2025-01-31,625000,182681000.0,61219000,-33080000,266000,None,None,None,2962000,4508000,None,None,None,None,None,None,-33346000,-33346000,3508000,None,-1.492,,97261000,-36042000,26219000,67162000,None,56917000,None,,,,,2.551,5.58,,,,,,,,-1.081,,81910000,2025-12-03,quarterly,-0.25,USD,post-market,37318000,-1298933000,-0.258,-0.468,-0.203,2.626,22061000,4490000,4490000,599233000,20.15,15.55,24.2424,1055141000,930903000,138047000,194964000,124238000,56917000,91605000,860177000,None,38.58,12.59
2025-12-28,AI,-2.84,352913000.0,None,1.959,5.51,,4234000,121274000,121274000,,,,,,,,,128000,127870000,None,30386000,30386000,20611000,None,None,159987000,None,None,550000,,,,,0.0,0.08,-36042000,-35492000,-0.33,2024-10-31,625000,182681000.0,61219000,-33080000,266000,None,None,None,2962000,4508000,None,None,None,None,None,None,-33346000,-33346000,3508000,None,-1.492,,97261000,-36042000,27458000,59463000,None,65193000,None,,,,,2.551,5.58,,,,,,,,-1.081,,84198000,2025-12-03,quarterly,-0.25,USD,post-market,37318000,-1218732000,-0.258,-0.468,-0.203,2.626,22061000,4234000,4234000,609100000,20.15,15.55,24.2424,1046289000,917819000,122008000,187328000,128470000,65320000,91605000,858961000,None,38.58,12.59
2025-12-28,AI,-2.84,352913000.0,None,1.959,5.51,,3822000,133820000,133820000,,,,,,,,,126000,124979000,None,30386000,30386000,31615000,None,None,140070000,None,None,550000,,,,,0.0,0.08,-36042000,-35492000,-0.33,2024-07-31,625000,182681000.0,61219000,-33080000,266000,None,None,None,2962000,4508000,None,None,None,None,None,None,-33346000,-33346000,3508000,None,-1.492,,97261000,-36042000,23806000,39995000,None,64055000,None,,,,,2.551,5.58,,,,,,,,-1.081,,None,2025-12-03,quarterly,-0.25,USD,post-market,37318000,-1152760000,-0.258,-0.468,-0.203,2.626,22061000,5122000,3822000,628715000,20.15,15.55,24.2424,1057620000,926411000,117927000,182699000,131209000,64772000,91605000,874921000,None,38.58,12.59
2025-12-28,AI,-2.84,352913000.0,None,1.959,5.51,,3226000,167146000,167146000,,,,,,,,,123000,122676000,None,30386000,30386000,11316000,None,None,130064000,None,None,550000,,,,,0.0,0.08,-36042000,-35492000,-0.33,2024-04-30,625000,182681000.0,61219000,-33080000,266000,None,None,None,2962000,4508000,None,None,None,None,None,0,-33346000,-33346000,3508000,None,-1.492,,97261000,-36042000,23963000,46927000,None,60805000,None,,,,,2.551,5.58,,,,,,,,-1.081,,None,2025-12-03,quarterly,-0.25,USD,post-market,37318000,-1089933000,-0.258,-0.468,-0.203,2.626,22061000,3226000,3226000,583221000,20.15,15.55,24.2424,1038225000,904394000,102335000,164872000,133831000,62537000,91605000,873353000,None,38.58,12.59
2025-12-28,AI,-2.84,352913000.0,None,1.959,5.51,,2936000,114561000,114561000,,,,,,,,,121000,120486000,None,30386000,30386000,19845000,None,None,173478000,None,None,550000,,,,,0.0,0.08,-36042000,-35492000,-0.33,2024-01-31,625000,182681000.0,61219000,-33080000,266000,None,None,None,2962000,4508000,None,None,None,None,None,0,-33346000,-33346000,3508000,None,-1.492,,97261000,-36042000,29227000,44111000,None,54632000,None,,,,,2.551,5.58,,,,,,,,-1.081,,None,2025-12-03,quarterly,-0.25,USD,post-market,37318000,-1017006000,-0.258,-0.468,-0.203,2.626,22061000,2936000,2936000,608761000,20.15,15.55,24.2424,1063989000,926027000,109179000,165994000,137962000,56815000,91605000,897995000,None,38.58,12.59
2025-12-28,AI,-2.84,352913000.0,None,1.959,5.51,,2638000,149009000,149009000,,,,,,,,,119000,118656000,None,30386000,30386000,25740000,None,None,143153000,None,None,550000,,,,,0.0,0.08,-36042000,-35492000,-0.33,2023-10-31,625000,182681000.0,61219000,-33080000,266000,None,None,None,2962000,4508000,1,None,None,None,None,0,-33346000,-33346000,3508000,None,-1.492,,97261000,-36042000,25662000,42332000,None,45616000,None,,,,,2.551,5.58,,,,,,,,-1.081,,92651000,2025-12-03,quarterly,-0.25,USD,post-market,37318000,-944375000,-0.258,-0.468,-0.203,2.626,22061000,2638000,2638000,613260000,20.15,15.55,24.2424,1071114000,931084000,114154000,159838000,140030000,45684000,91605000,911276000,None,38.58,12.59
2025-12-28,AI,-2.84,352913000.0,None,1.959,5.51,,2421000,206442000,206442000,,,,,,,,,117000,115681000,None,30386000,30386000,26885000,None,None,122568000,None,None,550000,,,,,0.0,0.08,-36042000,-35492000,-0.33,2023-07-31,625000,182681000.0,61219000,-33080000,266000,None,None,None,2962000,4508000,1,None,None,None,None,58706000,-33346000,-33346000,3508000,None,-1.492,,97261000,-36042000,21352000,37381000,None,46233000,None,,,,,2.551,5.58,,,,,,,,-1.081,,88666000,2025-12-03,quarterly,-0.25,USD,post-market,37318000,-874595000,-0.258,-0.468,-0.203,2.626,22061000,2421000,2421000,544433000,20.15,15.55,24.2424,1089403000,894795000,110711000,156961000,194608000,46250000,91605000,932442000,None,38.58,12.59
2025-12-28,AI,-2.84,352913000.0,None,1.959,5.51,,2339000,284829000,284829000,,,,,,,,,113000,112746000,None,30386000,30386000,24610000,None,None,134586000,None,None,550000,,,,,0.0,0.08,-36042000,-35492000,-0.33,2023-04-30,625000,182681000.0,61219000,-33080000,266000,None,None,None,2962000,4508000,1,None,None,None,None,81418000,-33346000,-33346000,3508000,None,-1.492,,97261000,-36042000,23309000,57269000,None,37320000,None,,,,,2.551,5.58,,,,,,,,-1.081,,84578000,2025-12-03,quarterly,-0.25,USD,post-market,37318000,-810237000,-0.258,-0.468,-0.203,2.626,22061000,2339000,2339000,446155000,20.15,15.55,24.2424,1103028000,888879000,136039000,173363000,214149000,37324000,91605000,929665000,None,38.58,12.59
2025-12-28,AI,-2.84,352913000.0,None,1.959,5.51,,5018000,311142000,311142000,,,,,,,,,112000,110735000,None,30386000,30386000,19990000,None,None,143678000,None,None,550000,,,,,0.0,0.08,-36042000,-35492000,-0.33,2023-01-31,625000,182681000.0,61219000,-33080000,266000,None,None,None,2962000,4508000,1,None,None,None,None,17369000,-33346000,-33346000,3508000,None,-1.492,,97261000,-36042000,30392000,56006000,None,24235000,None,,,,,2.551,5.58,,,,,,,,-1.081,,75197000,2025-12-03,quarterly,-0.25,USD,post-market,37318000,-745281000,-0.258,-0.468,-0.203,2.626,22061000,5018000,5018000,461298000,20.15,15.55,24.2424,1095213000,946510000,123608000,147843000,148703000,24235000,91605000,947370000,None,38.58,12.59
2025-12-28,AI,-2.84,352913000.0,None,1.959,5.51,,2558000,277622000,277622000,,,,,,,,,110000,108876000,None,30386000,30386000,30662000,None,None,94759000,None,None,550000,,,,,0.0,0.08,-36042000,-35492000,-0.33,2022-10-31,625000,182681000.0,61219000,-33080000,266000,None,None,None,2962000,4508000,-5325000,None,None,None,None,18686000,-33346000,-33346000,3508000,None,-1.492,,97261000,-36042000,30564000,51209000,None,28784000,None,,,,,2.551,5.58,,,,,,,,-1.081,,61724000,2025-12-03,quarterly,-0.25,USD,post-market,37318000,-682119000,-0.258,-0.468,-0.203,2.626,22061000,2558000,2558000,562448000,20.15,15.55,24.2424,1100605000,960068000,118655000,147439000,140537000,28784000,91605000,953166000,None,38.58,12.59
2025-12-28,AI,-2.84,352913000.0,None,1.959,5.51,,2705000,221883000,221883000,,,,,,,,,108000,106842000,None,30386000,30386000,40748000,None,None,81298000,None,None,550000,,,,,0.0,0.08,-36042000,-35492000,-0.33,2022-07-31,625000,182681000.0,61219000,-33080000,266000,None,None,None,2962000,4508000,-5325000,None,None,None,None,30885000,-33346000,-33346000,3508000,None,-1.492,,97261000,-36042000,23381000,40528000,None,26919000,None,,,,,2.551,5.58,,,,,,,,-1.081,,38928000,2025-12-03,quarterly,-0.25,USD,post-market,37318000,-613269000,-0.258,-0.468,-0.203,2.626,22061000,2705000,2705000,685397000,20.15,15.55,24.2424,1137169000,1006634000,131251000,158191000,130535000,26940000,91605000,978978000,None,38.58,12.59
2025-12-28,AI,-2.84,352913000.0,None,1.959,5.51,,3613000,339528000,339528000,,,,,,,,,106000,105824000,None,30386000,30386000,54218000,None,None,80271000,None,None,550000,,,,,0.0,0.08,-36042000,-35492000,-0.33,2022-04-30,625000,182681000.0,61219000,-33080000,266000,None,None,None,2962000,4508000,-15887000,None,None,None,None,32086000,-33346000,-33346000,3508000,None,-1.492,,97261000,-36042000,35891000,39891000,None,30948000,None,,,,,2.551,5.58,,,,,,,,-1.081,,14517000,2025-12-03,quarterly,-0.25,USD,post-market,37318000,-541398000,-0.258,-0.468,-0.203,2.626,22061000,3613000,3613000,620633000,20.15,15.55,24.2424,1170882000,1060436000,150169000,181405000,110446000,31236000,91605000,989477000,None,38.58,12.59
2025-12-28,AI,-2.84,352913000.0,None,1.959,5.51,,3246000,204531000,204531000,,,,,,,,,106000,105093000,None,30386000,30386000,14478000,None,None,68178000,None,None,550000,,,,,0.0,0.08,-36042000,-35492000,-0.33,2022-01-31,625000,182681000.0,61219000,-33080000,266000,None,None,None,2962000,4508000,-5000000,None,None,None,None,54012000,-33346000,-33346000,3508000,None,-1.492,,97261000,-36042000,30754000,49821000,None,31644000,None,,,,,2.551,5.58,,,,,,,,-1.081,,5297000,2025-12-03,quarterly,-0.25,USD,post-market,37318000,-482978000,-0.258,-0.468,-0.203,2.626,22061000,3246000,3246000,764104000,20.15,15.55,24.2424,1187507000,1062567000,129188000,160832000,124940000,31644000,91605000,1026675000,None,38.58,12.59
2025-12-28,AI,-2.84,352913000.0,None,1.959,5.51,,4415000,167436000,167436000,,,,,,,,,105000,103746000,None,30386000,30386000,10129000,None,None,27168000,None,None,550000,,,,,0.0,0.08,-36042000,-35492000,-0.33,2021-10-31,625000,182681000.0,61219000,-33080000,266000,None,None,None,2962000,4508000,-5015000,None,None,None,None,101719000,-33346000,-33346000,3508000,None,-1.492,,97261000,-36042000,23551000,42772000,None,6177000,None,,,,,2.551,5.58,,,,,,,,-1.081,,5239000,2025-12-03,quarterly,-0.25,USD,post-market,37318000,-443531000,-0.258,-0.468,-0.203,2.626,22061000,4415000,4415000,802986000,20.15,15.55,24.2424,1164870000,1016126000,132183000,138360000,148744000,6177000,91605000,1026510000,None,38.58,12.59
2025-12-28,AI,-2.84,352913000.0,None,1.959,5.51,,None,273779000,273779000,,,,,,,,,104000,102155000,None,30386000,30386000,10051000,None,None,55831000,None,None,550000,,,,,0.0,0.08,-36042000,-35492000,-0.33,2021-07-31,625000,182681000.0,61219000,-33080000,266000,None,None,None,2962000,4508000,-1700000,None,None,None,None,None,-33346000,-33346000,3508000,None,-1.492,,97261000,-36042000,14264000,24046000,None,5932000,None,,,,,2.551,5.58,,,,,,,,-1.081,,5687000,2025-12-03,quarterly,-0.25,USD,post-market,37318000,-386792000,-0.258,-0.468,-0.203,2.626,22061000,3996000,3996000,825211000,20.15,15.55,24.2424,1191540000,1167385000,140133000,147745000,24155000,7612000,91605000,1043795000,None,38.58,12.59
2025-12-28,AI,-2.84,352913000.0,None,1.959,5.51,,None,115355000,115355000,,,,,,,,,102000,97328701,None,30386000,30386000,12075000,None,None,65460000,None,None,550000,,,,,0.0,0.08,-36042000,-35492000,-0.33,2021-04-30,625000,182681000.0,61219000,-33080000,266000,None,None,None,2962000,4508000,2,None,None,None,None,0,-33346000,-33346000,3508000,None,-1.492,,97261000,-36042000,14302000,32848000,None,7853000,None,,,,,2.551,5.58,,,,,,,,-1.081,,11227000,2025-12-03,quarterly,-0.25,USD,post-market,37318000,-349333000,-0.258,-0.468,-0.203,2.626,22061000,3894000,3894000,978020000,20.15,15.55,24.2424,1196477000,1173137000,124485000,135302000,23340000,10817000,91605000,1061175000,None,38.58,12.59
2025-12-28,AI,-2.84,352913000.0,None,1.959,5.51,,None,960122000,960122000,,,,,,,,,101000,75314894,None,30386000,30386000,12608000,None,None,30231000,None,None,550000,,,,,0.0,0.08,-36042000,-35492000,-0.33,2021-01-31,625000,182681000.0,61219000,-33080000,266000,None,None,None,2962000,4508000,-13503000,None,None,None,None,0,-33346000,-33346000,3508000,None,-1.492,,97261000,-36042000,27006000,27699000,None,6364000,None,,,,,2.551,5.58,,,,,,,,-1.081,,6844000,2025-12-03,quarterly,-0.25,USD,post-market,37318000,-325283000,-0.258,-0.468,-0.203,2.626,22061000,None,None,162880000,20.15,15.55,24.2424,1184574000,1166736000,104098000,110462000,17838000,6364000,91605000,1074112000,None,38.58,12.59
2025-12-28,AI,-2.84,352913000.0,None,1.959,5.51,,None,114603000,114603000,,,,,,,,,33000,95155635,None,30386000,30386000,10059000,None,None,33190000,None,None,550000,,,,,0.0,0.08,-36042000,-35492000,-0.33,2020-10-31,625000,182681000.0,61219000,-33080000,266000,200000,200000,None,2962000,4508000,-900000,None,None,None,None,725000,-33346000,-33346000,3508000,None,-1.492,,97261000,-36042000,12410000,21496000,None,5734000,None,,,,,2.551,5.58,,,,,,,,-1.081,,7413000,2025-12-03,quarterly,-0.25,USD,post-market,37318000,-308431000,-0.258,-0.468,-0.203,2.626,22061000,None,None,175841000,20.15,15.55,24.2424,355600000,335144000,112365000,539927000,20456000,427562000,91605000,-184327000,None,38.58,12.59
2025-12-28,AI,-2.84,352913000.0,None,1.959,5.51,,None,128979000,128979000,,,,,,,,,184000,73550000,None,30386000,30386000,4382000,None,None,60416000,None,None,550000,,,,,0.0,0.08,-36042000,-35492000,-0.33,2020-07-31,625000,182681000.0,61219000,-33080000,266000,None,None,None,2962000,4508000,-900000,None,None,None,None,725000,-33346000,-33346000,3508000,None,-1.492,,97261000,-36042000,5735000,17349000,None,12468000,None,,,,,2.551,5.58,,,,,,,,-1.081,,8246000,2025-12-03,quarterly,-0.25,USD,post-market,37318000,-293486000,-0.258,-0.468,-0.203,2.626,22061000,None,None,139018000,20.15,15.55,24.2424,355769000,333248000,124412000,535450000,22521000,411038000,91605000,-179681000,None,38.58,12.59
2025-12-28,AI,-2.84,352913000.0,None,1.959,5.51,,None,33104000,33104000,,,,,,,,,31000,53477159,None,30386000,30386000,4726000,None,None,30827000,None,None,550000,,,,,0.0,0.08,-36042000,-35492000,-0.33,2020-04-30,625000,182681000.0,61219000,-33080000,266000,None,None,None,2962000,4508000,-900000,None,None,None,None,725000,-33346000,-33346000,3508000,None,-1.492,,97261000,-36042000,6300000,74916000,None,6001000,None,,,,,2.551,5.58,,,,,,,,-1.081,,None,2025-12-03,quarterly,-0.25,USD,post-market,37318000,-293637000,-0.258,-0.468,-0.203,2.626,22061000,5647000,None,211874000,20.15,15.55,24.2424,305108000,281205000,81039000,487805000,23903000,406766000,91605000,-182697000,None,38.58,12.59
2025-12-28,AI,-2.84,352913000.0,None,1.959,5.51,,None,None,None,,,,,,,,,None,73550000,None,30386000,30386000,None,None,None,None,None,None,550000,,,,,0.0,0.08,-36042000,-35492000,-0.33,2020-01-31,None,182681000.0,61219000,-33080000,266000,None,None,None,2962000,4508000,None,None,None,None,None,None,-33346000,-33346000,3508000,None,-1.492,,97261000,-36042000,None,None,None,None,None,,,,,2.551,5.58,,,,,,,,-1.081,,None,2025-12-03,quarterly,-0.25,USD,post-market,37318000,None,-0.258,-0.468,-0.203,2.626,22061000,None,None,None,20.15,15.55,24.2424,None,None,None,None,None,None,91605000,None,None,38.58,12.59
2025-12-28,AI,-2.84,352913000.0,None,1.959,5.51,,None,None,None,,,,,,,,,None,73550000,None,30386000,30386000,None,None,None,None,None,None,550000,,,,,0.0,0.08,-36042000,-35492000,-0.33,2019-10-31,None,182681000.0,61219000,-33080000,266000,None,None,None,2962000,4508000,None,None,None,None,None,None,-33346000,-33346000,3508000,None,-1.492,,97261000,-36042000,None,None,None,None,None,,,,,2.551,5.58,,,,,,,,-1.081,,None,2025-12-03,quarterly,-0.25,USD,post-market,37318000,None,-0.258,-0.468,-0.203,2.626,22061000,None,None,None,20.15,15.55,24.2424,None,None,None,None,None,None,91605000,None,None,38.58,12.59
2025-12-28,AI,-2.84,352913000.0,None,1.959,5.51,,None,-156517000,-156517000,,,,,,,,,None,73550000,None,30386000,30386000,None,None,None,None,None,None,550000,,,,,0.0,0.08,-36042000,-35492000,-0.33,2019-07-31,None,182681000.0,61219000,-33080000,266000,None,None,None,2962000,4508000,None,None,None,None,None,None,-33346000,-33346000,3508000,None,-1.492,,97261000,-36042000,None,None,None,None,None,,,,,2.551,5.58,,,,,,,,-1.081,,None,2025-12-03,quarterly,-0.25,USD,post-market,37318000,None,-0.258,-0.468,-0.203,2.626,22061000,None,None,313034000,20.15,15.55,24.2424,None,156517000,None,None,-156517000,None,91605000,153331000,None,38.58,12.59
2025-12-28,AI,-2.84,352913000.0,None,1.959,5.51,,4795000,164358000,164358000,,,,,,,,,133000,129089000,None,30386000,30386000,15160000,None,None,137226000,None,None,550000,,,,,0.0,0.08,-36042000,-35492000,-0.33,2025-04-30,625000,182681000.0,61219000,-33080000,266000,None,None,None,2962000,4508000,None,None,None,None,None,None,-33346000,-33346000,3508000,None,-1.492,,97261000,-36042000,24338000,75368000,None,55695000,None,,,,,2.551,5.58,,,,,,,,-1.081,,98619000,2025-12-03,annual,-0.25,USD,post-market,37318000,-1378635000,-0.258,-0.468,-0.203,2.626,22061000,4795000,4795000,578330000,20.15,15.55,24.2424,1025882000,904252000,131884000,187579000,121630000,55695000,91605000,838303000,None,38.58,12.59
2025-12-28,AI,-2.84,352913000.0,None,1.959,5.51,,3226000,167146000,167146000,,,,,,,,,123000,119362000,None,30386000,30386000,11316000,None,None,130064000,None,None,550000,,,,,0.0,0.08,-36042000,-35492000,-0.33,2024-04-30,625000,182681000.0,61219000,-33080000,266000,None,None,None,2962000,4508000,None,None,None,None,None,0,-33346000,-33346000,3508000,None,-1.492,,97261000,-36042000,23963000,46927000,None,60805000,None,,,,,2.551,5.58,,,,,,,,-1.081,,107295000,2025-12-03,annual,-0.25,USD,post-market,37318000,-1089933000,-0.258,-0.468,-0.203,2.626,22061000,3226000,3226000,583221000,20.15,15.55,24.2424,1038225000,904394000,102335000,164872000,133831000,62537000,91605000,873353000,None,38.58,12.59
2025-12-28,AI,-2.84,352913000.0,None,1.959,5.51,,2339000,284829000,284829000,,,,,,,,,113000,109851000,None,30386000,30386000,24610000,None,None,134586000,None,None,550000,,,,,0.0,0.08,-36042000,-35492000,-0.33,2023-04-30,625000,182681000.0,61219000,-33080000,266000,None,None,None,2962000,4508000,1,None,None,None,None,81418000,-33346000,-33346000,3508000,None,-1.492,,97261000,-36042000,23309000,57269000,None,37320000,None,,,,,2.551,5.58,,,,,,,,-1.081,,84578000,2025-12-03,annual,-0.25,USD,post-market,37318000,-810237000,-0.258,-0.468,-0.203,2.626,22061000,2339000,2339000,446155000,20.15,15.55,24.2424,1103028000,888879000,136039000,173363000,214149000,37324000,91605000,929665000,None,38.58,12.59
2025-12-28,AI,-2.84,352913000.0,None,1.959,5.51,,3613000,339528000,339528000,,,,,,,,,106000,104404000,None,30386000,30386000,54218000,None,None,80271000,None,None,550000,,,,,0.0,0.08,-36042000,-35492000,-0.33,2022-04-30,625000,182681000.0,61219000,-33080000,266000,None,None,None,2962000,4508000,-15887000,None,None,None,None,32086000,-33346000,-33346000,3508000,None,-1.492,,97261000,-36042000,35891000,39891000,None,30948000,None,,,,,2.551,5.58,,,,,,,,-1.081,,14517000,2025-12-03,annual,-0.25,USD,post-market,37318000,-541398000,-0.258,-0.468,-0.203,2.626,22061000,3613000,3613000,620633000,20.15,15.55,24.2424,1170882000,1060436000,150169000,181405000,110446000,31236000,91605000,989477000,None,38.58,12.59
2025-12-28,AI,-2.84,352913000.0,None,1.959,5.51,,3894000,115355000,115355000,,,,,,,,,102000,56677947,None,30386000,30386000,12075000,None,None,65460000,None,None,550000,,,,,0.0,0.08,-36042000,-35492000,-0.33,2021-04-30,625000,182681000.0,61219000,-33080000,266000,None,None,None,2962000,4508000,-1,None,None,None,None,0,-33346000,-33346000,3508000,None,-1.492,,97261000,-36042000,14302000,32848000,None,7853000,None,,,,,2.551,5.58,,,,,,,,-1.081,,11227000,2025-12-03,annual,-0.25,USD,post-market,37318000,-349333000,-0.258,-0.468,-0.203,2.626,22061000,3894000,3894000,978020000,20.15,15.55,24.2424,1196477000,1173137000,124485000,135302000,23340000,10817000,91605000,1061175000,None,38.58,12.59
2025-12-28,AI,-2.84,352913000.0,None,1.959,5.51,,None,33104000,33104000,,,,,,,,,31000,95155635,None,30386000,30386000,4726000,None,None,30827000,None,None,550000,,,,,0.0,0.08,-36042000,-35492000,-0.33,2020-04-30,625000,182681000.0,61219000,-33080000,266000,None,None,None,2962000,4508000,-900000,None,None,None,None,725000,-33346000,-33346000,3508000,None,-1.492,,97261000,-36042000,5400000,22776000,None,6001000,None,,,,,2.551,5.58,,,,,,,,-1.081,,8731409,2025-12-03,annual,-0.25,USD,post-market,37318000,-293637000,-0.258,-0.468,-0.203,2.626,22061000,211874000,211874000,211874000,20.15,15.55,24.2424,305108000,281205000,81039000,487805000,23903000,406766000,91605000,-182697000,None,38.58,12.59
2025-12-28,AI,-2.84,352913000.0,None,1.959,5.51,,None,98607000,98607000,,,,,,,,,20000,73550000,None,30386000,30386000,5660000,None,None,63486000,None,None,550000,,,,,0.0,0.08,-36042000,-35492000,-0.33,2019-04-30,625000,182681000.0,61219000,-33080000,266000,None,None,None,2962000,4508000,-800000,None,None,None,None,33505000,-33346000,-33346000,3508000,None,-1.492,,97261000,-36042000,4624000,15332000,None,926000,None,,,,,2.551,5.58,,,,,,,,-1.081,,7303000,2025-12-03,annual,-0.25,USD,post-market,37318000,-224259000,-0.258,-0.468,-0.203,2.626,22061000,None,57910000,57910000,20.15,15.55,24.2424,267485000,223827000,102200000,432919000,43658000,330719000,91605000,-165434000,None,38.58,12.59
2025-12-28,AI,-2.84,352913000.0,None,1.959,5.51,386000,None,98607000,98607000,7746000,62088000,None,None,None,None,None,None,20000,73550000,None,30386000,30386000,5660000,None,None,63486000,None,None,550000,6815000,None,None,None,0.0,0.08,-36042000,-35492000,-0.33,2025-10-31,625000,182681000.0,61219000,-33080000,266000,None,None,None,2962000,4508000,-800000,None,None,None,None,33505000,-221437000,-33346000,3508000,None,-1.492,-47570000,97261000,-36042000,4624000,15332000,None,926000,None,None,None,None,None,2.551,5.58,None,None,None,None,None,7961000,None,-1.081,None,7303000,2025-12-03,quarterly,-0.25,USD,post-market,37318000,-224259000,-0.258,-0.468,-0.203,2.626,22061000,None,57910000,57910000,20.15,15.55,24.2424,267485000,223827000,102200000,432919000,43658000,330719000,91605000,-165434000,None,38.58,12.59
2025-12-28,AI,-2.84,352913000.0,None,1.959,5.51,760000,None,98607000,98607000,1289000,-51171000,None,None,None,None,None,None,20000,73550000,None,30386000,30386000,5660000,None,None,63486000,None,None,550000,3415000,None,None,None,0.0,0.08,-36042000,-35492000,-0.33,2025-07-31,625000,182681000.0,61219000,-33080000,266000,None,None,None,2962000,4508000,-800000,None,None,None,None,33505000,-116769000,-33346000,3508000,None,-1.492,-33535000,97261000,-36042000,4624000,15332000,None,926000,None,None,None,None,None,2.551,5.58,None,None,None,None,None,1289000,None,-1.081,None,7303000,2025-12-03,quarterly,-0.25,USD,post-market,37318000,-224259000,-0.258,-0.468,-0.203,2.626,22061000,None,57910000,57910000,20.15,15.55,24.2424,267485000,223827000,102200000,432919000,43658000,330719000,91605000,-165434000,None,38.58,12.59
2025-12-28,AI,-2.84,352913000.0,None,1.959,5.51,938000,None,98607000,98607000,5062000,22938000,None,None,None,None,None,None,20000,73550000,None,30386000,30386000,5660000,None,None,63486000,None,None,550000,3392000,None,None,None,0.0,0.08,-36042000,-35492000,-0.33,2025-04-30,625000,182681000.0,61219000,-33080000,266000,None,None,None,2962000,4508000,-800000,None,None,None,None,33505000,-79702000,-33346000,3508000,None,-1.492,11264000,97261000,-36042000,4624000,15332000,None,926000,None,None,None,None,None,2.551,5.58,None,None,None,None,None,-1583000,None,-1.081,None,7303000,2025-12-03,quarterly,-0.25,USD,post-market,37318000,-224259000,-0.258,-0.468,-0.203,2.626,22061000,None,57910000,57910000,20.15,15.55,24.2424,267485000,223827000,102200000,432919000,43658000,330719000,91605000,-165434000,None,38.58,12.59
2025-12-28,AI,-2.84,352913000.0,None,1.959,5.51,362000,None,98607000,98607000,13467000,12373000,None,None,None,None,None,None,20000,73550000,None,30386000,30386000,5660000,None,None,63486000,None,None,550000,3123000,None,None,None,0.0,0.08,-36042000,-35492000,-0.33,2025-01-31,625000,182681000.0,61219000,-33080000,266000,None,None,None,2962000,4508000,-800000,None,None,None,None,33505000,-80201000,-33346000,3508000,None,-1.492,-22020000,97261000,-36042000,4624000,15332000,None,926000,None,None,None,None,None,2.551,5.58,None,None,None,None,None,24657000,None,-1.081,None,7303000,2025-12-03,quarterly,-0.25,USD,post-market,37318000,-224259000,-0.258,-0.468,-0.203,2.626,22061000,None,57910000,57910000,20.15,15.55,24.2424,267485000,223827000,102200000,432919000,43658000,330719000,91605000,-165434000,None,38.58,12.59
2025-12-28,AI,-2.84,352913000.0,None,1.959,5.51,815000,None,98607000,98607000,3512000,22635000,None,None,None,None,None,None,20000,73550000,None,30386000,30386000,5660000,None,None,63486000,None,None,550000,2973000,None,None,None,0.0,0.08,-36042000,-35492000,-0.33,2024-10-31,625000,182681000.0,61219000,-33080000,266000,None,None,None,2962000,4508000,-800000,None,None,None,None,33505000,-65972000,-33346000,3508000,None,-1.492,-38693000,97261000,-36042000,4624000,15332000,None,926000,None,None,None,None,None,2.551,5.58,None,None,None,None,None,9481000,None,-1.081,None,7303000,2025-12-03,quarterly,-0.25,USD,post-market,37318000,-224259000,-0.258,-0.468,-0.203,2.626,22061000,None,57910000,57910000,20.15,15.55,24.2424,267485000,223827000,102200000,432919000,43658000,330719000,91605000,-165434000,None,38.58,12.59
2025-12-28,AI,-2.84,352913000.0,None,1.959,5.51,924000,None,98607000,98607000,182000,-41550000,None,None,None,None,None,None,20000,73550000,None,30386000,30386000,5660000,None,None,63486000,None,None,550000,3119000,None,None,None,0.0,0.08,-36042000,-35492000,-0.33,2024-07-31,625000,182681000.0,61219000,-33080000,266000,None,None,None,2962000,4508000,-800000,None,None,None,None,33505000,-62827000,-33346000,3508000,None,-1.492,8042000,97261000,-36042000,4624000,15332000,None,926000,None,None,None,None,None,2.551,5.58,None,None,None,None,None,-2945000,None,-1.081,None,7303000,2025-12-03,quarterly,-0.25,USD,post-market,37318000,-224259000,-0.258,-0.468,-0.203,2.626,22061000,None,57910000,57910000,20.15,15.55,24.2424,267485000,223827000,102200000,432919000,43658000,330719000,91605000,-165434000,None,38.58,12.59
2025-12-28,AI,-2.84,352913000.0,None,1.959,5.51,2538000,None,98607000,98607000,5257000,25985000,None,None,-8848000,None,None,None,20000,73550000,None,30386000,30386000,5660000,None,None,63486000,None,None,550000,3250000,None,None,None,0.0,0.08,-36042000,-35492000,-0.33,2024-04-30,625000,182681000.0,61219000,-33080000,266000,None,None,None,2962000,4508000,-800000,None,None,None,None,33505000,-72927000,-33346000,3508000,None,-1.492,21343000,97261000,-36042000,4624000,15332000,None,926000,None,None,None,None,None,2.551,5.58,None,None,None,None,None,-2823000,None,-1.081,None,7303000,2025-12-03,quarterly,-0.25,USD,post-market,37318000,-224259000,-0.258,-0.468,-0.203,2.626,22061000,None,57910000,57910000,20.15,15.55,24.2424,267485000,223827000,102200000,432919000,43658000,330719000,91605000,-165434000,None,38.58,12.59
2025-12-28,AI,-2.84,352913000.0,None,1.959,5.51,6087000,None,98607000,98607000,505000,4098000,None,None,None,None,None,None,20000,73550000,None,30386000,30386000,5660000,None,None,63486000,None,None,550000,3249000,None,None,None,0.0,0.08,-36042000,-35492000,-0.33,2024-01-31,625000,182681000.0,61219000,-33080000,266000,None,None,None,2962000,4508000,-800000,None,None,None,None,33505000,-72631000,-33346000,3508000,None,-1.492,-39051000,97261000,-36042000,4624000,15332000,None,926000,None,None,None,None,None,2.551,5.58,None,None,None,None,None,-711000,None,-1.081,None,7303000,2025-12-03,quarterly,-0.25,USD,post-market,37318000,-224259000,-0.258,-0.468,-0.203,2.626,22061000,None,57910000,57910000,20.15,15.55,24.2424,267485000,223827000,102200000,432919000,43658000,330719000,91605000,-165434000,None,38.58,12.59
2025-12-28,AI,-2.84,352913000.0,None,1.959,5.51,6543000,None,98607000,98607000,3055000,-11898000,None,None,-4661000,None,None,None,20000,73550000,None,30386000,30386000,5660000,None,None,63486000,None,None,550000,3164000,None,None,None,0.0,0.08,-36042000,-35492000,-0.33,2023-10-31,625000,182681000.0,61219000,-33080000,266000,None,None,None,2962000,4508000,-800000,None,None,None,None,33505000,-69780000,-33346000,3508000,None,-1.492,-48590000,97261000,-36042000,4624000,15332000,None,926000,None,None,None,None,None,2.551,5.58,None,None,None,None,None,-2568000,None,-1.081,None,7303000,2025-12-03,quarterly,-0.25,USD,post-market,37318000,-224259000,-0.258,-0.468,-0.203,2.626,22061000,None,57910000,57910000,20.15,15.55,24.2424,267485000,223827000,102200000,432919000,43658000,330719000,91605000,-165434000,None,38.58,12.59
2025-12-28,AI,-2.84,352913000.0,None,1.959,5.51,11338000,None,98607000,98607000,2477000,-84800000,None,None,13509000,None,None,None,20000,73550000,None,30386000,30386000,5660000,None,None,63486000,None,None,550000,3056000,None,None,None,0.0,0.08,-36042000,-35492000,-0.33,2023-07-31,625000,182681000.0,61219000,-33080000,266000,None,None,None,2962000,4508000,-800000,None,None,None,None,33505000,-64358000,-33346000,3508000,None,-1.492,3936000,97261000,-36042000,4624000,15332000,None,926000,None,None,None,None,None,2.551,5.58,None,None,None,None,None,-7118000,None,-1.081,None,7303000,2025-12-03,quarterly,-0.25,USD,post-market,37318000,-224259000,-0.258,-0.468,-0.203,2.626,22061000,None,57910000,57910000,20.15,15.55,24.2424,267485000,223827000,102200000,432919000,43658000,330719000,91605000,-165434000,None,38.58,12.59
2025-12-28,AI,-2.84,352913000.0,None,1.959,5.51,10751000,None,98607000,98607000,3072000,-56439000,-26313000,None,None,None,None,9092000,20000,73550000,None,30386000,30386000,5660000,None,None,63486000,None,None,550000,2831000,None,None,None,0.0,0.08,-36042000,-35492000,-0.33,2023-04-30,625000,182681000.0,61219000,-33080000,266000,None,None,None,2962000,4508000,-800000,None,None,None,None,33505000,-64956000,-33346000,3508000,None,-1.492,27054000,97261000,-36042000,4624000,15332000,None,926000,None,None,None,None,None,2.551,5.58,None,None,None,None,None,-2125000,None,-1.081,None,7303000,2025-12-03,quarterly,-0.25,USD,post-market,37318000,-224259000,-0.258,-0.468,-0.203,2.626,22061000,None,57910000,57910000,20.15,15.55,24.2424,267485000,223827000,102200000,432919000,43658000,330719000,91605000,-165434000,None,38.58,12.59
2025-12-28,AI,-2.84,352913000.0,None,1.959,5.51,19789000,None,98607000,98607000,-858000,85853000,33095000,None,None,None,None,-48941000,20000,73550000,None,30386000,30386000,5660000,None,None,63486000,None,None,550000,844000,None,None,None,0.0,0.08,-36042000,-35492000,-0.33,2023-01-31,625000,182681000.0,61219000,-33080000,266000,None,None,None,2962000,4508000,-800000,None,None,None,None,33505000,-63162000,-33346000,3508000,None,-1.492,-51900000,97261000,-36042000,4624000,15332000,None,926000,None,None,None,None,None,2.551,5.58,None,None,None,None,None,-1440000,None,-1.081,None,7303000,2025-12-03,quarterly,-0.25,USD,post-market,37318000,-224259000,-0.258,-0.468,-0.203,2.626,22061000,None,57910000,57910000,20.15,15.55,24.2424,267485000,223827000,102200000,432919000,43658000,330719000,91605000,-165434000,None,38.58,12.59
2025-12-28,AI,-2.84,352913000.0,None,1.959,5.51,24442000,None,98607000,98607000,-2680000,111006000,55739000,None,None,None,None,-13741000,20000,73550000,None,30386000,30386000,5660000,None,None,63486000,None,None,550000,952000,None,None,None,0.0,0.08,-36042000,-35492000,-0.33,2022-10-31,625000,182681000.0,61219000,-33080000,266000,None,None,None,2962000,4508000,-800000,None,None,None,None,33505000,-68850000,-33346000,3508000,None,-1.492,-52587000,97261000,-36042000,4624000,15332000,None,926000,None,None,None,None,None,2.551,5.58,None,None,None,None,None,-3375000,None,-1.081,None,7303000,2025-12-03,quarterly,-0.25,USD,post-market,37318000,-224259000,-0.258,-0.468,-0.203,2.626,22061000,None,57910000,57910000,20.15,15.55,24.2424,267485000,223827000,102200000,432919000,43658000,330719000,91605000,-165434000,None,38.58,12.59
2025-12-28,AI,-2.84,352913000.0,None,1.959,5.51,16536000,None,98607000,98607000,1087000,-80474000,-117645000,None,None,None,None,-927000,20000,73550000,None,30386000,30386000,5660000,None,None,63486000,None,None,550000,1461000,None,None,None,0.0,0.08,-36042000,-35492000,-0.33,2022-07-31,625000,182681000.0,61219000,-33080000,266000,None,None,None,2962000,4508000,-800000,None,None,None,None,33505000,-71871000,-33346000,3508000,None,-1.492,-38258000,97261000,-36042000,4624000,15332000,None,926000,None,None,None,None,None,2.551,5.58,None,None,None,None,None,1087000,None,-1.081,None,7303000,2025-12-03,quarterly,-0.25,USD,post-market,37318000,-224259000,-0.258,-0.468,-0.203,2.626,22061000,None,57910000,57910000,20.15,15.55,24.2424,267485000,223827000,102200000,432919000,43658000,330719000,91605000,-165434000,None,38.58,12.59
2025-12-28,AI,-2.84,352913000.0,None,1.959,5.51,1608000,None,98607000,98607000,-13518000,161676000,134996000,None,None,None,None,-12193000,20000,73550000,None,30386000,30386000,5660000,None,None,63486000,None,None,550000,1429000,14195000,14195000,None,0.0,0.08,-36042000,-35492000,-0.33,2022-04-30,625000,182681000.0,61219000,-33080000,266000,None,None,None,2962000,4508000,-800000,None,None,None,None,33505000,-58420000,-33346000,3508000,None,-1.492,-13162000,97261000,-36042000,4624000,15332000,None,926000,None,None,None,None,None,2.551,5.58,None,None,None,None,None,-15000000,None,-1.081,None,7303000,2025-12-03,quarterly,-0.25,USD,post-market,37318000,-224259000,-0.258,-0.468,-0.203,2.626,22061000,None,57910000,57910000,20.15,15.55,24.2424,267485000,223827000,102200000,432919000,43658000,330719000,91605000,-165434000,None,38.58,12.59
2025-12-28,AI,-2.84,352913000.0,None,1.959,5.51,754000,None,98607000,98607000,8029000,84490000,37095000,None,None,None,None,-41010000,20000,73550000,None,30386000,30386000,5660000,None,None,63486000,None,None,550000,1397000,None,None,None,0.0,0.08,-36042000,-35492000,-0.33,2022-01-31,625000,182681000.0,61219000,-33080000,266000,None,None,None,2962000,4508000,-800000,None,None,None,None,33505000,-39447000,-33346000,3508000,None,-1.492,-55424000,97261000,-36042000,4624000,15332000,None,926000,None,None,None,None,None,2.551,5.58,None,None,None,None,None,8029000,None,-1.081,None,7303000,2025-12-03,quarterly,-0.25,USD,post-market,37318000,-224259000,-0.258,-0.468,-0.203,2.626,22061000,None,57910000,57910000,20.15,15.55,24.2424,267485000,223827000,102200000,432919000,43658000,330719000,91605000,-165434000,None,38.58,12.59
2025-12-28,AI,-2.84,352913000.0,None,1.959,5.51,918000,None,98607000,98607000,6225000,-81178000,-93851000,None,-256000,None,None,28664000,20000,73550000,None,30386000,30386000,5660000,None,None,63486000,None,None,550000,1223000,None,None,None,0.0,0.08,-36042000,-35492000,-0.33,2021-10-31,625000,182681000.0,61219000,-33080000,266000,None,None,None,2962000,4508000,-800000,None,None,None,None,33505000,-56739000,-33346000,3508000,None,-1.492,-18898000,97261000,-36042000,4624000,15332000,None,926000,None,None,None,None,None,2.551,5.58,None,None,None,None,None,6225000,None,-1.081,None,7303000,2025-12-03,quarterly,-0.25,USD,post-market,37318000,-224259000,-0.258,-0.468,-0.203,2.626,22061000,None,57910000,57910000,20.15,15.55,24.2424,267485000,223827000,102200000,432919000,43658000,330719000,91605000,-165434000,None,38.58,12.59
2025-12-28,AI,-2.84,352913000.0,None,1.959,5.51,1011000,None,98607000,98607000,4975000,152027000,158024000,None,-2468000,None,None,10383000,20000,73550000,None,30386000,30386000,5660000,None,None,63486000,None,None,550000,1141000,None,None,None,0.0,0.08,-36042000,-35492000,-0.33,2021-07-31,625000,182681000.0,61219000,-33080000,266000,None,None,None,2962000,4508000,-800000,None,None,None,None,33505000,-37459000,-33346000,3508000,None,-1.492,1022000,97261000,-36042000,4624000,15332000,None,926000,None,None,None,None,None,2.551,5.58,None,None,None,None,None,5046000,None,-1.081,None,7303000,2025-12-03,quarterly,-0.25,USD,post-market,37318000,-224259000,-0.258,-0.468,-0.203,2.626,22061000,None,57910000,57910000,20.15,15.55,24.2424,267485000,223827000,102200000,432919000,43658000,330719000,91605000,-165434000,None,38.58,12.59
2025-12-28,AI,-2.84,352913000.0,None,1.959,5.51,462000,None,98607000,98607000,2379000,-815421000,None,None,1497000,None,None,None,20000,73550000,None,30386000,30386000,5660000,None,None,63486000,None,None,550000,1108000,None,None,None,0.0,0.08,-36042000,-35492000,-0.33,2021-04-30,625000,182681000.0,61219000,-33080000,266000,None,None,None,2962000,4508000,-800000,None,None,None,None,33505000,-24050000,-33346000,3508000,None,-1.492,-31725000,97261000,-36042000,4624000,15332000,None,926000,None,None,None,None,None,2.551,5.58,None,None,None,None,None,868532000,None,-1.081,None,7303000,2025-12-03,quarterly,-0.25,USD,post-market,37318000,-224259000,-0.258,-0.468,-0.203,2.626,22061000,None,57910000,57910000,20.15,15.55,24.2424,267485000,223827000,102200000,432919000,43658000,330719000,91605000,-165434000,None,38.58,12.59
2025-12-28,AI,-2.84,352913000.0,None,1.959,5.51,247000,None,98607000,98607000,856763000,13420000,None,None,-8906000,None,None,None,20000,73550000,None,30386000,30386000,5660000,None,None,63486000,None,None,550000,1091000,None,None,None,0.0,0.08,-36042000,-35492000,-0.33,2021-01-31,625000,182681000.0,61219000,-33080000,266000,None,None,None,2962000,4508000,-800000,None,None,None,None,33505000,-16852000,-33346000,3508000,None,-1.492,-24664000,97261000,-36042000,4624000,15332000,None,926000,None,None,None,None,None,2.551,5.58,None,None,None,None,None,865684000,None,-1.081,None,7303000,2025-12-03,quarterly,-0.25,USD,post-market,37318000,-224259000,-0.258,-0.468,-0.203,2.626,22061000,None,57910000,57910000,20.15,15.55,24.2424,267485000,223827000,102200000,432919000,43658000,330719000,91605000,-165434000,None,38.58,12.59
2025-12-28,AI,-2.84,352913000.0,None,1.959,5.51,265000,None,98607000,98607000,21536000,-37286000,None,None,35000,None,None,None,20000,73550000,None,30386000,30386000,5660000,None,None,63486000,None,None,550000,1070000,None,None,None,0.0,0.08,-36042000,-35492000,-0.33,2020-10-31,625000,182681000.0,61219000,-33080000,266000,None,None,None,2962000,4508000,-800000,None,None,None,None,33505000,-14944000,-33346000,3508000,None,-1.492,1774000,97261000,-36042000,4624000,15332000,None,926000,None,None,None,None,None,2.551,5.58,None,None,None,None,None,4536000,None,-1.081,None,7303000,2025-12-03,quarterly,-0.25,USD,post-market,37318000,-224259000,-0.258,-0.468,-0.203,2.626,22061000,None,57910000,57910000,20.15,15.55,24.2424,267485000,223827000,102200000,432919000,43658000,330719000,91605000,-165434000,None,38.58,12.59
2025-12-28,AI,-2.84,352913000.0,None,1.959,5.51,654000,None,98607000,98607000,6678000,72135000,None,None,517000,None,None,None,20000,73550000,None,30386000,30386000,5660000,None,None,63486000,None,None,550000,1028000,None,None,None,0.0,0.08,-36042000,-35492000,-0.33,2020-07-31,625000,182681000.0,61219000,-33080000,266000,None,None,None,2962000,4508000,-800000,None,None,None,None,33505000,150000,-33346000,3508000,None,-1.492,17062000,97261000,-36042000,4624000,15332000,None,926000,None,None,None,None,None,2.551,5.58,None,None,None,None,None,335000,None,-1.081,None,7303000,2025-12-03,quarterly,-0.25,USD,post-market,37318000,-224259000,-0.258,-0.468,-0.203,2.626,22061000,None,57910000,57910000,20.15,15.55,24.2424,267485000,223827000,102200000,432919000,43658000,330719000,91605000,-165434000,None,38.58,12.59
2025-12-28,AI,-2.84,352913000.0,None,1.959,5.51,669000,None,98607000,98607000,356000,16579000,None,None,3573000,None,None,None,20000,73550000,None,30386000,30386000,5660000,None,None,63486000,None,None,550000,736000,None,None,None,0.0,0.08,-36042000,-35492000,-0.33,2020-04-30,625000,182681000.0,61219000,-33080000,266000,None,None,None,2962000,4508000,-800000,None,None,None,None,33505000,-30434000,-33346000,3508000,None,-1.492,-34174000,97261000,-36042000,4624000,15332000,None,926000,None,None,None,None,None,2.551,5.58,None,None,None,None,None,44682000,None,-1.081,None,7303000,2025-12-03,quarterly,-0.25,USD,post-market,37318000,-224259000,-0.258,-0.468,-0.203,2.626,22061000,None,57910000,57910000,20.15,15.55,24.2424,267485000,223827000,102200000,432919000,43658000,330719000,91605000,-165434000,None,38.58,12.59
2025-12-28,AI,-2.84,352913000.0,None,1.959,5.51,126000,None,98607000,98607000,885000,-180089000,None,None,-1626000,None,None,None,20000,73550000,None,30386000,30386000,5660000,None,None,63486000,None,None,550000,204000,None,None,None,0.0,0.08,-36042000,-35492000,-0.33,2020-01-31,625000,182681000.0,61219000,-33080000,266000,None,None,None,2962000,4508000,-800000,None,None,None,None,33505000,-9796000,-33346000,3508000,None,-1.492,-24386000,97261000,-36042000,4624000,15332000,None,926000,None,None,None,None,None,2.551,5.58,None,None,None,None,None,0,None,-1.081,None,7303000,2025-12-03,quarterly,-0.25,USD,post-market,37318000,-224259000,-0.258,-0.468,-0.203,2.626,22061000,None,57910000,57910000,20.15,15.55,24.2424,267485000,223827000,102200000,432919000,43658000,330719000,91605000,-165434000,None,38.58,12.59
2025-12-28,AI,-2.84,352913000.0,None,1.959,5.51,1780000,None,98607000,98607000,48384000,21129000,None,None,-5735000,None,None,None,20000,73550000,None,30386000,30386000,5660000,None,None,63486000,None,None,550000,193000,None,None,None,0.0,0.08,-36042000,-35492000,-0.33,2019-10-31,625000,182681000.0,61219000,-33080000,266000,None,None,None,2962000,4508000,-800000,None,None,None,None,33505000,-28825000,-33346000,3508000,None,-1.492,-39398000,97261000,-36042000,4624000,15332000,None,926000,None,None,None,None,None,2.551,5.58,None,None,None,None,None,-3548000,None,-1.081,None,7303000,2025-12-03,quarterly,-0.25,USD,post-market,37318000,-224259000,-0.258,-0.468,-0.203,2.626,22061000,None,57910000,57910000,20.15,15.55,24.2424,267485000,223827000,102200000,432919000,43658000,330719000,91605000,-165434000,None,38.58,12.59
2025-12-28,AI,-2.84,352913000.0,None,1.959,5.51,431000,None,98607000,98607000,70226000,18308000,None,None,-2308000,None,None,None,20000,73550000,None,30386000,30386000,5660000,None,None,63486000,None,None,550000,169000,None,None,None,0.0,0.08,-36042000,-35492000,-0.33,2019-07-31,625000,182681000.0,61219000,-33080000,266000,None,None,None,2962000,4508000,-800000,None,None,None,None,33505000,-323000,-33346000,3508000,None,-1.492,36677000,97261000,-36042000,4624000,15332000,None,926000,None,None,None,None,None,2.551,5.58,None,None,None,None,None,None,None,-1.081,None,7303000,2025-12-03,quarterly,-0.25,USD,post-market,37318000,-224259000,-0.258,-0.468,-0.203,2.626,22061000,None,57910000,57910000,20.15,15.55,24.2424,267485000,223827000,102200000,432919000,43658000,330719000,91605000,-165434000,None,38.58,12.59
2025-12-28,AI,-2.84,352913000.0,None,1.959,5.51,3039000,None,98607000,98607000,22223000,16396000,None,None,None,None,None,None,20000,73550000,None,30386000,30386000,5660000,None,None,63486000,None,None,550000,12607000,None,None,None,0.0,0.08,-36042000,-35492000,-0.33,2025-04-30,625000,182681000.0,61219000,-33080000,266000,None,None,None,2962000,4508000,-800000,None,None,None,None,33505000,-288702000,-33346000,3508000,None,-1.492,-41407000,97261000,-36042000,4624000,15332000,None,926000,None,None,None,None,None,2.551,5.58,None,None,None,None,None,10879000,None,-1.081,None,7303000,2025-12-03,annual,-0.25,USD,post-market,37318000,-224259000,-0.258,-0.468,-0.203,2.626,22061000,None,57910000,57910000,20.15,15.55,24.2424,267485000,223827000,102200000,432919000,43658000,330719000,91605000,-165434000,None,38.58,12.59
2025-12-28,AI,-2.84,352913000.0,None,1.959,5.51,28006000,None,98607000,98607000,11294000,-66615000,None,None,None,None,None,None,20000,73550000,None,30386000,30386000,5660000,None,None,63486000,None,None,550000,12719000,None,None,None,0.0,0.08,-36042000,-35492000,-0.33,2024-04-30,625000,182681000.0,61219000,-33080000,266000,None,None,None,2962000,4508000,-800000,None,None,None,None,33505000,-279696000,-33346000,3508000,None,-1.492,-62362000,97261000,-36042000,4624000,15332000,None,926000,None,None,None,None,None,2.551,5.58,None,None,None,None,None,-13220000,None,-1.081,None,7303000,2025-12-03,annual,-0.25,USD,post-market,37318000,-224259000,-0.258,-0.468,-0.203,2.626,22061000,None,57910000,57910000,20.15,15.55,24.2424,267485000,223827000,102200000,432919000,43658000,330719000,91605000,-165434000,None,38.58,12.59
2025-12-28,AI,-2.84,352913000.0,None,1.959,5.51,71518000,None,98607000,98607000,621000,59946000,-55124000,None,None,None,None,-54517000,20000,73550000,None,30386000,30386000,5660000,None,None,63486000,None,None,550000,6088000,None,None,None,0.0,0.08,-36042000,-35492000,-0.33,2023-04-30,625000,182681000.0,61219000,-33080000,266000,None,None,None,2962000,4508000,-800000,None,None,None,None,33505000,-268839000,-33346000,3508000,None,-1.492,-115691000,97261000,-36042000,4624000,15332000,None,926000,None,None,None,None,None,2.551,5.58,None,None,None,None,None,-6940000,None,-1.081,None,7303000,2025-12-03,annual,-0.25,USD,post-market,37318000,-224259000,-0.258,-0.468,-0.203,2.626,22061000,None,57910000,57910000,20.15,15.55,24.2424,267485000,223827000,102200000,432919000,43658000,330719000,91605000,-165434000,None,38.58,12.59
2025-12-28,AI,-2.84,352913000.0,None,1.959,5.51,4291000,None,98607000,98607000,5711000,317015000,236264000,None,None,None,None,-14156000,20000,73550000,None,30386000,30386000,5660000,None,None,63486000,None,None,550000,5190000,None,None,None,0.0,0.08,-36042000,-35492000,-0.33,2022-04-30,625000,182681000.0,61219000,-33080000,266000,None,None,None,2962000,4508000,-800000,None,None,None,None,33505000,-192065000,-33346000,3508000,None,-1.492,-86462000,97261000,-36042000,4624000,15332000,None,926000,None,None,None,None,None,2.551,5.58,None,None,None,None,None,-15000000,None,-1.081,None,7303000,2025-12-03,annual,-0.25,USD,post-market,37318000,-224259000,-0.258,-0.468,-0.203,2.626,22061000,None,57910000,57910000,20.15,15.55,24.2424,267485000,223827000,102200000,432919000,43658000,330719000,91605000,-165434000,None,38.58,12.59
2025-12-28,AI,-2.84,352913000.0,None,1.959,5.51,1628000,None,98607000,98607000,887356000,-767152000,82651000,None,-6857000,None,None,-34690000,20000,73550000,None,30386000,30386000,5660000,None,None,63486000,None,None,550000,4297000,None,None,None,0.0,0.08,-36042000,-35492000,-0.33,2021-04-30,625000,182681000.0,61219000,-33080000,266000,None,None,None,2962000,4508000,-800000,None,None,None,None,33505000,-55696000,-33346000,3508000,None,-1.492,-37553000,97261000,-36042000,4624000,15332000,None,926000,None,None,None,None,None,2.551,5.58,None,None,None,None,None,868532000,None,-1.081,None,7303000,2025-12-03,annual,-0.25,USD,post-market,37318000,-224259000,-0.258,-0.468,-0.203,2.626,22061000,None,57910000,57910000,20.15,15.55,24.2424,267485000,223827000,102200000,432919000,43658000,330719000,91605000,-165434000,None,38.58,12.59
2025-12-28,AI,-2.84,352913000.0,None,1.959,5.51,2879000,None,98607000,98607000,119851000,-124073000,None,None,-6096000,None,None,None,20000,73550000,None,30386000,30386000,5660000,None,None,63486000,None,None,550000,1302000,75169000,75169000,None,0.0,0.08,-36042000,-35492000,-0.33,2020-04-30,625000,182681000.0,61219000,-33080000,266000,None,None,None,2962000,4508000,-800000,None,None,None,None,33505000,-69378000,-33346000,3508000,None,-1.492,-61281000,97261000,-36042000,4624000,15332000,None,926000,None,None,None,None,None,2.551,5.58,None,None,None,None,None,-3548000,None,-1.081,None,7303000,2025-12-03,annual,-0.25,USD,post-market,37318000,-224259000,-0.258,-0.468,-0.203,2.626,22061000,None,57910000,57910000,20.15,15.55,24.2424,267485000,223827000,102200000,432919000,43658000,330719000,91605000,-165434000,None,38.58,12.59
2025-12-28,AI,-2.84,352913000.0,None,1.959,5.51,6811000,None,98607000,98607000,54472000,-96228000,None,None,None,None,None,None,20000,73550000,None,30386000,30386000,5660000,None,None,63486000,None,None,550000,550000,None,None,None,0.0,0.08,-36042000,-35492000,-0.33,2019-04-30,625000,182681000.0,61219000,-33080000,266000,None,None,None,2962000,4508000,-800000,None,None,None,None,33505000,-33346000,-33346000,3508000,None,-1.492,-34876000,97261000,-36042000,4624000,15332000,None,926000,None,None,None,None,None,2.551,5.58,None,None,None,None,None,2905000,None,-1.081,None,7303000,2025-12-03,annual,-0.25,USD,post-market,37318000,-224259000,-0.258,-0.468,-0.203,2.626,22061000,None,57910000,57910000,20.15,15.55,24.2424,267485000,223827000,102200000,432919000,43658000,330719000,91605000,-165434000,None,38.58,12.59
