date,symbol,eps,revenue_ttm,pe_ratio,accumulateddepreciationamortizationppe,beta,book_value,capitalexpenditures,capitalleaseobligations,cashandcashequivalentsatcarryingvalue,cashandshortterminvestments,cashflowfromfinancing,cashflowfrominvestment,changeincashandcashequivalents,changeinexchangerate,changeininventory,changeinoperatingassets,changeinoperatingliabilities,changeinreceivables,commonstock,commonstocksharesoutstanding,comprehensiveincomenetoftax,costofgoodsandservicessold,costofrevenue,currentaccountspayable,currentdebt,currentlongtermdebt,currentnetreceivables,deferredrevenue,depreciation,depreciationandamortization,depreciationdepletionandamortization,dividendpayout,dividendpayoutcommonstock,dividendpayoutpreferredstock,earnings_growth_yoy,earnings_surprise,ebit,ebitda,estimated_eps,fiscaldateending,forward_pe,goodwill,gross_profit_ttm,grossprofit,incomebeforetax,incometaxexpense,intangibleassets,intangibleassetsexcludinggoodwill,interestanddebtexpense,interestexpense,interestincome,inventory,investmentincomenet,investments,longtermdebt,longtermdebtnoncurrent,longterminvestments,netincome,netincomefromcontinuingoperations,netinterestincome,noninterestincome,operating_margin_ttm,operatingcashflow,operatingexpenses,operatingincome,othercurrentassets,othercurrentliabilities,othernoncurrentassets,othernoncurrentliabilities,othernonoperatingincome,paymentsforoperatingactivities,paymentsforrepurchaseofcommonstock,paymentsforrepurchaseofequity,paymentsforrepurchaseofpreferredstock,peg_ratio,price_to_book,price_to_sales_ttm,proceedsfromissuanceofcommonstock,proceedsfromissuanceoflongtermdebtandcapitalsecuritiesnet,proceedsfromissuanceofpreferredstock,proceedsfromoperatingactivities,proceedsfromrepaymentsofshorttermdebt,proceedsfromrepurchaseofequity,proceedsfromsaleoftreasurystock,profit_margin,profitloss,propertyplantequipment,report_date,report_type,reported_eps,reportedcurrency,reporttime,researchanddevelopment,retainedearnings,return_on_assets_ttm,return_on_equity_ttm,revenue_growth_yoy,revenue_per_share_ttm,sellinggeneralandadministrative,shortlongtermdebttotal,shorttermdebt,shortterminvestments,sma_200,sma_50,surprise_pct,totalassets,totalcurrentassets,totalcurrentliabilities,totalliabilities,totalnoncurrentassets,totalnoncurrentliabilities,totalrevenue,totalshareholderequity,trailing_pe,treasurystock,week_52_high,week_52_low
2004-06-30,ALNY,,,,,,,,,,,,,,,,,,,,,,,,,,,,,,,,,,,,-0.52,,,-0.58,,,,,,,,,,,,,,,,,,,,,,,,,,,,,,,,,,,,,,,,,,,,,,,,,2004-08-04,,-1.1,,pre-market,,,,,,,,,,,,,-89.6552,,,,,,,,,,,,
2004-09-30,ALNY,,,,,,,,,,,,,,,,,,,,,,,,,,,,,,,,,,,,0.03,,,-0.36,,,,,,,,,,,,,,,,,,,,,,,,,,,,,,,,,,,,,,,,,,,,,,,,,2004-11-10,,-0.33,,pre-market,,,,,,,,,,,,,8.3333,,,,,,,,,,,,
2004-12-31,ALNY,,,,,,,,,,,,,,,,,,,,,,,,,,,,,,,,,,,,-0.08,,,-0.21,,,,,,,,,,,,,,,,,,,,,,,,,,,,,,,,,,,,,,,,,,,,,,,,,2005-02-15,,-0.29,,pre-market,,,,,,,,,,,,,-38.0952,,,,,,,,,,,,
2005-03-31,ALNY,,,,,,,,,,,,,,,,,,,,,,,,,,,,,,,,,,,,0.0,,,-0.32,,,,,,,,,,,,,,,,,,,,,,,,,,,,,,,,,,,,,,,,,,,,,,,,,2005-05-11,,-0.32,,pre-market,,,,,,,,,,,,,0.0,,,,,,,,,,,,
2005-06-30,ALNY,,,,,,,,,,,,,,,,,,,,,,,,,,,,,,,,,,,,-0.18,,,-0.36,,,,,,,,,,,,,,,,,,,,,,,,,,,,,,,,,,,,,,,,,,,,,,,,,2005-08-03,,-0.54,,pre-market,,,,,,,,,,,,,-50.0,,,,,,,,,,,,
2005-09-30,ALNY,,,,,,,,,,,,,,,,,,,,,,,,,,,,,,,,,,,,-0.17,,,-0.34,,,,,,,,,,,,,,,,,,,,,,,,,,,,,,,,,,,,,,,,,,,,,,,,,2005-11-09,,-0.51,,pre-market,,,,,,,,,,,,,-50.0,,,,,,,,,,,,
2005-12-31,ALNY,,,,,,,,,,,,,,,,,,,,,,,,,,,,,,,,,,,,-0.07,,,-0.49,,,,,,,,,,,,,,,,,,,,,,,,,,,,,,,,,,,,,,,,,,,,,,,,,2006-02-15,,-0.56,,pre-market,,,,,,,,,,,,,-14.2857,,,,,,,,,,,,
2006-03-31,ALNY,,,,,,,,,,,,,,,,,,,,,,,,,,,,,,,,,,,,0.09,,,-0.39,,,,,,,,,,,,,,,,,,,,,,,,,,,,,,,,,,,,,,,,,,,,,,,,,2006-05-09,,-0.3,,pre-market,,,,,,,,,,,,,23.0769,,,,,,,,,,,,
2006-06-30,ALNY,,,,,,,,,,,,,,,,,,,,,,,,,,,,,,,,,,,,-0.03,,,-0.28,,,,,,,,,,,,,,,,,,,,,,,,,,,,,,,,,,,,,,,,,,,,,,,,,2006-07-26,,-0.31,,pre-market,,,,,,,,,,,,,-10.7143,,,,,,,,,,,,
2006-09-30,ALNY,,,,,,,,,,,,,,,,,,,,,,,,,,,,,,,,,,,,0.09,,,-0.32,,,,,,,,,,,,,,,,,,,,,,,,,,,,,,,,,,,,,,,,,,,,,,,,,2006-11-02,,-0.23,,pre-market,,,,,,,,,,,,,28.125,,,,,,,,,,,,
2006-12-31,ALNY,,,,,,,,,,,,,,,,,,,,,,,,,,,,,,,,,,,,0.04,,,-0.3,,,,,,,,,,,,,,,,,,,,,,,,,,,,,,,,,,,,,,,,,,,,,,,,,2007-02-07,,-0.26,,pre-market,,,,,,,,,,,,,13.3333,,,,,,,,,,,,
2007-03-31,ALNY,,,,,,,,,,,,,,,,,,,,,,,,,,,,,,,,,,,,-0.3,,,-0.28,,,,,,,,,,,,,,,,,,,,,,,,,,,,,,,,,,,,,,,,,,,,,,,,,2007-05-09,,-0.58,,pre-market,,,,,,,,,,,,,-107.1429,,,,,,,,,,,,
2007-06-30,ALNY,,,,,,,,,,,,,,,,,,,,,,,,,,,,,,,,,,,,-0.1,,,-0.24,,,,,,,,,,,,,,,,,,,,,,,,,,,,,,,,,,,,,,,,,,,,,,,,,2007-08-09,,-0.34,,pre-market,,,,,,,,,,,,,-41.6667,,,,,,,,,,,,
2007-09-30,ALNY,,,,,,,,,,,,,,,,,,,,,,,,,,,,,,,,,,,,-0.35,,,-1.0,,,,,,,,,,,,,,,,,,,,,,,,,,,,,,,,,,,,,,,,,,,,,,,,,2007-11-01,,-1.35,,pre-market,,,,,,,,,,,,,-35.0,,,,,,,,,,,,
2007-12-31,ALNY,,,,,,,,,,,,,,,,,,,,,,,,,,,,,,,,,,,,0.26,,,-0.22,,,,,,,,,,,,,,,,,,,,,,,,,,,,,,,,,,,,,,,,,,,,,,,,,2008-02-07,,0.04,,pre-market,,,,,,,,,,,,,118.1818,,,,,,,,,,,,
2008-03-31,ALNY,,,,,,,,,,,,,,,,,,,,,,,,,,,,,,,,,,,,0.11,,,-0.14,,,,,,,,,,,,,,,,,,,,,,,,,,,,,,,,,,,,,,,,,,,,,,,,,2008-05-08,,-0.03,,pre-market,,,,,,,,,,,,,78.5714,,,,,,,,,,,,
2008-06-30,ALNY,,,,,,,,,,,,,,,,,,,,,,,,,,,,,,,,,,,,-0.16,,,-0.15,,,,,,,,,,,,,,,,,,,,,,,,,,,,,,,,,,,,,,,,,,,,,,,,,2008-08-06,,-0.31,,pre-market,,,,,,,,,,,,,-106.6667,,,,,,,,,,,,
2008-09-30,ALNY,,,,,,,,,,,,,,,,,,,,,,,,,,,,,,,,,,,,0.1,,,-0.17,,,,,,,,,,,,,,,,,,,,,,,,,,,,,,,,,,,,,,,,,,,,,,,,,2008-11-05,,-0.07,,pre-market,,,,,,,,,,,,,58.8235,,,,,,,,,,,,
2008-12-31,ALNY,,,,,,,,,,,,,,,,,,,,,,,,,,,,,,,,,,,,-0.08,,,-0.15,,,,,,,,,,,,,,,,,,,,,,,,,,,,,,,,,,,,,,,,,,,,,,,,,2009-02-24,,-0.23,,pre-market,,,,,,,,,,,,,-53.3333,,,,,,,,,,,,
2009-03-31,ALNY,,,,,,,,,,,,,,,,,,,,,,,,,,,,,,,,,,,,0.04,,,-0.23,,,,,,,,,,,,,,,,,,,,,,,,,,,,,,,,,,,,,,,,,,,,,,,,,2009-05-07,,-0.19,,pre-market,,,,,,,,,,,,,17.3913,,,,,,,,,,,,
2009-06-30,ALNY,,,,,,,,,,,,,,,,,,,,,,,,,,,,,,,,,,,,-0.06,,,-0.49,,,,,,,,,,,,,,,,,,,,,,,,,,,,,,,,,,,,,,,,,,,,,,,,,2009-08-06,,-0.55,,pre-market,,,,,,,,,,,,,-12.2449,,,,,,,,,,,,
2009-09-30,ALNY,,,,,,,,,,,,,,,,,,,,,,,,,,,,,,,,,,,,0.02,,,-0.24,,,,,,,,,,,,,,,,,,,,,,,,,,,,,,,,,,,,,,,,,,,,,,,,,2009-11-04,,-0.22,,pre-market,,,,,,,,,,,,,8.3333,,,,,,,,,,,,
2009-12-31,ALNY,,,,,,,,,,,,,,,,,,,,,,,,,,,,,,,,,,,,0.11,,,-0.3,,,,,,,,,,,,,,,,,,,,,,,,,,,,,,,,,,,,,,,,,,,,,,,,,2010-02-25,,-0.19,,pre-market,,,,,,,,,,,,,36.6667,,,,,,,,,,,,
2010-03-31,ALNY,,,,,,,,,,,,,,,,,,,,,,,,,,,,,,,,,,,,0.01,,,-0.3,,,,,,,,,,,,,,,,,,,,,,,,,,,,,,,,,,,,,,,,,,,,,,,,,2010-05-05,,-0.29,,pre-market,,,,,,,,,,,,,3.3333,,,,,,,,,,,,
2010-06-30,ALNY,,,,,,,,,,,,,,,,,,,,,,,,,,,,,,,,,,,,-0.05,,,-0.3,,,,,,,,,,,,,,,,,,,,,,,,,,,,,,,,,,,,,,,,,,,,,,,,,2010-08-04,,-0.35,,pre-market,,,,,,,,,,,,,-16.6667,,,,,,,,,,,,
2010-09-30,ALNY,,,,,,,,,,,,,,,,,,,,,,,,,,,,,,,,,,,,0.17,,,-0.4,,,,,,,,,,,,,,,,,,,,,,,,,,,,,,,,,,,,,,,,,,,,,,,,,2010-11-03,,-0.23,,pre-market,,,,,,,,,,,,,42.5,,,,,,,,,,,,
2010-12-31,ALNY,,,,,,,,,,,,,,,,,,,,,,,,,,,,,,,,,,,,0.19,,,-0.35,,,,,,,,,,,,,,,,,,,,,,,,,,,,,,,,,,,,,,,,,,,,,,,,,2011-02-17,,-0.16,,pre-market,,,,,,,,,,,,,54.2857,,,,,,,,,,,,
2011-03-31,ALNY,,,,,,,,,,,,,,,,,,,,,,,,,,,,,,,,,,,,-0.08,,,-0.3,,,,,,,,,,,,,,,,,,,,,,,,,,,,,,,,,,,,,,,,,,,,,,,,,2011-05-02,,-0.38,,pre-market,,,,,,,,,,,,,-26.6667,,,,,,,,,,,,
2011-06-30,ALNY,,,,,,,,,,,,,,,,,,,,,,,,,,,,,,,,,,,,0.03,,,-0.36,,,,,,,,,,,,,,,,,,,,,,,,,,,,,,,,,,,,,,,,,,,,,,,,,2011-08-01,,-0.33,,pre-market,,,,,,,,,,,,,8.3333,,,,,,,,,,,,
2011-09-30,ALNY,,,,,,,,,,,,,,,,,,,,,,,,,,,,,,,,,,,,0.04,,,-0.35,,,,,,,,,,,,,,,,,,,,,,,,,,,,,,,,,,,,,,,,,,,,,,,,,2011-11-01,,-0.31,,pre-market,,,,,,,,,,,,,11.4286,,,,,,,,,,,,
2011-12-31,ALNY,,,,,,,,,,,,,,,,,,,,,,,,,,,,,,,,,,,,-0.01,,,-0.32,,,,,,,,,,,,,,,,,,,,,,,,,,,,,,,,,,,,,,,,,,,,,,,,,2012-02-09,,-0.33,,pre-market,,,,,,,,,,,,,-3.125,,,,,,,,,,,,
2012-03-31,ALNY,,,,,,,,,,,,,,,,,,,,,,,,,,,,,,,,,,,,0.11,,,-0.36,,,,,,,,,,,,,,,,,,,,,,,,,,,,,,,,,,,,,,,,,,,,,,,,,2012-05-03,,-0.25,,pre-market,,,,,,,,,,,,,30.5556,,,,,,,,,,,,
2012-06-30,ALNY,,,,,,,,,,,,,,,,,,,,,,,,,,,,,,,,,,,,-0.06,,,-0.19,,,,,,,,,,,,,,,,,,,,,,,,,,,,,,,,,,,,,,,,,,,,,,,,,2012-08-06,,-0.25,,pre-market,,,,,,,,,,,,,-31.5789,,,,,,,,,,,,
2012-09-30,ALNY,,,,,,,,,,,,,,,,,,,,,,,,,,,,,,,,,,,,-0.07,,,-0.31,,,,,,,,,,,,,,,,,,,,,,,,,,,,,,,,,,,,,,,,,,,,,,,,,2012-11-05,,-0.38,,pre-market,,,,,,,,,,,,,-22.5806,,,,,,,,,,,,
2012-12-31,ALNY,,,,,,,,,,,,,,,,,,,,,,,,,,,,,,,,,,,,0.97,,,-1.43,,,,,,,,,,,,,,,,,,,,,,,,,,,,,,,,,,,,,,,,,,,,,,,,,2013-02-07,,-0.46,,pre-market,,,,,,,,,,,,,67.8322,,,,,,,,,,,,
2013-03-31,ALNY,,,,,,,,,,,,,,,,,,,,,,,,,,,,,,,,,,,,0.13,,,-0.29,,,,,,,,,,,,,,,,,,,,,,,,,,,,,,,,,,,,,,,,,,,,,,,,,2013-05-06,,-0.16,,pre-market,,,,,,,,,,,,,44.8276,,,,,,,,,,,,
2013-06-30,ALNY,,,,,,,,,,,,,,,,,,,,,,,,,,,,,,,,,,,,0.06,,,-0.35,,,,,,,,,,,,,,,,,,,,,,,,,,,,,,,,,,,,,,,,,,,,,,,,,2013-08-08,,-0.29,,pre-market,,,,,,,,,,,,,17.1429,,,,,,,,,,,,
2013-09-30,ALNY,,,,,,,,,,,,,,,,,,,,,,,,,,,,,,,,,,,,-0.09,,,-0.39,,,,,,,,,,,,,,,,,,,,,,,,,,,,,,,,,,,,,,,,,,,,,,,,,2013-11-06,,-0.48,,pre-market,,,,,,,,,,,,,-23.0769,,,,,,,,,,,,
2013-12-31,ALNY,,,,,,,,,,,,,,,,,,,,,,,,,,,,,,,,,,,,-0.06,,,-0.45,,,,,,,,,,,,,,,,,,,,,,,,,,,,,,,,,,,,,,,,,,,,,,,,,2014-02-13,,-0.51,,pre-market,,,,,,,,,,,,,-13.3333,,,,,,,,,,,,
2014-03-31,ALNY,,,,,,,,,,,,,,,,,,,,,,,,,,,,,,,,,,,,0.15,,,-0.54,,,,,,,,,,,,,,,,,,,,,,,,,,,,,,,,,,,,,,,,,,,,,,,,,2014-05-08,,-0.39,,pre-market,,,,,,,,,,,,,27.7778,,,,,,,,,,,,
2014-06-30,ALNY,,,,,,,,,,,,,,,,,,,,,,,,,,,,,,,,,,,,-0.03,,,-0.55,,,,,,,,,,,,,,,,,,,,,,,,,,,,,,,,,,,,,,,,,,,,,,,,,2014-08-07,,-0.58,,pre-market,,,,,,,,,,,,,-5.4545,,,,,,,,,,,,
2014-09-30,ALNY,,,,,,,,,,,,,,,,,,,,,,,,,,,,,,,,,,,,0.05,,,-0.63,,,,,,,,,,,,,,,,,,,,,,,,,,,,,,,,,,,,,,,,,,,,,,,,,2014-11-05,,-0.58,,post-market,,,,,,,,,,,,,7.9365,,,,,,,,,,,,
2014-12-31,ALNY,,,,,,,,,,,,,,,,,,,,,,,,,,,,,,,,,,,,0.32,,,-0.6,,,,,,,,,,,,,,,,,,,,,,,,,,,,,,,,,,,,,,,,,,,,,,,,,2015-02-12,,-0.28,,post-market,,,,,,,,,,,,,53.3333,,,,,,,,,,,,
2015-03-31,ALNY,,,,,,,,,,,,,,,,,,,,,,,,,,,,,,,,,,,,0.03,,,-0.65,,,,,,,,,,,,,,,,,,,,,,,,,,,,,,,,,,,,,,,,,,,,,,,,,2015-05-07,,-0.62,,post-market,,,,,,,,,,,,,4.6154,,,,,,,,,,,,
2015-06-30,ALNY,,,,,,,,,,,,,,,,,,,,,,,,,,,,,,,,,,,,-0.11,,,-0.74,,,,,,,,,,,,,,,,,,,,,,,,,,,,,,,,,,,,,,,,,,,,,,,,,2015-08-06,,-0.85,,post-market,,,,,,,,,,,,,-14.8649,,,,,,,,,,,,
2015-09-30,ALNY,,,,,,,,,,,,,,,,,,,,,,,,,,,,,,,,,,,,0.0,,,-0.91,,,,,,,,,,,,,,,,,,,,,,,,,,,,,,,,,,,,,,,,,,,,,,,,,2015-11-09,,-0.91,,pre-market,,,,,,,,,,,,,0.0,,,,,,,,,,,,
2015-12-31,ALNY,,,,,,,,,,,,,,,,,,,,,,,,,,,,,,,,,,,,-0.11,,,-0.96,,,,,,,,,,,,,,,,,,,,,,,,,,,,,,,,,,,,,,,,,,,,,,,,,2016-02-11,,-1.07,,post-market,,,,,,,,,,,,,-11.4583,,,,,,,,,,,,
2016-03-31,ALNY,,,,,,,,,,,,,,,,,,,,,,,,,,,,,,,,,,,,-0.16,,,-1.05,,,,,,,,,,,,,,,,,,,,,,,,,,,,,,,,,,,,,,,,,,,,,,,,,2016-05-02,,-1.21,,post-market,,,,,,,,,,,,,-15.2381,,,,,,,,,,,,
2016-06-30,ALNY,,,,,,,,,,,,,,,,,,,,,,,,,,,,,,,,,,,,0.19,,,-1.24,,,,,,,,,,,,,,,,,,,,,,,,,,,,,,,,,,,,,,,,,,,,,,,,,2016-08-04,,-1.05,,post-market,,,,,,,,,,,,,15.3226,,,,,,,,,,,,
2016-09-30,ALNY,,,,,,,,,,,,,,,,,,,,,,,,,,,,,,,,,,,,-0.07,,,-1.14,,,,,,,,,,,,,,,,,,,,,,,,,,,,,,,,,,,,,,,,,,,,,,,,,2016-11-02,,-1.21,,post-market,,,,,,,,,,,,,-6.1404,,,,,,,,,,,,
2016-12-31,ALNY,,,,,,,,,,,,,,,,,,,,,,,,,,,,,,,,,,,,0.01,,,-1.33,,,,,,,,,,,,,,,,,,,,,,,,,,,,,,,,,,,,,,,,,,,,,,,,,2017-02-08,,-1.32,,post-market,,,,,,,,,,,,,0.7519,,,,,,,,,,,,
2017-03-31,ALNY,,,,,,,,,,,,,,,,,,,,,,,,,,,,,,,,,,,,0.01,,,-1.26,,,,,,,,,,,,,,,,,,,,,,,,,,,,,,,,,,,,,,,,,,,,,,,,,2017-05-05,,-1.25,,pre-market,,,,,,,,,,,,,0.7937,,,,,,,,,,,,
2017-06-30,ALNY,,,,,,,,,,,,,,,,,,,,,,,,,,,,,,,,,,,,-0.12,,,-1.22,,,,,,,,,,,,,,,,,,,,,,,,,,,,,,,,,,,,,,,,,,,,,,,,,2017-08-09,,-1.34,,post-market,,,,,,,,,,,,,-9.8361,,,,,,,,,,,,
2017-09-30,ALNY,,,,,,,,,,,,,,,,,,,,,,,,,,,,,,,,,,,,-0.08,,,-1.26,,,,,,,,,,,,,,,,,,,,,,,,,,,,,,,,,,,,,,,,,,,,,,,,,2017-11-07,,-1.34,,post-market,,,,,,,,,,,,,-6.3492,,,,,,,,,,,,
2017-12-31,ALNY,,,,,,,,,,,,,,,,,,,,,,,,,,,,,,,,,,,,-0.09,,,-1.39,,,,,,,,,,,,,,,,,,,,,,,,,,,,,,,,,,,,,,,,,,,,,,,,,2018-02-08,,-1.48,,pre-market,,,,,,,,,,,,,-6.4748,,,,,,,,,,,,
2018-03-31,ALNY,,,,,,,,,,,,,,,,,,,,,,,,,,,,,,,,,,,,0.06,,,-1.47,,,,,,,,,,,,,,,,,,,,,,,,,,,,,,,,,,,,,,,,,,,,,,,,,2018-05-03,,-1.41,,post-market,,,,,,,,,,,,,4.0816,,,,,,,,,,,,
2018-06-30,ALNY,,,,,,,,,,,,,,,,,,,,,,,,,,,,,,,,,,,,-0.08,,,-1.75,,,,,,,,,,,,,,,,,,,,,,,,,,,,,,,,,,,,,,,,,,,,,,,,,2018-08-02,,-1.83,,pre-market,,,,,,,,,,,,,-4.5714,,,,,,,,,,,,
2018-09-30,ALNY,,,,,,,,,,,,,,,,,,,,,,,,,,,,,,,,,,,,-0.44,,,-1.99,,,,,,,,,,,,,,,,,,,,,,,,,,,,,,,,,,,,,,,,,,,,,,,,,2018-11-07,,-2.43,,pre-market,,,,,,,,,,,,,-22.1106,,,,,,,,,,,,
2018-12-31,ALNY,,,,,,,,,,,,,,,,,,,,,,,,,,,,,,,,,,,,0.12,,,-2.21,,,,,,,,,,,,,,,,,,,,,,,,,,,,,,,,,,,,,,,,,,,,,,,,,2019-02-07,,-2.09,,post-market,,,,,,,,,,,,,5.4299,,,,,,,,,,,,
2019-03-31,ALNY,,,,,,,,,,,,,,,,,,,,,,,,,,,,,,,,,,,,0.34,,,-2.07,,,,,,,,,,,,,,,,,,,,,,,,,,,,,,,,,,,,,,,,,,,,,,,,,2019-05-01,,-1.73,,pre-market,,,,,,,,,,,,,16.4251,,,,,,,,,,,,
2019-06-30,ALNY,,,,,,,,,,,,,,,,,,,,,,,,,,,,,,,,,,,,-0.08,,,-1.85,,,,,,,,,,,,,,,,,,,,,,,,,,,,,,,,,,,,,,,,,,,,,,,,,2019-08-06,,-1.93,,pre-market,,,,,,,,,,,,,-4.3243,,,,,,,,,,,,
2019-09-30,ALNY,,,,,,,,,,,,,,,,,,,,,,,,,,,,,,,,,,,,0.12,,,-2.04,,,,,,,,,,,,,,,,,,,,,,,,,,,,,,,,,,,,,,,,,,,,,,,,,2019-10-31,,-1.92,,pre-market,,,,,,,,,,,,,5.8824,,,,,,,,,,,,
2019-12-31,ALNY,,,,,,,,,,,,,,,,,,,,,,,,,,,,,,,,,,,,-0.36,,,-2.21,,,,,,,,,,,,,,,,,,,,,,,,,,,,,,,,,,,,,,,,,,,,,,,,,2020-02-06,,-2.57,,pre-market,,,,,,,,,,,,,-16.2896,,,,,,,,,,,,
2020-03-31,ALNY,,,,,,,,,,,,,,,,,,,,,,,,,,,,,,,,,,,,0.05,,,-1.88,,,,,,,,,,,,,,,,,,,,,,,,,,,,,,,,,,,,,,,,,,,,,,,,,2020-05-06,,-1.83,,pre-market,,,,,,,,,,,,,2.6596,,,,,,,,,,,,
2020-06-30,ALNY,,,,,,,,,,,,,,,,,,,,,,,,,,,,,,,,,,,,0.15,,,-1.71,,,,,,,,,,,,,,,,,,,,,,,,,,,,,,,,,,,,,,,,,,,,,,,,,2020-08-06,,-1.56,,pre-market,,,,,,,,,,,,,8.7719,,,,,,,,,,,,
2020-09-30,ALNY,,,,,,,,,,,,,,,,,,,,,,,,,,,,,,,,,,,,-0.54,,,-1.64,,,,,,,,,,,,,,,,,,,,,,,,,,,,,,,,,,,,,,,,,,,,,,,,,2020-11-05,,-2.18,,pre-market,,,,,,,,,,,,,-32.9268,,,,,,,,,,,,
2020-12-31,ALNY,,,,,,,,,,,,,,,,,,,,,,,,,,,,,,,,,,,,-0.38,,,-1.71,,,,,,,,,,,,,,,,,,,,,,,,,,,,,,,,,,,,,,,,,,,,,,,,,2021-02-11,,-2.09,,pre-market,,,,,,,,,,,,,-22.2222,,,,,,,,,,,,
2021-03-31,ALNY,,,,,,,,,,,,,,,,,,,,,,,,,,,,,,,,,,,,0.02,,,-1.73,,,,,,,,,,,,,,,,,,,,,,,,,,,,,,,,,,,,,,,,,,,,,,,,,2021-04-29,,-1.71,,pre-market,,,,,,,,,,,,,1.1561,,,,,,,,,,,,
2021-06-30,ALNY,,,,,,,,,,,,,,,,,,,,,,,,,,,,,,,,,,,,0.0,,,-1.61,,,,,,,,,,,,,,,,,,,,,,,,,,,,,,,,,,,,,,,,,,,,,,,,,2021-08-03,,-1.61,,pre-market,,,,,,,,,,,,,0.0,,,,,,,,,,,,
2021-09-30,ALNY,,,,,,,,,,,,,,,,,,,,,,,,,,,,,,,,,,,,-0.07,,,-1.57,,,,,,,,,,,,,,,,,,,,,,,,,,,,,,,,,,,,,,,,,,,,,,,,,2021-10-28,,-1.64,,pre-market,,,,,,,,,,,,,-4.4586,,,,,,,,,,,,
2021-12-31,ALNY,,,,,,,,,,,,,,,,,,,,,,,,,,,,,,,,,,,,-0.62,,,-1.54,,,,,,,,,,,,,,,,,,,,,,,,,,,,,,,,,,,,,,,,,,,,,,,,,2022-02-10,,-2.16,,pre-market,,,,,,,,,,,,,-40.2597,,,,,,,,,,,,
2022-03-31,ALNY,,,,,,,,,,,,,,,,,,,,,,,,,,,,,,,,,,,,-0.16,,,-1.84,,,,,,,,,,,,,,,,,,,,,,,,,,,,,,,,,,,,,,,,,,,,,,,,,2022-04-28,,-2.0,,pre-market,,,,,,,,,,,,,-8.6957,,,,,,,,,,,,
2022-06-30,ALNY,,,,,,,,,,,,,,,,,,,,,,,,,,,,,,,,,,,,-0.66,,,-1.63,,,,,,,,,,,,,,,,,,,,,,,,,,,,,,,,,,,,,,,,,,,,,,,,,2022-07-28,,-2.29,,pre-market,,,,,,,,,,,,,-40.4908,,,,,,,,,,,,
2022-09-30,ALNY,,,,,,,,,,,,,,,,,,,,,,,,,,,,,,,,,,,,-0.92,,,-1.77,,,,,,,,,,,,,,,,,,,,,,,,,,,,,,,,,,,,,,,,,,,,,,,,,2022-10-27,,-2.69,,pre-market,,,,,,,,,,,,,-51.9774,,,,,,,,,,,,
2022-12-31,ALNY,,,,,,,,,,,,,,,,,,,,,,,,,,,,,,,,,,,,0.22,,,-1.9,,,,,,,,,,,,,,,,,,,,,,,,,,,,,,,,,,,,,,,,,,,,,,,,,2023-02-23,,-1.68,,pre-market,,,,,,,,,,,,,11.5789,,,,,,,,,,,,
2023-03-31,ALNY,,,,,,,,,,,,,,,,,,,,,,,,,,,,,,,,,,,,0.37,,,-1.77,,,,,,,,,,,,,,,,,,,,,,,,,,,,,,,,,,,,,,,,,,,,,,,,,2023-05-04,,-1.4,,pre-market,,,,,,,,,,,,,20.904,,,,,,,,,,,,
2023-06-30,ALNY,,,,,,,,,,,,,,,,,,,,,,,,,,,,,,,,,,,,-0.84,,,-1.37,,,,,,,,,,,,,,,,,,,,,,,,,,,,,,,,,,,,,,,,,,,,,,,,,2023-08-03,,-2.21,,pre-market,,,,,,,,,,,,,-61.3139,,,,,,,,,,,,
2023-09-30,ALNY,,,,,,,,,,,,,,,,,,,,,,,,,,,,,,,,,,,,2.49,,,-1.34,,,,,,,,,,,,,,,,,,,,,,,,,,,,,,,,,,,,,,,,,,,,,,,,,2023-11-02,,1.15,,pre-market,,,,,,,,,,,,,185.8209,,,,,,,,,,,,
2023-12-31,ALNY,,,,,,,,,,,,,,,,,,,,,,,,,,,,,,,,,,,,0.22,,,-1.32,,,,,,,,,,,,,,,,,,,,,,,,,,,,,,,,,,,,,,,,,,,,,,,,,2024-02-15,,-1.1,,pre-market,,,,,,,,,,,,,16.6667,,,,,,,,,,,,
2024-03-31,ALNY,,,,,,,,,,,,,,,,,,,,,,,,,,,,,,,,,,,,0.66,,,-1.18,,,,,,,,,,,,,,,,,,,,,,,,,,,,,,,,,,,,,,,,,,,,,,,,,2024-05-02,,-0.52,,pre-market,,,,,,,,,,,,,55.9322,,,,,,,,,,,,
2024-06-30,ALNY,,,,,,,,,,,,,,,,,,,,,,,,,,,,,,,,,,,,0.95,,,-1.08,,,,,,,,,,,,,,,,,,,,,,,,,,,,,,,,,,,,,,,,,,,,,,,,,2024-08-01,,-0.13,,pre-market,,,,,,,,,,,,,87.963,,,,,,,,,,,,
2024-09-30,ALNY,,,,,,,,,,,,,,,,,,,,,,,,,,,,,,,,,,,,-0.11,,,-0.39,,,,,,,,,,,,,,,,,,,,,,,,,,,,,,,,,,,,,,,,,,,,,,,,,2024-10-31,,-0.5,,pre-market,,,,,,,,,,,,,-28.2051,,,,,,,,,,,,
2024-12-31,ALNY,,,,,,,,,,,,,,,,,,,,,,,,,,,,,,,,,,,,0.2,,,-0.14,,,,,,,,,,,,,,,,,,,,,,,,,,,,,,,,,,,,,,,,,,,,,,,,,2025-02-13,,0.06,,pre-market,,,,,,,,,,,,,142.8571,,,,,,,,,,,,
2025-03-31,ALNY,,,,,,,,,,,,,,,,,,,,,,,,,,,,,,,,,,,,0.36,,,-0.37,,,,,,,,,,,,,,,,,,,,,,,,,,,,,,,,,,,,,,,,,,,,,,,,,2025-05-01,,-0.01,,pre-market,,,,,,,,,,,,,97.2973,,,,,,,,,,,,
2025-06-30,ALNY,,,,,,,,,,,,,,,,,,,,,,,,,,,,,,,,,,,,0.19,,,-0.7,,,,,,,,,,,,,,,,,,,,,,,,,,,,,,,,,,,,,,,,,,,,,,,,,2025-07-31,,-0.51,,pre-market,,,,,,,,,,,,,27.1429,,,,,,,,,,,,
2025-09-30,ALNY,,,,,,,,,,,,,,,,,,,,,,,,,,,,,,,,,,,,1.46,,,1.44,,,,,,,,,,,,,,,,,,,,,,,,,,,,,,,,,,,,,,,,,,,,,,,,,2025-10-30,,2.9,,pre-market,,,,,,,,,,,,,101.3889,,,,,,,,,,,,
2025-12-28,ALNY,0.28,3210070000.0,1430.68,,0.298,1.775,,,,,,,,,,,,,,,,,,,,,,,,,,,,,0.0,1.46,,,1.44,,45.25,,2693105000.0,,,,,,,,,,,,,,,,,,,0.295,,,,,,,,,,,,,-0.49,226.27,16.49,,,,,,,,0.0136,,,2025-10-30,,2.9,,pre-market,,,0.0365,0.327,1.493,24.65,,,,,368.05,442.75,101.3889,,,,,,,,,1430.68,,495.55,205.87
2025-12-28,ALNY,0.28,3210070000.0,1430.68,,0.298,1.775,,,,,,,,,,,,,,,None,197231000,197231000,,,,,,None,13803000,,,,,0.0,1.46,283367000,297170000,1.44,2025-09-30,45.25,,2693105000.0,1051795000,238969000,-12115000,,,None,44398000,28681000,,None,,,,,251084000,251084000,-15717000,None,0.295,,683813000,367982000,,,,,None,,,,,-0.49,226.27,16.49,,,,,,,,0.0136,,,2025-10-30,quarterly,2.9,USD,pre-market,358814000,,0.0365,0.327,1.493,24.65,322076000,,,,368.05,442.75,101.3889,,,,,,,1249026000,,1430.68,,495.55,205.87
2025-12-28,ALNY,0.28,3210070000.0,1430.68,,0.298,1.775,,,,,,,,,,,,,,,None,142953000,142953000,,,,,,None,13944000,,,,,0.0,1.46,4888000,18832000,1.44,2025-06-30,45.25,,2693105000.0,630736000,-35358000,30919000,,,None,40246000,27486000,,None,,,,,-66277000,-66277000,-12760000,None,0.295,,646935000,-16199000,,,,,None,,,,,-0.49,226.27,16.49,,,,,,,,0.0136,,,2025-10-30,quarterly,2.9,USD,pre-market,323621000,,0.0365,0.327,1.493,24.65,323314000,,,,368.05,442.75,101.3889,,,,,,,773689000,,1430.68,,495.55,205.87
2025-12-28,ALNY,0.28,3210070000.0,1430.68,,0.298,1.775,,,,,,,,,,,,,,,None,71041000,71041000,,,,,,None,14405000,,,,,0.0,1.46,-2950000,11455000,1.44,2025-03-31,45.25,,2693105000.0,523148000,-41596000,15883000,,,None,38646000,28673000,,None,,,,,-57479000,-57479000,-9973000,None,0.295,,505071000,18077000,,,,,None,,,,,-0.49,226.27,16.49,,,,,,,,0.0136,,,2025-10-30,quarterly,2.9,USD,pre-market,265122000,,0.0365,0.327,1.493,24.65,239949000,,,,368.05,442.75,101.3889,,,,,,,594189000,,1430.68,,495.55,205.87
2025-12-28,ALNY,0.28,3210070000.0,1430.68,,0.298,1.775,,,,,,,,,,,,,,,None,102817000,102817000,,,,,,None,14168000,,,,,0.0,1.46,-155079000,-140911000,1.44,2024-12-31,45.25,,2693105000.0,490349000,-193958000,-110195000,,,None,38971000,31019000,,None,,,,,-83763000,-83763000,-7952000,None,0.295,,595508000,-105159000,,,,,None,,,,,-0.49,226.27,16.49,,,,,,,,0.0136,,,2025-10-30,quarterly,2.9,USD,pre-market,300169000,,0.0365,0.327,1.493,24.65,295339000,,,,368.05,442.75,101.3889,,,,,,,593166000,,1430.68,,495.55,205.87
2025-12-28,ALNY,0.28,3210070000.0,1430.68,,0.298,1.775,,,,,,,,,,,,,,,None,85905000,85905000,,,,,,None,13982000,,,,,0.0,1.46,-74287000,-60305000,1.44,2024-09-30,45.25,,2693105000.0,415014000,-108663000,2907000,,,None,34376000,32146000,,None,,,,,-111570000,-111570000,-2230000,None,0.295,,491919000,-76905000,,,,,None,,,,,-0.49,226.27,16.49,,,,,,,,0.0136,,,2025-10-30,quarterly,2.9,USD,pre-market,270926000,,0.0365,0.327,1.493,24.65,220993000,,,,368.05,442.75,101.3889,,,,,,,500919000,,1430.68,,495.55,205.87
2025-12-28,ALNY,0.28,3210070000.0,1430.68,,0.298,1.775,,,,,,,,,,,,,,,None,68672000,68672000,,,,,,None,15003000,,,,,0.0,1.46,22091000,37094000,1.44,2024-06-30,45.25,,2693105000.0,591153000,-11167000,5722000,,,None,33258000,29182000,,None,,,,,-16889000,-16889000,-4076000,None,0.295,,542539000,48614000,,,,,None,,,,,-0.49,226.27,16.49,,,,,,,,0.0136,,,2025-10-30,quarterly,2.9,USD,pre-market,294142000,,0.0365,0.327,1.493,24.65,248397000,,,,368.05,442.75,101.3889,,,,,,,659825000,,1430.68,,495.55,205.87
2025-12-28,ALNY,0.28,3210070000.0,1430.68,,0.298,1.775,,,,,,,,,,,,,,,None,65976000,65976000,,,,,,None,13517000,,,,,0.0,1.46,-28334000,-14817000,1.44,2024-03-31,45.25,,2693105000.0,428357000,-63587000,2348000,,,None,35253000,29645000,,None,,,,,-65935000,-65935000,-5608000,None,0.295,,471792000,-43435000,,,,,None,,,,,-0.49,226.27,16.49,,,,,,,,0.0136,,,2025-10-30,quarterly,2.9,USD,pre-market,260995000,,0.0365,0.327,1.493,24.65,210797000,,,,368.05,442.75,101.3889,,,,,,,494333000,,1430.68,,495.55,205.87
2025-12-28,ALNY,0.28,3210070000.0,1430.68,,0.298,1.775,,,,,,,,,,,,,,,None,85858000,85858000,,,,,,None,13482000,,,,,0.0,1.46,-106349000,-92867000,1.44,2023-12-31,45.25,,2693105000.0,353860000,-137687000,183000,,,None,31338000,30406000,,None,,,,,-137870000,-137870000,-932000,None,0.295,,470264000,-116404000,,,,,None,,,,,-0.49,226.27,16.49,,,,,,,,0.0136,,,2025-10-30,quarterly,2.9,USD,pre-market,272141000,,0.0365,0.327,1.493,24.65,198123000,,,,368.05,442.75,101.3889,,,,,,,439718000,,1430.68,,495.55,205.87
2025-12-28,ALNY,0.28,3210070000.0,1430.68,,0.298,1.775,,,,,,,,,,,,,,,None,84309000,84309000,,,,,,None,13328000,,,,,0.0,1.46,181634000,194962000,1.44,2023-09-30,45.25,,2693105000.0,666221000,150741000,2988000,,,None,30893000,25425000,,None,,,,,147753000,147753000,-5468000,None,0.295,,452354000,213867000,,,,,None,,,,,-0.49,226.27,16.49,,,,,,,,0.0136,,,2025-10-30,quarterly,2.9,USD,pre-market,253179000,,0.0365,0.327,1.493,24.65,199175000,,,,368.05,442.75,101.3889,,,,,,,750530000,,1430.68,,495.55,205.87
2025-12-28,ALNY,0.28,3210070000.0,1430.68,,0.298,1.775,,,,,,,,,,,,,,,None,85370000,85370000,,,,,,None,13179000,,,,,0.0,1.46,-244174000,-230995000,1.44,2023-06-30,45.25,,2693105000.0,233384000,-274209000,1815000,,,None,30035000,21075000,,None,,,,,-276024000,-276024000,-8960000,None,0.295,,463215000,-229831000,,,,,-14343000,,,,,-0.49,226.27,16.49,,,,,,,,0.0136,,,2025-10-30,quarterly,2.9,USD,pre-market,248526000,,0.0365,0.327,1.493,24.65,214689000,,,,368.05,442.75,101.3889,,,,,,,318754000,,1430.68,,495.55,205.87
2025-12-28,ALNY,0.28,3210070000.0,1430.68,,0.298,1.775,,,,,,,,,,,,,,,None,54869000,54869000,,,,,,None,14065000,,,,,0.0,1.46,-143407000,-129342000,1.44,2023-03-31,45.25,,2693105000.0,264421000,-172362000,1739000,,,None,28955000,18655000,,None,,,,,-174101000,-174101000,-10300000,None,0.295,,414228000,-149807000,,,,,6400000,,,,,-0.49,226.27,16.49,,,,,,,,0.0136,,,2025-10-30,quarterly,2.9,USD,pre-market,230569000,,0.0365,0.327,1.493,24.65,183659000,,,,368.05,442.75,101.3889,,,,,,,319290000,,1430.68,,495.55,205.87
2025-12-28,ALNY,0.28,3210070000.0,1430.68,,0.298,1.775,,,,,,,,,,,,,,,None,51266000,51266000,,,,,,None,14311000,,,,,0.0,1.46,-177108000,-162797000,1.44,2022-12-31,45.25,,2693105000.0,283769000,-207021000,472000,,,None,29913000,14077000,,None,,,,,-207493000,-207493000,-15836000,None,0.295,,472383000,-188614000,,,,,11506000,,,,,-0.49,226.27,16.49,,,,,,,,0.0136,,,2025-10-30,quarterly,2.9,USD,pre-market,262039000,,0.0365,0.327,1.493,24.65,210344000,,,,368.05,442.75,101.3889,,,,,,,335035000,,1430.68,,495.55,205.87
2025-12-28,ALNY,0.28,3210070000.0,1430.68,,0.298,1.775,,,,,,,,,,,,,,,None,41116000,41116000,,,,,,None,10600000,,,,,0.0,1.46,-364859000,-354259000,1.44,2022-09-30,45.25,,2693105000.0,223190000,-405943000,-23000,,,None,41084000,7820000,,None,,,,,-405920000,-405920000,-33264000,None,0.295,,481230000,-258040000,,,,,-106819000,,,,,-0.49,226.27,16.49,,,,,,,,0.0136,,,2025-10-30,quarterly,2.9,USD,pre-market,245371000,,0.0365,0.327,1.493,24.65,235859000,,,,368.05,442.75,101.3889,,,,,,,264306000,,1430.68,,495.55,205.87
2025-12-28,ALNY,0.28,3210070000.0,1430.68,,0.298,1.775,,,,,,,,,,,,,,,None,40808000,40808000,,,,,,None,10097000,,,,,0.0,1.46,-232064000,-221967000,1.44,2022-06-30,45.25,,2693105000.0,184010000,-274673000,2729000,,,None,42609000,1899000,,None,,,,,-277402000,-277402000,-40710000,None,0.295,,375696000,-191686000,,,,,-40378000,,,,,-0.49,226.27,16.49,,,,,,,,0.0136,,,2025-10-30,quarterly,2.9,USD,pre-market,205712000,,0.0365,0.327,1.493,24.65,169984000,,,,368.05,442.75,101.3889,,,,,,,224818000,,1430.68,,495.55,205.87
2025-12-28,ALNY,0.28,3210070000.0,1430.68,,0.298,1.775,,,,,,,,,,,,,,,None,35627000,35627000,,,,,,None,9460000,,,,,0.0,1.46,-196994000,-187534000,1.44,2022-03-31,45.25,,2693105000.0,177632000,-239356000,985000,,,None,42362000,1012000,,None,,,,,-240341000,-240341000,-41350000,None,0.295,,324364000,-146732000,,,,,-50262000,,,,,-0.49,226.27,16.49,,,,,,,,0.0136,,,2025-10-30,quarterly,2.9,USD,pre-market,169893000,,0.0365,0.327,1.493,24.65,154471000,,,,368.05,442.75,101.3889,,,,,,,213259000,,1430.68,,495.55,205.87
2025-12-28,ALNY,0.28,3210070000.0,1430.68,,0.298,1.775,,,,,,,,,,,,,,,None,37664000,37664000,,,,,,None,11375000,,,,,0.0,1.46,-223486000,-212111000,1.44,2021-12-31,45.25,,2693105000.0,220871000,-260302000,-1842000,,,None,36816000,495000,,None,,,,,-258460000,-258460000,-36321000,None,0.295,,415432000,-194561000,,,,,-28925000,,,,,-0.49,226.27,16.49,,,,,,,,0.0136,,,2025-10-30,quarterly,2.9,USD,pre-market,229050000,,0.0365,0.327,1.493,24.65,186382000,,,,368.05,442.75,101.3889,,,,,,,258535000,,1430.68,,495.55,205.87
2025-12-28,ALNY,0.28,3210070000.0,1430.68,,0.298,1.775,,,,,,,,,,,,,,,None,32663000,32663000,,,,,,None,11786000,,,,,0.0,1.46,-163962000,-152176000,1.44,2021-09-30,45.25,,2693105000.0,154970000,-204236000,278000,,,None,40274000,225000,,None,,,,,-204514000,-204514000,-40049000,None,0.295,,336647000,-181677000,,,,,17715000,,,,,-0.49,226.27,16.49,,,,,,,,0.0136,,,2025-10-30,quarterly,2.9,USD,pre-market,194572000,,0.0365,0.327,1.493,24.65,142075000,,,,368.05,442.75,101.3889,,,,,,,187633000,,1430.68,,495.55,205.87
2025-12-28,ALNY,0.28,3210070000.0,1430.68,,0.298,1.775,,,,,,,,,,,,,,,None,38755000,38755000,,,,,,None,11805000,,,,,0.0,1.46,-154915000,-143110000,1.44,2021-06-30,45.25,,2693105000.0,181798000,-188331000,1228000,,,None,33416000,409000,,None,,,,,-189559000,-189559000,-33007000,None,0.295,,327958000,-146160000,,,,,-8755000,,,,,-0.49,226.27,16.49,,,,,,,,0.0136,,,2025-10-30,quarterly,2.9,USD,pre-market,182635000,,0.0365,0.327,1.493,24.65,145323000,,,,368.05,442.75,101.3889,,,,,,,220553000,,1430.68,,495.55,205.87
2025-12-28,ALNY,0.28,3210070000.0,1430.68,,0.298,1.775,,,,,,,,,,,,,,,None,31062000,31062000,,,,,,None,12601000,,,,,0.0,1.46,-166760000,-154159000,1.44,2021-03-31,45.25,,2693105000.0,146504000,-199275000,1016000,,,None,32515000,450000,,None,,,,,-200291000,-200291000,-32065000,None,0.295,,332758000,-186254000,,,,,19494000,,,,,-0.49,226.27,16.49,,,,,,,,0.0136,,,2025-10-30,quarterly,2.9,USD,pre-market,185899000,,0.0365,0.327,1.493,24.65,146859000,,,,368.05,442.75,101.3889,,,,,,,177566000,,1430.68,,495.55,205.87
2025-12-28,ALNY,0.28,3210070000.0,1430.68,,0.298,1.775,,,,,,,,,,,,,,,None,23024000,23024000,,,,,,None,10386000,,,,,0.0,1.46,-215082000,-204696000,1.44,2020-12-31,45.25,,2693105000.0,140538000,-243599000,-59000,,,None,28517000,1092000,,None,,,,,-243540000,-243540000,-27425000,None,0.295,,334760000,-194222000,,,,,-20860000,,,,,-0.49,226.27,16.49,,,,,,,,0.0136,,,2025-10-30,quarterly,2.9,USD,pre-market,168469000,,0.0365,0.327,1.493,24.65,166291000,,,,368.05,442.75,101.3889,,,,,,,163562000,,1430.68,,495.55,205.87
2025-12-28,ALNY,0.28,3210070000.0,1430.68,,0.298,1.775,,,,,,,,,,,,,,,None,21797000,21797000,,,,,,None,8573000,,,,,0.0,1.46,-223721000,-215148000,1.44,2020-09-30,45.25,,2693105000.0,104056000,-252452000,839000,,,None,28731000,2072000,,None,,,,,-253291000,-253291000,-26659000,None,0.295,,329255000,-225199000,,,,,1478000,,,,,-0.49,226.27,16.49,,,,,,,,0.0136,,,2025-10-30,quarterly,2.9,USD,pre-market,161783000,,0.0365,0.327,1.493,24.65,167472000,,,,368.05,442.75,101.3889,,,,,,,125853000,,1430.68,,495.55,205.87
2025-12-28,ALNY,0.28,3210070000.0,1430.68,,0.298,1.775,,,,,,,,,,,,,,,None,19929000,19929000,,,,,,None,8200000,,,,,0.0,1.46,-150655000,-142455000,1.44,2020-06-30,45.25,,2693105000.0,84033000,-177903000,1326000,,,None,27248000,3165000,,None,,,,,-179229000,-179229000,-24083000,None,0.295,,282892000,-198859000,,,,,48204000,,,,,-0.49,226.27,16.49,,,,,,,,0.0136,,,2025-10-30,quarterly,2.9,USD,pre-market,154996000,,0.0365,0.327,1.493,24.65,127896000,,,,368.05,442.75,101.3889,,,,,,,103962000,,1430.68,,495.55,205.87
2025-12-28,ALNY,0.28,3210070000.0,1430.68,,0.298,1.775,,,,,,,,,,,,,,,None,13302000,13302000,,,,,,None,7613000,,,,,0.0,1.46,-181646000,-174033000,1.44,2020-03-31,45.25,,2693105000.0,86174000,-181646000,575000,,,None,5480000,5480000,,None,,,,,-182221000,-182221000,5480000,None,0.295,,296332000,-210158000,,,,,28512000,,,,,-0.49,226.27,16.49,,,,,,,,0.0136,,,2025-10-30,quarterly,2.9,USD,pre-market,169571000,,0.0365,0.327,1.493,24.65,126761000,,,,368.05,442.75,101.3889,,,,,,,99476000,,1430.68,,495.55,205.87
2025-12-28,ALNY,0.28,3210070000.0,1430.68,,0.298,1.775,,,,,,,,,,,,,,,None,12176000,12176000,,,,,,None,14762000,,,,,0.0,1.46,-298073000,-283311000,1.44,2019-12-31,45.25,,2693105000.0,59505000,-276583000,-398000,,,None,7253000,7253000,,None,,,,,-276185000,-276185000,7253000,None,0.295,,357578000,-298073000,,,,,21490000,,,,,-0.49,226.27,16.49,,,,,,,,0.0136,,,2025-10-30,quarterly,2.9,USD,pre-market,201301000,,0.0365,0.327,1.493,24.65,156277000,,,,368.05,442.75,101.3889,,,,,,,71681000,,1430.68,,495.55,205.87
2025-12-28,ALNY,0.28,3210070000.0,1430.68,,0.298,1.775,,,,,,,,,,,,,,,None,5213000,5213000,,,,,,None,13328000,,,,,0.0,1.46,-208929000,-195601000,1.44,2019-09-30,45.25,,2693105000.0,64848000,-208929000,-394000,,,None,9889000,9889000,,None,,,,,-208535000,-208535000,9889000,None,0.295,,281147000,-216299000,,,,,7370000,,,,,-0.49,226.27,16.49,,,,,,,,0.0136,,,2025-10-30,quarterly,2.9,USD,pre-market,160796000,,0.0365,0.327,1.493,24.65,120351000,,,,368.05,442.75,101.3889,,,,,,,70061000,,1430.68,,495.55,205.87
2025-12-28,ALNY,0.28,3210070000.0,1430.68,,0.298,1.775,,,,,,,,,,,,,,,None,4326000,4326000,,,,,,None,12185000,,,,,0.0,1.46,-220961000,-208776000,1.44,2019-06-30,45.25,,2693105000.0,40388000,-218521000,960000,,,None,8781000,8781000,,None,,,,,-219481000,-219481000,8781000,None,0.295,,276659000,-236271000,,,,,17750000,,,,,-0.49,226.27,16.49,,,,,,,,0.0136,,,2025-10-30,quarterly,2.9,USD,pre-market,163890000,,0.0365,0.327,1.493,24.65,112769000,,,,368.05,442.75,101.3889,,,,,,,44714000,,1430.68,,495.55,205.87
2025-12-28,ALNY,0.28,3210070000.0,1430.68,,0.298,1.775,,,,,,,,,,,,,,,None,3347000,3347000,,,,,,None,14093000,,,,,0.0,1.46,-188788000,-174695000,1.44,2019-03-31,45.25,,2693105000.0,29947000,-181220000,695000,,,None,7525000,7525000,,None,,,,,-181915000,-181915000,7525000,None,0.295,,218735000,-188788000,,,,,7568000,,,,,-0.49,226.27,16.49,,,,,,,,0.0136,,,2025-10-30,quarterly,2.9,USD,pre-market,129127000,,0.0365,0.327,1.493,24.65,89608000,,,,368.05,442.75,101.3889,,,,,,,33294000,,1430.68,,495.55,205.87
2025-12-28,ALNY,0.28,3210070000.0,1430.68,,0.298,1.775,,,,,,,,,,,,,,,None,1665000,1665000,,,,,,None,-2228000,,,,,0.0,1.46,-218128000,-220356000,1.44,2018-12-31,45.25,,2693105000.0,19368000,-211080000,361000,,,None,10571000,None,,None,,,,,-211441000,-211441000,None,None,0.295,,239724000,-220356000,,,,,9276000,,,,,-0.49,226.27,16.49,,,,,,,,0.0136,,,2025-10-30,quarterly,2.9,USD,pre-market,131036000,,0.0365,0.327,1.493,24.65,108688000,,,,368.05,442.75,101.3889,,,,,,,21033000,,1430.68,,495.55,205.87
2025-12-28,ALNY,0.28,3210070000.0,1430.68,,0.298,1.775,,,,,,,,,,,,,,,None,137000,137000,,,,,,None,3246000,,,,,0.0,1.46,-257804000,-254558000,1.44,2018-09-30,45.25,,2693105000.0,1932000,-244837000,445000,,,None,6796000,None,,None,,,,,-245282000,-245282000,None,None,0.295,,256490000,-254558000,,,,,9721000,,,,,-0.49,226.27,16.49,,,,,,,,0.0136,,,2025-10-30,quarterly,2.9,USD,pre-market,139945000,,0.0365,0.327,1.493,24.65,116545000,,,,368.05,442.75,101.3889,,,,,,,2069000,,1430.68,,495.55,205.87
2025-12-28,ALNY,0.28,3210070000.0,1430.68,,0.298,1.775,,,,,,,,,,,,,,,None,220022000,220022000,,,,,,None,2239000,,,,,0.0,1.46,-192354000,-190115000,1.44,2018-06-30,45.25,,2693105000.0,29907000,-163481000,79000,,,None,6101000,None,,None,,,,,-163560000,-163560000,None,None,0.295,,222261000,-192354000,,,,,28873000,,,,,-0.49,226.27,16.49,,,,,,,,0.0136,,,2025-10-30,quarterly,2.9,USD,pre-market,137582000,,0.0365,0.327,1.493,24.65,84679000,,,,368.05,442.75,101.3889,,,,,,,29907000,,1430.68,,495.55,205.87
2025-12-28,ALNY,0.28,3210070000.0,1430.68,,0.298,1.775,,,,,,,,,,,,,,,None,166126000,166126000,,,,,,None,3178000,,,,,0.0,1.46,-147405000,-144227000,1.44,2018-03-31,45.25,,2693105000.0,21899000,-141276000,-62000,,,None,5794000,None,,None,,,,,-141214000,-141214000,None,None,0.295,,169304000,-147405000,,,,,6129000,,,,,-0.49,226.27,16.49,,,,,,,,0.0136,,,2025-10-30,quarterly,2.9,USD,pre-market,96857000,,0.0365,0.327,1.493,24.65,72447000,,,,368.05,442.75,101.3889,,,,,,,21899000,,1430.68,,495.55,205.87
2025-12-28,ALNY,0.28,3210070000.0,1430.68,,0.298,1.775,,,,,,,,,,,,,,,None,181513000,181513000,,,,,,None,3714000,,,,,0.0,1.46,-147303000,-143589000,1.44,2017-12-31,45.25,,2693105000.0,37924000,-142227000,-7949000,,,None,4235000,None,,None,,,,,-142227000,-142227000,None,None,0.295,,185227000,-147303000,,,,,5076000,,,,,-0.49,226.27,16.49,,,,,,,,0.0136,,,2025-10-30,quarterly,2.9,USD,pre-market,117772000,,0.0365,0.327,1.493,24.65,67455000,,,,368.05,442.75,101.3889,,,,,,,37924000,,1430.68,,495.55,205.87
2025-12-28,ALNY,0.28,3210070000.0,1430.68,,0.298,1.775,,,,,,,,,,,,,,,None,139309000,139309000,,,,,,None,3587000,,,,,0.0,1.46,-125800000,-122213000,1.44,2017-09-30,45.25,,2693105000.0,17096000,-122937000,-3296000,,,None,3296000,None,,None,,,,,-122937000,-122937000,None,None,0.295,,142896000,-125800000,,,,,2863000,,,,,-0.49,226.27,16.49,,,,,,,,0.0136,,,2025-10-30,quarterly,2.9,USD,pre-market,95252000,,0.0365,0.327,1.493,24.65,47644000,,,,368.05,442.75,101.3889,,,,,,,17096000,,1430.68,,495.55,205.87
2025-12-28,ALNY,0.28,3210070000.0,1430.68,,0.298,1.775,,,,,,,,,,,,,,,None,133340000,133340000,,,,,,None,3066000,,,,,0.0,1.46,-120474000,-117408000,1.44,2017-06-30,45.25,,2693105000.0,15932000,-118420000,-2577000,,,None,2577000,None,,None,,,,,-118420000,-118420000,None,None,0.295,,136406000,-120474000,,,,,2054000,,,,,-0.49,226.27,16.49,,,,,,,,0.0136,,,2025-10-30,quarterly,2.9,USD,pre-market,90627000,,0.0365,0.327,1.493,24.65,45779000,,,,368.05,442.75,101.3889,,,,,,,15932000,,1430.68,,495.55,205.87
2025-12-28,ALNY,0.28,3210070000.0,1430.68,,0.298,1.775,,,,,,,,,,,,,,,None,122471000,122471000,,,,,,None,3000000,,,,,0.0,1.46,-106511000,-103511000,1.44,2017-03-31,45.25,,2693105000.0,18960000,-107290000,-2128000,,,None,2128000,None,,None,,,,,-107290000,-107290000,None,None,0.295,,125471000,-106511000,,,,,-779000,,,,,-0.49,226.27,16.49,,,,,,,,0.0136,,,2025-10-30,quarterly,2.9,USD,pre-market,86984000,,0.0365,0.327,1.493,24.65,38487000,,,,368.05,442.75,101.3889,,,,,,,18960000,,1430.68,,495.55,205.87
2025-12-28,ALNY,0.28,3210070000.0,1430.68,,0.298,1.775,,,,,,,,,,,,,,,None,129869000,129869000,,,,,,None,3018000,,,,,0.0,1.46,-115433000,-112415000,1.44,2016-12-31,45.25,,2693105000.0,17454000,-112934000,-5217000,,,None,2199000,None,,None,,,,,-112934000,-112934000,None,None,0.295,,132887000,-115433000,,,,,2499000,,,,,-0.49,226.27,16.49,,,,,,,,0.0136,,,2025-10-30,quarterly,2.9,USD,pre-market,105011000,,0.0365,0.327,1.493,24.65,27876000,,,,368.05,442.75,101.3889,,,,,,,17454000,,1430.68,,495.55,205.87
2025-12-28,ALNY,0.28,3210070000.0,1430.68,,0.298,1.775,,,,,,,,,,,,,,,None,116827000,116827000,,,,,,None,3500000,,,,,0.0,1.46,-106676000,-103176000,1.44,2016-09-30,45.25,,2693105000.0,13651000,-104071000,-2204000,,,None,2204000,None,,None,,,,,-104071000,-104071000,None,None,0.295,,120327000,-106676000,,,,,2605000,,,,,-0.49,226.27,16.49,,,,,,,,0.0136,,,2025-10-30,quarterly,2.9,USD,pre-market,97936000,,0.0365,0.327,1.493,24.65,22391000,,,,368.05,442.75,101.3889,,,,,,,13651000,,1430.68,,495.55,205.87
2025-12-28,ALNY,0.28,3210070000.0,1430.68,,0.298,1.775,,,,,,,,,,,,,,,None,97148000,97148000,,,,,,None,4011000,,,,,0.0,1.46,-92450000,-88439000,1.44,2016-06-30,45.25,,2693105000.0,8709000,-90129000,-2092000,,,None,2092000,None,,None,,,,,-90129000,-90129000,None,None,0.295,,101159000,-92450000,,,,,2321000,,,,,-0.49,226.27,16.49,,,,,,,,0.0136,,,2025-10-30,quarterly,2.9,USD,pre-market,83172000,,0.0365,0.327,1.493,24.65,17987000,,,,368.05,442.75,101.3889,,,,,,,8709000,,1430.68,,495.55,205.87
2025-12-28,ALNY,0.28,3210070000.0,1430.68,,0.298,1.775,,,,,,,,,,,,,,,None,112772000,112772000,,,,,,None,4601000,,,,,0.0,1.46,-110028000,-105427000,1.44,2016-03-31,45.25,,2693105000.0,7345000,-102974000,-6414000,,,None,1813000,None,,None,,,,,-102974000,-102974000,None,None,0.295,,117373000,-110028000,,,,,7054000,,,,,-0.49,226.27,16.49,,,,,,,,0.0136,,,2025-10-30,quarterly,2.9,USD,pre-market,96273000,,0.0365,0.327,1.493,24.65,21100000,,,,368.05,442.75,101.3889,,,,,,,7345000,,1430.68,,495.55,205.87
2025-12-28,ALNY,0.28,3210070000.0,1430.68,,0.298,1.775,,,,,,,,,,,,,,,None,94994000,94994000,,,,,,None,5069000,,,,,0.0,1.46,-92512000,-87443000,1.44,2015-12-31,45.25,,2693105000.0,7551000,-90721000,-6685000,,,None,1616000,None,,None,,,,,-90721000,-90721000,None,None,0.295,,100063000,-92512000,,,,,1791000,,,,,-0.49,226.27,16.49,,,,,,,,0.0136,,,2025-10-30,quarterly,2.9,USD,pre-market,82835000,,0.0365,0.327,1.493,24.65,17228000,,,,368.05,442.75,101.3889,,,,,,,7551000,,1430.68,,495.55,205.87
2025-12-28,ALNY,0.28,3210070000.0,1430.68,,0.298,1.775,,,,,,,,,,,,,,,None,79384000,79384000,,,,,,None,5270000,,,,,0.0,1.46,-78330000,-73060000,1.44,2015-09-30,45.25,,2693105000.0,6324000,-76792000,-1610000,,,None,1610000,None,,None,,,,,-76792000,-76792000,None,None,0.295,,84654000,-78330000,,,,,1538000,,,,,-0.49,226.27,16.49,,,,,,,,0.0136,,,2025-10-30,quarterly,2.9,USD,pre-market,68618000,,0.0365,0.327,1.493,24.65,16036000,,,,368.05,442.75,101.3889,,,,,,,6324000,,1430.68,,495.55,205.87
2025-12-28,ALNY,0.28,3210070000.0,1430.68,,0.298,1.775,,,,,,,,,,,,,,,None,76608000,76608000,,,,,,None,5021000,,,,,0.0,1.46,-72944000,-67923000,1.44,2015-06-30,45.25,,2693105000.0,8685000,-71352000,431000,,,None,1619000,None,,None,,,,,-71783000,-71783000,None,None,0.295,,81629000,-72944000,,,,,1592000,,,,,-0.49,226.27,16.49,,,,,,,,0.0136,,,2025-10-30,quarterly,2.9,USD,pre-market,67007000,,0.0365,0.327,1.493,24.65,14622000,,,,368.05,442.75,101.3889,,,,,,,8685000,,1430.68,,495.55,205.87
2025-12-28,ALNY,0.28,3210070000.0,1430.68,,0.298,1.775,,,,,,,,,,,,,,,None,67069000,67069000,,,,,,None,3690000,,,,,0.0,1.46,-52222000,-48532000,1.44,2015-03-31,45.25,,2693105000.0,18537000,-51208000,-431000,,,None,1014000,None,,None,,,,,-50777000,-50777000,None,None,0.295,,70759000,-52222000,,,,,1014000,,,,,-0.49,226.27,16.49,,,,,,,,0.0136,,,2025-10-30,quarterly,2.9,USD,pre-market,58035000,,0.0365,0.327,1.493,24.65,12724000,,,,368.05,442.75,101.3889,,,,,,,18537000,,1430.68,,495.55,205.87
2025-12-28,ALNY,0.28,3210070000.0,1430.68,,0.298,1.775,,,,,,,,,,,,,,,None,66390000,66390000,,,,,,None,3341000,,,,,0.0,1.46,-45712000,-42371000,1.44,2014-12-31,45.25,,2693105000.0,24019000,-43480000,-22091000,,,None,780000,None,,None,,,,,-21389000,-21389000,None,None,0.295,,69731000,-45712000,,,,,2232000,,,,,-0.49,226.27,16.49,,,,,,,,0.0136,,,2025-10-30,quarterly,2.9,USD,pre-market,55546000,,0.0365,0.327,1.493,24.65,14185000,,,,368.05,442.75,101.3889,,,,,,,24019000,,1430.68,,495.55,205.87
2025-12-28,ALNY,0.28,3210070000.0,1430.68,,0.298,1.775,,,,,,,,,,,,,,,None,53054000,53054000,,,,,,None,3117000,,,,,0.0,1.46,-45199000,-42082000,1.44,2014-09-30,45.25,,2693105000.0,10972000,-43922000,67000,,,None,753000,None,,None,,,,,-43989000,-43989000,None,None,0.295,,56171000,-45199000,,,,,1277000,,,,,-0.49,226.27,16.49,,,,,,,,0.0136,,,2025-10-30,quarterly,2.9,USD,pre-market,46273000,,0.0365,0.327,1.493,24.65,9898000,,,,368.05,442.75,101.3889,,,,,,,10972000,,1430.68,,495.55,205.87
2025-12-28,ALNY,0.28,3210070000.0,1430.68,,0.298,1.775,,,,,,,,,,,,,,,None,53322000,53322000,,,,,,None,2868000,,,,,0.0,1.46,-48895000,-46027000,1.44,2014-06-30,45.25,,2693105000.0,7295000,-44389000,-315000,,,None,693000,None,,None,,,,,-44074000,-44074000,None,None,0.295,,56190000,-45005000,,,,,616000,,,,,-0.49,226.27,16.49,,,,,,,,0.0136,,,2025-10-30,quarterly,2.9,USD,pre-market,44672000,,0.0365,0.327,1.493,24.65,11518000,,,,368.05,442.75,101.3889,,,,,,,7295000,,1430.68,,495.55,205.87
2025-12-28,ALNY,0.28,3210070000.0,1430.68,,0.298,1.775,,,,,,,,,,,,,,,None,50083000,50083000,,,,,,None,2600000,,,,,0.0,1.46,-44408000,-41808000,1.44,2014-03-31,45.25,,2693105000.0,8275000,-268813000,-17870000,,,None,333000,None,,None,,,,,-250943000,-250943000,None,None,0.295,,52683000,-269064000,,,,,251000,,,,,-0.49,226.27,16.49,,,,,,,,0.0136,,,2025-10-30,quarterly,2.9,USD,pre-market,43758000,,0.0365,0.327,1.493,24.65,8925000,,,,368.05,442.75,101.3889,,,,,,,8275000,,1430.68,,495.55,205.87
2025-12-28,ALNY,0.28,3210070000.0,1430.68,,0.298,1.775,,,,,,,,,,,,,,,None,37991000,37991000,,,,,,None,2627000,,,,,0.0,1.46,-29592000,-26965000,1.44,2013-12-31,45.25,,2693105000.0,10847000,-29336000,3021000,,,None,285000,None,,None,,,,,-32357000,-32357000,None,None,0.295,,40439000,-29592000,,,,,256000,,,,,-0.49,226.27,16.49,,,,,,,,0.0136,,,2025-10-30,quarterly,2.9,USD,pre-market,32106000,,0.0365,0.327,1.493,24.65,8333000,,,,368.05,442.75,101.3889,,,,,,,10847000,,1430.68,,495.55,205.87
2025-12-28,ALNY,0.28,3210070000.0,1430.68,,0.298,1.775,,,,,,,,,,,,,,,None,38461000,38461000,,,,,,None,2764000,,,,,0.0,1.46,-32234000,-29470000,1.44,2013-09-30,45.25,,2693105000.0,8991000,-31956000,-2270000,,,None,290000,None,,None,,,,,-29686000,-29686000,None,None,0.295,,41225000,-32234000,,,,,278000,,,,,-0.49,226.27,16.49,,,,,,,,0.0136,,,2025-10-30,quarterly,2.9,USD,pre-market,34457000,,0.0365,0.327,1.493,24.65,6768000,,,,368.05,442.75,101.3889,,,,,,,8991000,,1430.68,,495.55,205.87
2025-12-28,ALNY,0.28,3210070000.0,1430.68,,0.298,1.775,,,,,,,,,,,,,,,None,27288000,27288000,,,,,,None,2711000,,,,,0.0,1.46,-21312000,-18601000,1.44,2013-06-30,45.25,,2693105000.0,8687000,-21053000,-2884000,,,None,270000,None,,None,,,,,-18169000,-18169000,None,None,0.295,,29999000,-21312000,,,,,259000,,,,,-0.49,226.27,16.49,,,,,,,,0.0136,,,2025-10-30,quarterly,2.9,USD,pre-market,24215000,,0.0365,0.327,1.493,24.65,5784000,,,,368.05,442.75,101.3889,,,,,,,8687000,,1430.68,,495.55,205.87
2025-12-28,ALNY,0.28,3210070000.0,1430.68,,0.298,1.775,,,,,,,,,,,,,,,None,26319000,26319000,,,,,,None,2127000,,,,,0.0,1.46,-9804000,-7677000,1.44,2013-03-31,45.25,,2693105000.0,18642000,-9575000,-562000,,,None,224000,None,,None,,,,,-9013000,-9013000,None,None,0.295,,28446000,-9804000,,,,,229000,,,,,-0.49,226.27,16.49,,,,,,,,0.0136,,,2025-10-30,quarterly,2.9,USD,pre-market,22179000,,0.0365,0.327,1.493,24.65,6267000,,,,368.05,442.75,101.3889,,,,,,,18642000,,1430.68,,495.55,205.87
2025-12-28,ALNY,0.28,3210070000.0,1430.68,,0.298,1.775,,,,,,,,,,,,,,,None,29839000,29839000,,,,,,None,2024000,,,,,0.0,1.46,-23368000,-21344000,1.44,2012-12-31,45.25,,2693105000.0,8495000,-72760000,-10572000,,,None,222000,None,,None,,,,,-62188000,-62188000,None,None,0.295,,31844000,-88349000,,,,,15589000,,,,,-0.49,226.27,16.49,,,,,,,,0.0136,,,2025-10-30,quarterly,2.9,USD,pre-market,21678000,,0.0365,0.327,1.493,24.65,10166000,,,,368.05,442.75,101.3889,,,,,,,8495000,,1430.68,,495.55,205.87
2025-12-28,ALNY,0.28,3210070000.0,1430.68,,0.298,1.775,,,,,,,,,,,,,,,None,32621000,32621000,,,,,,None,2285000,,,,,0.0,1.46,-18147000,-15862000,1.44,2012-09-30,45.25,,2693105000.0,16759000,-19502000,-2543000,,,None,261000,None,,None,,,,,-19502000,-19502000,None,None,0.295,,34906000,-18147000,,,,,-1355000,,,,,-0.49,226.27,16.49,,,,,,,,0.0136,,,2025-10-30,quarterly,2.9,USD,pre-market,22094000,,0.0365,0.327,1.493,24.65,12812000,,,,368.05,442.75,101.3889,,,,,,,16759000,,1430.68,,495.55,205.87
2025-12-28,ALNY,0.28,3210070000.0,1430.68,,0.298,1.775,,,,,,,,,,,,,,,None,30529000,30529000,,,,,,None,2605000,,,,,0.0,1.46,-12067000,-9462000,1.44,2012-06-30,45.25,,2693105000.0,20884000,-12956000,-2855000,,,None,271000,None,,None,,,,,-12956000,-12956000,None,None,0.295,,32951000,-12067000,,,,,-889000,,,,,-0.49,226.27,16.49,,,,,,,,0.0136,,,2025-10-30,quarterly,2.9,USD,pre-market,21723000,,0.0365,0.327,1.493,24.65,11228000,,,,368.05,442.75,101.3889,,,,,,,20884000,,1430.68,,495.55,205.87
2025-12-28,ALNY,0.28,3210070000.0,1430.68,,0.298,1.775,,,,,,,,,,,,,,,None,25450000,25450000,,,,,,None,2121000,,,,,0.0,1.46,-11084000,-8963000,1.44,2012-03-31,45.25,,2693105000.0,20587000,-11368000,-414000,,,None,223000,None,,None,,,,,-11368000,-11368000,None,None,0.295,,31480000,-10893000,,,,,-475000,,,,,-0.49,226.27,16.49,,,,,,,,0.0136,,,2025-10-30,quarterly,2.9,USD,pre-market,21074000,,0.0365,0.327,1.493,24.65,10406000,,,,368.05,442.75,101.3889,,,,,,,20587000,,1430.68,,495.55,205.87
2025-12-28,ALNY,0.28,3210070000.0,1430.68,,0.298,1.775,,,,,,,,,,,,,,,None,32804000,32804000,,,,,,None,1237000,,,,,0.0,1.46,-13586000,-12349000,1.44,2011-12-31,45.25,,2693105000.0,20455000,-14303000,-237000,,,None,236000,None,,None,,,,,-14303000,-14303000,None,None,0.295,,34041000,-13586000,,,,,-717000,,,,,-0.49,226.27,16.49,,,,,,,,0.0136,,,2025-10-30,quarterly,2.9,USD,pre-market,23369000,,0.0365,0.327,1.493,24.65,38280000,,,,368.05,442.75,101.3889,,,,,,,20455000,,1430.68,,495.55,205.87
2025-12-28,ALNY,0.28,3210070000.0,1430.68,,0.298,1.775,,,,,,,,,,,,,,,None,31967000,31967000,,,,,,None,1262000,,,,,0.0,1.46,-12438000,-11176000,1.44,2011-09-30,45.25,,2693105000.0,20791000,-13237000,-930000,,,None,265000,None,,None,,,,,-13237000,-13237000,None,None,0.295,,33229000,-12438000,,,,,-799000,,,,,-0.49,226.27,16.49,,,,,,,,0.0136,,,2025-10-30,quarterly,2.9,USD,pre-market,24274000,,0.0365,0.327,1.493,24.65,8955000,,,,368.05,442.75,101.3889,,,,,,,20791000,,1430.68,,495.55,205.87
2025-12-28,ALNY,0.28,3210070000.0,1430.68,,0.298,1.775,,,,,,,,,,,,,,,None,32445000,32445000,,,,,,None,1287000,,,,,0.0,1.46,-13118000,-11831000,1.44,2011-06-30,45.25,,2693105000.0,20614000,-13824000,-1593000,,,None,322000,None,,None,,,,,-13824000,-13824000,None,None,0.295,,33732000,-13118000,,,,,-706000,,,,,-0.49,226.27,16.49,,,,,,,,0.0136,,,2025-10-30,quarterly,2.9,USD,pre-market,25303000,,0.0365,0.327,1.493,24.65,8429000,,,,368.05,442.75,101.3889,,,,,,,20614000,,1430.68,,495.55,205.87
2025-12-28,ALNY,0.28,3210070000.0,1430.68,,0.298,1.775,,,,,,,,,,,,,,,None,35234000,35234000,,,,,,None,1339000,,,,,0.0,1.46,-15676000,-14337000,1.44,2011-03-31,45.25,,2693105000.0,20897000,-16285000,-1802000,,,None,382000,None,,None,,,,,-16285000,-16285000,None,None,0.295,,36573000,-15676000,,,,,-609000,,,,,-0.49,226.27,16.49,,,,,,,,0.0136,,,2025-10-30,quarterly,2.9,USD,pre-market,26349000,,0.0365,0.327,1.493,24.65,10224000,,,,368.05,442.75,101.3889,,,,,,,20897000,,1430.68,,495.55,205.87
2025-12-28,ALNY,0.28,3210070000.0,1430.68,,0.298,1.775,,,,,,,,,,,,,,,None,32311000,32311000,,,,,,None,1291000,,,,,0.0,1.46,-14305000,-13014000,1.44,2010-12-31,45.25,,2693105000.0,21192000,-6503000,427000,,,None,472000,None,,None,,,,,-6930000,0,None,None,0.295,,33602000,-12410000,,,,,None,,,,,-0.49,226.27,16.49,,,,,,,,0.0136,,,2025-10-30,quarterly,2.9,USD,pre-market,26080000,,0.0365,0.327,1.493,24.65,37727000,,,,368.05,442.75,101.3889,,,,,,,21192000,,1430.68,,495.55,205.87
2025-12-28,ALNY,0.28,3210070000.0,1430.68,,0.298,1.775,,,,,,,,,,,,,,,None,32937000,32937000,,,,,,None,1266000,,,,,0.0,1.46,-8728000,-7462000,1.44,2010-09-30,45.25,,2693105000.0,27668000,-9332000,298000,,,None,602000,None,,None,,,,,-9630000,-9630000,None,None,0.295,,36396000,-8728000,,,,,-604000,,,,,-0.49,226.27,16.49,,,,,,,,0.0136,,,2025-10-30,quarterly,2.9,USD,pre-market,27468000,,0.0365,0.327,1.493,24.65,8928000,,,,368.05,442.75,101.3889,,,,,,,27668000,,1430.68,,495.55,205.87
2025-12-28,ALNY,0.28,3210070000.0,1430.68,,0.298,1.775,,,,,,,,,,,,,,,None,37020000,37020000,,,,,,None,1223000,,,,,0.0,1.46,-11626000,-10403000,1.44,2010-06-30,45.25,,2693105000.0,26617000,-14861000,-229000,,,None,641000,None,,None,,,,,-14632000,-14632000,None,None,0.295,,38243000,-11626000,,,,,-3235000,,,,,-0.49,226.27,16.49,,,,,,,,0.0136,,,2025-10-30,quarterly,2.9,USD,pre-market,28136000,,0.0365,0.327,1.493,24.65,10107000,,,,368.05,442.75,101.3889,,,,,,,26617000,,1430.68,,495.55,205.87
2025-12-28,ALNY,0.28,3210070000.0,1430.68,,0.298,1.775,,,,,,,,,,,,,,,None,34709000,34709000,,,,,,None,1161000,,,,,0.0,1.46,-11306000,-10145000,1.44,2010-03-31,45.25,,2693105000.0,24564000,-12305000,18000,,,None,590000,None,,None,,,,,-12323000,0,None,None,0.295,,35870000,-11306000,,,,,None,,,,,-0.49,226.27,16.49,,,,,,,,0.0136,,,2025-10-30,quarterly,2.9,USD,pre-market,24700000,,0.0365,0.327,1.493,24.65,11170000,,,,368.05,442.75,101.3889,,,,,,,24564000,,1430.68,,495.55,205.87
2025-12-28,ALNY,0.28,3210070000.0,1430.68,,0.298,1.775,,,,,,,,,,,,,,,None,33559000,33559000,,,,,,None,1136000,,,,,0.0,1.46,-8230000,-7094000,1.44,2009-12-31,45.25,,2693105000.0,26626000,-8230000,-439000,,,None,843000,None,,None,,,,,-7791000,0,None,None,0.295,,34695000,-8069000,,,,,None,,,,,-0.49,226.27,16.49,,,,,,,,0.0136,,,2025-10-30,quarterly,2.9,USD,pre-market,21575000,,0.0365,0.327,1.493,24.65,39914000,,,,368.05,442.75,101.3889,,,,,,,26626000,,1430.68,,495.55,205.87
2025-12-28,ALNY,0.28,3210070000.0,1430.68,,0.298,1.775,,,,,,,,,,,,,,,None,32788000,32788000,,,,,,None,1111000,,,,,0.0,1.46,-9650000,-8539000,1.44,2009-09-30,45.25,,2693105000.0,24249000,-9760000,-552000,,,None,1036000,None,,None,,,,,-9208000,0,None,None,0.295,,33899000,-9650000,,,,,None,,,,,-0.49,226.27,16.49,,,,,,,,0.0136,,,2025-10-30,quarterly,2.9,USD,pre-market,23219000,,0.0365,0.327,1.493,24.65,10680000,,,,368.05,442.75,101.3889,,,,,,,24249000,,1430.68,,495.55,205.87
2025-12-28,ALNY,0.28,3210070000.0,1430.68,,0.298,1.775,,,,,,,,,,,,,,,None,45070000,45070000,,,,,,None,1943000,,,,,0.0,1.46,-22412000,-20469000,1.44,2009-06-30,45.25,,2693105000.0,24601000,-21794000,908000,,,None,1458000,None,,None,,,,,-22702000,0,None,None,0.295,,47013000,-22412000,,,,,None,,,,,-0.49,226.27,16.49,,,,,,,,0.0136,,,2025-10-30,quarterly,2.9,USD,pre-market,38615000,,0.0365,0.327,1.493,24.65,8398000,,,,368.05,442.75,101.3889,,,,,,,24601000,,1430.68,,495.55,205.87
2025-12-28,ALNY,0.28,3210070000.0,1430.68,,0.298,1.775,,,,,,,,,,,,,,,None,31235000,31235000,,,,,,None,1802000,,,,,0.0,1.46,-7980000,-6178000,1.44,2009-03-31,45.25,,2693105000.0,25057000,-7224000,665000,,,None,2048000,None,,None,,,,,-7889000,0,None,None,0.295,,33037000,-7980000,,,,,None,,,,,-0.49,226.27,16.49,,,,,,,,0.0136,,,2025-10-30,quarterly,2.9,USD,pre-market,25321000,,0.0365,0.327,1.493,24.65,7716000,,,,368.05,442.75,101.3889,,,,,,,25057000,,1430.68,,495.55,205.87
2025-12-28,ALNY,0.28,3210070000.0,1430.68,,0.298,1.775,,,,,,,,,,,,,,,None,30419000,30419000,,,,,,None,1798000,,,,,0.0,1.46,-4636000,-2838000,1.44,2008-12-31,45.25,,2693105000.0,24404000,-9336000,56000,,,None,872000,None,,None,,,,,-9392000,0,None,None,0.295,,32217000,-7813000,,,,,None,,,,,-0.49,226.27,16.49,,,,,,,,0.0136,,,2025-10-30,quarterly,2.9,USD,pre-market,24943000,,0.0365,0.327,1.493,24.65,27115000,,,,368.05,442.75,101.3889,,,,,,,24404000,,1430.68,,495.55,205.87
2025-12-28,ALNY,0.28,3210070000.0,1430.68,,0.298,1.775,,,,,,,,,,,,,,,None,27337000,27337000,,,,,,None,1631000,,,,,0.0,1.46,-3234000,-1603000,1.44,2008-09-30,45.25,,2693105000.0,25734000,-3651000,-793000,,,None,176000,None,,None,,,,,-2858000,0,None,None,0.295,,28968000,-3234000,,,,,None,,,,,-0.49,226.27,16.49,,,,,,,,0.0136,,,2025-10-30,quarterly,2.9,USD,pre-market,22105000,,0.0365,0.327,1.493,24.65,6863000,,,,368.05,442.75,101.3889,,,,,,,25734000,,1430.68,,495.55,205.87
2025-12-28,ALNY,0.28,3210070000.0,1430.68,,0.298,1.775,,,,,,,,,,,,,,,None,35318000,35318000,,,,,,None,1346000,,,,,0.0,1.46,-12831000,-11485000,1.44,2008-06-30,45.25,,2693105000.0,23833000,-11509000,1251000,,,None,208000,None,,None,,,,,-12760000,0,None,None,0.295,,36664000,-12831000,,,,,None,,,,,-0.49,226.27,16.49,,,,,,,,0.0136,,,2025-10-30,quarterly,2.9,USD,pre-market,29558000,,0.0365,0.327,1.493,24.65,7106000,,,,368.05,442.75,101.3889,,,,,,,23833000,,1430.68,,495.55,205.87
2025-12-28,ALNY,0.28,3210070000.0,1430.68,,0.298,1.775,,,,,,,,,,,,,,,None,25198000,25198000,,,,,,None,951000,,,,,0.0,1.46,-3957000,-3006000,1.44,2008-03-31,45.25,,2693105000.0,22192000,-1034000,205000,,,None,232000,None,,None,,,,,-1239000,0,None,None,0.295,,26149000,-3957000,,,,,None,,,,,-0.49,226.27,16.49,,,,,,,,0.0136,,,2025-10-30,quarterly,2.9,USD,pre-market,20277000,,0.0365,0.327,1.493,24.65,5872000,,,,368.05,442.75,101.3889,,,,,,,22192000,,1430.68,,495.55,205.87
2025-12-28,ALNY,0.28,3210070000.0,1430.68,,0.298,1.775,,,,,,,,,,,,,,,None,20222000,20222000,,,,,,None,902000,,,,,0.0,1.46,-2892000,-1990000,1.44,2007-12-31,45.25,,2693105000.0,18232000,1722000,60000,,,None,1083000,None,,None,,,,,1662000,0,None,None,0.295,,21124000,-2892000,,,,,None,,,,,-0.49,226.27,16.49,,,,,,,,0.0136,,,2025-10-30,quarterly,2.9,USD,pre-market,15584000,,0.0365,0.327,1.493,24.65,23388000,,,,368.05,442.75,101.3889,,,,,,,18232000,,1430.68,,495.55,205.87
2025-12-28,ALNY,0.28,3210070000.0,1430.68,,0.298,1.775,,,,,,,,,,,,,,,None,62805000,62805000,,,,,,None,1048000,,,,,0.0,1.46,-51338000,-50290000,1.44,2007-09-30,45.25,,2693105000.0,16315000,-47607000,5185000,,,None,272000,None,,None,,,,,-52792000,0,None,None,0.295,,67653000,-51338000,,,,,None,,,,,-0.49,226.27,16.49,,,,,,,,0.0136,,,2025-10-30,quarterly,2.9,USD,pre-market,59618000,,0.0365,0.327,1.493,24.65,8035000,,,,368.05,442.75,101.3889,,,,,,,16315000,,1430.68,,495.55,205.87
2025-12-28,ALNY,0.28,3210070000.0,1430.68,,0.298,1.775,,,,,,,,,,,,,,,None,23149000,23149000,,,,,,None,937000,,,,,0.0,1.46,-14953000,-14016000,1.44,2007-06-30,45.25,,2693105000.0,9133000,-12691000,-2262000,,,None,275000,None,,None,,,,,-12691000,0,None,None,0.295,,24086000,-14953000,,,,,None,,,,,-0.49,226.27,16.49,,,,,,,,0.0136,,,2025-10-30,quarterly,2.9,USD,pre-market,18813000,,0.0365,0.327,1.493,24.65,5273000,,,,368.05,442.75,101.3889,,,,,,,9133000,,1430.68,,495.55,205.87
2025-12-28,ALNY,0.28,3210070000.0,1430.68,,0.298,1.775,,,,,,,,,,,,,,,None,30016000,30016000,,,,,,None,1195000,,,,,0.0,1.46,-23994000,-22799000,1.44,2007-03-31,45.25,,2693105000.0,7217000,-21645000,-2349000,,,None,286000,None,,None,,,,,-21645000,0,None,None,0.295,,31211000,-23994000,,,,,None,,,,,-0.49,226.27,16.49,,,,,,,,0.0136,,,2025-10-30,quarterly,2.9,USD,pre-market,26671000,,0.0365,0.327,1.493,24.65,4540000,,,,368.05,442.75,101.3889,,,,,,,7217000,,1430.68,,495.55,205.87
2025-12-28,ALNY,0.28,3210070000.0,1430.68,,0.298,1.775,,,,,,,,,,,,,,,None,15770000,15770000,,,,,,None,1087000,,,,,0.0,1.46,-9991000,-8904000,1.44,2006-12-31,45.25,,2693105000.0,6981000,-34608000,-26170000,,,None,296000,None,,None,,,,,-8438000,0,None,None,0.295,,16972000,-9991000,,,,,None,,,,,-0.49,226.27,16.49,,,,,,,,0.0136,,,2025-10-30,quarterly,2.9,USD,pre-market,12343000,,0.0365,0.327,1.493,24.65,4629000,,,,368.05,442.75,101.3889,,,,,,,6981000,,1430.68,,495.55,205.87
2025-12-28,ALNY,0.28,3210070000.0,1430.68,,0.298,1.775,,,,,,,,,,,,,,,None,14824000,14824000,,,,,,None,992000,,,,,0.0,1.46,-8518000,-7526000,1.44,2006-09-30,45.25,,2693105000.0,8211000,-7400000,-1204000,,,None,265000,None,,None,,,,,-7400000,0,None,None,0.295,,16815000,-8604000,,,,,None,,,,,-0.49,226.27,16.49,,,,,,,,0.0136,,,2025-10-30,quarterly,2.9,USD,pre-market,12833000,,0.0365,0.327,1.493,24.65,3982000,,,,368.05,442.75,101.3889,,,,,,,8211000,,1430.68,,495.55,205.87
2025-12-28,ALNY,0.28,3210070000.0,1430.68,,0.298,1.775,,,,,,,,,,,,,,,None,31767000,31767000,,,,,,None,947000,,,,,0.0,1.46,-11968000,-11021000,1.44,2006-06-30,45.25,,2693105000.0,6021000,-9910000,-1199000,,,None,230000,None,,None,,,,,-9910000,0,None,None,0.295,,17130000,-11109000,,,,,None,,,,,-0.49,226.27,16.49,,,,,,,,0.0136,,,2025-10-30,quarterly,2.9,USD,pre-market,12692000,,0.0365,0.327,1.493,24.65,4438000,,,,368.05,442.75,101.3889,,,,,,,6021000,,1430.68,,495.55,205.87
2025-12-28,ALNY,0.28,3210070000.0,1430.68,,0.298,1.775,,,,,,,,,,,,,,,None,0,0,,,,,,None,789000,,,,,0.0,1.46,-9797000,-9008000,1.44,2006-03-31,45.25,,2693105000.0,5717000,-8860000,-937000,,,None,238000,None,,None,,,,,-8860000,0,None,None,0.295,,15514000,-9797000,,,,,None,,,,,-0.49,226.27,16.49,,,,,,,,0.0136,,,2025-10-30,quarterly,2.9,USD,pre-market,11930000,,0.0365,0.327,1.493,24.65,3584000,,,,368.05,442.75,101.3889,,,,,,,5717000,,1430.68,,495.55,205.87
2025-12-28,ALNY,0.28,3210070000.0,1430.68,,0.298,1.775,,,,,,,,,,,,,,,None,15717000,15717000,,,,,,None,752000,,,,,0.0,1.46,-14917000,-14165000,1.44,2005-12-31,45.25,,2693105000.0,1552000,-42914000,-28423000,,,None,252000,None,,None,,,,,-14491000,0,None,None,0.295,,16469000,-14917000,,,,,None,,,,,-0.49,226.27,16.49,,,,,,,,0.0136,,,2025-10-30,quarterly,2.9,USD,pre-market,12762000,,0.0365,0.327,1.493,24.65,3707000,,,,368.05,442.75,101.3889,,,,,,,1552000,,1430.68,,495.55,205.87
2025-12-28,ALNY,0.28,3210070000.0,1430.68,,0.298,1.775,,,,,,,,,,,,,,,None,11343000,11343000,,,,,,None,740000,,,,,0.0,1.46,-10670000,-9930000,1.44,2005-09-30,45.25,,2693105000.0,1413000,-10678000,8000,,,None,244000,None,,None,,,,,-10678000,0,None,None,0.295,,12083000,-10670000,,,,,None,,,,,-0.49,226.27,16.49,,,,,,,,0.0136,,,2025-10-30,quarterly,2.9,USD,pre-market,7995000,,0.0365,0.327,1.493,24.65,4088000,,,,368.05,442.75,101.3889,,,,,,,1413000,,1430.68,,495.55,205.87
2025-12-28,ALNY,0.28,3210070000.0,1430.68,,0.298,1.775,,,,,,,,,,,,,,,None,323370000,323370000,,,,,,None,56670000,,,,,0.0,1.46,-235517000,-178847000,1.44,2024-12-31,45.25,,2693105000.0,1924873000,-377375000,-99218000,,,None,141858000,121992000,,None,,,,,-278157000,-278157000,-19866000,None,0.295,,2101758000,-176885000,,,,,None,,,,,-0.49,226.27,16.49,,,,,,,,0.0136,,,2025-10-30,annual,2.9,USD,pre-market,1126232000,,0.0365,0.327,1.493,24.65,975526000,,,,368.05,442.75,101.3889,,,,,,,2248243000,,1430.68,,495.55,205.87
2025-12-28,ALNY,0.28,3210070000.0,1430.68,,0.298,1.775,,,,,,,,,,,,,,,None,310406000,310406000,,,,,,None,54054000,,,,,0.0,1.46,-312296000,-258242000,1.44,2023-12-31,45.25,,2693105000.0,1517886000,-433517000,6725000,,,None,121221000,95561000,,None,,,,,-440242000,-440242000,-25660000,None,0.295,,1800061000,-282175000,,,,,None,,,,,-0.49,226.27,16.49,,,,,,,,0.0136,,,2025-10-30,annual,2.9,USD,pre-market,1004415000,,0.0365,0.327,1.493,24.65,795646000,,,,368.05,442.75,101.3889,,,,,,,1828292000,,1430.68,,495.55,205.87
2025-12-28,ALNY,0.28,3210070000.0,1430.68,,0.298,1.775,,,,,,,,,,,,,,,None,168817000,168817000,,,,,,None,44468000,,,,,0.0,1.46,-971025000,-926557000,1.44,2022-12-31,45.25,,2693105000.0,868601000,-1126993000,4163000,,,None,155968000,24808000,,None,,,,,-1131156000,-1131156000,-131160000,None,0.295,,1653673000,-785072000,,,,,-185953000,,,,,-0.49,226.27,16.49,,,,,,,,0.0136,,,2025-10-30,annual,2.9,USD,pre-market,883015000,,0.0365,0.327,1.493,24.65,770658000,,,,368.05,442.75,101.3889,,,,,,,1037418000,,1430.68,,495.55,205.87
2025-12-28,ALNY,0.28,3210070000.0,1430.68,,0.298,1.775,,,,,,,,,,,,,,,None,140144000,140144000,,,,,,None,47567000,,,,,0.0,1.46,-709123000,-661556000,1.44,2021-12-31,45.25,,2693105000.0,704143000,-852144000,680000,,,None,143021000,1579000,,None,,,,,-852824000,-852824000,-141442000,None,0.295,,1412795000,-708652000,,,,,-471000,,,,,-0.49,226.27,16.49,,,,,,,,0.0136,,,2025-10-30,annual,2.9,USD,pre-market,792156000,,0.0365,0.327,1.493,24.65,620639000,,,,368.05,442.75,101.3889,,,,,,,844287000,,1430.68,,495.55,205.87
2025-12-28,ALNY,0.28,3210070000.0,1430.68,,0.298,1.775,,,,,,,,,,,,,,,None,78052000,78052000,,,,,,None,34772000,,,,,0.0,1.46,-771104000,-736332000,1.44,2020-12-31,45.25,,2693105000.0,414801000,-855600000,2681000,,,None,84496000,11809000,,None,,,,,-858281000,-858281000,-72687000,None,0.295,,1243239000,-828438000,,,,,57334000,,,,,-0.49,226.27,16.49,,,,,,,,0.0136,,,2025-10-30,annual,2.9,USD,pre-market,654819000,,0.0365,0.327,1.493,24.65,588420000,,,,368.05,442.75,101.3889,,,,,,,492853000,,1430.68,,495.55,205.87
2025-12-28,ALNY,0.28,3210070000.0,1430.68,,0.298,1.775,,,,,,,,,,,,,,,None,25062000,25062000,,,,,,None,54368000,,,,,0.0,1.46,-939431000,-885063000,1.44,2019-12-31,45.25,,2693105000.0,194688000,-885253000,863000,,,None,108546000,33448000,,None,,,,,-886116000,-886116000,33448000,None,0.295,,1134119000,-939431000,,,,,54178000,,,,,-0.49,226.27,16.49,,,,,,,,0.0136,,,2025-10-30,annual,2.9,USD,pre-market,655114000,,0.0365,0.327,1.493,24.65,479005000,,,,368.05,442.75,101.3889,,,,,,,219750000,,1430.68,,495.55,205.87
2025-12-28,ALNY,0.28,3210070000.0,1430.68,,0.298,1.775,,,,,,,,,,,,,,,None,1802000,1802000,,,,,,None,6435000,,,,,0.0,1.46,-760674000,-754239000,1.44,2018-12-31,45.25,,2693105000.0,73106000,-760674000,823000,,,None,29262000,29262000,,None,,,,,-761497000,-761497000,29262000,None,0.295,,887779000,-814673000,,,,,53999000,,,,,-0.49,226.27,16.49,,,,,,,,0.0136,,,2025-10-30,annual,2.9,USD,pre-market,505420000,,0.0365,0.327,1.493,24.65,382359000,,,,368.05,442.75,101.3889,,,,,,,74908000,,1430.68,,495.55,205.87
2025-12-28,ALNY,0.28,3210070000.0,1430.68,,0.298,1.775,,,,,,,,,,,,,,,None,578100000,578100000,,,,,,None,13367000,,,,,0.0,1.46,-500088000,-486721000,1.44,2017-12-31,45.25,,2693105000.0,89912000,-490874000,-25603000,,,None,12236000,12236000,,None,,,,,-490874000,-490874000,12236000,None,0.295,,590000000,-500088000,,,,,9214000,,,,,-0.49,226.27,16.49,,,,,,,,0.0136,,,2025-10-30,annual,2.9,USD,pre-market,390635000,,0.0365,0.327,1.493,24.65,199365000,,,,368.05,442.75,101.3889,,,,,,,89912000,,1430.68,,495.55,205.87
2025-12-28,ALNY,0.28,3210070000.0,1430.68,,0.298,1.775,,,,,,,,,,,,,,,None,462146000,462146000,,,,,,None,15130000,,,,,0.0,1.46,-424587000,-409457000,1.44,2016-12-31,45.25,,2693105000.0,47159000,-410108000,-23438000,,,None,8308000,8308000,,None,,,,,-410108000,-410108000,8308000,None,0.295,,471746000,-424587000,,,,,14479000,,,,,-0.49,226.27,16.49,,,,,,,,0.0136,,,2025-10-30,annual,2.9,USD,pre-market,382392000,,0.0365,0.327,1.493,24.65,89354000,,,,368.05,442.75,101.3889,,,,,,,47159000,,1430.68,,495.55,205.87
2025-12-28,ALNY,0.28,3210070000.0,1430.68,,0.298,1.775,,,,,,,,,,,,,,,None,330405000,330405000,,,,,,None,19050000,,,,,0.0,1.46,-296008000,-276958000,1.44,2015-12-31,45.25,,2693105000.0,41097000,-290073000,-24909000,,,None,5859000,5859000,,None,,,,,-290073000,-290073000,None,None,0.295,,337105000,-296008000,,,,,5935000,,,,,-0.49,226.27,16.49,,,,,,,,0.0136,,,2025-10-30,annual,2.9,USD,pre-market,276495000,,0.0365,0.327,1.493,24.65,60610000,,,,368.05,442.75,101.3889,,,,,,,41097000,,1430.68,,495.55,205.87
2025-12-28,ALNY,0.28,3210070000.0,1430.68,,0.298,1.775,,,,,,,,,,,,,,,None,229775000,229775000,,,,,,None,11926000,,,,,0.0,1.46,-184214000,-172288000,1.44,2014-12-31,45.25,,2693105000.0,50561000,-400604000,-40209000,,,None,2559000,None,,None,,,,,-360395000,-360395000,None,None,0.295,,234775000,-404980000,,,,,4376000,,,,,-0.49,226.27,16.49,,,,,,,,0.0136,,,2025-10-30,annual,2.9,USD,pre-market,190249000,,0.0365,0.327,1.493,24.65,44526000,,,,368.05,442.75,101.3889,,,,,,,50561000,,1430.68,,495.55,205.87
2025-12-28,ALNY,0.28,3210070000.0,1430.68,,0.298,1.775,,,,,,,,,,,,,,,None,134188000,134188000,,,,,,None,10229000,,,,,0.0,1.46,-92942000,-82713000,1.44,2013-12-31,45.25,,2693105000.0,47167000,-91920000,-2695000,,,None,1069000,None,,None,,,,,-89225000,-89225000,None,None,0.295,,140109000,-92942000,,,,,1022000,,,,,-0.49,226.27,16.49,,,,,,,,0.0136,,,2025-10-30,annual,2.9,USD,pre-market,112957000,,0.0365,0.327,1.493,24.65,27152000,,,,368.05,442.75,101.3889,,,,,,,47167000,,1430.68,,495.55,205.87
2025-12-28,ALNY,0.28,3210070000.0,1430.68,,0.298,1.775,,,,,,,,,,,,,,,None,122874000,122874000,,,,,,None,9035000,,,,,0.0,1.46,-60749000,-51714000,1.44,2012-12-31,45.25,,2693105000.0,66725000,-116586000,-10572000,,,None,977000,None,,None,,,,,-106014000,-106014000,None,None,0.295,,131181000,-129456000,,,,,12870000,,,,,-0.49,226.27,16.49,,,,,,,,0.0136,,,2025-10-30,annual,2.9,USD,pre-market,86569000,,0.0365,0.327,1.493,24.65,44612000,,,,368.05,442.75,101.3889,,,,,,,66725000,,1430.68,,495.55,205.87
2025-12-28,ALNY,0.28,3210070000.0,1430.68,,0.298,1.775,,,,,,,,,,,,,,,None,132450000,132450000,,,,,,None,5125000,,,,,0.0,1.46,-54818000,-49693000,1.44,2011-12-31,45.25,,2693105000.0,82757000,-57649000,-5799000,,,None,1205000,None,,None,,,,,-57649000,-57649000,None,None,0.295,,137575000,-54818000,,,,,-2831000,,,,,-0.49,226.27,16.49,,,,,,,,0.0136,,,2025-10-30,annual,2.9,USD,pre-market,99295000,,0.0365,0.327,1.493,24.65,38280000,,,,368.05,442.75,101.3889,,,,,,,82757000,,1430.68,,495.55,205.87
2025-12-28,ALNY,0.28,3210070000.0,1430.68,,0.298,1.775,,,,,,,,,,,,,,,None,136977000,136977000,,,,,,None,4941000,,,,,0.0,1.46,-43001000,-38060000,1.44,2010-12-31,45.25,,2693105000.0,100041000,-43001000,514000,,,None,2305000,None,,None,,,,,-43515000,-43515000,None,None,0.295,,144111000,-44070000,,,,,1069000,,,,,-0.49,226.27,16.49,,,,,,,,0.0136,,,2025-10-30,annual,2.9,USD,pre-market,106384000,,0.0365,0.327,1.493,24.65,37727000,,,,368.05,442.75,101.3889,,,,,,,100041000,,1430.68,,495.55,205.87
2025-12-28,ALNY,0.28,3210070000.0,1430.68,,0.298,1.775,,,,,,,,,,,,,,,None,142652000,142652000,,,,,,None,5992000,,,,,0.0,1.46,-47008000,-41016000,1.44,2009-12-31,45.25,,2693105000.0,100533000,-47008000,582000,,,None,5385000,None,,None,,,,,-47590000,None,None,None,0.295,,148644000,-48111000,,,,,None,,,,,-0.49,226.27,16.49,,,,,,,,0.0136,,,2025-10-30,annual,2.9,USD,pre-market,108730000,,0.0365,0.327,1.493,24.65,39914000,,,,368.05,442.75,101.3889,,,,,,,100533000,,1430.68,,495.55,205.87
2025-12-28,ALNY,0.28,3210070000.0,1430.68,,0.298,1.775,,,,,,,,,,,,,,,None,118398000,118398000,,,,,,None,5726000,,,,,0.0,1.46,-24658000,-18932000,1.44,2008-12-31,45.25,,2693105000.0,96163000,-25530000,719000,,,None,872000,None,,None,,,,,-26249000,None,None,None,0.295,,123998000,-27835000,,,,,None,,,,,-0.49,226.27,16.49,,,,,,,,0.0136,,,2025-10-30,annual,2.9,USD,pre-market,96883000,,0.0365,0.327,1.493,24.65,27115000,,,,368.05,442.75,101.3889,,,,,,,96163000,,1430.68,,495.55,205.87
2025-12-28,ALNY,0.28,3210070000.0,1430.68,,0.298,1.775,,,,,,,,,,,,,,,None,136192000,136192000,,,,,,None,4082000,,,,,0.0,1.46,-79138000,-75056000,1.44,2007-12-31,45.25,,2693105000.0,50897000,-80221000,5245000,,,None,1083000,None,,None,,,,,-85466000,None,None,None,0.295,,144074000,-93177000,,,,,None,,,,,-0.49,226.27,16.49,,,,,,,,0.0136,,,2025-10-30,annual,2.9,USD,pre-market,120686000,,0.0365,0.327,1.493,24.65,23388000,,,,368.05,442.75,101.3889,,,,,,,50897000,,1430.68,,495.55,205.87
2025-12-28,ALNY,0.28,3210070000.0,1430.68,,0.298,1.775,,,,,,,,,,,,,,,None,62616000,62616000,,,,,,None,3815000,,,,,0.0,1.46,-39501000,-35686000,1.44,2006-12-31,45.25,,2693105000.0,26930000,-34608000,-4893000,,,None,1029000,None,,None,,,,,-34608000,None,None,None,0.295,,66431000,-39501000,,,,,None,,,,,-0.49,226.27,16.49,,,,,,,,0.0136,,,2025-10-30,annual,2.9,USD,pre-market,49798000,,0.0365,0.327,1.493,24.65,16633000,,,,368.05,442.75,101.3889,,,,,,,26930000,,1430.68,,495.55,205.87
2025-12-28,ALNY,0.28,3210070000.0,1430.68,,0.298,1.775,,,,,,,,,,,,,,,None,46069000,46069000,,,,,,None,3119000,,,,,0.0,1.46,-41945000,-38826000,1.44,2005-12-31,45.25,,2693105000.0,5716000,-42914000,-558000,,,None,969000,None,,None,,,,,-42914000,None,None,None,0.295,,49188000,-43472000,,,,,None,,,,,-0.49,226.27,16.49,,,,,,,,0.0136,,,2025-10-30,annual,2.9,USD,pre-market,35319000,,0.0365,0.327,1.493,24.65,13869000,,,,368.05,442.75,101.3889,,,,,,,5716000,,1430.68,,495.55,205.87
2025-12-28,ALNY,0.28,3210070000.0,1430.68,None,0.298,1.775,,268176000,1490249000,1490249000,,,,,,,,,1318000,137348000,None,46069000,46069000,117591000,None,None,964768000,None,None,3119000,,,,,0.0,1.46,-41945000,-38826000,1.44,2025-09-30,45.25,None,2693105000.0,5716000,-42914000,-558000,None,None,None,969000,None,75383000,None,None,1040276000,None,None,-42914000,None,None,None,0.295,,49188000,-43472000,188036000,1274899000,None,1358935000,None,,,,,-0.49,226.27,16.49,,,,,,,,0.0136,,None,2025-10-30,quarterly,2.9,USD,pre-market,35319000,-7160420000,0.0365,0.327,1.493,24.65,13869000,2773309000,160446000,1234375000,368.05,442.75,101.3889,4851662000,3952811000,1555477000,4617768000,898851000,3062291000,5716000,233894000,1430.68,None,495.55,205.87
2025-12-28,ALNY,0.28,3210070000.0,1430.68,None,0.298,1.775,,270542000,1113685000,1113685000,,,,,,,,,1310000,129676000,None,46069000,46069000,102393000,None,None,567112000,None,None,3119000,,,,,0.0,1.46,-41945000,-38826000,1.44,2025-06-30,45.25,None,2693105000.0,5716000,-42914000,-558000,None,None,None,969000,None,71688000,None,None,1026522000,None,None,-42914000,None,None,None,0.295,,49188000,-43472000,147314000,1039754000,None,1356079000,None,,,,,-0.49,226.27,16.49,,,,,,,,0.0136,,None,2025-10-30,quarterly,2.9,USD,pre-market,35319000,-7411504000,0.0365,0.327,1.493,24.65,13869000,2739734000,143620000,1743900000,368.05,442.75,101.3889,4566019000,3643699000,1300847000,4315428000,922320000,3014581000,5716000,250591000,1430.68,None,495.55,205.87
2025-12-28,ALNY,0.28,3210070000.0,1430.68,None,0.298,1.775,,276072000,1019654000,1019654000,,,,,,,,,1303000,129676000,None,46069000,46069000,97399000,None,None,418035000,None,None,3119000,,,,,0.0,1.46,-41945000,-38826000,1.44,2025-03-31,45.25,None,2693105000.0,5716000,-42914000,-558000,None,None,None,969000,None,65581000,None,None,1025566000,None,None,-42914000,None,None,None,0.295,,49188000,-43472000,152420000,822260000,None,1344692000,None,,,,,-0.49,226.27,16.49,,,,,,,,0.0136,,None,2025-10-30,quarterly,2.9,USD,pre-market,35319000,-7345227000,0.0365,0.327,1.493,24.65,13869000,2722252000,127804000,1612568000,368.05,442.75,101.3889,4213811000,3268258000,1075623000,4098376000,945553000,3022753000,5716000,115435000,1430.68,None,495.55,205.87
2025-12-28,ALNY,0.28,3210070000.0,1430.68,None,0.298,1.775,,271427000,966428000,966428000,,,,,,,,,1293000,128590000,None,46069000,46069000,88415000,None,None,405308000,None,None,3119000,,,,,0.0,1.46,-41945000,-38826000,1.44,2024-12-31,45.25,None,2693105000.0,5716000,-42914000,-558000,None,None,None,969000,None,78509000,None,None,1024621000,None,None,-42914000,None,None,None,0.295,,49188000,-43472000,116964000,887472000,None,1732461000,None,,,,,-0.49,226.27,16.49,,,,,,,,0.0136,,None,2025-10-30,quarterly,2.9,USD,pre-market,35319000,-7287748000,0.0365,0.327,1.493,24.65,13869000,2743419000,154904000,1728076000,368.05,442.75,101.3889,4239983000,3295285000,1186272000,4172895000,944698000,2986623000,5716000,67088000,1430.68,None,495.55,205.87
2025-12-28,ALNY,0.28,3210070000.0,1430.68,None,0.298,1.775,,278174000,1099920000,1099920000,,,,,,,,,1289000,128590000,None,46069000,46069000,70805000,None,None,353852000,None,None,3119000,,,,,0.0,1.46,-41945000,-38826000,1.44,2024-09-30,45.25,None,2693105000.0,5716000,-42914000,-558000,None,None,None,969000,None,75987000,None,None,1023654000,None,None,-42914000,None,None,None,0.295,,49188000,-43472000,145350000,946168000,None,1691326000,None,,,,,-0.49,226.27,16.49,,,,,,,,0.0136,,None,2025-10-30,quarterly,2.9,USD,pre-market,35319000,-7203985000,0.0365,0.327,1.493,24.65,13869000,2726193000,132660000,1680315000,368.05,442.75,101.3889,4205039000,3355424000,1220663000,4172685000,849615000,2952022000,5716000,32354000,1430.68,None,495.55,205.87
2025-12-28,ALNY,0.28,3210070000.0,1430.68,None,0.298,1.775,,281008000,968492000,968492000,,,,,,,,,1281000,126733000,None,46069000,46069000,73980000,None,None,309481000,None,None,3119000,,,,,0.0,1.46,-41945000,-38826000,1.44,2024-06-30,45.25,None,2693105000.0,5716000,-42914000,-558000,None,None,None,969000,None,83981000,None,None,1022688000,None,None,-42914000,None,None,None,0.295,,49188000,-43472000,154745000,808643000,None,1693008000,None,,,,,-0.49,226.27,16.49,,,,,,,,0.0136,,None,2025-10-30,quarterly,2.9,USD,pre-market,35319000,-7092415000,0.0365,0.327,1.493,24.65,13869000,2708239000,103619000,1656157000,368.05,442.75,101.3889,4009634000,3172856000,1055251000,4012701000,836778000,2957450000,5716000,-3067000,1430.68,None,495.55,205.87
2025-12-28,ALNY,0.28,3210070000.0,1430.68,None,0.298,1.775,,279501000,681879000,681879000,,,,,,,,,1265000,126138000,None,46069000,46069000,78148000,None,None,321377000,None,None,3119000,,,,,0.0,1.46,-41945000,-38826000,1.44,2024-03-31,45.25,None,2693105000.0,5716000,-42914000,-558000,None,None,None,969000,None,93988000,None,None,1021732000,None,None,-42914000,None,None,None,0.295,,49188000,-43472000,201960000,698865000,None,1656882000,None,,,,,-0.49,226.27,16.49,,,,,,,,0.0136,,None,2025-10-30,quarterly,2.9,USD,pre-market,35319000,-7075526000,0.0365,0.327,1.493,24.65,13869000,2684299000,87846000,1689403000,368.05,442.75,101.3889,3824386000,2988607000,941709000,4043658000,835779000,3101949000,5716000,-219272000,1430.68,None,495.55,205.87
2025-12-28,ALNY,0.28,3210070000.0,1430.68,None,0.298,1.775,,284611000,812688000,812688000,,,,,,,,,1259000,125613000,None,46069000,46069000,55519000,None,None,327787000,None,None,3119000,,,,,0.0,1.46,-41945000,-38826000,1.44,2023-12-31,45.25,None,2693105000.0,5716000,-42914000,-558000,697784000,697784000,None,969000,None,89146000,None,None,1020776000,None,None,-42914000,None,None,None,0.295,,49188000,-43472000,126382000,713013000,None,1630686000,None,,,,,-0.49,226.27,16.49,,,,,,,,0.0136,,None,2025-10-30,quarterly,2.9,USD,pre-market,35319000,-7009591000,0.0365,0.327,1.493,24.65,13869000,2682626000,96501000,1626694000,368.05,442.75,101.3889,3829880000,2982697000,967786000,4050524000,847183000,3082738000,5716000,-220644000,1430.68,None,495.55,205.87
2025-12-28,ALNY,0.28,3210070000.0,1430.68,None,0.298,1.775,,289227000,1033024000,1033024000,,,,,,,,,1255000,131336999,None,46069000,46069000,73840000,None,None,325445000,None,None,3119000,,,,,0.0,1.46,-41945000,-38826000,1.44,2023-09-30,45.25,None,2693105000.0,5716000,-42914000,-558000,None,None,None,969000,None,95771000,None,None,1019809000,None,None,-42914000,None,None,None,0.295,,49188000,-43472000,157958000,757289000,None,1591548000,None,,,,,-0.49,226.27,16.49,,,,,,,,0.0136,,729076000,2025-10-30,quarterly,2.9,USD,pre-market,35319000,-6871721000,0.0365,0.327,1.493,24.65,13869000,1309036000,41516000,1373254000,368.05,442.75,101.3889,3839073000,2985452000,949785000,4004939000,853621000,3055154000,5716000,-165866000,1430.68,None,495.55,205.87
2025-12-28,ALNY,0.28,3210070000.0,1430.68,None,0.298,1.775,,295490000,657800000,657800000,,,,,,,,,1250000,124659000,None,46069000,46069000,59746000,None,None,220635000,None,None,3119000,,,,,0.0,1.46,-41945000,-38826000,1.44,2023-06-30,45.25,None,2693105000.0,5716000,-42914000,-558000,None,None,None,969000,None,100453000,None,None,1018843000,None,None,-42914000,None,None,None,0.295,,49188000,-43472000,145452000,632180000,None,1551862000,None,,,,,-0.49,226.27,16.49,,,,,,,,0.0136,,527474000,2025-10-30,quarterly,2.9,USD,pre-market,35319000,-7019474000,0.0365,0.327,1.493,24.65,13869000,1314333000,42074000,1399707000,368.05,442.75,101.3889,3402396000,2524047000,788639000,3810527000,878349000,3021888000,5716000,-408131000,1430.68,None,495.55,205.87
2025-12-28,ALNY,0.28,3210070000.0,1430.68,None,0.298,1.775,,302454000,672245000,672245000,,,,,,,,,1243000,124111000,None,46069000,46069000,62237000,None,None,219434000,None,None,3119000,,,,,0.0,1.46,-41945000,-38826000,1.44,2023-03-31,45.25,None,2693105000.0,5716000,-42914000,-558000,None,None,None,969000,None,131879000,None,None,1017887000,None,None,-42914000,None,None,None,0.295,,49188000,-43472000,119030000,532305000,None,1544599000,None,,,,,-0.49,226.27,16.49,,,,,,,,0.0136,,523032000,2025-10-30,quarterly,2.9,USD,pre-market,35319000,-6743450000,0.0365,0.327,1.493,24.65,13869000,1320341000,43055000,1398430000,368.05,442.75,101.3889,3391940000,2541018000,673391000,3651180000,850922000,2977789000,5716000,-259240000,1430.68,None,495.55,205.87
2025-12-28,ALNY,0.28,3210070000.0,1430.68,None,0.298,1.775,,303306000,866394000,866394000,,,,,,,,,1240000,123266000,None,46069000,46069000,98094000,None,None,237963000,None,None,3119000,,,,,0.0,1.46,-41945000,-38826000,1.44,2022-12-31,45.25,None,2693105000.0,5716000,-42914000,-558000,None,None,None,969000,None,128962000,None,None,1016942000,None,None,-42914000,None,None,None,0.295,,49188000,-43472000,132916000,585749000,None,1464595000,None,,,,,-0.49,226.27,16.49,,,,,,,,0.0136,,523494000,2025-10-30,quarterly,2.9,USD,pre-market,35319000,-6569349000,0.0365,0.327,1.493,24.65,13869000,1320248000,41967000,1326012000,368.05,442.75,101.3889,3546359000,2692247000,767915000,3704582000,854112000,2936667000,5716000,-158223000,1430.68,None,495.55,205.87
2025-12-28,ALNY,0.28,3210070000.0,1430.68,None,0.298,1.775,,307904000,1073228000,1073228000,,,,,,,,,1230000,122166000,None,46069000,46069000,40572000,None,None,184513000,None,None,3119000,,,,,0.0,1.46,-41945000,-38826000,1.44,2022-09-30,45.25,None,2693105000.0,5716000,-42914000,-558000,None,None,None,969000,None,115489000,None,None,1015975000,None,None,-42914000,None,None,None,0.295,,49188000,-43472000,125516000,546430000,None,1498196000,None,,,,,-0.49,226.27,16.49,,,,,,,,0.0136,,514821000,2025-10-30,quarterly,2.9,USD,pre-market,35319000,-6361856000,0.0365,0.327,1.493,24.65,13869000,1323879000,41581000,1192101000,368.05,442.75,101.3889,3535255000,2690847000,772791000,3602893000,844408000,2830102000,5716000,-67638000,1430.68,None,495.55,205.87
2025-12-28,ALNY,0.28,3210070000.0,1430.68,None,0.298,1.775,,313252000,575558000,575558000,,,,,,,,,1210000,120896000,None,46069000,46069000,52418000,None,None,142271000,None,None,3119000,,,,,0.0,1.46,-41945000,-38826000,1.44,2022-06-30,45.25,None,2693105000.0,5716000,-42914000,-558000,None,None,None,969000,None,88976000,None,None,677723000,None,None,-42914000,None,None,None,0.295,,49188000,-43472000,129778000,449739000,None,1486327000,None,,,,,-0.49,226.27,16.49,,,,,,,,0.0136,,732122000,2025-10-30,quarterly,2.9,USD,pre-market,35319000,-5955936000,0.0365,0.327,1.493,24.65,13869000,990975000,41236000,1535055000,368.05,442.75,101.3889,3330417000,2471638000,657685000,3154377000,858779000,2496692000,5716000,176040000,1430.68,None,495.55,205.87
2025-12-28,ALNY,0.28,3210070000.0,1430.68,None,0.298,1.775,,318678000,534081000,534081000,,,,,,,,,1207000,120393000,None,46069000,46069000,54916000,None,None,156533000,None,None,3119000,,,,,0.0,1.46,-41945000,-38826000,1.44,2022-03-31,45.25,None,2693105000.0,5716000,-42914000,-558000,None,None,None,969000,None,78516000,None,None,676710000,None,None,-42914000,None,None,None,0.295,,49188000,-43472000,115065000,377919000,None,1471210000,None,,,,,-0.49,226.27,16.49,,,,,,,,0.0136,,504389000,2025-10-30,quarterly,2.9,USD,pre-market,35319000,-5678534000,0.0365,0.327,1.493,24.65,13869000,995388000,41290000,1705482000,368.05,442.75,101.3889,3433545000,2589677000,605963000,3032379000,843868000,2426416000,5716000,401166000,1430.68,None,495.55,205.87
2025-12-28,ALNY,0.28,3210070000.0,1430.68,None,0.298,1.775,,321895000,819975000,819975000,,,,,,,,,1202000,119773000,None,46069000,46069000,73426000,None,None,198571000,None,None,3119000,,,,,0.0,1.46,-41945000,-38826000,1.44,2021-12-31,45.25,None,2693105000.0,5716000,-42914000,-558000,None,None,None,969000,None,86363000,None,None,675697000,None,None,-42914000,None,None,None,0.295,,49188000,-43472000,88078000,432253000,None,1683694000,None,,,,,-0.49,226.27,16.49,,,,,,,,0.0136,,501958000,2025-10-30,quarterly,2.9,USD,pre-market,35319000,-5438193000,0.0365,0.327,1.493,24.65,13869000,997592000,40548000,1615589000,368.05,442.75,101.3889,3643304000,2808576000,695710000,3055101000,834728000,2359391000,5716000,588203000,1430.68,None,495.55,205.87
2025-12-28,ALNY,0.28,3210070000.0,1430.68,None,0.298,1.775,,326642000,1093991000,1093991000,,,,,,,,,1195000,119141000,None,46069000,46069000,40048000,None,None,141064000,None,None,3119000,,,,,0.0,1.46,-41945000,-38826000,1.44,2021-09-30,45.25,None,2693105000.0,5716000,-42914000,-558000,None,None,None,969000,None,97899000,None,None,433799000,None,None,-42914000,None,None,None,0.295,,49188000,-43472000,108534000,414952000,None,1208812000,None,,,,,-0.49,226.27,16.49,,,,,,,,0.0136,,720794000,2025-10-30,quarterly,2.9,USD,pre-market,35319000,-5179733000,0.0365,0.327,1.493,24.65,13869000,760441000,40612000,1233874000,368.05,442.75,101.3889,3472313000,2675362000,610656000,2716420000,796951000,2105764000,5716000,755893000,1430.68,None,495.55,205.87
2025-12-28,ALNY,0.28,3210070000.0,1430.68,None,0.298,1.775,,327921000,745767000,745767000,,,,,,,,,1186000,117772000,None,46069000,46069000,53079000,None,None,646587000,None,None,3119000,,,,,0.0,1.46,-41945000,-38826000,1.44,2021-06-30,45.25,None,2693105000.0,5716000,-42914000,-558000,None,None,None,969000,None,84358000,None,None,433151000,None,None,-42914000,None,None,None,0.295,,49188000,-43472000,94136000,364063000,None,1177318000,None,,,,,-0.49,226.27,16.49,,,,,,,,0.0136,,708789000,2025-10-30,quarterly,2.9,USD,pre-market,35319000,-4975219000,0.0365,0.327,1.493,24.65,13869000,761072000,39362000,1154315000,368.05,442.75,101.3889,3509429000,2725163000,554648000,2656067000,784266000,2101419000,5716000,853362000,1430.68,None,495.55,205.87
2025-12-28,ALNY,0.28,3210070000.0,1430.68,None,0.298,1.775,,326932000,379543000,379543000,,,,,,,,,1173000,117080000,None,46069000,46069000,45381000,None,None,110626000,None,None,3119000,,,,,0.0,1.46,-41945000,-38826000,1.44,2021-03-31,45.25,None,2693105000.0,5716000,-42914000,-558000,None,None,None,969000,None,73940000,None,None,191590000,None,None,-42914000,None,None,None,0.295,,49188000,-43472000,75980000,294187000,None,1146526000,None,,,,,-0.49,226.27,16.49,,,,,,,,0.0136,,701785000,2025-10-30,quarterly,2.9,USD,pre-market,35319000,-4785660000,0.0365,0.327,1.493,24.65,13869000,518522000,38917000,1329994000,368.05,442.75,101.3889,3255269000,1970083000,494825000,2329079000,1285186000,1834254000,5716000,926190000,1430.68,None,495.55,205.87
2025-12-28,ALNY,0.28,3210070000.0,1430.68,None,0.298,1.775,,329911000,496580000,496580000,,,,,,,,,1164000,116274000,None,46069000,46069000,51966000,None,None,602413000,None,None,3119000,,,,,0.0,1.46,-41945000,-38826000,1.44,2020-12-31,45.25,None,2693105000.0,5716000,-42914000,-558000,None,None,None,969000,None,75202000,None,None,191278000,None,None,-42914000,None,None,None,0.295,,49188000,-43472000,62767000,369225000,None,1614266000,None,,,,,-0.49,226.27,16.49,,,,,,,,0.0136,,465029000,2025-10-30,quarterly,2.9,USD,pre-market,35319000,-4585369000,0.0365,0.327,1.493,24.65,13869000,521189000,36872000,1377815000,368.05,442.75,101.3889,3407061000,2614777000,585270000,2390814000,792284000,1805544000,5716000,1016247000,1430.68,None,495.55,205.87
2025-12-28,ALNY,0.28,3210070000.0,1430.68,None,0.298,1.775,,329454000,496704000,496704000,,,,,,,,,1161000,115986000,None,46069000,46069000,27872000,None,None,79118000,None,None,3119000,,,,,0.0,1.46,-41945000,-38826000,1.44,2020-09-30,45.25,None,2693105000.0,5716000,-42914000,-558000,None,None,None,969000,None,66942000,None,None,None,None,None,-42914000,None,None,None,0.295,,49188000,-43472000,74766000,305576000,None,1612019000,None,,,,,-0.49,226.27,16.49,,,,,,,,0.0136,,444690000,2025-10-30,quarterly,2.9,USD,pre-market,35319000,-4341829000,0.0365,0.327,1.493,24.65,13869000,329454000,32192000,1337172000,368.05,442.75,101.3889,3307283000,2054702000,480241000,2092260000,1252581000,1612019000,5716000,1215023000,1430.68,None,495.55,205.87
2025-12-28,ALNY,0.28,3210070000.0,1430.68,None,0.298,1.775,,315065000,580829000,580829000,,,,,,,,,1156000,114911000,None,46069000,46069000,26125000,None,None,69115000,None,None,3119000,,,,,0.0,1.46,-41945000,-38826000,1.44,2020-06-30,45.25,None,2693105000.0,5716000,-42914000,-558000,None,None,None,969000,None,77418000,None,None,None,None,None,-42914000,None,None,None,0.295,,49188000,-43472000,88349000,217143000,None,1590339000,None,,,,,-0.49,226.27,16.49,,,,,,,,0.0136,,439126000,2025-10-30,quarterly,2.9,USD,pre-market,35319000,-4088538000,0.0365,0.327,1.493,24.65,13869000,315065000,33447000,1344735000,368.05,442.75,101.3889,3374367000,2160446000,384302000,1974641000,1213921000,1590339000,5716000,1399726000,1430.68,None,495.55,205.87
2025-12-28,ALNY,0.28,3210070000.0,1430.68,None,0.298,1.775,,304825000,467779000,467779000,,,,,,,,,1131000,112748000,None,46069000,46069000,40484000,None,None,75572000,None,None,3119000,,,,,0.0,1.46,-41945000,-38826000,1.44,2020-03-31,45.25,None,2693105000.0,5716000,-42914000,-558000,None,None,None,969000,None,68300000,None,None,None,None,None,-42914000,None,None,None,0.295,,49188000,-43472000,98698000,183221000,None,591104000,None,,,,,-0.49,226.27,16.49,,,,,,,,0.0136,,429814000,2025-10-30,quarterly,2.9,USD,pre-market,35319000,-3909309000,0.0365,0.327,1.493,24.65,13869000,304825000,29043000,874424000,368.05,442.75,101.3889,2279624000,1584773000,338791000,929895000,694851000,591104000,5716000,1349729000,1430.68,None,495.55,205.87
2025-12-28,ALNY,0.28,3210070000.0,1430.68,None,0.298,1.775,,303823000,547178000,547178000,,,,,,,,,1122000,111750000,None,46069000,46069000,49884000,None,None,43011000,None,None,3119000,,,,,0.0,1.46,-41945000,-38826000,1.44,2019-12-31,45.25,None,2693105000.0,5716000,-42914000,-558000,None,None,None,969000,None,56348000,None,None,None,None,14825000,-42914000,None,None,None,0.295,,49188000,-43472000,80343000,197201000,None,603848000,None,,,,,-0.49,226.27,16.49,,,,,,,,0.0136,,425179000,2025-10-30,quarterly,2.9,USD,pre-market,35319000,-3727088000,0.0365,0.327,1.493,24.65,13869000,303823000,27688000,988984000,368.05,442.75,101.3889,2395134000,1715864000,352594000,956442000,679270000,603848000,5716000,1438692000,1430.68,None,495.55,205.87
2025-12-28,ALNY,0.28,3210070000.0,1430.68,None,0.298,1.775,,304621000,923304000,923304000,,,,,,,,,1113000,108701000,None,46069000,46069000,39392000,None,None,48109000,None,None,3119000,,,,,0.0,1.46,-41945000,-38826000,1.44,2019-09-30,45.25,None,2693105000.0,5716000,-42914000,-558000,None,None,None,969000,None,54562000,None,None,None,None,14825000,-42914000,None,None,None,0.295,,49188000,-43472000,147072000,177948000,None,581671000,None,,,,,-0.49,226.27,16.49,,,,,,,,0.0136,,396456000,2025-10-30,quarterly,2.9,USD,pre-market,35319000,-3450903000,0.0365,0.327,1.493,24.65,13869000,304621000,28165000,797754000,368.05,442.75,101.3889,2541622000,1897265000,352864000,934535000,644357000,581671000,5716000,1607087000,1430.68,None,495.55,205.87
2025-12-28,ALNY,0.28,3210070000.0,1430.68,None,0.298,1.775,,306558000,1136289000,1136289000,,,,,,,,,1110000,108576000,None,46069000,46069000,71215000,None,None,30739000,None,None,3119000,,,,,0.0,1.46,-41945000,-38826000,1.44,2019-06-30,45.25,None,2693105000.0,5716000,-42914000,-558000,None,None,None,969000,None,40587000,None,None,30000000,None,44825000,-42914000,None,None,None,0.295,,49188000,-43472000,65616000,138800000,None,600612000,None,,,,,-0.49,226.27,16.49,,,,,,,,0.0136,,371769000,2025-10-30,quarterly,2.9,USD,pre-market,35319000,-3242368000,0.0365,0.327,1.493,24.65,13869000,336558000,29347000,790542000,368.05,442.75,101.3889,2716411000,2063773000,328604000,959216000,652638000,630612000,5716000,1757195000,1430.68,None,495.55,205.87
2025-12-28,ALNY,0.28,3210070000.0,1430.68,None,0.298,1.775,,299277000,724959000,724959000,,,,,,,,,1064000,105400000,None,46069000,46069000,22671000,None,16977000,33801000,None,None,3119000,,,,,0.0,1.46,-41945000,-38826000,1.44,2019-03-31,45.25,None,2693105000.0,5716000,-42914000,-558000,None,None,None,969000,None,32001000,None,None,30000000,None,44825000,-42914000,None,None,None,0.295,,49188000,-43472000,81674000,106873000,None,287850000,None,,,,,-0.49,226.27,16.49,,,,,,,,0.0136,,341712000,2025-10-30,quarterly,2.9,USD,pre-market,35319000,-3022887000,0.0365,0.327,1.493,24.65,13869000,329277000,16977000,519578000,368.05,442.75,101.3889,2013999000,1392013000,149163000,467013000,621986000,317850000,5716000,1546986000,1430.68,None,495.55,205.87
2025-12-28,ALNY,0.28,3210070000.0,1430.68,None,0.298,1.775,,None,420146000,420146000,,,,,,,,,1011000,101066000,None,46069000,46069000,59708000,None,None,18760000,None,None,3119000,,,,,0.0,1.46,-41945000,-38826000,1.44,2018-12-31,45.25,None,2693105000.0,5716000,-42914000,-558000,None,None,None,969000,None,24068000,None,None,30000000,None,None,-42914000,None,None,None,0.295,,49188000,-43472000,83542000,116290000,None,5423000,None,,,,,-0.49,226.27,16.49,,,,,,,,0.0136,,320658000,2025-10-30,quarterly,2.9,USD,pre-market,35319000,-2840972000,0.0365,0.327,1.493,24.65,13869000,92885000,62885000,664009000,368.05,442.75,101.3889,1574802000,1209319000,242837000,272837000,365483000,30000000,5716000,1301965000,1430.68,None,495.55,205.87
2025-12-28,ALNY,0.28,3210070000.0,1430.68,None,0.298,1.775,,None,316608000,316608000,,,,,,,,,1009000,100783000,None,46069000,46069000,21772000,None,None,3362000,None,None,3119000,,,,,0.0,1.46,-41945000,-38826000,1.44,2018-09-30,45.25,0,2693105000.0,5716000,-42914000,-558000,0,0,None,969000,None,11081000,None,None,30000000,None,None,-42914000,None,None,None,0.295,,49188000,-43472000,90843000,96287000,None,5958000,None,,,,,-0.49,226.27,16.49,,,,,,,,0.0136,,272652000,2025-10-30,quarterly,2.9,USD,pre-market,35319000,-2629531000,0.0365,0.327,1.493,24.65,13869000,30000000,None,920226000,368.05,442.75,101.3889,1675654000,1342120000,121503000,197535000,333534000,76032000,5716000,1478119000,1430.68,0,495.55,205.87
2025-12-28,ALNY,0.28,3210070000.0,1430.68,None,0.298,1.775,,None,361457000,361457000,,,,,,,,,1005000,100519000,None,46069000,46069000,11988000,None,30000000,2961000,None,None,3119000,,,,,0.0,1.46,-41945000,-38826000,1.44,2018-06-30,45.25,0,2693105000.0,5716000,-42914000,-558000,0,0,None,969000,None,1,None,None,30000000,None,None,-42914000,None,None,None,0.295,,49188000,-43472000,51932000,92510000,None,8708000,None,,,,,-0.49,226.27,16.49,,,,,,,,0.0136,,227839000,2025-10-30,quarterly,2.9,USD,pre-market,35319000,-2384249000,0.0365,0.327,1.493,24.65,13869000,30000000,30000000,1086209000,368.05,442.75,101.3889,1789389000,1502559000,113659000,168587000,286830000,54928000,5716000,1620802000,1430.68,0,495.55,205.87
2025-12-28,ALNY,0.28,3210070000.0,1430.68,None,0.298,1.775,,None,396149000,396149000,,,,,,,,,1005000,99979000,None,46069000,46069000,13206000,None,30000000,50768000,None,None,3119000,,,,,0.0,1.46,-41945000,-38826000,1.44,2018-03-31,45.25,0,2693105000.0,5716000,-42914000,-558000,0,0,None,969000,None,0,None,None,30000000,None,648000,-42914000,None,None,None,0.295,,49188000,-43472000,71880000,66322000,None,4458000,None,,,,,-0.49,226.27,16.49,,,,,,,,0.0136,,201979000,2025-10-30,quarterly,2.9,USD,pre-market,35319000,-2220689000,0.0365,0.327,1.493,24.65,13869000,45275000,15275000,1171715000,368.05,442.75,101.3889,1923139000,1691160000,138334000,168334000,231979000,30000000,5716000,1754805000,1430.68,0,495.55,205.87
2025-12-28,ALNY,0.28,3210070000.0,1430.68,None,0.298,1.775,,None,645361000,645361000,,,,,,,,,997000,96139000,None,46069000,46069000,28355000,None,30000000,34002000,None,None,3119000,,,,,0.0,1.46,-41945000,-38826000,1.44,2017-12-31,45.25,0,2693105000.0,5716000,-42914000,-558000,0,0,None,969000,None,1,None,None,30000000,None,13919000,-42914000,None,None,None,0.295,,49188000,-43472000,44291000,74191000,None,4347000,None,,,,,-0.49,226.27,16.49,,,,,,,,0.0136,,181900000,2025-10-30,quarterly,2.9,USD,pre-market,35319000,-2147685000,0.0365,0.327,1.493,24.65,13869000,40973000,10973000,1045257000,368.05,442.75,101.3889,1994730000,1782830000,198299000,228299000,211900000,30000000,5716000,1766431000,1430.68,0,495.55,205.87
2025-12-28,ALNY,0.28,3210070000.0,1430.68,None,0.298,1.775,,None,202045000,202045000,,,,,,,,,924000,91828000,None,46069000,46069000,9239000,None,150000000,14644000,None,None,3119000,,,,,0.0,1.46,-41945000,-38826000,1.44,2017-09-30,45.25,0,2693105000.0,5716000,-42914000,-558000,0,0,None,969000,None,0,None,None,150000000,None,51543000,-42914000,None,None,None,0.295,,49188000,-43472000,30430000,53274000,None,2842000,None,,,,,-0.49,226.27,16.49,,,,,,,,0.0136,,161899000,2025-10-30,quarterly,2.9,USD,pre-market,35319000,-2005458000,0.0365,0.327,1.493,24.65,13869000,150000000,150000000,746249000,368.05,442.75,101.3889,1358281000,993368000,101045000,299446000,364913000,198401000,5716000,1058835000,1430.68,0,495.55,205.87
2025-12-28,ALNY,0.28,3210070000.0,1430.68,None,0.298,1.775,,None,408671000,408671000,,,,,,,,,917000,88098000,None,46069000,46069000,23170000,None,150000000,15405000,None,None,3119000,,,,,0.0,1.46,-41945000,-38826000,1.44,2017-06-30,45.25,0,2693105000.0,5716000,-42914000,-558000,0,0,None,969000,None,1,None,None,150000000,None,174570000,-42914000,None,None,None,0.295,,49188000,-43472000,22033000,45762000,None,2815000,None,,,,,-0.49,226.27,16.49,,,,,,,,0.0136,,147533000,2025-10-30,quarterly,2.9,USD,pre-market,35319000,-1882521000,0.0365,0.327,1.493,24.65,13869000,150000000,150000000,514600000,368.05,442.75,101.3889,1434283000,960709000,108726000,311317000,473574000,202591000,5716000,1122966000,1430.68,0,495.55,205.87
2025-12-28,ALNY,0.28,3210070000.0,1430.68,None,0.298,1.775,,None,171079000,171079000,,,,,,,,,861000,86027000,None,46069000,46069000,25371000,None,150000000,19457000,None,None,3119000,,,,,0.0,1.46,-41945000,-38826000,1.44,2017-03-31,45.25,0,2693105000.0,5716000,-42914000,-558000,0,0,None,969000,None,0,None,None,150000000,None,255305000,-42914000,None,None,None,0.295,,49188000,-43472000,18127000,33660000,None,3184000,None,,,,,-0.49,226.27,16.49,,,,,,,,0.0136,,129962000,2025-10-30,quarterly,2.9,USD,pre-market,35319000,-1764101000,0.0365,0.327,1.493,24.65,13869000,150000000,150000000,388525000,368.05,442.75,101.3889,1133926000,597188000,95786000,303025000,536738000,207239000,5716000,830901000,1430.68,0,495.55,205.87
2025-12-28,ALNY,0.28,3210070000.0,1430.68,None,0.298,1.775,,None,193617000,193617000,,,,,,,,,859000,85843000,None,46069000,46069000,54465000,None,150000000,23334000,None,None,3119000,,,,,0.0,1.46,-41945000,-38826000,1.44,2016-12-31,45.25,0,2693105000.0,5716000,-42914000,-558000,0,0,None,969000,None,1,None,None,150000000,None,324799000,-42914000,None,None,None,0.295,,49188000,-43472000,23306000,43694000,None,3067000,None,,,,,-0.49,226.27,16.49,,,,,,,,0.0136,,114572000,2025-10-30,quarterly,2.9,USD,pre-market,35319000,-1656811000,0.0365,0.327,1.493,24.65,13869000,161498000,11498000,433182000,368.05,442.75,101.3889,1262810000,989241000,192589000,342589000,273569000,150000000,5716000,920221000,1430.68,0,495.55,205.87
2025-12-28,ALNY,0.28,3210070000.0,1430.68,None,0.298,1.775,,None,168481000,168481000,,,,,,,,,858000,85716000,None,46069000,46069000,23137000,None,None,15146000,None,None,3119000,,,,,0.0,1.46,-41945000,-38826000,1.44,2016-09-30,45.25,0,2693105000.0,5716000,-42914000,-558000,0,0,None,969000,None,1,None,None,150000000,None,339566000,-42914000,None,None,None,0.295,,49188000,-43472000,19282000,37537000,None,1991000,None,,,,,-0.49,226.27,16.49,,,,,,,,0.0136,,74219000,2025-10-30,quarterly,2.9,USD,pre-market,35319000,-1543877000,0.0365,0.327,1.493,24.65,13869000,150000000,None,544655000,368.05,442.75,101.3889,1312910000,747564000,81761000,297942000,565346000,216181000,5716000,1014968000,1430.68,0,495.55,205.87
2025-12-28,ALNY,0.28,3210070000.0,1430.68,None,0.298,1.775,,None,271076000,271076000,,,,,,,,,856000,85545000,None,46069000,46069000,12824000,None,None,9514000,None,None,3119000,,,,,0.0,1.46,-41945000,-38826000,1.44,2016-06-30,45.25,0,2693105000.0,5716000,-42914000,-558000,0,0,None,969000,None,1,None,None,150000000,None,287229000,-42914000,None,None,None,0.295,,49188000,-43472000,22152000,38866000,None,1777000,None,,,,,-0.49,226.27,16.49,,,,,,,,0.0136,,55394000,2025-10-30,quarterly,2.9,USD,pre-market,35319000,-1439806000,0.0365,0.327,1.493,24.65,13869000,150000000,None,585326000,368.05,442.75,101.3889,1382162000,888068000,70575000,283680000,494094000,213105000,5716000,1098482000,1430.68,0,495.55,205.87
2025-12-28,ALNY,0.28,3210070000.0,1430.68,None,0.298,1.775,,None,231278000,231278000,,,,,,,,,855000,85277000,None,46069000,46069000,17442000,None,None,8814000,None,None,3119000,,,,,0.0,1.46,-41945000,-38826000,1.44,2016-03-31,45.25,0,2693105000.0,5716000,-42914000,-558000,0,0,None,969000,None,0,None,None,0,None,228590000,-42914000,None,None,None,0.295,,49188000,-43472000,27626000,31983000,None,1373000,None,,,,,-0.49,226.27,16.49,,,,,,,,0.0136,,36814000,2025-10-30,quarterly,2.9,USD,pre-market,35319000,-1349677000,0.0365,0.327,1.493,24.65,13869000,None,7577000,782356000,368.05,442.75,101.3889,1316949000,1050074000,66369000,127898000,266875000,61529000,5716000,1189051000,1430.68,0,495.55,205.87
2025-12-28,ALNY,0.28,3210070000.0,1430.68,None,0.298,1.775,,None,180895000,180895000,,,,,,,,,851000,84871000,None,46069000,46069000,16787000,None,None,8298000,None,None,3119000,,,,,0.0,1.46,-41945000,-38826000,1.44,2015-12-31,45.25,0,2693105000.0,5716000,-42914000,-558000,0,0,None,969000,None,1,None,None,0,None,251839000,-42914000,None,None,None,0.295,,49188000,-43472000,16559000,29960000,None,1301000,None,,,,,-0.49,226.27,16.49,,,,,,,,0.0136,,27812000,2025-10-30,quarterly,2.9,USD,pre-market,35319000,-1246703000,0.0365,0.327,1.493,24.65,13869000,None,6732000,899636000,368.05,442.75,101.3889,1386510000,1105388000,62099000,121796000,281122000,59697000,5716000,1264714000,1430.68,0,495.55,205.87
2025-12-28,ALNY,0.28,3210070000.0,1430.68,None,0.298,1.775,,None,149218000,149218000,,,,,,,,,847000,84633000,None,46069000,46069000,14272000,None,None,8130000,None,None,3119000,,,,,0.0,1.46,-41945000,-38826000,1.44,2015-09-30,45.25,0,2693105000.0,5716000,-42914000,-558000,0,0,None,969000,None,0,None,None,0,None,358629000,-42914000,None,None,None,0.295,,49188000,-43472000,17453000,28867000,None,None,None,,,,,-0.49,226.27,16.49,,,,,,,,0.0136,,26316000,2025-10-30,quarterly,2.9,USD,pre-market,35319000,-1155982000,0.0365,0.327,1.493,24.65,13869000,None,None,866992000,368.05,442.75,101.3889,1436144000,1041793000,57112000,114540000,394351000,57428000,5716000,1321604000,1430.68,0,495.55,205.87
2025-12-28,ALNY,0.28,3210070000.0,1430.68,None,0.298,1.775,,None,151262000,151262000,,,,,,,,,845000,84353000,None,46069000,46069000,15715000,None,None,9403000,None,None,3119000,,,,,0.0,1.46,-41945000,-38826000,1.44,2015-06-30,45.25,0,2693105000.0,5716000,-42914000,-558000,0,0,None,969000,None,0,None,None,0,None,456798000,-42914000,None,None,None,0.295,,49188000,-43472000,15117000,38423000,None,None,None,,,,,-0.49,226.27,16.49,,,,,,,,0.0136,,25169000,2025-10-30,quarterly,2.9,USD,pre-market,35319000,-1079190000,0.0365,0.327,1.493,24.65,13869000,None,5313000,853368000,368.05,442.75,101.3889,1530771000,1029150000,66598000,122167000,501621000,55569000,5716000,1408604000,1430.68,0,495.55,205.87
2025-12-28,ALNY,0.28,3210070000.0,1430.68,None,0.298,1.775,,None,306580000,306580000,,,,,,,,,842000,82074000,None,46069000,46069000,15486000,None,None,10107000,None,None,3119000,,,,,0.0,1.46,-41945000,-38826000,1.44,2015-03-31,45.25,0,2693105000.0,5716000,-42914000,-558000,0,0,None,969000,None,1,None,None,0,None,483771000,-42914000,None,None,None,0.295,,49188000,-43472000,13206000,49104000,None,None,None,,,,,-0.49,226.27,16.49,,,,,,,,0.0136,,21166000,2025-10-30,quarterly,2.9,USD,pre-market,35319000,-1007407000,0.0365,0.327,1.493,24.65,13869000,None,7025000,760293000,368.05,442.75,101.3889,1628790000,1090186000,80693000,132280000,538604000,51587000,5716000,1496510000,1430.68,0,495.55,205.87
2025-12-28,ALNY,0.28,3210070000.0,1430.68,None,0.298,1.775,,None,75179000,75179000,,,,,,,,,772000,76957000,None,46069000,46069000,15111000,None,None,39937000,None,None,3119000,,,,,0.0,1.46,-41945000,-38826000,1.44,2014-12-31,45.25,0,2693105000.0,5716000,-42914000,-558000,0,0,None,969000,None,0,None,None,0,None,279821000,-42914000,None,None,None,0.295,,49188000,-43472000,9739000,56352000,None,None,None,,,,,-0.49,226.27,16.49,,,,,,,,0.0136,,21740000,2025-10-30,quarterly,2.9,USD,pre-market,35319000,-956630000,0.0365,0.327,1.493,24.65,13869000,None,5011000,621512000,368.05,442.75,101.3889,1079595000,746367000,95334000,143328000,333228000,47994000,5716000,936267000,1430.68,0,495.55,205.87
2025-12-28,ALNY,0.28,3210070000.0,1430.68,None,0.298,1.775,,None,82721000,82721000,,,,,,,,,767000,76408000,None,46069000,46069000,5201000,None,None,384000,None,None,3119000,,,,,0.0,1.46,-41945000,-38826000,1.44,2014-09-30,45.25,0,2693105000.0,5716000,-42914000,-558000,0,0,None,969000,None,0,None,None,0,None,324534000,-42914000,None,None,None,0.295,,49188000,-43472000,10699000,20522000,None,500000,None,,,,,-0.49,226.27,16.49,,,,,,,,0.0136,,18806000,2025-10-30,quarterly,2.9,USD,pre-market,35319000,-935241000,0.0365,0.327,1.493,24.65,13869000,None,5858000,549213000,368.05,442.75,101.3889,986357000,643017000,56849000,81879000,343340000,25030000,5716000,904478000,1430.68,0,495.55,205.87
2025-12-28,ALNY,0.28,3210070000.0,1430.68,None,0.298,1.775,,None,80727000,80727000,,,,,,,,,763000,75835000,None,46069000,46069000,6168000,None,None,89000,None,None,3119000,,,,,0.0,1.46,-41945000,-38826000,1.44,2014-06-30,45.25,0,2693105000.0,5716000,-42914000,-558000,0,0,None,969000,None,0,None,None,0,None,350585000,-42914000,None,None,None,0.295,,49188000,-43472000,10270000,16494000,None,1000000,None,,,,,-0.49,226.27,16.49,,,,,,,,0.0136,,16953000,2025-10-30,quarterly,2.9,USD,pre-market,35319000,-891252000,0.0365,0.327,1.493,24.65,13869000,None,8178000,574035000,368.05,442.75,101.3889,1032659000,665121000,53745000,90390000,367538000,36645000,5716000,942269000,1430.68,0,495.55,205.87
2025-12-28,ALNY,0.28,3210070000.0,1430.68,None,0.298,1.775,,None,350589000,350589000,,,,,,,,,755000,67786000,None,46069000,46069000,5037000,None,None,164000,None,None,3119000,,,,,0.0,1.46,-41945000,-38826000,1.44,2014-03-31,45.25,0,2693105000.0,5716000,-42914000,-558000,0,0,None,969000,None,1,None,None,0,None,390503000,-42914000,None,None,None,0.295,,49188000,-43472000,8409000,42848000,None,1000000,None,,,,,-0.49,226.27,16.49,,,,,,,,0.0136,,15731000,2025-10-30,quarterly,2.9,USD,pre-market,35319000,-847178000,0.0365,0.327,1.493,24.65,13869000,None,28113000,314901000,368.05,442.75,101.3889,1080297000,674063000,83831000,125324000,406234000,41493000,5716000,954973000,1430.68,0,495.55,205.87
2025-12-28,ALNY,0.28,3210070000.0,1430.68,None,0.298,1.775,,None,53169000,53169000,,,,,,,,,637000,62909000,None,46069000,46069000,5896000,None,None,4248000,None,None,3119000,,,,,0.0,1.46,-41945000,-38826000,1.44,2013-12-31,45.25,0,2693105000.0,5716000,-42914000,-558000,0,0,None,969000,None,1,None,None,0,None,150054000,-42914000,None,None,None,0.295,,49188000,-43472000,3910000,15272000,None,None,None,,,,,-0.49,226.27,16.49,,,,,,,,0.0136,,16448000,2025-10-30,quarterly,2.9,USD,pre-market,35319000,-596235000,0.0365,0.327,1.493,24.65,13869000,None,2925000,192701000,368.05,442.75,101.3889,420530000,254028000,53864000,150183000,166502000,96319000,5716000,270347000,1430.68,0,495.55,205.87
2025-12-28,ALNY,0.28,3210070000.0,1430.68,None,0.298,1.775,,None,11840000,11840000,,,,,,,,,632000,62416000,None,46069000,46069000,2728000,None,None,609000,None,None,3119000,,,,,0.0,1.46,-41945000,-38826000,1.44,2013-09-30,45.25,0,2693105000.0,5716000,-42914000,-558000,0,0,None,969000,None,1,None,None,0,None,231365000,-42914000,None,None,None,0.295,,49188000,-43472000,4776000,16586000,None,None,None,,,,,-0.49,226.27,16.49,,,,,,,,0.0136,,16974000,2025-10-30,quarterly,2.9,USD,pre-market,35319000,-563878000,0.0365,0.327,1.493,24.65,13869000,None,2023000,181939000,368.05,442.75,101.3889,447503000,199164000,54895000,149921000,248339000,95026000,5716000,297582000,1430.68,0,495.55,205.87
2025-12-28,ALNY,0.28,3210070000.0,1430.68,None,0.298,1.775,,None,24975000,24975000,,,,,,,,,624000,61661000,None,46069000,46069000,4534000,None,None,460000,None,None,3119000,,,,,0.0,1.46,-41945000,-38826000,1.44,2013-06-30,45.25,0,2693105000.0,5716000,-42914000,-558000,0,0,None,969000,None,0,None,None,0,None,230154000,-42914000,None,None,None,0.295,,49188000,-43472000,8410000,9740000,None,None,None,,,,,-0.49,226.27,16.49,,,,,,,,0.0136,,18045000,2025-10-30,quarterly,2.9,USD,pre-market,35319000,-534192000,0.0365,0.327,1.493,24.65,13869000,None,5232000,184719000,368.05,442.75,101.3889,462558000,214359000,53066000,154383000,248199000,101317000,5716000,308175000,1430.68,0,495.55,205.87
2025-12-28,ALNY,0.28,3210070000.0,1430.68,None,0.298,1.775,,None,97804000,97804000,,,,,,,,,621000,59173000,None,46069000,46069000,3105000,None,None,558000,None,None,3119000,,,,,0.0,1.46,-41945000,-38826000,1.44,2013-03-31,45.25,0,2693105000.0,5716000,-42914000,-558000,0,0,None,969000,None,1,None,None,0,None,212484000,-42914000,None,None,None,0.295,,49188000,-43472000,3542000,10074000,None,None,None,,,,,-0.49,226.27,16.49,,,,,,,,0.0136,,18983000,2025-10-30,quarterly,2.9,USD,pre-market,35319000,-516023000,0.0365,0.327,1.493,24.65,13869000,None,7315000,138207000,368.05,442.75,101.3889,471578000,240111000,49750000,160022000,231467000,110272000,5716000,311556000,1430.68,0,495.55,205.87
2025-12-28,ALNY,0.28,3210070000.0,1430.68,None,0.298,1.775,,None,51405000,51405000,,,,,,,,,525000,51821000,None,46069000,46069000,4420000,None,None,104000,None,None,3119000,,,,,0.0,1.46,-41945000,-38826000,1.44,2012-12-31,45.25,0,2693105000.0,5716000,-42914000,-558000,0,0,None,969000,None,0,None,None,0,None,142164000,-42914000,None,None,None,0.295,,49188000,-43472000,2641000,12508000,None,None,None,,,,,-0.49,226.27,16.49,,,,,,,,0.0136,,19799000,2025-10-30,quarterly,2.9,USD,pre-market,35319000,-507010000,0.0365,0.327,1.493,24.65,13869000,None,4248000,71407000,368.05,442.75,101.3889,287520000,125557000,48345000,153467000,161963000,105122000,5716000,134053000,1430.68,0,495.55,205.87
2025-12-28,ALNY,0.28,3210070000.0,1430.68,None,0.298,1.775,,None,75838000,75838000,,,,,,,,,524000,51542000,None,46069000,46069000,5093000,None,None,1918000,None,None,3119000,,,,,0.0,1.46,-41945000,-38826000,1.44,2012-09-30,45.25,0,2693105000.0,5716000,-42914000,-558000,145000,145000,None,969000,None,-222657000,None,None,0,None,67482000,-42914000,None,None,None,0.295,,49188000,-43472000,295818000,2755000,None,521000,None,,,,,-0.49,226.27,16.49,,,,,,,,0.0136,,18792000,2025-10-30,quarterly,2.9,USD,pre-market,35319000,-444822000,0.0365,0.327,1.493,24.65,13869000,None,19837000,152498000,368.05,442.75,101.3889,322352000,303415000,20007000,145192000,18937000,125185000,5716000,177160000,1430.68,0,495.55,205.87
2025-12-28,ALNY,0.28,3210070000.0,1430.68,None,0.298,1.775,,None,48274000,48274000,,,,,,,,,520000,51280000,None,46069000,46069000,5519000,None,None,4385000,None,None,3119000,,,,,0.0,1.46,-41945000,-38826000,1.44,2012-06-30,45.25,0,2693105000.0,5716000,-42914000,-558000,188000,188000,None,969000,None,-222091000,None,None,0,None,63741000,-42914000,None,None,None,0.295,,49188000,-43472000,292765000,1364000,None,690000,None,,,,,-0.49,226.27,16.49,,,,,,,,0.0136,,14206000,2025-10-30,quarterly,2.9,USD,pre-market,35319000,-425320000,0.0365,0.327,1.493,24.65,13869000,None,23089000,180750000,368.05,442.75,101.3889,318477000,304083000,19747000,130190000,14394000,110443000,5716000,188287000,1430.68,0,495.55,205.87
2025-12-28,ALNY,0.28,3210070000.0,1430.68,None,0.298,1.775,,None,61739000,61739000,,,,,,,,,519000,46210000,None,46069000,46069000,4339000,None,None,2192000,None,None,3119000,,,,,0.0,1.46,-41945000,-38826000,1.44,2012-03-31,45.25,0,2693105000.0,5716000,-42914000,-558000,231000,231000,None,969000,None,0,None,None,0,None,117822000,-42914000,None,None,None,0.295,,49188000,-43472000,7252000,13889000,None,703000,None,,,,,-0.49,226.27,16.49,,,,,,,,0.0136,,13703000,2025-10-30,quarterly,2.9,USD,pre-market,35319000,-412364000,0.0365,0.327,1.493,24.65,13869000,None,None,137356000,368.05,442.75,101.3889,340295000,208539000,66638000,142917000,131756000,76279000,5716000,197378000,1430.68,0,495.55,205.87
2025-12-28,ALNY,0.28,3210070000.0,1430.68,None,0.298,1.775,,None,70228000,70228000,,,,,,,,,427000,46210000,None,46069000,46069000,5800000,None,None,1468000,None,None,3119000,,,,,0.0,1.46,-41945000,-38826000,1.44,2011-12-31,45.25,0,2693105000.0,5716000,-42914000,-558000,275000,275000,None,969000,None,0,None,None,0,None,114971000,-42914000,None,None,None,0.295,,49188000,-43472000,4158000,12824000,None,716000,None,,,,,-0.49,226.27,16.49,,,,,,,,0.0136,,14643000,2025-10-30,quarterly,2.9,USD,pre-market,35319000,-400996000,0.0365,0.327,1.493,24.65,13869000,None,None,76174000,368.05,442.75,101.3889,281917000,152028000,80990000,163920000,129889000,82930000,5716000,117997000,1430.68,0,495.55,205.87
2025-12-28,ALNY,0.28,3210070000.0,1430.68,None,0.298,1.775,,None,74336000,74336000,,,,,,,,,427000,42654000,None,46069000,46069000,5486000,None,None,2027000,None,None,3119000,,,,,0.0,1.46,-41945000,-38826000,1.44,2011-09-30,45.25,0,2693105000.0,5716000,-42914000,-558000,318000,318000,None,969000,None,-168112000,None,None,0,None,114639000,-42914000,None,None,None,0.295,,49188000,-43472000,286239000,12714000,None,729000,None,,,,,-0.49,226.27,16.49,,,,,,,,0.0136,,15309000,2025-10-30,quarterly,2.9,USD,pre-market,35319000,-386693000,0.0365,0.327,1.493,24.65,13869000,None,76211000,98685000,368.05,442.75,101.3889,310223000,293175000,17716000,182350000,17048000,164634000,5716000,127873000,1430.68,0,495.55,205.87
2025-12-28,ALNY,0.28,3210070000.0,1430.68,None,0.298,1.775,,None,67110000,67110000,,,,,,,,,427000,42379000,None,46069000,46069000,7949000,None,None,1308000,None,None,3119000,,,,,0.0,1.46,-41945000,-38826000,1.44,2011-06-30,45.25,0,2693105000.0,5716000,-42914000,-558000,361000,361000,None,969000,None,-212872000,None,None,0,None,99881000,-42914000,None,None,None,0.295,,49188000,-43472000,316029000,11864000,None,742000,None,,,,,-0.49,226.27,16.49,,,,,,,,0.0136,,16252000,2025-10-30,quarterly,2.9,USD,pre-market,35319000,-373456000,0.0365,0.327,1.493,24.65,13869000,None,81205000,150839000,368.05,442.75,101.3889,340828000,322414000,19329000,204277000,18414000,184948000,5716000,136551000,1430.68,0,495.55,205.87
2025-12-28,ALNY,0.28,3210070000.0,1430.68,None,0.298,1.775,,None,90590000,90590000,,,,,,,,,424000,42345000,None,46069000,46069000,17850000,None,None,1150000,None,None,3119000,,,,,0.0,1.46,-41945000,-38826000,1.44,2011-03-31,45.25,0,2693105000.0,5716000,-42914000,-558000,405000,405000,None,969000,None,-239721000,None,None,0,None,100917000,-42914000,None,None,None,0.295,,49188000,-43472000,342848000,12534000,None,1067000,None,,,,,-0.49,226.27,16.49,,,,,,,,0.0136,,17021000,2025-10-30,quarterly,2.9,USD,pre-market,35319000,-359632000,0.0365,0.327,1.493,24.65,13869000,None,12534000,154050000,368.05,442.75,101.3889,369052000,348917000,219060000,223485000,20135000,4425000,5716000,145567000,1430.68,0,495.55,205.87
2025-12-28,ALNY,0.28,3210070000.0,1430.68,None,0.298,1.775,,None,74599000,74599000,,,,,,,,,423000,42345000,None,46069000,46069000,9312000,None,None,14119000,None,None,3119000,,,,,0.0,1.46,-41945000,-38826000,1.44,2010-12-31,45.25,0,2693105000.0,5716000,-42914000,-558000,448000,448000,None,969000,None,0,None,None,0,None,120389000,-42914000,None,None,None,0.295,,49188000,-43472000,6889000,11116000,None,143000,None,,,,,-0.49,226.27,16.49,,,,,,,,0.0136,,18289000,2025-10-30,quarterly,2.9,USD,pre-market,35319000,-343347000,0.0365,0.327,1.493,24.65,13869000,None,None,158532000,368.05,442.75,101.3889,393265000,254139000,102046000,235032000,139126000,132986000,5716000,158233000,1430.68,0,495.55,205.87
2025-12-28,ALNY,0.28,3210070000.0,1430.68,None,0.298,1.775,,None,46881000,46881000,,,,,,,,,422000,42123000,None,46069000,46069000,6561000,None,None,4881000,None,None,3119000,,,,,0.0,1.46,-41945000,-38826000,1.44,2010-09-30,45.25,0,2693105000.0,5716000,-42914000,-558000,491000,491000,None,969000,None,0,None,None,0,None,140523000,-42914000,None,None,None,0.295,,49188000,-43472000,8375000,11365000,None,None,None,,,,,-0.49,226.27,16.49,,,,,,,,0.0136,,18399000,2025-10-30,quarterly,2.9,USD,pre-market,35319000,-336417000,0.0365,0.327,1.493,24.65,13869000,None,237000,184486000,368.05,442.75,101.3889,412606000,244623000,99433000,251963000,167983000,152530000,5716000,160643000,1430.68,0,495.55,205.87
2025-12-28,ALNY,0.28,3210070000.0,1430.68,None,0.298,1.775,,None,66182000,66182000,,,,,,,,,421000,41991000,None,46069000,46069000,17823000,None,None,6358000,None,None,3119000,,,,,0.0,1.46,-41945000,-38826000,1.44,2010-06-30,45.25,0,2693105000.0,5716000,-42914000,-558000,535000,535000,None,969000,None,-253173000,None,None,0,None,138907000,-42914000,None,None,None,0.295,,49188000,-43472000,396918000,8263000,None,168000,None,,,,,-0.49,226.27,16.49,,,,,,,,0.0136,,18554000,2025-10-30,quarterly,2.9,USD,pre-market,35319000,-326787000,0.0365,0.327,1.493,24.65,13869000,None,7991000,193012000,368.05,442.75,101.3889,440180000,409297000,271153000,274702000,30883000,3549000,5716000,165478000,1430.68,0,495.55,205.87
2025-12-28,ALNY,0.28,3210070000.0,1430.68,None,0.298,1.775,,None,114947000,114947000,,,,,,,,,419000,41870000,None,46069000,46069000,15742000,None,None,4505000,None,None,3119000,,,,,0.0,1.46,-41945000,-38826000,1.44,2010-03-31,45.25,None,2693105000.0,5716000,-42914000,-558000,578000,578000,None,969000,None,None,None,None,None,None,None,-42914000,None,None,None,0.295,,49188000,-43472000,7046000,9592000,None,None,None,,,,,-0.49,226.27,16.49,,,,,,,,0.0136,,18304000,2025-10-30,quarterly,2.9,USD,pre-market,35319000,-312155000,0.0365,0.327,1.493,24.65,13869000,None,8656000,146811000,368.05,442.75,101.3889,463406000,273309000,98571000,291576000,190097000,193005000,5716000,171830000,1430.68,None,495.55,205.87
2025-12-28,ALNY,0.28,3210070000.0,1430.68,None,0.298,1.775,,None,137468000,137468000,,,,,,,,,418000,41870000,None,46069000,46069000,12489000,None,None,6044000,None,None,3119000,,,,,0.0,1.46,-41945000,-38826000,1.44,2009-12-31,45.25,None,2693105000.0,5716000,-42914000,-558000,622000,622000,None,969000,None,None,None,None,None,None,None,-42914000,None,None,None,0.295,,49188000,-43472000,6088000,9833000,None,None,None,,,,,-0.49,226.27,16.49,,,,,,,,0.0136,,18324000,2025-10-30,quarterly,2.9,USD,pre-market,35319000,-299832000,0.0365,0.327,1.493,24.65,13869000,None,5644000,143934000,368.05,442.75,101.3889,481385000,293534000,110733000,303420000,187851000,192687000,5716000,177965000,1430.68,None,495.55,205.87
2025-12-28,ALNY,0.28,3210070000.0,1430.68,None,0.298,1.775,,None,98087000,98087000,,,,,,,,,418000,41708000,None,46069000,46069000,8426000,None,None,5022000,None,None,3119000,,,,,0.0,1.46,-41945000,-38826000,1.44,2009-09-30,45.25,None,2693105000.0,5716000,-42914000,-558000,665000,665000,None,969000,None,None,None,None,None,None,None,-42914000,None,None,None,0.295,,49188000,-43472000,5173000,8381000,None,None,None,,,,,-0.49,226.27,16.49,,,,,,,,0.0136,,18152000,2025-10-30,quarterly,2.9,USD,pre-market,35319000,-292041000,0.0365,0.327,1.493,24.65,13869000,None,1057000,119883000,368.05,442.75,101.3889,495668000,228165000,101121000,313647000,267503000,212526000,5716000,182021000,1430.68,None,495.55,205.87
2025-12-28,ALNY,0.28,3210070000.0,1430.68,None,0.298,1.775,,None,147870000,147870000,,,,,,,,,417000,41520000,None,46069000,46069000,6463000,None,None,5857000,None,None,3119000,,,,,0.0,1.46,-41945000,-38826000,1.44,2009-06-30,45.25,None,2693105000.0,5716000,-42914000,-558000,708000,708000,None,969000,None,None,None,None,None,None,None,-42914000,None,None,None,0.295,,49188000,-43472000,5327000,9908000,None,None,None,,,,,-0.49,226.27,16.49,,,,,,,,0.0136,,18483000,2025-10-30,quarterly,2.9,USD,pre-market,35319000,-282833000,0.0365,0.327,1.493,24.65,13869000,None,1829000,119368000,368.05,442.75,101.3889,518653000,278422000,102331000,334171000,240231000,231840000,5716000,184482000,1430.68,None,495.55,205.87
2025-12-28,ALNY,0.28,3210070000.0,1430.68,None,0.298,1.775,,None,227268000,227268000,,,,,,,,,414000,41399000,None,46069000,46069000,8729000,None,None,5831000,None,None,3119000,,,,,0.0,1.46,-41945000,-38826000,1.44,2009-03-31,45.25,None,2693105000.0,5716000,-42914000,-558000,751000,751000,None,969000,None,None,None,None,None,None,None,-42914000,None,None,None,0.295,,49188000,-43472000,5454000,10389000,None,None,None,,,,,-0.49,226.27,16.49,,,,,,,,0.0136,,19321000,2025-10-30,quarterly,2.9,USD,pre-market,35319000,-260131000,0.0365,0.327,1.493,24.65,13869000,None,1033000,180786000,368.05,442.75,101.3889,554529000,419339000,104251000,355785000,135190000,251534000,5716000,198744000,1430.68,None,495.55,205.87
2025-12-28,ALNY,0.28,3210070000.0,1430.68,None,0.298,1.775,,None,191792000,191792000,,,,,,,,,414000,41399000,None,46069000,46069000,2588000,None,None,4188000,None,None,3119000,,,,,0.0,1.46,-41945000,-38826000,1.44,2008-12-31,45.25,None,2693105000.0,5716000,-42914000,-558000,795000,795000,None,969000,None,None,None,None,None,None,None,-42914000,None,None,None,0.295,,49188000,-43472000,8548000,10889000,None,None,None,,,,,-0.49,226.27,16.49,,,,,,,,0.0136,,19194000,2025-10-30,quarterly,2.9,USD,pre-market,35319000,-252242000,0.0365,0.327,1.493,24.65,13869000,None,6111000,238596000,368.05,442.75,101.3889,554676000,443124000,99452000,352551000,111552000,253099000,5716000,202125000,1430.68,None,495.55,205.87
2025-12-28,ALNY,0.28,3210070000.0,1430.68,None,0.298,1.775,,None,196737000,196737000,,,,,,,,,414000,41197000,None,46069000,46069000,3342000,None,None,24140000,None,None,3119000,,,,,0.0,1.46,-41945000,-38826000,1.44,2008-09-30,45.25,None,2693105000.0,5716000,-42914000,-558000,838000,838000,None,969000,None,None,None,None,719000,None,None,-42914000,None,None,None,0.295,,49188000,-43472000,7523000,11420000,None,None,None,,,,,-0.49,226.27,16.49,,,,,,,,0.0136,,19577000,2025-10-30,quarterly,2.9,USD,pre-market,35319000,-242850000,0.0365,0.327,1.493,24.65,13869000,3946000,3227000,223379000,368.05,442.75,101.3889,580181000,451779000,102024000,375624000,128402000,273600000,5716000,204557000,1430.68,None,495.55,205.87
2025-12-28,ALNY,0.28,3210070000.0,1430.68,None,0.298,1.775,,None,247536000,247536000,,,,,,,,,411000,40908000,None,46069000,46069000,6240000,None,None,5126000,None,None,3119000,,,,,0.0,1.46,-41945000,-38826000,1.44,2008-06-30,45.25,None,2693105000.0,5716000,-42914000,-558000,882000,882000,None,969000,None,None,None,None,938000,None,None,-42914000,None,None,None,0.295,,49188000,-43472000,7182000,9497000,None,None,None,,,,,-0.49,226.27,16.49,,,,,,,,0.0136,,18853000,2025-10-30,quarterly,2.9,USD,pre-market,35319000,-239992000,0.0365,0.327,1.493,24.65,13869000,4906000,3968000,290787000,368.05,442.75,101.3889,580046000,550631000,105727000,380877000,29415000,275150000,5716000,199169000,1430.68,None,495.55,205.87
2025-12-28,ALNY,0.28,3210070000.0,1430.68,None,0.298,1.775,,None,196281000,196281000,,,,,,,,,408000,40736000,None,46069000,46069000,9084000,None,None,9680000,None,None,3119000,,,,,0.0,1.46,-41945000,-38826000,1.44,2008-03-31,45.25,None,2693105000.0,5716000,-42914000,-558000,925000,925000,None,969000,None,None,None,None,1955000,None,None,-42914000,None,None,None,0.295,,49188000,-43472000,1922000,9666000,None,None,None,,,,,-0.49,226.27,16.49,,,,,,,,0.0136,,15875000,2025-10-30,quarterly,2.9,USD,pre-market,35319000,-227232000,0.0365,0.327,1.493,24.65,13869000,5843000,3888000,247592000,368.05,442.75,101.3889,486256000,455475000,84910000,283444000,30781000,198534000,5716000,202812000,1430.68,None,495.55,205.87
2025-12-28,ALNY,0.28,3210070000.0,1430.68,None,0.298,1.775,,None,105157000,105157000,,,,,,,,,408000,40736000,None,46069000,46069000,3826000,None,None,5031000,None,None,3119000,,,,,0.0,1.46,-41945000,-38826000,1.44,2007-12-31,45.25,None,2693105000.0,5716000,-42914000,-558000,968000,968000,None,969000,None,None,None,None,2963000,None,None,-42914000,None,None,None,0.295,,49188000,-43472000,2926000,13111000,None,None,None,,,,,-0.49,226.27,16.49,,,,,,,,0.0136,,13810000,2025-10-30,quarterly,2.9,USD,pre-market,35319000,-225993000,0.0365,0.327,1.493,24.65,13869000,6758000,2408000,284791000,368.05,442.75,101.3889,493791000,397905000,83478000,294623000,95886000,211145000,5716000,199168000,1430.68,None,495.55,205.87
2025-12-28,ALNY,0.28,3210070000.0,1430.68,None,0.298,1.775,,None,200547000,200547000,,,,,,,,,406000,39025000,None,46069000,46069000,7057000,None,None,5129000,None,None,3119000,,,,,0.0,1.46,-41945000,-38826000,1.44,2007-09-30,45.25,None,2693105000.0,5716000,-42914000,-558000,1610000,1610000,None,969000,None,None,None,None,3946000,None,None,-42914000,None,None,None,0.295,,49188000,-43472000,4125000,11746000,None,None,None,,,,,-0.49,226.27,16.49,,,,,,,,0.0136,,10434000,2025-10-30,quarterly,2.9,USD,pre-market,35319000,-227655000,0.0365,0.327,1.493,24.65,13869000,7651000,3705000,267831000,368.05,442.75,101.3889,505091000,477632000,87456000,312156000,27459000,224700000,5716000,192935000,1430.68,None,495.55,205.87
2025-12-28,ALNY,0.28,3210070000.0,1430.68,None,0.298,1.775,,None,84464000,84464000,,,,,,,,,376000,37534000,None,46069000,46069000,5669000,None,None,5615000,None,None,3119000,,,,,0.0,1.46,-41945000,-38826000,1.44,2007-06-30,45.25,None,2693105000.0,5716000,-42914000,-558000,1737000,1737000,None,969000,None,None,None,None,4906000,None,None,-42914000,None,None,None,0.295,,49188000,-43472000,1575000,9980000,None,None,None,,,,,-0.49,226.27,16.49,,,,,,,,0.0136,,12965000,2025-10-30,quarterly,2.9,USD,pre-market,35319000,-174863000,0.0365,0.327,1.493,24.65,13869000,8523000,3617000,110304000,368.05,442.75,101.3889,219658000,201958000,27106000,40388000,17700000,13282000,5716000,179270000,1430.68,None,495.55,205.87
2025-12-28,ALNY,0.28,3210070000.0,1430.68,None,0.298,1.775,,None,66662000,66662000,,,,,,,,,375000,37376000,None,46069000,46069000,3007000,None,None,4393000,None,None,3119000,,,,,0.0,1.46,-41945000,-38826000,1.44,2007-03-31,45.25,None,2693105000.0,5716000,-42914000,-558000,1835000,1835000,None,969000,None,None,None,None,5065000,None,None,-42914000,None,None,None,0.295,,49188000,-43472000,1057000,7297000,None,None,None,,,,,-0.49,226.27,16.49,,,,,,,,0.0136,,12527000,2025-10-30,quarterly,2.9,USD,pre-market,35319000,-162171000,0.0365,0.327,1.493,24.65,13869000,8360000,3295000,137804000,368.05,442.75,101.3889,227340000,209916000,23498000,37313000,17424000,13815000,5716000,190027000,1430.68,None,495.55,205.87
2025-12-28,ALNY,0.28,3210070000.0,1430.68,None,0.298,1.775,,None,127955000,127955000,,,,,,,,,371000,37376000,None,46069000,46069000,4085000,None,None,3829000,None,None,3119000,,,,,0.0,1.46,-41945000,-38826000,1.44,2006-12-31,45.25,None,2693105000.0,5716000,-42914000,-558000,1933000,1933000,None,969000,None,None,None,None,5919000,None,None,-42914000,None,None,None,0.295,,49188000,-43472000,1695000,4479000,None,None,None,,,,,-0.49,226.27,16.49,,,,,,,,0.0136,,12173000,2025-10-30,quarterly,2.9,USD,pre-market,35319000,-140527000,0.0365,0.327,1.493,24.65,13869000,9136000,3217000,89305000,368.05,442.75,101.3889,240006000,222784000,22925000,38832000,17222000,15907000,5716000,201174000,1430.68,None,495.55,205.87
2025-12-28,ALNY,0.28,3210070000.0,1430.68,None,0.298,1.775,,None,35516000,35516000,,,,,,,,,322000,32122000,None,46069000,46069000,2456000,None,None,4847000,None,None,3119000,,,,,0.0,1.46,-41945000,-38826000,1.44,2006-09-30,45.25,None,2693105000.0,5716000,-42914000,-558000,2180000,2180000,None,969000,None,None,None,None,6437000,None,None,-42914000,None,None,None,0.295,,49188000,-43472000,1706000,5104000,None,None,None,,,,,-0.49,226.27,16.49,,,,,,,,0.0136,,12856000,2025-10-30,quarterly,2.9,USD,pre-market,35319000,-132089000,0.0365,0.327,1.493,24.65,13869000,9483000,3046000,84758000,368.05,442.75,101.3889,144527000,126827000,21530000,39750000,17700000,18220000,5716000,104777000,1430.68,None,495.55,205.87
2025-12-28,ALNY,0.28,3210070000.0,1430.68,None,0.298,1.775,,None,35645000,35645000,,,,,,,,,321000,32010000,None,46069000,46069000,3698000,None,None,3591000,None,None,3119000,,,,,0.0,1.46,-41945000,-38826000,1.44,2006-06-30,45.25,None,2693105000.0,5716000,-42914000,-558000,2284000,2284000,None,969000,None,None,None,None,6334000,None,None,-42914000,None,None,None,0.295,,49188000,-43472000,2199000,4583000,None,None,None,,,,,-0.49,226.27,16.49,,,,,,,,0.0136,,13044000,2025-10-30,quarterly,2.9,USD,pre-market,35319000,-124689000,0.0365,0.327,1.493,24.65,13869000,9055000,2721000,87622000,368.05,442.75,101.3889,147114000,129057000,20601000,37037000,18057000,16436000,5716000,110077000,1430.68,None,495.55,205.87
2025-12-28,ALNY,0.28,3210070000.0,1430.68,None,0.298,1.775,,None,56804000,56804000,,,,,,,,,320000,30028000,None,46069000,46069000,3928000,None,None,3116000,None,None,3119000,,,,,0.0,1.46,-41945000,-38826000,1.44,2006-03-31,45.25,None,2693105000.0,5716000,-42914000,-558000,2387000,2387000,None,969000,None,None,None,None,5320000,None,None,-42914000,None,None,None,0.295,,49188000,-43472000,1729000,3669000,None,None,None,,,,,-0.49,226.27,16.49,,,,,,,,0.0136,,11359000,2025-10-30,quarterly,2.9,USD,pre-market,35319000,-114779000,0.0365,0.327,1.493,24.65,13869000,7326000,2006000,75471000,368.05,442.75,101.3889,153687000,137120000,19990000,35771000,16567000,15781000,5716000,117916000,1430.68,None,495.55,205.87
2025-12-28,ALNY,0.28,3210070000.0,1430.68,None,0.298,1.775,,None,15757000,15757000,,,,,,,,,267000,30028000,None,46069000,46069000,1975000,None,None,755000,None,None,3119000,,,,,0.0,1.46,-41945000,-38826000,1.44,2005-12-31,45.25,None,2693105000.0,5716000,-42914000,-558000,2491000,2491000,None,969000,None,None,None,None,5519000,None,None,-42914000,None,None,None,0.295,,49188000,-43472000,1657000,3899000,None,None,None,,,,,-0.49,226.27,16.49,,,,,,,,0.0136,,10580000,2025-10-30,quarterly,2.9,USD,pre-market,35319000,-105919000,0.0365,0.327,1.493,24.65,13869000,7395000,1876000,64245000,368.05,442.75,101.3889,98348000,82414000,18484000,36569000,15934000,18085000,5716000,61779000,1430.68,None,495.55,205.87
2025-12-28,ALNY,0.28,3210070000.0,1430.68,None,0.298,1.775,,None,7178000,7178000,,,,,,,,,212000,20913576,None,46069000,46069000,1985000,None,None,587000,None,None,3119000,,,,,0.0,1.46,-41945000,-38826000,1.44,2005-09-30,45.25,None,2693105000.0,5716000,-42914000,-558000,3050000,3050000,None,969000,None,None,None,None,5782000,None,None,-42914000,None,None,None,0.295,,49188000,-43472000,1301000,2986000,None,None,None,,,,,-0.49,226.27,16.49,,,,,,,,0.0136,,10760000,2025-10-30,quarterly,2.9,USD,pre-market,35319000,-91428000,0.0365,0.327,1.493,24.65,13869000,7547000,1765000,17631000,368.05,442.75,101.3889,43248000,26697000,8002000,20177000,16551000,12175000,5716000,23071000,1430.68,None,495.55,205.87
2025-12-28,ALNY,0.28,3210070000.0,1430.68,None,0.298,1.775,,271427000,966428000,966428000,,,,,,,,,1293000,127651000,None,46069000,46069000,88415000,None,None,405308000,None,None,3119000,,,,,0.0,1.46,-41945000,-38826000,1.44,2024-12-31,45.25,None,2693105000.0,5716000,-42914000,-558000,None,None,None,969000,None,78509000,None,None,1024621000,None,None,-42914000,None,None,None,0.295,,49188000,-43472000,116964000,887472000,None,1732461000,None,,,,,-0.49,226.27,16.49,,,,,,,,0.0136,,None,2025-10-30,annual,2.9,USD,pre-market,35319000,-7287748000,0.0365,0.327,1.493,24.65,13869000,2743419000,154904000,1728076000,368.05,442.75,101.3889,4239983000,3295285000,1186272000,4172895000,944698000,2986623000,5716000,67088000,1430.68,None,495.55,205.87
2025-12-28,ALNY,0.28,3210070000.0,1430.68,None,0.298,1.775,,284611000,812688000,812688000,,,,,,,,,1259000,124906000,None,46069000,46069000,55519000,None,None,327787000,None,None,3119000,,,,,0.0,1.46,-41945000,-38826000,1.44,2023-12-31,45.25,None,2693105000.0,5716000,-42914000,-558000,697784000,697784000,None,969000,None,89146000,None,None,1020776000,None,None,-42914000,None,None,None,0.295,,49188000,-43472000,126382000,768004000,None,1630686000,None,,,,,-0.49,226.27,16.49,,,,,,,,0.0136,,None,2025-10-30,annual,2.9,USD,pre-market,35319000,-7009591000,0.0365,0.327,1.493,24.65,13869000,1305387000,41510000,1626694000,368.05,442.75,101.3889,3829880000,2982697000,967786000,4050524000,847183000,3082738000,5716000,-220644000,1430.68,None,495.55,205.87
2025-12-28,ALNY,0.28,3210070000.0,1430.68,None,0.298,1.775,,303306000,866394000,866394000,,,,,,,,,1240000,121689000,None,46069000,46069000,98094000,None,None,237963000,None,None,3119000,,,,,0.0,1.46,-41945000,-38826000,1.44,2022-12-31,45.25,None,2693105000.0,5716000,-42914000,-558000,264564000,264564000,None,969000,None,128962000,None,None,1016942000,None,None,-42914000,None,None,None,0.295,,49188000,-43472000,132916000,585749000,None,1464595000,None,,,,,-0.49,226.27,16.49,,,,,,,,0.0136,,523494000,2025-10-30,annual,2.9,USD,pre-market,35319000,-6569349000,0.0365,0.327,1.493,24.65,13869000,1320248000,41967000,1326012000,368.05,442.75,101.3889,3546359000,2692247000,767915000,3704582000,854112000,2936667000,5716000,-158223000,1430.68,None,495.55,205.87
2025-12-28,ALNY,0.28,3210070000.0,1430.68,None,0.298,1.775,,321895000,819975000,819975000,,,,,,,,,1202000,118451000,None,46069000,46069000,73426000,None,None,198571000,None,None,3119000,,,,,0.0,1.46,-41945000,-38826000,1.44,2021-12-31,45.25,None,2693105000.0,5716000,-42914000,-558000,None,None,None,969000,None,86363000,None,None,675697000,None,None,-42914000,None,None,None,0.295,,49188000,-43472000,88078000,432253000,None,1683694000,None,,,,,-0.49,226.27,16.49,,,,,,,,0.0136,,501958000,2025-10-30,annual,2.9,USD,pre-market,35319000,-5438193000,0.0365,0.327,1.493,24.65,13869000,997592000,40548000,1615589000,368.05,442.75,101.3889,3643304000,2808576000,695710000,3055101000,834728000,2359391000,5716000,588203000,1430.68,None,495.55,205.87
2025-12-28,ALNY,0.28,3210070000.0,1430.68,None,0.298,1.775,,329911000,496580000,496580000,,,,,,,,,1164000,114986000,None,46069000,46069000,51966000,None,None,602413000,None,None,3119000,,,,,0.0,1.46,-41945000,-38826000,1.44,2020-12-31,45.25,None,2693105000.0,5716000,-42914000,-558000,None,None,None,969000,None,75202000,None,None,191278000,None,None,-42914000,None,None,None,0.295,,49188000,-43472000,62767000,369225000,None,1614266000,None,,,,,-0.49,226.27,16.49,,,,,,,,0.0136,,465029000,2025-10-30,annual,2.9,USD,pre-market,35319000,-4585369000,0.0365,0.327,1.493,24.65,13869000,521189000,36872000,1377815000,368.05,442.75,101.3889,3407061000,2614777000,585270000,2390814000,792284000,1805544000,5716000,1016247000,1430.68,None,495.55,205.87
2025-12-28,ALNY,0.28,3210070000.0,1430.68,None,0.298,1.775,,303823000,547178000,547178000,,,,,,,,,1122000,109264000,None,46069000,46069000,49884000,None,None,43011000,None,None,3119000,,,,,0.0,1.46,-41945000,-38826000,1.44,2019-12-31,45.25,None,2693105000.0,5716000,-42914000,-558000,None,None,None,969000,None,56348000,None,None,None,None,14825000,-42914000,None,None,None,0.295,,49188000,-43472000,80343000,197201000,None,603848000,None,,,,,-0.49,226.27,16.49,,,,,,,,0.0136,,425179000,2025-10-30,annual,2.9,USD,pre-market,35319000,-3727088000,0.0365,0.327,1.493,24.65,13869000,303823000,27688000,988984000,368.05,442.75,101.3889,2395134000,1715864000,352594000,956442000,679270000,603848000,5716000,1438692000,1430.68,None,495.55,205.87
2025-12-28,ALNY,0.28,3210070000.0,1430.68,None,0.298,1.775,,None,420146000,420146000,,,,,,,,,1011000,100590000,None,46069000,46069000,59708000,None,None,18760000,None,None,3119000,,,,,0.0,1.46,-41945000,-38826000,1.44,2018-12-31,45.25,None,2693105000.0,5716000,-42914000,-558000,None,None,None,969000,None,24068000,None,None,30000000,None,0,-42914000,None,None,None,0.295,,49188000,-43472000,83542000,116290000,None,5423000,None,,,,,-0.49,226.27,16.49,,,,,,,,0.0136,,320658000,2025-10-30,annual,2.9,USD,pre-market,35319000,-2840972000,0.0365,0.327,1.493,24.65,13869000,92885000,62885000,664009000,368.05,442.75,101.3889,1574802000,1209319000,242837000,272837000,365483000,30000000,5716000,1301965000,1430.68,None,495.55,205.87
2025-12-28,ALNY,0.28,3210070000.0,1430.68,None,0.298,1.775,,None,645361000,645361000,,,,,,,,,997000,90554000,None,46069000,46069000,28355000,None,30000000,34002000,None,None,3119000,,,,,0.0,1.46,-41945000,-38826000,1.44,2017-12-31,45.25,0,2693105000.0,5716000,-42914000,-558000,0,0,None,969000,None,1,None,None,30000000,None,13919000,-42914000,None,None,None,0.295,,49188000,-43472000,44291000,74191000,None,4347000,None,,,,,-0.49,226.27,16.49,,,,,,,,0.0136,,181900000,2025-10-30,annual,2.9,USD,pre-market,35319000,-2147685000,0.0365,0.327,1.493,24.65,13869000,40973000,10973000,1045257000,368.05,442.75,101.3889,1994730000,1782830000,198299000,228299000,211900000,30000000,5716000,1766431000,1430.68,0,495.55,205.87
2025-12-28,ALNY,0.28,3210070000.0,1430.68,None,0.298,1.775,,None,193617000,193617000,,,,,,,,,859000,85596000,None,46069000,46069000,54465000,None,150000000,23334000,None,None,3119000,,,,,0.0,1.46,-41945000,-38826000,1.44,2016-12-31,45.25,0,2693105000.0,5716000,-42914000,-558000,0,0,None,969000,None,1,None,None,150000000,None,324799000,-42914000,None,None,None,0.295,,49188000,-43472000,23306000,43694000,None,3067000,None,,,,,-0.49,226.27,16.49,,,,,,,,0.0136,,114572000,2025-10-30,annual,2.9,USD,pre-market,35319000,-1656811000,0.0365,0.327,1.493,24.65,13869000,161498000,11498000,433182000,368.05,442.75,101.3889,1262810000,989241000,192589000,342589000,273569000,150000000,5716000,920221000,1430.68,0,495.55,205.87
2025-12-28,ALNY,0.28,3210070000.0,1430.68,None,0.298,1.775,,None,180895000,180895000,,,,,,,,,851000,83992000,None,46069000,46069000,16787000,None,None,8298000,None,None,3119000,,,,,0.0,1.46,-41945000,-38826000,1.44,2015-12-31,45.25,0,2693105000.0,5716000,-42914000,-558000,0,0,None,969000,None,1,None,None,0,None,251839000,-42914000,None,None,None,0.295,,49188000,-43472000,16559000,29960000,None,1301000,None,,,,,-0.49,226.27,16.49,,,,,,,,0.0136,,27812000,2025-10-30,annual,2.9,USD,pre-market,35319000,-1246703000,0.0365,0.327,1.493,24.65,13869000,None,6732000,899636000,368.05,442.75,101.3889,1386510000,1105388000,62099000,121796000,281122000,59697000,5716000,1264714000,1430.68,0,495.55,205.87
2025-12-28,ALNY,0.28,3210070000.0,1430.68,None,0.298,1.775,,None,75179000,75179000,,,,,,,,,772000,74278000,None,46069000,46069000,15111000,None,None,39937000,None,None,3119000,,,,,0.0,1.46,-41945000,-38826000,1.44,2014-12-31,45.25,0,2693105000.0,5716000,-42914000,-558000,0,0,None,969000,None,0,None,None,0,None,279821000,-42914000,None,None,None,0.295,,49188000,-43472000,9739000,56352000,None,None,None,,,,,-0.49,226.27,16.49,,,,,,,,0.0136,,21740000,2025-10-30,annual,2.9,USD,pre-market,35319000,-956630000,0.0365,0.327,1.493,24.65,13869000,None,5011000,621512000,368.05,442.75,101.3889,1079595000,746367000,95334000,143328000,333228000,47994000,5716000,936267000,1430.68,0,495.55,205.87
2025-12-28,ALNY,0.28,3210070000.0,1430.68,None,0.298,1.775,,None,53169000,53169000,,,,,,,,,637000,61551000,None,46069000,46069000,5896000,None,None,4248000,None,None,3119000,,,,,0.0,1.46,-41945000,-38826000,1.44,2013-12-31,45.25,0,2693105000.0,5716000,-42914000,-558000,0,0,None,969000,None,1,None,None,0,None,150054000,-42914000,None,None,None,0.295,,49188000,-43472000,7820000,15272000,None,None,None,,,,,-0.49,226.27,16.49,,,,,,,,0.0136,,16448000,2025-10-30,annual,2.9,USD,pre-market,35319000,-596235000,0.0365,0.327,1.493,24.65,13869000,None,2925000,192701000,368.05,442.75,101.3889,420530000,254028000,53864000,150183000,166502000,96319000,5716000,270347000,1430.68,0,495.55,205.87
2025-12-28,ALNY,0.28,3210070000.0,1430.68,None,0.298,1.775,,None,51405000,51405000,,,,,,,,,525000,50286000,None,46069000,46069000,4420000,None,None,104000,None,None,3119000,,,,,0.0,1.46,-41945000,-38826000,1.44,2012-12-31,45.25,0,2693105000.0,5716000,-42914000,-558000,0,0,None,969000,None,0,None,None,0,None,103416000,-42914000,None,None,None,0.295,,49188000,-43472000,2641000,12508000,None,None,None,,,,,-0.49,226.27,16.49,,,,,,,,0.0136,,19799000,2025-10-30,annual,2.9,USD,pre-market,35319000,-507010000,0.0365,0.327,1.493,24.65,13869000,None,4248000,71407000,368.05,442.75,101.3889,287520000,125557000,48345000,153467000,161963000,105122000,5716000,134053000,1430.68,0,495.55,205.87
2025-12-28,ALNY,0.28,3210070000.0,1430.68,None,0.298,1.775,,None,70228000,70228000,,,,,,,,,427000,42410000,None,46069000,46069000,5800000,None,None,1468000,None,None,3119000,,,,,0.0,1.46,-41945000,-38826000,1.44,2011-12-31,45.25,0,2693105000.0,5716000,-42914000,-558000,275000,275000,None,969000,None,-142244000,None,None,0,None,114971000,-42914000,None,None,None,0.295,,49188000,-43472000,260809000,12824000,None,716000,None,,,,,-0.49,226.27,16.49,,,,,,,,0.0136,,14643000,2025-10-30,annual,2.9,USD,pre-market,35319000,-400996000,0.0365,0.327,1.493,24.65,13869000,None,62850000,76174000,368.05,442.75,101.3889,281917000,266435000,18140000,163920000,15482000,145780000,5716000,117997000,1430.68,0,495.55,205.87
2025-12-28,ALNY,0.28,3210070000.0,1430.68,None,0.298,1.775,,None,74599000,74599000,,,,,,,,,423000,42040000,None,46069000,46069000,20428000,None,None,14119000,None,None,3119000,,,,,0.0,1.46,-41945000,-38826000,1.44,2010-12-31,45.25,0,2693105000.0,5716000,-42914000,-558000,448000,448000,None,969000,None,-226242000,None,None,0,None,120389000,-42914000,None,None,None,0.295,,49188000,-43472000,349904000,11116000,None,143000,None,,,,,-0.49,226.27,16.49,,,,,,,,0.0136,,18289000,2025-10-30,annual,2.9,USD,pre-market,35319000,-343347000,0.0365,0.327,1.493,24.65,13869000,None,11116000,158532000,368.05,442.75,101.3889,393265000,370912000,231536000,235032000,22353000,3496000,5716000,158233000,1430.68,0,495.55,205.87
2025-12-28,ALNY,0.28,3210070000.0,1430.68,None,0.298,1.775,,None,137468000,137468000,,,,,,,,,418000,41633000,None,46069000,46069000,22322000,None,None,6044000,None,None,3119000,,,,,0.0,1.46,-41945000,-38826000,1.44,2009-12-31,45.25,None,2693105000.0,5716000,-42914000,-558000,622000,622000,None,969000,None,None,None,None,None,None,None,-42914000,None,None,None,0.295,,49188000,-43472000,6088000,10671000,None,None,None,,,,,-0.49,226.27,16.49,,,,,,,,0.0136,,18324000,2025-10-30,annual,2.9,USD,pre-market,35319000,-299832000,0.0365,0.327,1.493,24.65,13869000,None,4189000,143934000,368.05,442.75,101.3889,481385000,293534000,110733000,303420000,187851000,192687000,5716000,177965000,1430.68,None,495.55,205.87
2025-12-28,ALNY,0.28,3210070000.0,1430.68,None,0.298,1.775,,None,191792000,191792000,,,,,,,,,414000,41077000,None,46069000,46069000,2588000,None,None,4188000,None,None,3119000,,,,,0.0,1.46,-41945000,-38826000,1.44,2008-12-31,45.25,None,2693105000.0,5716000,-42914000,-558000,795000,795000,None,969000,None,None,None,None,None,None,None,-42914000,None,None,None,0.295,,49188000,-43472000,8548000,10889000,None,None,None,,,,,-0.49,226.27,16.49,,,,,,,,0.0136,,19194000,2025-10-30,annual,2.9,USD,pre-market,35319000,-252242000,0.0365,0.327,1.493,24.65,13869000,None,6111000,238596000,368.05,442.75,101.3889,554676000,443124000,99452000,352551000,111552000,253099000,5716000,202125000,1430.68,None,495.55,205.87
2025-12-28,ALNY,0.28,3210070000.0,1430.68,None,0.298,1.775,,None,105157000,105157000,,,,,,,,,408000,38657000,None,46069000,46069000,3826000,None,None,5031000,None,None,3119000,,,,,0.0,1.46,-41945000,-38826000,1.44,2007-12-31,45.25,None,2693105000.0,5716000,-42914000,-558000,968000,968000,None,969000,None,None,None,None,2963000,None,None,-42914000,None,None,None,0.295,,49188000,-43472000,2926000,13111000,None,None,None,,,,,-0.49,226.27,16.49,,,,,,,,0.0136,,13810000,2025-10-30,annual,2.9,USD,pre-market,35319000,-225993000,0.0365,0.327,1.493,24.65,13869000,6758000,2408000,284791000,368.05,442.75,101.3889,493791000,397905000,83478000,294623000,95886000,211145000,5716000,199168000,1430.68,None,495.55,205.87
2025-12-28,ALNY,0.28,3210070000.0,1430.68,None,0.298,1.775,,None,127955000,127955000,,,,,,,,,371000,31890000,None,46069000,46069000,4085000,None,None,3829000,None,None,3119000,,,,,0.0,1.46,-41945000,-38826000,1.44,2006-12-31,45.25,None,2693105000.0,5716000,-42914000,-558000,1933000,1933000,None,969000,None,None,None,None,5919000,None,None,-42914000,None,None,None,0.295,,49188000,-43472000,1695000,4479000,None,None,None,,,,,-0.49,226.27,16.49,,,,,,,,0.0136,,12173000,2025-10-30,annual,2.9,USD,pre-market,35319000,-140527000,0.0365,0.327,1.493,24.65,13869000,9136000,3217000,89305000,368.05,442.75,101.3889,240006000,222784000,22925000,38832000,17222000,15907000,5716000,201174000,1430.68,None,495.55,205.87
2025-12-28,ALNY,0.28,3210070000.0,1430.68,None,0.298,1.775,,None,15757000,15757000,,,,,,,,,267000,21949000,None,46069000,46069000,1975000,None,None,755000,None,None,3119000,,,,,0.0,1.46,-41945000,-38826000,1.44,2005-12-31,45.25,None,2693105000.0,5716000,-42914000,-558000,2491000,2491000,None,969000,None,None,None,None,5519000,None,None,-42914000,None,None,None,0.295,,49188000,-43472000,1657000,3899000,None,None,None,,,,,-0.49,226.27,16.49,,,,,,,,0.0136,,10580000,2025-10-30,annual,2.9,USD,pre-market,35319000,-105919000,0.0365,0.327,1.493,24.65,13869000,7395000,1876000,64245000,368.05,442.75,101.3889,98348000,82414000,18484000,36569000,15934000,18085000,5716000,61779000,1430.68,None,495.55,205.87
2025-12-28,ALNY,0.28,3210070000.0,1430.68,None,0.298,1.775,12142000,None,15757000,15757000,-448348000,501107000,None,None,4976000,None,None,None,267000,21949000,None,46069000,46069000,1975000,None,None,755000,None,None,3119000,13803000,None,None,None,0.0,1.46,-41945000,-38826000,1.44,2025-09-30,45.25,None,2693105000.0,5716000,-42914000,-558000,2491000,2491000,None,969000,None,None,None,None,5519000,None,None,251084000,None,None,None,0.295,325109000,49188000,-43472000,1657000,3899000,None,None,None,None,None,None,None,-0.49,226.27,16.49,None,None,None,None,None,None,None,0.0136,None,10580000,2025-10-30,quarterly,2.9,USD,pre-market,35319000,-105919000,0.0365,0.327,1.493,24.65,13869000,7395000,1876000,64245000,368.05,442.75,101.3889,98348000,82414000,18484000,36569000,15934000,18085000,5716000,61779000,1430.68,None,495.55,205.87
2025-12-28,ALNY,0.28,3210070000.0,1430.68,None,0.298,1.775,14293000,None,15757000,15757000,53757000,-141381000,None,None,11144000,None,None,None,267000,21949000,None,46069000,46069000,1975000,None,None,755000,None,None,3119000,13944000,None,None,None,0.0,1.46,-41945000,-38826000,1.44,2025-06-30,45.25,None,2693105000.0,5716000,-42914000,-558000,2491000,2491000,None,969000,None,None,None,None,5519000,None,None,-66277000,None,None,None,0.295,153730000,49188000,-43472000,1657000,3899000,None,None,None,None,None,None,None,-0.49,226.27,16.49,None,None,None,None,None,None,None,0.0136,None,10580000,2025-10-30,quarterly,2.9,USD,pre-market,35319000,-105919000,0.0365,0.327,1.493,24.65,13869000,7395000,1876000,64245000,368.05,442.75,101.3889,98348000,82414000,18484000,36569000,15934000,18085000,5716000,61779000,1430.68,None,495.55,205.87
2025-12-28,ALNY,0.28,3210070000.0,1430.68,None,0.298,1.775,8970000,None,15757000,15757000,44084000,113769000,None,None,6215000,None,None,None,267000,21949000,None,46069000,46069000,1975000,None,None,755000,None,None,3119000,14405000,None,None,None,0.0,1.46,-41945000,-38826000,1.44,2025-03-31,45.25,None,2693105000.0,5716000,-42914000,-558000,2491000,2491000,None,969000,None,None,None,None,5519000,None,None,-57479000,None,None,None,0.295,-118314000,49188000,-43472000,1657000,3899000,None,None,None,None,None,None,None,-0.49,226.27,16.49,None,None,None,None,None,None,None,0.0136,None,10580000,2025-10-30,quarterly,2.9,USD,pre-market,35319000,-105919000,0.0365,0.327,1.493,24.65,13869000,7395000,1876000,64245000,368.05,442.75,101.3889,98348000,82414000,18484000,36569000,15934000,18085000,5716000,61779000,1430.68,None,495.55,205.87
2025-12-28,ALNY,0.28,3210070000.0,1430.68,None,0.298,1.775,9094000,None,15757000,15757000,30997000,-52910000,None,None,849000,None,None,None,267000,21949000,None,46069000,46069000,1975000,None,None,755000,None,None,3119000,-20546000,None,None,None,0.0,1.46,-41945000,-38826000,1.44,2024-12-31,45.25,None,2693105000.0,5716000,-42914000,-558000,2491000,2491000,None,969000,None,None,None,None,5519000,None,None,-83763000,None,None,None,0.295,-94662000,49188000,-43472000,1657000,3899000,None,None,None,None,None,None,None,-0.49,226.27,16.49,None,None,None,None,None,None,None,0.0136,None,10580000,2025-10-30,quarterly,2.9,USD,pre-market,35319000,-105919000,0.0365,0.327,1.493,24.65,13869000,7395000,1876000,64245000,368.05,442.75,101.3889,98348000,82414000,18484000,36569000,15934000,18085000,5716000,61779000,1430.68,None,495.55,205.87
2025-12-28,ALNY,0.28,3210070000.0,1430.68,None,0.298,1.775,4192000,None,15757000,15757000,102755000,-30250000,None,None,5925000,None,None,None,267000,21949000,None,46069000,46069000,1975000,None,None,755000,None,None,3119000,48696000,None,None,None,0.0,1.46,-41945000,-38826000,1.44,2024-09-30,45.25,None,2693105000.0,5716000,-42914000,-558000,2491000,2491000,None,969000,None,None,None,None,5519000,None,None,-111570000,None,None,None,0.295,43707000,49188000,-43472000,1657000,3899000,None,None,None,None,None,None,None,-0.49,226.27,16.49,None,None,None,None,None,None,None,0.0136,None,10580000,2025-10-30,quarterly,2.9,USD,pre-market,35319000,-105919000,0.0365,0.327,1.493,24.65,13869000,7395000,1876000,64245000,368.05,442.75,101.3889,98348000,82414000,18484000,36569000,15934000,18085000,5716000,61779000,1430.68,None,495.55,205.87
2025-12-28,ALNY,0.28,3210070000.0,1430.68,None,0.298,1.775,8018000,None,15757000,15757000,131496000,33940000,None,None,6794000,None,None,None,267000,21949000,None,46069000,46069000,1975000,None,None,755000,None,None,3119000,15003000,None,None,None,0.0,1.46,-41945000,-38826000,1.44,2024-06-30,45.25,None,2693105000.0,5716000,-42914000,-558000,2491000,2491000,None,969000,None,None,None,None,5519000,None,None,-16889000,None,None,None,0.295,124158000,49188000,-43472000,1657000,3899000,None,None,None,None,None,None,None,-0.49,226.27,16.49,None,None,None,None,None,None,None,0.0136,None,10580000,2025-10-30,quarterly,2.9,USD,pre-market,35319000,-105919000,0.0365,0.327,1.493,24.65,13869000,7395000,1876000,64245000,368.05,442.75,101.3889,98348000,82414000,18484000,36569000,15934000,18085000,5716000,61779000,1430.68,None,495.55,205.87
2025-12-28,ALNY,0.28,3210070000.0,1430.68,None,0.298,1.775,12973000,None,15757000,15757000,28911000,-67620000,None,None,22000,None,None,None,267000,21949000,None,46069000,46069000,1975000,None,None,755000,None,None,3119000,13517000,None,None,None,0.0,1.46,-41945000,-38826000,1.44,2024-03-31,45.25,None,2693105000.0,5716000,-42914000,-558000,2491000,2491000,None,969000,None,None,None,None,5519000,None,None,-65935000,None,None,None,0.295,-81515000,49188000,-43472000,1657000,3899000,None,None,None,None,None,None,None,-0.49,226.27,16.49,None,None,None,None,None,None,None,0.0136,None,10580000,2025-10-30,quarterly,2.9,USD,pre-market,35319000,-105919000,0.0365,0.327,1.493,24.65,13869000,7395000,1876000,64245000,368.05,442.75,101.3889,98348000,82414000,18484000,36569000,15934000,18085000,5716000,61779000,1430.68,None,495.55,205.87
2025-12-28,ALNY,0.28,3210070000.0,1430.68,None,0.298,1.775,15309000,None,15757000,15757000,39228000,-240656000,None,None,11990000,None,None,None,267000,21949000,None,46069000,46069000,1975000,None,None,755000,None,None,3119000,13482000,None,None,None,0.0,1.46,-41945000,-38826000,1.44,2023-12-31,45.25,None,2693105000.0,5716000,-42914000,-558000,2491000,2491000,None,969000,None,None,None,None,5519000,None,None,-137870000,None,None,None,0.295,-29795000,49188000,-43472000,1657000,3899000,None,None,None,None,None,None,None,-0.49,226.27,16.49,None,None,None,None,None,None,None,0.0136,None,10580000,2025-10-30,quarterly,2.9,USD,pre-market,35319000,-105919000,0.0365,0.327,1.493,24.65,13869000,7395000,1876000,64245000,368.05,442.75,101.3889,98348000,82414000,18484000,36569000,15934000,18085000,5716000,61779000,1430.68,None,495.55,205.87
2025-12-28,ALNY,0.28,3210070000.0,1430.68,None,0.298,1.775,17092000,None,15757000,15757000,33138000,-10764000,None,None,4795000,None,None,None,267000,21949000,None,46069000,46069000,1975000,None,None,755000,None,None,3119000,23532000,None,None,None,0.0,1.46,-41945000,-38826000,1.44,2023-09-30,45.25,None,2693105000.0,5716000,-42914000,-558000,2491000,2491000,None,969000,None,None,None,None,5519000,None,None,147753000,None,None,None,0.295,359412000,49188000,-43472000,1657000,3899000,None,None,None,None,None,None,None,-0.49,226.27,16.49,None,None,None,None,None,None,None,0.0136,None,10580000,2025-10-30,quarterly,2.9,USD,pre-market,35319000,-105919000,0.0365,0.327,1.493,24.65,13869000,7395000,1876000,64245000,368.05,442.75,101.3889,98348000,82414000,18484000,36569000,15934000,18085000,5716000,61779000,1430.68,None,495.55,205.87
2025-12-28,ALNY,0.28,3210070000.0,1430.68,None,0.298,1.775,15919000,None,15757000,15757000,53394000,-8713000,-14305000,None,1985000,None,None,-2970000,267000,21949000,None,46069000,46069000,1975000,None,None,755000,None,None,3119000,23447000,None,None,None,0.0,1.46,-41945000,-38826000,1.44,2023-06-30,45.25,None,2693105000.0,5716000,-42914000,-558000,2491000,2491000,None,969000,None,None,None,None,5519000,None,None,-276024000,None,None,None,0.295,-58986000,49188000,-43472000,1657000,3899000,None,None,None,None,None,None,None,-0.49,226.27,16.49,None,None,None,None,None,49394000,None,0.0136,None,10580000,2025-10-30,quarterly,2.9,USD,pre-market,35319000,-105919000,0.0365,0.327,1.493,24.65,13869000,7395000,1876000,64245000,368.05,442.75,101.3889,98348000,82414000,18484000,36569000,15934000,18085000,5716000,61779000,1430.68,None,495.55,205.87
2025-12-28,ALNY,0.28,3210070000.0,1430.68,None,0.298,1.775,13891000,None,15757000,15757000,46371000,-76217000,-196321000,None,-403000,None,None,19153000,267000,21949000,None,46069000,46069000,1975000,None,None,755000,None,None,3119000,26079000,None,None,None,0.0,1.46,-41945000,-38826000,1.44,2023-03-31,45.25,None,2693105000.0,5716000,-42914000,-558000,2491000,2491000,None,969000,None,None,None,None,5519000,None,None,-174101000,None,None,None,0.295,-166475000,49188000,-43472000,1657000,3899000,None,None,None,None,None,None,None,-0.49,226.27,16.49,None,None,None,None,None,42371000,None,0.0136,None,10580000,2025-10-30,quarterly,2.9,USD,pre-market,35319000,-105919000,0.0365,0.327,1.493,24.65,13869000,7395000,1876000,64245000,368.05,442.75,101.3889,98348000,82414000,18484000,36569000,15934000,18085000,5716000,61779000,1430.68,None,495.55,205.87
2025-12-28,ALNY,0.28,3210070000.0,1430.68,None,0.298,1.775,21635000,None,15757000,15757000,63437000,-139911000,-208452000,None,-18978000,None,None,-53269000,267000,21949000,None,46069000,46069000,1975000,None,None,755000,None,None,3119000,24885000,None,None,None,0.0,1.46,-41945000,-38826000,1.44,2022-12-31,45.25,None,2693105000.0,5716000,-42914000,-558000,2491000,2491000,None,969000,None,None,None,None,5519000,None,None,-207493000,None,None,None,0.295,-131978000,49188000,-43472000,1657000,3899000,None,None,None,None,None,None,None,-0.49,226.27,16.49,None,None,None,None,None,56714000,None,0.0136,None,10580000,2025-10-30,quarterly,2.9,USD,pre-market,35319000,-105919000,0.0365,0.327,1.493,24.65,13869000,7395000,1876000,64245000,368.05,442.75,101.3889,98348000,82414000,18484000,36569000,15934000,18085000,5716000,61779000,1430.68,None,495.55,205.87
2025-12-28,ALNY,0.28,3210070000.0,1430.68,None,0.298,1.775,16510000,None,15757000,15757000,297023000,313891000,495630000,None,-7884000,None,None,-38423000,267000,21949000,None,46069000,46069000,1975000,None,None,755000,None,None,3119000,20650000,None,None,None,0.0,1.46,-41945000,-38826000,1.44,2022-09-30,45.25,None,2693105000.0,5716000,-42914000,-558000,2491000,2491000,None,969000,None,None,None,None,5519000,None,None,-405920000,None,None,None,0.295,-115284000,49188000,-43472000,1657000,3899000,None,None,None,None,None,None,None,-0.49,226.27,16.49,None,None,None,None,None,153020000,None,0.0136,None,10580000,2025-10-30,quarterly,2.9,USD,pre-market,35319000,-105919000,0.0365,0.327,1.493,24.65,13869000,7395000,1876000,64245000,368.05,442.75,101.3889,98348000,82414000,18484000,36569000,15934000,18085000,5716000,61779000,1430.68,None,495.55,205.87
2025-12-28,ALNY,0.28,3210070000.0,1430.68,None,0.298,1.775,16055000,None,15757000,15757000,30337000,142793000,50311000,None,-9200000,None,None,6399000,267000,21949000,None,46069000,46069000,1975000,None,None,755000,None,None,3119000,30555000,None,None,None,0.0,1.46,-41945000,-38826000,1.44,2022-06-30,45.25,None,2693105000.0,5716000,-42914000,-558000,2491000,2491000,None,969000,None,None,None,None,5519000,None,None,-277402000,None,None,None,0.295,-122819000,49188000,-43472000,1657000,3899000,None,None,None,None,None,None,None,-0.49,226.27,16.49,None,None,None,None,None,22503000,None,0.0136,None,10580000,2025-10-30,quarterly,2.9,USD,pre-market,35319000,-105919000,0.0365,0.327,1.493,24.65,13869000,7395000,1876000,64245000,368.05,442.75,101.3889,98348000,82414000,18484000,36569000,15934000,18085000,5716000,61779000,1430.68,None,495.55,205.87
2025-12-28,ALNY,0.28,3210070000.0,1430.68,None,0.298,1.775,17859000,None,15757000,15757000,34956000,-147419000,-283656000,None,1926000,None,None,39696000,267000,21949000,None,46069000,46069000,1975000,None,None,755000,None,None,3119000,9460000,None,None,None,0.0,1.46,-41945000,-38826000,1.44,2022-03-31,45.25,None,2693105000.0,5716000,-42914000,-558000,2491000,2491000,None,969000,None,None,None,None,5519000,None,None,-240341000,None,None,None,0.295,-171193000,49188000,-43472000,1657000,3899000,None,None,None,None,None,None,None,-0.49,226.27,16.49,None,None,None,None,None,27123000,None,0.0136,None,10580000,2025-10-30,quarterly,2.9,USD,pre-market,35319000,-105919000,0.0365,0.327,1.493,24.65,13869000,7395000,1876000,64245000,368.05,442.75,101.3889,98348000,82414000,18484000,36569000,15934000,18085000,5716000,61779000,1430.68,None,495.55,205.87
2025-12-28,ALNY,0.28,3210070000.0,1430.68,None,0.298,1.775,21886000,None,15757000,15757000,292291000,-413405000,-271255000,None,-10760000,None,None,-59449000,267000,21949000,None,46069000,46069000,1975000,None,None,755000,None,None,3119000,21451000,None,None,None,0.0,1.46,-41945000,-38826000,1.44,2021-12-31,45.25,None,2693105000.0,5716000,-42914000,-558000,2491000,2491000,None,969000,None,None,None,None,5519000,None,None,-258460000,None,None,None,0.295,-150141000,49188000,-43472000,1657000,3899000,None,None,None,None,None,None,None,-0.49,226.27,16.49,None,None,None,None,None,45041000,None,0.0136,None,10580000,2025-10-30,quarterly,2.9,USD,pre-market,35319000,-105919000,0.0365,0.327,1.493,24.65,13869000,7395000,1876000,64245000,368.05,442.75,101.3889,98348000,82414000,18484000,36569000,15934000,18085000,5716000,61779000,1430.68,None,495.55,205.87
2025-12-28,ALNY,0.28,3210070000.0,1430.68,None,0.298,1.775,26062000,None,15757000,15757000,573839000,-88271000,351532000,None,-13634000,None,None,3670000,267000,21949000,None,46069000,46069000,1975000,None,None,755000,None,None,3119000,23220000,None,None,None,0.0,1.46,-41945000,-38826000,1.44,2021-09-30,45.25,None,2693105000.0,5716000,-42914000,-558000,2491000,2491000,None,969000,None,None,None,None,5519000,None,None,-204514000,None,None,None,0.295,-134036000,49188000,-43472000,1657000,3899000,None,None,None,None,None,None,None,-0.49,226.27,16.49,None,None,None,None,None,72389000,None,0.0136,None,10580000,2025-10-30,quarterly,2.9,USD,pre-market,35319000,-105919000,0.0365,0.327,1.493,24.65,13869000,7395000,1876000,64245000,368.05,442.75,101.3889,98348000,82414000,18484000,36569000,15934000,18085000,5716000,61779000,1430.68,None,495.55,205.87
2025-12-28,ALNY,0.28,3210070000.0,1430.68,None,0.298,1.775,11246000,None,15757000,15757000,329811000,157024000,364979000,None,-3955000,None,None,-35311000,267000,21949000,None,46069000,46069000,1975000,None,None,755000,None,None,3119000,22161000,None,None,None,0.0,1.46,-41945000,-38826000,1.44,2021-06-30,45.25,None,2693105000.0,5716000,-42914000,-558000,2491000,2491000,None,969000,None,None,None,None,5519000,None,None,-189559000,None,None,None,0.295,-121856000,49188000,-43472000,1657000,3899000,None,None,None,None,None,None,None,-0.49,226.27,16.49,None,None,None,None,None,81861000,None,0.0136,None,10580000,2025-10-30,quarterly,2.9,USD,pre-market,35319000,-105919000,0.0365,0.327,1.493,24.65,13869000,7395000,1876000,64245000,368.05,442.75,101.3889,98348000,82414000,18484000,36569000,15934000,18085000,5716000,61779000,1430.68,None,495.55,205.87
2025-12-28,ALNY,0.28,3210070000.0,1430.68,None,0.298,1.775,17178000,None,15757000,15757000,51177000,71352000,-113131000,None,1934000,None,None,-10709000,267000,21949000,None,46069000,46069000,1975000,None,None,755000,None,None,3119000,22862000,None,None,None,0.0,1.46,-41945000,-38826000,1.44,2021-03-31,45.25,None,2693105000.0,5716000,-42914000,-558000,2491000,2491000,None,969000,None,None,None,None,5519000,None,None,-200291000,None,None,None,0.295,-235660000,49188000,-43472000,1657000,3899000,None,None,None,None,None,None,None,-0.49,226.27,16.49,None,None,None,None,None,46977000,None,0.0136,None,10580000,2025-10-30,quarterly,2.9,USD,pre-market,35319000,-105919000,0.0365,0.327,1.493,24.65,13869000,7395000,1876000,64245000,368.05,442.75,101.3889,98348000,82414000,18484000,36569000,15934000,18085000,5716000,61779000,1430.68,None,495.55,205.87
2025-12-28,ALNY,0.28,3210070000.0,1430.68,None,0.298,1.775,21668000,None,15757000,15757000,217950000,-97888000,-3082000,None,-8464000,None,None,-21166000,267000,21949000,None,46069000,46069000,1975000,None,None,755000,None,None,3119000,20880000,None,None,None,0.0,1.46,-41945000,-38826000,1.44,2020-12-31,45.25,None,2693105000.0,5716000,-42914000,-558000,2491000,2491000,None,969000,None,None,None,None,5519000,None,None,-243540000,None,None,None,0.295,-123144000,49188000,-43472000,1657000,3899000,None,None,None,None,None,None,None,-0.49,226.27,16.49,None,None,None,None,None,19025000,None,0.0136,None,10580000,2025-10-30,quarterly,2.9,USD,pre-market,35319000,-105919000,0.0365,0.327,1.493,24.65,13869000,7395000,1876000,64245000,368.05,442.75,101.3889,98348000,82414000,18484000,36569000,15934000,18085000,5716000,61779000,1430.68,None,495.55,205.87
2025-12-28,ALNY,0.28,3210070000.0,1430.68,None,0.298,1.775,12418000,None,15757000,15757000,34147000,-10088000,-86267000,None,-2784000,None,None,-8971000,267000,21949000,None,46069000,46069000,1975000,None,None,755000,None,None,3119000,18771000,None,None,None,0.0,1.46,-41945000,-38826000,1.44,2020-09-30,45.25,None,2693105000.0,5716000,-42914000,-558000,2491000,2491000,None,969000,None,None,None,None,5519000,None,None,-253291000,None,None,None,0.295,-110326000,49188000,-43472000,1657000,3899000,None,None,None,None,None,None,None,-0.49,226.27,16.49,None,None,None,None,None,29947000,None,0.0136,None,10580000,2025-10-30,quarterly,2.9,USD,pre-market,35319000,-105919000,0.0365,0.327,1.493,24.65,13869000,7395000,1876000,64245000,368.05,442.75,101.3889,98348000,82414000,18484000,36569000,15934000,18085000,5716000,61779000,1430.68,None,495.55,205.87
2025-12-28,ALNY,0.28,3210070000.0,1430.68,None,0.298,1.775,16658000,None,15757000,15757000,689013000,-441230000,112453000,None,-12226000,None,None,6783000,267000,21949000,None,46069000,46069000,1975000,None,None,755000,None,None,3119000,17778000,None,None,None,0.0,1.46,-41945000,-38826000,1.44,2020-06-30,45.25,None,2693105000.0,5716000,-42914000,-558000,2491000,2491000,None,969000,None,None,None,None,5519000,None,None,-179229000,None,None,None,0.295,-135330000,49188000,-43472000,1657000,3899000,None,None,None,None,None,None,None,-0.49,226.27,16.49,None,None,None,None,None,197141000,None,0.0136,None,10580000,2025-10-30,quarterly,2.9,USD,pre-market,35319000,-105919000,0.0365,0.327,1.493,24.65,13869000,7395000,1876000,64245000,368.05,442.75,101.3889,98348000,82414000,18484000,36569000,15934000,18085000,5716000,61779000,1430.68,None,495.55,205.87
2025-12-28,ALNY,0.28,3210070000.0,1430.68,None,0.298,1.775,19617000,None,15757000,15757000,53869000,113688000,-78604000,None,-11952000,None,None,-32882000,267000,21949000,None,46069000,46069000,1975000,None,None,755000,None,None,3119000,17006000,None,None,None,0.0,1.46,-41945000,-38826000,1.44,2020-03-31,45.25,None,2693105000.0,5716000,-42914000,-558000,2491000,2491000,None,969000,None,None,None,None,5519000,None,None,-182221000,None,None,None,0.295,-246161000,49188000,-43472000,1657000,3899000,None,None,None,None,None,None,None,-0.49,226.27,16.49,None,None,None,None,None,53869000,None,0.0136,None,10580000,2025-10-30,quarterly,2.9,USD,pre-market,35319000,-105919000,0.0365,0.327,1.493,24.65,13869000,7395000,1876000,64245000,368.05,442.75,101.3889,98348000,82414000,18484000,36569000,15934000,18085000,5716000,61779000,1430.68,None,495.55,205.87
2025-12-28,ALNY,0.28,3210070000.0,1430.68,None,0.298,1.775,38805000,None,15757000,15757000,40342000,-220850000,-376488000,None,-4316000,None,None,5479000,267000,21949000,None,46069000,46069000,1975000,None,None,755000,None,None,3119000,14762000,None,None,None,0.0,1.46,-41945000,-38826000,1.44,2019-12-31,45.25,None,2693105000.0,5716000,-42914000,-558000,2491000,2491000,None,969000,None,None,None,None,5519000,None,None,-276185000,None,None,None,0.295,-195980000,49188000,-43472000,1657000,3899000,None,None,None,None,None,None,None,-0.49,226.27,16.49,None,None,None,None,None,84000,None,0.0136,None,10580000,2025-10-30,quarterly,2.9,USD,pre-market,35319000,-105919000,0.0365,0.327,1.493,24.65,13869000,7395000,1876000,64245000,368.05,442.75,101.3889,98348000,82414000,18484000,36569000,15934000,18085000,5716000,61779000,1430.68,None,495.55,205.87
2025-12-28,ALNY,0.28,3210070000.0,1430.68,None,0.298,1.775,36058000,None,15757000,15757000,-20699000,-10077000,-213408000,None,-13055000,None,None,-17783000,267000,21949000,None,46069000,46069000,1975000,None,None,755000,None,None,3119000,17651000,None,None,None,0.0,1.46,-41945000,-38826000,1.44,2019-09-30,45.25,None,2693105000.0,5716000,-42914000,-558000,2491000,2491000,None,969000,None,None,None,None,5519000,None,None,-208535000,None,None,None,0.295,-182632000,49188000,-43472000,1657000,3899000,None,None,None,None,None,None,None,-0.49,226.27,16.49,None,None,None,None,None,9217000,None,0.0136,None,10580000,2025-10-30,quarterly,2.9,USD,pre-market,35319000,-105919000,0.0365,0.327,1.493,24.65,13869000,7395000,1876000,64245000,368.05,442.75,101.3889,98348000,82414000,18484000,36569000,15934000,18085000,5716000,61779000,1430.68,None,495.55,205.87
2025-12-28,ALNY,0.28,3210070000.0,1430.68,None,0.298,1.775,21244000,None,15757000,15757000,412610000,-289402000,411903000,None,-7906000,None,None,3107000,267000,21949000,None,46069000,46069000,1975000,None,None,755000,None,None,3119000,9745000,None,None,None,0.0,1.46,-41945000,-38826000,1.44,2019-06-30,45.25,None,2693105000.0,5716000,-42914000,-558000,2491000,2491000,None,969000,None,None,None,None,5519000,None,None,-219481000,None,None,None,0.295,288695000,49188000,-43472000,1657000,3899000,None,None,None,None,None,None,None,-0.49,226.27,16.49,None,None,None,None,None,-32000,None,0.0136,None,10580000,2025-10-30,quarterly,2.9,USD,pre-market,35319000,-105919000,0.0365,0.327,1.493,24.65,13869000,7395000,1876000,64245000,368.05,442.75,101.3889,98348000,82414000,18484000,36569000,15934000,18085000,5716000,61779000,1430.68,None,495.55,205.87
2025-12-28,ALNY,0.28,3210070000.0,1430.68,None,0.298,1.775,44049000,None,15757000,15757000,390931000,102652000,305073000,None,-7134000,None,None,-15041000,267000,21949000,None,46069000,46069000,1975000,None,None,755000,None,None,3119000,12210000,None,None,None,0.0,1.46,-41945000,-38826000,1.44,2019-03-31,45.25,None,2693105000.0,5716000,-42914000,-558000,2491000,2491000,None,969000,None,None,None,None,5519000,None,None,-181915000,None,None,None,0.295,-188510000,49188000,-43472000,1657000,3899000,None,None,None,None,None,None,None,-0.49,226.27,16.49,None,None,None,None,None,-52000,None,0.0136,None,10580000,2025-10-30,quarterly,2.9,USD,pre-market,35319000,-105919000,0.0365,0.327,1.493,24.65,13869000,7395000,1876000,64245000,368.05,442.75,101.3889,98348000,82414000,18484000,36569000,15934000,18085000,5716000,61779000,1430.68,None,495.55,205.87
2025-12-28,ALNY,0.28,3210070000.0,1430.68,None,0.298,1.775,37513000,None,15757000,15757000,5378000,248964000,103885000,None,-12291000,None,None,-15398000,267000,21949000,None,46069000,46069000,1975000,None,None,755000,None,None,3119000,-2228000,None,None,None,0.0,1.46,-41945000,-38826000,1.44,2018-12-31,45.25,None,2693105000.0,5716000,-42914000,-558000,2491000,2491000,None,969000,None,None,None,None,5519000,None,None,-211441000,None,None,None,0.295,-150457000,49188000,-43472000,1657000,3899000,None,None,None,None,None,None,None,-0.49,226.27,16.49,None,None,None,None,None,-2293000,None,0.0136,None,10580000,2025-10-30,quarterly,2.9,USD,pre-market,35319000,-105919000,0.0365,0.327,1.493,24.65,13869000,7395000,1876000,64245000,368.05,442.75,101.3889,98348000,82414000,18484000,36569000,15934000,18085000,5716000,61779000,1430.68,None,495.55,205.87
2025-12-28,ALNY,0.28,3210070000.0,1430.68,None,0.298,1.775,45409000,None,15757000,15757000,12989000,96174000,-44645000,None,-5237000,None,None,-401000,267000,21949000,None,46069000,46069000,1975000,None,None,755000,None,None,3119000,3246000,0,0,None,0.0,1.46,-41945000,-38826000,1.44,2018-09-30,45.25,None,2693105000.0,5716000,-42914000,-558000,2491000,2491000,None,969000,None,None,None,None,5519000,None,None,-245282000,None,None,None,0.295,-153808000,49188000,-43472000,1657000,3899000,None,None,None,None,None,None,None,-0.49,226.27,16.49,None,None,None,None,None,-544000,None,0.0136,None,10580000,2025-10-30,quarterly,2.9,USD,pre-market,35319000,-105919000,0.0365,0.327,1.493,24.65,13869000,7395000,1876000,64245000,368.05,442.75,101.3889,98348000,82414000,18484000,36569000,15934000,18085000,5716000,61779000,1430.68,None,495.55,205.87
2025-12-28,ALNY,0.28,3210070000.0,1430.68,None,0.298,1.775,22708000,None,15757000,15757000,5581000,62621000,-34485000,None,25307000,None,None,47807000,267000,21949000,None,46069000,46069000,1975000,None,None,755000,None,None,3119000,2239000,0,0,None,0.0,1.46,-41945000,-38826000,1.44,2018-06-30,45.25,None,2693105000.0,5716000,-42914000,-558000,2491000,2491000,None,969000,None,None,None,None,5519000,None,None,-163560000,None,None,None,0.295,-102687000,49188000,-43472000,1657000,3899000,None,None,None,None,None,None,None,-0.49,226.27,16.49,None,None,None,None,None,-60000,None,0.0136,None,10580000,2025-10-30,quarterly,2.9,USD,pre-market,35319000,-105919000,0.0365,0.327,1.493,24.65,13869000,7395000,1876000,64245000,368.05,442.75,101.3889,98348000,82414000,18484000,36569000,15934000,18085000,5716000,61779000,1430.68,None,495.55,205.87
2025-12-28,ALNY,0.28,3210070000.0,1430.68,None,0.298,1.775,21257000,None,15757000,15757000,41522000,-134814000,-248956000,None,-39307000,None,None,-16766000,267000,21949000,None,46069000,46069000,1975000,None,None,755000,None,None,3119000,3178000,0,0,None,0.0,1.46,-41945000,-38826000,1.44,2018-03-31,45.25,None,2693105000.0,5716000,-42914000,-558000,2491000,2491000,None,969000,None,None,None,None,5519000,None,None,-141214000,None,None,None,0.295,-155664000,49188000,-43472000,1657000,3899000,None,None,None,None,None,None,None,-0.49,226.27,16.49,None,None,None,None,None,-572000,None,0.0136,None,10580000,2025-10-30,quarterly,2.9,USD,pre-market,35319000,-105919000,0.0365,0.327,1.493,24.65,13869000,7395000,1876000,64245000,368.05,442.75,101.3889,98348000,82414000,18484000,36569000,15934000,18085000,5716000,61779000,1430.68,None,495.55,205.87
2025-12-28,ALNY,0.28,3210070000.0,1430.68,None,0.298,1.775,20728000,None,15757000,15757000,706948000,-160588000,443316000,None,6919000,None,None,-19358000,267000,21949000,None,46069000,46069000,1975000,None,None,755000,None,None,3119000,3714000,0,0,None,0.0,1.46,-41945000,-38826000,1.44,2017-12-31,45.25,None,2693105000.0,5716000,-42914000,-558000,2491000,2491000,None,969000,None,None,None,None,5519000,None,None,-142227000,None,None,None,0.295,-103044000,49188000,-43472000,1657000,3899000,None,None,None,None,None,None,None,-0.49,226.27,16.49,None,None,None,None,None,-69000,None,0.0136,None,10580000,2025-10-30,quarterly,2.9,USD,pre-market,35319000,-105919000,0.0365,0.327,1.493,24.65,13869000,7395000,1876000,64245000,368.05,442.75,101.3889,98348000,82414000,18484000,36569000,15934000,18085000,5716000,61779000,1430.68,None,495.55,205.87
2025-12-28,ALNY,0.28,3210070000.0,1430.68,None,0.298,1.775,25678000,None,15757000,15757000,28915000,-137178000,-206626000,None,7540000,None,None,761000,267000,21949000,None,46069000,46069000,1975000,None,None,755000,None,None,3119000,3587000,0,0,None,0.0,1.46,-41945000,-38826000,1.44,2017-09-30,45.25,None,2693105000.0,5716000,-42914000,-558000,2491000,2491000,None,969000,None,None,None,None,5519000,None,None,-122937000,None,None,None,0.295,-98363000,49188000,-43472000,1657000,3899000,None,None,None,None,None,None,None,-0.49,226.27,16.49,None,None,None,None,None,-41000,None,0.0136,None,10580000,2025-10-30,quarterly,2.9,USD,pre-market,35319000,-105919000,0.0365,0.327,1.493,24.65,13869000,7395000,1876000,64245000,368.05,442.75,101.3889,98348000,82414000,18484000,36569000,15934000,18085000,5716000,61779000,1430.68,None,495.55,205.87
2025-12-28,ALNY,0.28,3210070000.0,1430.68,None,0.298,1.775,21651000,None,15757000,15757000,386312000,-67671000,237592000,None,3545000,None,None,4052000,267000,21949000,None,46069000,46069000,1975000,None,None,755000,None,None,3119000,3066000,0,0,None,0.0,1.46,-41945000,-38826000,1.44,2017-06-30,45.25,None,2693105000.0,5716000,-42914000,-558000,2491000,2491000,None,969000,None,None,None,None,5519000,None,None,-118420000,None,None,None,0.295,-81049000,49188000,-43472000,1657000,3899000,None,None,None,None,None,None,None,-0.49,226.27,16.49,None,None,None,None,None,-94000,None,0.0136,None,10580000,2025-10-30,quarterly,2.9,USD,pre-market,35319000,-105919000,0.0365,0.327,1.493,24.65,13869000,7395000,1876000,64245000,368.05,442.75,101.3889,98348000,82414000,18484000,36569000,15934000,18085000,5716000,61779000,1430.68,None,495.55,205.87
2025-12-28,ALNY,0.28,3210070000.0,1430.68,None,0.298,1.775,36152000,None,15757000,15757000,2716000,75076000,-22538000,None,-7147000,None,None,3877000,267000,21949000,None,46069000,46069000,1975000,None,None,755000,None,None,3119000,3000000,0,0,None,0.0,1.46,-41945000,-38826000,1.44,2017-03-31,45.25,None,2693105000.0,5716000,-42914000,-558000,2491000,2491000,None,969000,None,None,None,None,5519000,None,None,-107290000,None,None,None,0.295,-100330000,49188000,-43472000,1657000,3899000,None,None,None,None,None,None,None,-0.49,226.27,16.49,None,None,None,None,None,-53000,None,0.0136,None,10580000,2025-10-30,quarterly,2.9,USD,pre-market,35319000,-105919000,0.0365,0.327,1.493,24.65,13869000,7395000,1876000,64245000,368.05,442.75,101.3889,98348000,82414000,18484000,36569000,15934000,18085000,5716000,61779000,1430.68,None,495.55,205.87
2025-12-28,ALNY,0.28,3210070000.0,1430.68,None,0.298,1.775,19879000,None,15757000,15757000,3082000,100391000,25136000,None,1461000,None,None,-8188000,267000,21949000,None,46069000,46069000,1975000,None,None,755000,None,None,3119000,3018000,0,0,None,0.0,1.46,-41945000,-38826000,1.44,2016-12-31,45.25,None,2693105000.0,5716000,-42914000,-558000,2491000,2491000,None,969000,None,None,None,None,5519000,None,None,-112934000,None,None,None,0.295,-78337000,49188000,-43472000,1657000,3899000,None,None,None,None,None,None,None,-0.49,226.27,16.49,None,None,None,None,None,-355000,None,0.0136,None,10580000,2025-10-30,quarterly,2.9,USD,pre-market,35319000,-105919000,0.0365,0.327,1.493,24.65,13869000,7395000,1876000,64245000,368.05,442.75,101.3889,98348000,82414000,18484000,36569000,15934000,18085000,5716000,61779000,1430.68,None,495.55,205.87
2025-12-28,ALNY,0.28,3210070000.0,1430.68,None,0.298,1.775,20298000,None,15757000,15757000,4346000,-31405000,-102595000,None,7812000,None,None,-5632000,267000,21949000,None,46069000,46069000,1975000,None,None,755000,None,None,3119000,3500000,0,0,None,0.0,1.46,-41945000,-38826000,1.44,2016-09-30,45.25,None,2693105000.0,5716000,-42914000,-558000,2491000,2491000,None,969000,None,None,None,None,5519000,None,None,-104071000,None,None,None,0.295,-75536000,49188000,-43472000,1657000,3899000,None,None,None,None,None,None,None,-0.49,226.27,16.49,None,None,None,None,None,-78000,None,0.0136,None,10580000,2025-10-30,quarterly,2.9,USD,pre-market,35319000,-105919000,0.0365,0.327,1.493,24.65,13869000,7395000,1876000,64245000,368.05,442.75,101.3889,98348000,82414000,18484000,36569000,15934000,18085000,5716000,61779000,1430.68,None,495.55,205.87
2025-12-28,ALNY,0.28,3210070000.0,1430.68,None,0.298,1.775,12564000,None,15757000,15757000,154338000,-44335000,39798000,None,2439000,None,None,-700000,267000,21949000,None,46069000,46069000,1975000,None,None,755000,None,None,3119000,4011000,0,0,None,0.0,1.46,-41945000,-38826000,1.44,2016-06-30,45.25,None,2693105000.0,5716000,-42914000,-558000,2491000,2491000,None,969000,None,None,None,None,5519000,None,None,-90129000,None,None,None,0.295,-70205000,49188000,-43472000,1657000,3899000,None,None,None,None,None,None,None,-0.49,226.27,16.49,None,None,None,None,None,-104000,None,0.0136,None,10580000,2025-10-30,quarterly,2.9,USD,pre-market,35319000,-105919000,0.0365,0.327,1.493,24.65,13869000,7395000,1876000,64245000,368.05,442.75,101.3889,98348000,82414000,18484000,36569000,15934000,18085000,5716000,61779000,1430.68,None,495.55,205.87
2025-12-28,ALNY,0.28,3210070000.0,1430.68,None,0.298,1.775,11816000,None,15757000,15757000,16066000,117940000,50383000,None,-6315000,None,None,-516000,267000,21949000,None,46069000,46069000,1975000,None,None,755000,None,None,3119000,4601000,0,0,None,0.0,1.46,-41945000,-38826000,1.44,2016-03-31,45.25,None,2693105000.0,5716000,-42914000,-558000,2491000,2491000,None,969000,None,None,None,None,5519000,None,None,-102974000,None,None,None,0.295,-83623000,49188000,-43472000,1657000,3899000,None,None,None,None,None,None,None,-0.49,226.27,16.49,None,None,None,None,None,-59000,None,0.0136,None,10580000,2025-10-30,quarterly,2.9,USD,pre-market,35319000,-105919000,0.0365,0.327,1.493,24.65,13869000,7395000,1876000,64245000,368.05,442.75,101.3889,98348000,82414000,18484000,36569000,15934000,18085000,5716000,61779000,1430.68,None,495.55,205.87
2025-12-28,ALNY,0.28,3210070000.0,1430.68,None,0.298,1.775,3099000,None,15757000,15757000,6468000,78273000,31677000,None,11424000,None,None,-168000,267000,21949000,None,46069000,46069000,1975000,None,None,755000,None,None,3119000,5069000,0,0,None,0.0,1.46,-41945000,-38826000,1.44,2015-12-31,45.25,None,2693105000.0,5716000,-42914000,-558000,2491000,2491000,None,969000,None,None,None,None,5519000,None,None,-90721000,None,None,None,0.295,-53064000,49188000,-43472000,1657000,3899000,None,None,None,None,None,None,None,-0.49,226.27,16.49,None,None,None,None,None,-75000,None,0.0136,None,10580000,2025-10-30,quarterly,2.9,USD,pre-market,35319000,-105919000,0.0365,0.327,1.493,24.65,13869000,7395000,1876000,64245000,368.05,442.75,101.3889,98348000,82414000,18484000,36569000,15934000,18085000,5716000,61779000,1430.68,None,495.55,205.87
2025-12-28,ALNY,0.28,3210070000.0,1430.68,None,0.298,1.775,6477000,None,15757000,15757000,3651000,48670000,-2044000,None,98000,None,None,1273000,267000,21949000,None,46069000,46069000,1975000,None,None,755000,None,None,3119000,5270000,0,0,None,0.0,1.46,-41945000,-38826000,1.44,2015-09-30,45.25,None,2693105000.0,5716000,-42914000,-558000,2491000,2491000,None,969000,None,None,None,None,5519000,None,None,-76792000,None,None,None,0.295,-54365000,49188000,-43472000,1657000,3899000,None,None,None,None,None,None,None,-0.49,226.27,16.49,None,None,None,None,None,-180000,None,0.0136,None,10580000,2025-10-30,quarterly,2.9,USD,pre-market,35319000,-105919000,0.0365,0.327,1.493,24.65,13869000,7395000,1876000,64245000,368.05,442.75,101.3889,98348000,82414000,18484000,36569000,15934000,18085000,5716000,61779000,1430.68,None,495.55,205.87
2025-12-28,ALNY,0.28,3210070000.0,1430.68,None,0.298,1.775,1264000,None,15757000,15757000,7074000,-106936000,-155318000,None,-388000,None,None,704000,267000,21949000,None,46069000,46069000,1975000,None,None,755000,None,None,3119000,5021000,0,0,None,0.0,1.46,-41945000,-38826000,1.44,2015-06-30,45.25,None,2693105000.0,5716000,-42914000,-558000,2491000,2491000,None,969000,None,None,None,None,5519000,None,None,-71783000,None,None,None,0.295,-55456000,49188000,-43472000,1657000,3899000,None,None,None,None,None,None,None,-0.49,226.27,16.49,None,None,None,None,None,-123000,None,0.0136,None,10580000,2025-10-30,quarterly,2.9,USD,pre-market,35319000,-105919000,0.0365,0.327,1.493,24.65,13869000,7395000,1876000,64245000,368.05,442.75,101.3889,98348000,82414000,18484000,36569000,15934000,18085000,5716000,61779000,1430.68,None,495.55,205.87
2025-12-28,ALNY,0.28,3210070000.0,1430.68,None,0.298,1.775,2110000,None,15757000,15757000,598984000,-341328000,231401000,None,-11611000,None,None,29830000,267000,21949000,None,46069000,46069000,1975000,None,None,755000,None,None,3119000,3690000,0,0,None,0.0,1.46,-41945000,-38826000,1.44,2015-03-31,45.25,None,2693105000.0,5716000,-42914000,-558000,2491000,2491000,None,969000,None,None,None,None,5519000,None,None,-50777000,None,None,None,0.295,-26255000,49188000,-43472000,1657000,3899000,None,None,None,None,None,None,None,-0.49,226.27,16.49,None,None,None,None,None,598984000,None,0.0136,None,10580000,2025-10-30,quarterly,2.9,USD,pre-market,35319000,-105919000,0.0365,0.327,1.493,24.65,13869000,7395000,1876000,64245000,368.05,442.75,101.3889,98348000,82414000,18484000,36569000,15934000,18085000,5716000,61779000,1430.68,None,495.55,205.87
2025-12-28,ALNY,0.28,3210070000.0,1430.68,None,0.298,1.775,3526000,None,15757000,15757000,7658000,21435000,-7542000,None,2791000,None,None,-39553000,267000,21949000,None,46069000,46069000,1975000,None,None,755000,None,None,3119000,3341000,0,0,None,0.0,1.46,-41945000,-38826000,1.44,2014-12-31,45.25,None,2693105000.0,5716000,-42914000,-558000,2491000,2491000,None,969000,None,None,None,None,5519000,None,None,-21389000,None,None,None,0.295,-36635000,49188000,-43472000,1657000,3899000,None,None,None,None,None,None,None,-0.49,226.27,16.49,None,None,None,None,None,-27000,None,0.0136,None,10580000,2025-10-30,quarterly,2.9,USD,pre-market,35319000,-105919000,0.0365,0.327,1.493,24.65,13869000,7395000,1876000,64245000,368.05,442.75,101.3889,98348000,82414000,18484000,36569000,15934000,18085000,5716000,61779000,1430.68,None,495.55,205.87
2025-12-28,ALNY,0.28,3210070000.0,1430.68,None,0.298,1.775,3195000,None,15757000,15757000,4794000,37906000,1994000,None,4627000,None,None,-295000,267000,21949000,None,46069000,46069000,1975000,None,None,755000,None,None,3119000,3117000,0,0,None,0.0,1.46,-41945000,-38826000,1.44,2014-09-30,45.25,None,2693105000.0,5716000,-42914000,-558000,2491000,2491000,None,969000,None,None,None,None,5519000,None,None,-43989000,None,None,None,0.295,-40706000,49188000,-43472000,1657000,3899000,None,None,None,None,None,None,None,-0.49,226.27,16.49,None,None,None,None,None,-262000,None,0.0136,None,10580000,2025-10-30,quarterly,2.9,USD,pre-market,35319000,-105919000,0.0365,0.327,1.493,24.65,13869000,7395000,1876000,64245000,368.05,442.75,101.3889,98348000,82414000,18484000,36569000,15934000,18085000,5716000,61779000,1430.68,None,495.55,205.87
2025-12-28,ALNY,0.28,3210070000.0,1430.68,None,0.298,1.775,1852000,None,15757000,15757000,5138000,-228375000,-269862000,None,-3399000,None,None,75000,267000,21949000,None,46069000,46069000,1975000,None,None,755000,None,None,3119000,2868000,0,0,None,0.0,1.46,-41945000,-38826000,1.44,2014-06-30,45.25,None,2693105000.0,5716000,-42914000,-558000,2491000,2491000,None,969000,None,None,None,None,5519000,None,None,-44074000,None,None,None,0.295,-46625000,49188000,-43472000,1657000,3899000,None,None,None,None,None,None,None,-0.49,226.27,16.49,None,None,None,None,None,5138000,None,0.0136,None,10580000,2025-10-30,quarterly,2.9,USD,pre-market,35319000,-105919000,0.0365,0.327,1.493,24.65,13869000,7395000,1876000,64245000,368.05,442.75,101.3889,98348000,82414000,18484000,36569000,15934000,18085000,5716000,61779000,1430.68,None,495.55,205.87
2025-12-28,ALNY,0.28,3210070000.0,1430.68,None,0.298,1.775,388000,None,15757000,15757000,718875000,-379780000,297420000,None,-726000,None,None,4084000,267000,21949000,None,46069000,46069000,1975000,None,None,755000,None,None,3119000,2600000,0,0,None,0.0,1.46,-41945000,-38826000,1.44,2014-03-31,45.25,None,2693105000.0,5716000,-42914000,-558000,2491000,2491000,None,969000,None,None,None,None,5519000,None,None,-250943000,None,None,None,0.295,-41675000,49188000,-43472000,1657000,3899000,None,None,None,None,None,None,None,-0.49,226.27,16.49,None,None,None,None,None,-15703000,None,0.0136,None,10580000,2025-10-30,quarterly,2.9,USD,pre-market,35319000,-105919000,0.0365,0.327,1.493,24.65,13869000,7395000,1876000,64245000,368.05,442.75,101.3889,98348000,82414000,18484000,36569000,15934000,18085000,5716000,61779000,1430.68,None,495.55,205.87
2025-12-28,ALNY,0.28,3210070000.0,1430.68,None,0.298,1.775,878000,None,15757000,15757000,7650000,56048000,41329000,None,-1458000,None,None,-3639000,267000,21949000,None,46069000,46069000,1975000,None,None,755000,None,None,3119000,2627000,0,0,None,0.0,1.46,-41945000,-38826000,1.44,2013-12-31,45.25,None,2693105000.0,5716000,-42914000,-558000,2491000,2491000,None,969000,None,None,None,None,5519000,None,None,-32357000,None,None,None,0.295,-22369000,49188000,-43472000,1657000,3899000,None,None,None,None,None,None,None,-0.49,226.27,16.49,None,None,None,None,None,-1274000,None,0.0136,None,10580000,2025-10-30,quarterly,2.9,USD,pre-market,35319000,-105919000,0.0365,0.327,1.493,24.65,13869000,7395000,1876000,64245000,368.05,442.75,101.3889,98348000,82414000,18484000,36569000,15934000,18085000,5716000,61779000,1430.68,None,495.55,205.87
2025-12-28,ALNY,0.28,3210070000.0,1430.68,None,0.298,1.775,950000,None,15757000,15757000,11084000,-2504000,-13135000,None,6342000,None,None,-149000,267000,21949000,None,46069000,46069000,1975000,None,None,755000,None,None,3119000,2764000,0,0,None,0.0,1.46,-41945000,-38826000,1.44,2013-09-30,45.25,None,2693105000.0,5716000,-42914000,-558000,2491000,2491000,None,969000,None,None,None,None,5519000,None,None,-29686000,None,None,None,0.295,-21715000,49188000,-43472000,1657000,3899000,None,None,None,None,None,None,None,-0.49,226.27,16.49,None,None,None,None,None,-115000,None,0.0136,None,10580000,2025-10-30,quarterly,2.9,USD,pre-market,35319000,-105919000,0.0365,0.327,1.493,24.65,13869000,7395000,1876000,64245000,368.05,442.75,101.3889,98348000,82414000,18484000,36569000,15934000,18085000,5716000,61779000,1430.68,None,495.55,205.87
2025-12-28,ALNY,0.28,3210070000.0,1430.68,None,0.298,1.775,379000,None,15757000,15757000,3982000,-53209000,-72829000,None,-1959000,None,None,98000,267000,21949000,None,46069000,46069000,1975000,None,None,755000,None,None,3119000,2711000,0,0,None,0.0,1.46,-41945000,-38826000,1.44,2013-06-30,45.25,None,2693105000.0,5716000,-42914000,-558000,2491000,2491000,None,969000,None,None,None,None,5519000,None,None,-18169000,None,None,None,0.295,-23602000,49188000,-43472000,1657000,3899000,None,None,None,None,None,None,None,-0.49,226.27,16.49,None,None,None,None,None,3982000,None,0.0136,None,10580000,2025-10-30,quarterly,2.9,USD,pre-market,35319000,-105919000,0.0365,0.327,1.493,24.65,13869000,7395000,1876000,64245000,368.05,442.75,101.3889,98348000,82414000,18484000,36569000,15934000,18085000,5716000,61779000,1430.68,None,495.55,205.87
2025-12-28,ALNY,0.28,3210070000.0,1430.68,None,0.298,1.775,1799000,None,15757000,15757000,178210000,-130840000,46399000,None,-2734000,None,None,-454000,267000,21949000,None,46069000,46069000,1975000,None,None,755000,None,None,3119000,2127000,0,0,None,0.0,1.46,-41945000,-38826000,1.44,2013-03-31,45.25,None,2693105000.0,5716000,-42914000,-558000,2491000,2491000,None,969000,None,None,None,None,5519000,None,None,-9013000,None,None,None,0.295,-971000,49188000,-43472000,1657000,3899000,None,None,None,None,None,None,None,-0.49,226.27,16.49,None,None,None,None,None,178210000,None,0.0136,None,10580000,2025-10-30,quarterly,2.9,USD,pre-market,35319000,-105919000,0.0365,0.327,1.493,24.65,13869000,7395000,1876000,64245000,368.05,442.75,101.3889,98348000,82414000,18484000,36569000,15934000,18085000,5716000,61779000,1430.68,None,495.55,205.87
2025-12-28,ALNY,0.28,3210070000.0,1430.68,None,0.298,1.775,686000,None,15757000,15757000,966000,43513000,-24433000,None,0,None,None,1814000,267000,21949000,None,46069000,46069000,1975000,None,None,755000,None,None,3119000,2024000,0,0,None,0.0,1.46,-41945000,-38826000,1.44,2012-12-31,45.25,None,2693105000.0,5716000,-42914000,-558000,2491000,2491000,None,969000,None,None,None,None,5519000,None,None,-62188000,None,None,None,0.295,-68912000,49188000,-43472000,1657000,3899000,None,None,None,None,None,None,None,-0.49,226.27,16.49,None,None,None,None,None,-31000,None,0.0136,None,10580000,2025-10-30,quarterly,2.9,USD,pre-market,35319000,-105919000,0.0365,0.327,1.493,24.65,13869000,7395000,1876000,64245000,368.05,442.75,101.3889,98348000,82414000,18484000,36569000,15934000,18085000,5716000,61779000,1430.68,None,495.55,205.87
2025-12-28,ALNY,0.28,3210070000.0,1430.68,None,0.298,1.775,5729000,None,15757000,15757000,4499000,17853000,27564000,None,0,None,None,2467000,267000,21949000,None,46069000,46069000,1975000,None,None,755000,None,None,3119000,2285000,0,0,None,0.0,1.46,-41945000,-38826000,1.44,2012-09-30,45.25,None,2693105000.0,5716000,-42914000,-558000,2491000,2491000,None,969000,None,None,None,None,5519000,None,None,-19502000,None,None,None,0.295,5212000,49188000,-43472000,1657000,3899000,None,None,None,None,None,None,None,-0.49,226.27,16.49,None,None,None,None,None,4499000,None,0.0136,None,10580000,2025-10-30,quarterly,2.9,USD,pre-market,35319000,-105919000,0.0365,0.327,1.493,24.65,13869000,7395000,1876000,64245000,368.05,442.75,101.3889,98348000,82414000,18484000,36569000,15934000,18085000,5716000,61779000,1430.68,None,495.55,205.87
2025-12-28,ALNY,0.28,3210070000.0,1430.68,None,0.298,1.775,1670000,None,15757000,15757000,628000,7601000,-13465000,None,0,None,None,-2193000,267000,21949000,None,46069000,46069000,1975000,None,None,755000,None,None,3119000,2605000,0,0,None,0.0,1.46,-41945000,-38826000,1.44,2012-06-30,45.25,None,2693105000.0,5716000,-42914000,-558000,2491000,2491000,None,969000,None,None,None,None,5519000,None,None,-12956000,None,None,None,0.295,-21694000,49188000,-43472000,1657000,3899000,None,None,None,None,None,None,None,-0.49,226.27,16.49,None,None,None,None,None,628000,None,0.0136,None,10580000,2025-10-30,quarterly,2.9,USD,pre-market,35319000,-105919000,0.0365,0.327,1.493,24.65,13869000,7395000,1876000,64245000,368.05,442.75,101.3889,98348000,82414000,18484000,36569000,15934000,18085000,5716000,61779000,1430.68,None,495.55,205.87
2025-12-28,ALNY,0.28,3210070000.0,1430.68,None,0.298,1.775,263000,None,15757000,15757000,87319000,-65593000,-8489000,None,0,None,None,-724000,267000,21949000,None,46069000,46069000,1975000,None,None,755000,None,None,3119000,2121000,0,0,None,0.0,1.46,-41945000,-38826000,1.44,2012-03-31,45.25,None,2693105000.0,5716000,-42914000,-558000,2491000,2491000,None,969000,None,None,None,None,5519000,None,None,-11368000,None,None,None,0.295,-30215000,49188000,-43472000,1657000,3899000,None,None,None,None,None,None,None,-0.49,226.27,16.49,None,None,None,None,None,-328000,None,0.0136,None,10580000,2025-10-30,quarterly,2.9,USD,pre-market,35319000,-105919000,0.0365,0.327,1.493,24.65,13869000,7395000,1876000,64245000,368.05,442.75,101.3889,98348000,82414000,18484000,36569000,15934000,18085000,5716000,61779000,1430.68,None,495.55,205.87
2025-12-28,ALNY,0.28,3210070000.0,1430.68,None,0.298,1.775,524000,None,15757000,15757000,267000,20784000,-4108000,None,0,None,None,559000,267000,21949000,None,46069000,46069000,1975000,None,None,755000,None,None,3119000,1237000,0,0,None,0.0,1.46,-41945000,-38826000,1.44,2011-12-31,45.25,None,2693105000.0,5716000,-42914000,-558000,2491000,2491000,None,969000,None,None,None,None,5519000,None,None,-14303000,None,None,None,0.295,-25159000,49188000,-43472000,1657000,3899000,None,None,None,None,None,None,None,-0.49,226.27,16.49,None,None,None,None,None,267000,None,0.0136,None,10580000,2025-10-30,quarterly,2.9,USD,pre-market,35319000,-105919000,0.0365,0.327,1.493,24.65,13869000,7395000,1876000,64245000,368.05,442.75,101.3889,98348000,82414000,18484000,36569000,15934000,18085000,5716000,61779000,1430.68,None,495.55,205.87
2025-12-28,ALNY,0.28,3210070000.0,1430.68,None,0.298,1.775,265000,None,15757000,15757000,471000,36251000,7226000,None,0,None,None,-719000,267000,21949000,None,46069000,46069000,1975000,None,None,755000,None,None,3119000,1262000,0,0,None,0.0,1.46,-41945000,-38826000,1.44,2011-09-30,45.25,None,2693105000.0,5716000,-42914000,-558000,2491000,2491000,None,969000,None,None,None,None,5519000,None,None,-13237000,None,None,None,0.295,-29025000,49188000,-43472000,1657000,3899000,None,None,None,None,None,None,None,-0.49,226.27,16.49,None,None,None,None,None,0,None,0.0136,None,10580000,2025-10-30,quarterly,2.9,USD,pre-market,35319000,-105919000,0.0365,0.327,1.493,24.65,13869000,7395000,1876000,64245000,368.05,442.75,101.3889,98348000,82414000,18484000,36569000,15934000,18085000,5716000,61779000,1430.68,None,495.55,205.87
2025-12-28,ALNY,0.28,3210070000.0,1430.68,None,0.298,1.775,474000,None,15757000,15757000,462000,2637000,-23480000,None,0,None,None,-158000,267000,21949000,None,46069000,46069000,1975000,None,None,755000,None,None,3119000,1287000,0,0,None,0.0,1.46,-41945000,-38826000,1.44,2011-06-30,45.25,None,2693105000.0,5716000,-42914000,-558000,2491000,2491000,None,969000,None,None,None,None,5519000,None,None,-13824000,None,None,None,0.295,-26579000,49188000,-43472000,1657000,3899000,None,None,None,None,None,None,None,-0.49,226.27,16.49,None,None,None,None,None,462000,None,0.0136,None,10580000,2025-10-30,quarterly,2.9,USD,pre-market,35319000,-105919000,0.0365,0.327,1.493,24.65,13869000,7395000,1876000,64245000,368.05,442.75,101.3889,98348000,82414000,18484000,36569000,15934000,18085000,5716000,61779000,1430.68,None,495.55,205.87
2025-12-28,ALNY,0.28,3210070000.0,1430.68,None,0.298,1.775,28000,None,15757000,15757000,9000,22287000,15991000,None,0,None,None,2300000,267000,21949000,None,46069000,46069000,1975000,None,None,755000,None,None,3119000,1339000,0,0,None,0.0,1.46,-41945000,-38826000,1.44,2011-03-31,45.25,None,2693105000.0,5716000,-42914000,-558000,2491000,2491000,None,969000,None,None,None,None,5519000,None,None,-16285000,None,None,None,0.295,-6305000,49188000,-43472000,1657000,3899000,None,None,None,None,None,None,None,-0.49,226.27,16.49,None,None,None,None,None,9000,None,0.0136,None,10580000,2025-10-30,quarterly,2.9,USD,pre-market,35319000,-105919000,0.0365,0.327,1.493,24.65,13869000,7395000,1876000,64245000,368.05,442.75,101.3889,98348000,82414000,18484000,36569000,15934000,18085000,5716000,61779000,1430.68,None,495.55,205.87
2025-12-28,ALNY,0.28,3210070000.0,1430.68,None,0.298,1.775,1138000,None,15757000,15757000,527000,47579000,None,None,0,None,None,None,267000,21949000,None,46069000,46069000,1975000,None,None,755000,None,None,3119000,1291000,0,0,None,0.0,1.46,-41945000,-38826000,1.44,2010-12-31,45.25,None,2693105000.0,5716000,-42914000,-558000,2491000,2491000,None,969000,None,None,None,None,5519000,None,None,-6930000,None,None,None,0.295,-20388000,49188000,-43472000,1657000,3899000,None,None,None,None,None,None,None,-0.49,226.27,16.49,None,None,None,None,None,0,None,0.0136,None,10580000,2025-10-30,quarterly,2.9,USD,pre-market,35319000,-105919000,0.0365,0.327,1.493,24.65,13869000,7395000,1876000,64245000,368.05,442.75,101.3889,98348000,82414000,18484000,36569000,15934000,18085000,5716000,61779000,1430.68,None,495.55,205.87
2025-12-28,ALNY,0.28,3210070000.0,1430.68,None,0.298,1.775,1067000,None,15757000,15757000,53000,4684000,None,None,0,None,None,None,267000,21949000,None,46069000,46069000,1975000,None,None,755000,None,None,3119000,1266000,0,0,None,0.0,1.46,-41945000,-38826000,1.44,2010-09-30,45.25,None,2693105000.0,5716000,-42914000,-558000,2491000,2491000,None,969000,None,None,None,None,5519000,None,None,-9630000,None,None,None,0.295,-24038000,49188000,-43472000,1657000,3899000,None,None,None,None,None,None,None,-0.49,226.27,16.49,None,None,None,None,None,0,None,0.0136,None,10580000,2025-10-30,quarterly,2.9,USD,pre-market,35319000,-105919000,0.0365,0.327,1.493,24.65,13869000,7395000,1876000,64245000,368.05,442.75,101.3889,98348000,82414000,18484000,36569000,15934000,18085000,5716000,61779000,1430.68,None,495.55,205.87
2025-12-28,ALNY,0.28,3210070000.0,1430.68,None,0.298,1.775,1430000,None,15757000,15757000,2541000,-26963000,None,None,0,None,None,None,267000,21949000,None,46069000,46069000,1975000,None,None,755000,None,None,3119000,1223000,0,0,None,0.0,1.46,-41945000,-38826000,1.44,2010-06-30,45.25,None,2693105000.0,5716000,-42914000,-558000,2491000,2491000,None,969000,None,None,None,None,5519000,None,None,-14632000,None,None,None,0.295,-24314000,49188000,-43472000,1657000,3899000,None,None,None,None,None,None,None,-0.49,226.27,16.49,None,None,None,None,None,0,None,0.0136,None,10580000,2025-10-30,quarterly,2.9,USD,pre-market,35319000,-105919000,0.0365,0.327,1.493,24.65,13869000,7395000,1876000,64245000,368.05,442.75,101.3889,98348000,82414000,18484000,36569000,15934000,18085000,5716000,61779000,1430.68,None,495.55,205.87
2025-12-28,ALNY,0.28,3210070000.0,1430.68,None,0.298,1.775,1097000,None,15757000,15757000,542000,-7462000,None,None,None,None,None,None,267000,21949000,None,46069000,46069000,1975000,None,None,755000,None,None,3119000,1161000,None,None,None,0.0,1.46,-41945000,-38826000,1.44,2010-03-31,45.25,None,2693105000.0,5716000,-42914000,-558000,2491000,2491000,None,969000,None,None,None,None,5519000,None,None,-12323000,None,None,None,0.295,-15601000,49188000,-43472000,1657000,3899000,None,None,None,None,None,None,None,-0.49,226.27,16.49,None,None,None,None,None,None,None,0.0136,None,10580000,2025-10-30,quarterly,2.9,USD,pre-market,35319000,-105919000,0.0365,0.327,1.493,24.65,13869000,7395000,1876000,64245000,368.05,442.75,101.3889,98348000,82414000,18484000,36569000,15934000,18085000,5716000,61779000,1430.68,None,495.55,205.87
2025-12-28,ALNY,0.28,3210070000.0,1430.68,None,0.298,1.775,1265000,None,15757000,15757000,635000,55619000,None,None,None,None,None,None,267000,21949000,None,46069000,46069000,1975000,None,None,755000,None,None,3119000,1136000,None,None,None,0.0,1.46,-41945000,-38826000,1.44,2009-12-31,45.25,None,2693105000.0,5716000,-42914000,-558000,2491000,2491000,None,969000,None,None,None,None,5519000,None,None,-7791000,None,None,None,0.295,-16869000,49188000,-43472000,1657000,3899000,None,None,None,None,None,None,None,-0.49,226.27,16.49,None,None,None,None,None,None,None,0.0136,None,10580000,2025-10-30,quarterly,2.9,USD,pre-market,35319000,-105919000,0.0365,0.327,1.493,24.65,13869000,7395000,1876000,64245000,368.05,442.75,101.3889,98348000,82414000,18484000,36569000,15934000,18085000,5716000,61779000,1430.68,None,495.55,205.87
2025-12-28,ALNY,0.28,3210070000.0,1430.68,None,0.298,1.775,737000,None,15757000,15757000,763000,-29954000,None,None,None,None,None,None,267000,21949000,None,46069000,46069000,1975000,None,None,755000,None,None,3119000,1111000,None,None,None,0.0,1.46,-41945000,-38826000,1.44,2009-09-30,45.25,None,2693105000.0,5716000,-42914000,-558000,2491000,2491000,None,969000,None,None,None,None,5519000,None,None,-9208000,None,None,None,0.295,-20588000,49188000,-43472000,1657000,3899000,None,None,None,None,None,None,None,-0.49,226.27,16.49,None,None,None,None,None,None,None,0.0136,None,10580000,2025-10-30,quarterly,2.9,USD,pre-market,35319000,-105919000,0.0365,0.327,1.493,24.65,13869000,7395000,1876000,64245000,368.05,442.75,101.3889,98348000,82414000,18484000,36569000,15934000,18085000,5716000,61779000,1430.68,None,495.55,205.87
2025-12-28,ALNY,0.28,3210070000.0,1430.68,None,0.298,1.775,1062000,None,15757000,15757000,1901000,-45357000,None,None,None,None,None,None,267000,21949000,None,46069000,46069000,1975000,None,None,755000,None,None,3119000,1943000,None,None,None,0.0,1.46,-41945000,-38826000,1.44,2009-06-30,45.25,None,2693105000.0,5716000,-42914000,-558000,2491000,2491000,None,969000,None,None,None,None,5519000,None,None,-22702000,None,None,None,0.295,-35919000,49188000,-43472000,1657000,3899000,None,None,None,None,None,None,None,-0.49,226.27,16.49,None,None,None,None,None,None,None,0.0136,None,10580000,2025-10-30,quarterly,2.9,USD,pre-market,35319000,-105919000,0.0365,0.327,1.493,24.65,13869000,7395000,1876000,64245000,368.05,442.75,101.3889,98348000,82414000,18484000,36569000,15934000,18085000,5716000,61779000,1430.68,None,495.55,205.87
2025-12-28,ALNY,0.28,3210070000.0,1430.68,None,0.298,1.775,1885000,None,15757000,15757000,210000,34125000,None,None,None,None,None,None,267000,21949000,None,46069000,46069000,1975000,None,None,755000,None,None,3119000,1802000,None,None,None,0.0,1.46,-41945000,-38826000,1.44,2009-03-31,45.25,None,2693105000.0,5716000,-42914000,-558000,2491000,2491000,None,969000,None,None,None,None,5519000,None,None,-7889000,None,None,None,0.295,1231000,49188000,-43472000,1657000,3899000,None,None,None,None,None,None,None,-0.49,226.27,16.49,None,None,None,None,None,None,None,0.0136,None,10580000,2025-10-30,quarterly,2.9,USD,pre-market,35319000,-105919000,0.0365,0.327,1.493,24.65,13869000,7395000,1876000,64245000,368.05,442.75,101.3889,98348000,82414000,18484000,36569000,15934000,18085000,5716000,61779000,1430.68,None,495.55,205.87
2025-12-28,ALNY,0.28,3210070000.0,1430.68,None,0.298,1.775,1284000,None,15757000,15757000,-3484000,3399000,None,None,None,None,None,None,267000,21949000,None,46069000,46069000,1975000,None,None,755000,None,None,3119000,1798000,None,None,None,0.0,1.46,-41945000,-38826000,1.44,2008-12-31,45.25,None,2693105000.0,5716000,-42914000,-558000,2491000,2491000,None,969000,None,None,None,None,5519000,None,None,-9392000,None,None,None,0.295,-4849000,49188000,-43472000,1657000,3899000,None,None,None,None,None,None,None,-0.49,226.27,16.49,None,None,None,None,None,None,None,0.0136,None,10580000,2025-10-30,quarterly,2.9,USD,pre-market,35319000,-105919000,0.0365,0.327,1.493,24.65,13869000,7395000,1876000,64245000,368.05,442.75,101.3889,98348000,82414000,18484000,36569000,15934000,18085000,5716000,61779000,1430.68,None,495.55,205.87
2025-12-28,ALNY,0.28,3210070000.0,1430.68,None,0.298,1.775,2282000,None,15757000,15757000,1607000,-36451000,None,None,None,None,None,None,267000,21949000,None,46069000,46069000,1975000,None,None,755000,None,None,3119000,1631000,None,None,None,0.0,1.46,-41945000,-38826000,1.44,2008-09-30,45.25,None,2693105000.0,5716000,-42914000,-558000,2491000,2491000,None,969000,None,None,None,None,5519000,None,None,-2858000,None,None,None,0.295,-16010000,49188000,-43472000,1657000,3899000,None,None,None,None,None,None,None,-0.49,226.27,16.49,None,None,None,None,None,None,None,0.0136,None,10580000,2025-10-30,quarterly,2.9,USD,pre-market,35319000,-105919000,0.0365,0.327,1.493,24.65,13869000,7395000,1876000,64245000,368.05,442.75,101.3889,98348000,82414000,18484000,36569000,15934000,18085000,5716000,61779000,1430.68,None,495.55,205.87
2025-12-28,ALNY,0.28,3210070000.0,1430.68,None,0.298,1.775,4253000,None,15757000,15757000,5504000,-49256000,None,None,None,None,None,None,267000,21949000,None,46069000,46069000,1975000,None,None,755000,None,None,3119000,1346000,None,None,None,0.0,1.46,-41945000,-38826000,1.44,2008-06-30,45.25,None,2693105000.0,5716000,-42914000,-558000,2491000,2491000,None,969000,None,None,None,None,5519000,None,None,-12760000,None,None,None,0.295,95008000,49188000,-43472000,1657000,3899000,None,None,None,None,None,None,None,-0.49,226.27,16.49,None,None,None,None,None,None,None,0.0136,None,10580000,2025-10-30,quarterly,2.9,USD,pre-market,35319000,-105919000,0.0365,0.327,1.493,24.65,13869000,7395000,1876000,64245000,368.05,442.75,101.3889,98348000,82414000,18484000,36569000,15934000,18085000,5716000,61779000,1430.68,None,495.55,205.87
2025-12-28,ALNY,0.28,3210070000.0,1430.68,None,0.298,1.775,2945000,None,15757000,15757000,-472000,100244000,None,None,None,None,None,None,267000,21949000,None,46069000,46069000,1975000,None,None,755000,None,None,3119000,951000,None,None,None,0.0,1.46,-41945000,-38826000,1.44,2008-03-31,45.25,None,2693105000.0,5716000,-42914000,-558000,2491000,2491000,None,969000,None,None,None,None,5519000,None,None,-1239000,None,None,None,0.295,-8658000,49188000,-43472000,1657000,3899000,None,None,None,None,None,None,None,-0.49,226.27,16.49,None,None,None,None,None,None,None,0.0136,None,10580000,2025-10-30,quarterly,2.9,USD,pre-market,35319000,-105919000,0.0365,0.327,1.493,24.65,13869000,7395000,1876000,64245000,368.05,442.75,101.3889,98348000,82414000,18484000,36569000,15934000,18085000,5716000,61779000,1430.68,None,495.55,205.87
2025-12-28,ALNY,0.28,3210070000.0,1430.68,None,0.298,1.775,4234000,None,15757000,15757000,755000,-87688000,None,None,None,None,None,None,267000,21949000,None,46069000,46069000,1975000,None,None,755000,None,None,3119000,902000,None,None,None,0.0,1.46,-41945000,-38826000,1.44,2007-12-31,45.25,None,2693105000.0,5716000,-42914000,-558000,2491000,2491000,None,969000,None,None,None,None,5519000,None,None,1662000,None,None,None,0.295,-8438000,49188000,-43472000,1657000,3899000,None,None,None,None,None,None,None,-0.49,226.27,16.49,None,None,None,None,None,None,None,0.0136,None,10580000,2025-10-30,quarterly,2.9,USD,pre-market,35319000,-105919000,0.0365,0.327,1.493,24.65,13869000,7395000,1876000,64245000,368.05,442.75,101.3889,98348000,82414000,18484000,36569000,15934000,18085000,5716000,61779000,1430.68,None,495.55,205.87
2025-12-28,ALNY,0.28,3210070000.0,1430.68,None,0.298,1.775,705000,None,15757000,15757000,57973000,-165889000,None,None,None,None,None,None,267000,21949000,None,46069000,46069000,1975000,None,None,755000,None,None,3119000,1048000,None,None,None,0.0,1.46,-41945000,-38826000,1.44,2007-09-30,45.25,None,2693105000.0,5716000,-42914000,-558000,2491000,2491000,None,969000,None,None,None,None,5519000,None,None,-52792000,None,None,None,0.295,224309000,49188000,-43472000,1657000,3899000,None,None,None,None,None,None,None,-0.49,226.27,16.49,None,None,None,None,None,None,None,0.0136,None,10580000,2025-10-30,quarterly,2.9,USD,pre-market,35319000,-105919000,0.0365,0.327,1.493,24.65,13869000,7395000,1876000,64245000,368.05,442.75,101.3889,98348000,82414000,18484000,36569000,15934000,18085000,5716000,61779000,1430.68,None,495.55,205.87
2025-12-28,ALNY,0.28,3210070000.0,1430.68,None,0.298,1.775,1495000,None,15757000,15757000,303000,26004000,None,None,None,None,None,None,267000,21949000,None,46069000,46069000,1975000,None,None,755000,None,None,3119000,937000,None,None,None,0.0,1.46,-41945000,-38826000,1.44,2007-06-30,45.25,None,2693105000.0,5716000,-42914000,-558000,2491000,2491000,None,969000,None,None,None,None,5519000,None,None,-12691000,None,None,None,0.295,-8391000,49188000,-43472000,1657000,3899000,None,None,None,None,None,None,None,-0.49,226.27,16.49,None,None,None,None,None,None,None,0.0136,None,10580000,2025-10-30,quarterly,2.9,USD,pre-market,35319000,-105919000,0.0365,0.327,1.493,24.65,13869000,7395000,1876000,64245000,368.05,442.75,101.3889,98348000,82414000,18484000,36569000,15934000,18085000,5716000,61779000,1430.68,None,495.55,205.87
2025-12-28,ALNY,0.28,3210070000.0,1430.68,None,0.298,1.775,1354000,None,15757000,15757000,-396000,-49852000,None,None,None,None,None,None,267000,21949000,None,46069000,46069000,1975000,None,None,755000,None,None,3119000,1195000,None,None,None,0.0,1.46,-41945000,-38826000,1.44,2007-03-31,45.25,None,2693105000.0,5716000,-42914000,-558000,2491000,2491000,None,969000,None,None,None,None,5519000,None,None,-21645000,None,None,None,0.295,-10961000,49188000,-43472000,1657000,3899000,None,None,None,None,None,None,None,-0.49,226.27,16.49,None,None,None,None,None,None,None,0.0136,None,10580000,2025-10-30,quarterly,2.9,USD,pre-market,35319000,-105919000,0.0365,0.327,1.493,24.65,13869000,7395000,1876000,64245000,368.05,442.75,101.3889,98348000,82414000,18484000,36569000,15934000,18085000,5716000,61779000,1430.68,None,495.55,205.87
2025-12-28,ALNY,0.28,3210070000.0,1430.68,None,0.298,1.775,291000,None,15757000,15757000,101696000,-4839000,None,None,None,None,None,None,267000,21949000,None,46069000,46069000,1975000,None,None,755000,None,None,3119000,1087000,None,None,None,0.0,1.46,-41945000,-38826000,1.44,2006-12-31,45.25,None,2693105000.0,5716000,-42914000,-558000,2491000,2491000,None,969000,None,None,None,None,5519000,None,None,-8438000,None,None,None,0.295,-4613000,49188000,-43472000,1657000,3899000,None,None,None,None,None,None,None,-0.49,226.27,16.49,None,None,None,None,None,None,None,0.0136,None,10580000,2025-10-30,quarterly,2.9,USD,pre-market,35319000,-105919000,0.0365,0.327,1.493,24.65,13869000,7395000,1876000,64245000,368.05,442.75,101.3889,98348000,82414000,18484000,36569000,15934000,18085000,5716000,61779000,1430.68,None,495.55,205.87
2025-12-28,ALNY,0.28,3210070000.0,1430.68,None,0.298,1.775,746000,None,15757000,15757000,617000,2119000,None,None,None,None,None,None,267000,21949000,None,46069000,46069000,1975000,None,None,755000,None,None,3119000,992000,None,None,None,0.0,1.46,-41945000,-38826000,1.44,2006-09-30,45.25,None,2693105000.0,5716000,-42914000,-558000,2491000,2491000,None,969000,None,None,None,None,5519000,None,None,-7400000,None,None,None,0.295,-2932000,49188000,-43472000,1657000,3899000,None,None,None,None,None,None,None,-0.49,226.27,16.49,None,None,None,None,None,None,None,0.0136,None,10580000,2025-10-30,quarterly,2.9,USD,pre-market,35319000,-105919000,0.0365,0.327,1.493,24.65,13869000,7395000,1876000,64245000,368.05,442.75,101.3889,98348000,82414000,18484000,36569000,15934000,18085000,5716000,61779000,1430.68,None,495.55,205.87
2025-12-28,ALNY,0.28,3210070000.0,1430.68,None,0.298,1.775,2465000,None,15757000,15757000,1836000,-14616000,None,None,None,None,None,None,267000,21949000,None,46069000,46069000,1975000,None,None,755000,None,None,3119000,947000,None,None,None,0.0,1.46,-41945000,-38826000,1.44,2006-06-30,45.25,None,2693105000.0,5716000,-42914000,-558000,2491000,2491000,None,969000,None,None,None,None,5519000,None,None,-9910000,None,None,None,0.295,-8382000,49188000,-43472000,1657000,3899000,None,None,None,None,None,None,None,-0.49,226.27,16.49,None,None,None,None,None,None,None,0.0136,None,10580000,2025-10-30,quarterly,2.9,USD,pre-market,35319000,-105919000,0.0365,0.327,1.493,24.65,13869000,7395000,1876000,64245000,368.05,442.75,101.3889,98348000,82414000,18484000,36569000,15934000,18085000,5716000,61779000,1430.68,None,495.55,205.87
2025-12-28,ALNY,0.28,3210070000.0,1430.68,None,0.298,1.775,1484000,None,15757000,15757000,62482000,-12710000,None,None,None,None,None,None,267000,21949000,None,46069000,46069000,1975000,None,None,755000,None,None,3119000,789000,None,None,None,0.0,1.46,-41945000,-38826000,1.44,2006-03-31,45.25,None,2693105000.0,5716000,-42914000,-558000,2491000,2491000,None,969000,None,None,None,None,5519000,None,None,-8860000,None,None,None,0.295,-8703000,49188000,-43472000,1657000,3899000,None,None,None,None,None,None,None,-0.49,226.27,16.49,None,None,None,None,None,None,None,0.0136,None,10580000,2025-10-30,quarterly,2.9,USD,pre-market,35319000,-105919000,0.0365,0.327,1.493,24.65,13869000,7395000,1876000,64245000,368.05,442.75,101.3889,98348000,82414000,18484000,36569000,15934000,18085000,5716000,61779000,1430.68,None,495.55,205.87
2025-12-28,ALNY,0.28,3210070000.0,1430.68,None,0.298,1.775,600000,None,15757000,15757000,52151000,-47214000,None,None,None,None,None,None,267000,21949000,None,46069000,46069000,1975000,None,None,755000,None,None,3119000,752000,None,None,None,0.0,1.46,-41945000,-38826000,1.44,2005-12-31,45.25,None,2693105000.0,5716000,-42914000,-558000,2491000,2491000,None,969000,None,None,None,None,5519000,None,None,-14491000,None,None,None,0.295,3616000,49188000,-43472000,1657000,3899000,None,None,None,None,None,None,None,-0.49,226.27,16.49,None,None,None,None,None,None,None,0.0136,None,10580000,2025-10-30,quarterly,2.9,USD,pre-market,35319000,-105919000,0.0365,0.327,1.493,24.65,13869000,7395000,1876000,64245000,368.05,442.75,101.3889,98348000,82414000,18484000,36569000,15934000,18085000,5716000,61779000,1430.68,None,495.55,205.87
2025-12-28,ALNY,0.28,3210070000.0,1430.68,None,0.298,1.775,372000,None,15757000,15757000,-343000,4474000,None,None,None,None,None,None,267000,21949000,None,46069000,46069000,1975000,None,None,755000,None,None,3119000,740000,None,None,None,0.0,1.46,-41945000,-38826000,1.44,2005-09-30,45.25,None,2693105000.0,5716000,-42914000,-558000,2491000,2491000,None,969000,None,None,None,None,5519000,None,None,-10678000,None,None,None,0.295,-6212000,49188000,-43472000,1657000,3899000,None,None,None,None,None,None,None,-0.49,226.27,16.49,None,None,None,None,None,None,None,0.0136,None,10580000,2025-10-30,quarterly,2.9,USD,pre-market,35319000,-105919000,0.0365,0.327,1.493,24.65,13869000,7395000,1876000,64245000,368.05,442.75,101.3889,98348000,82414000,18484000,36569000,15934000,18085000,5716000,61779000,1430.68,None,495.55,205.87
2025-12-28,ALNY,0.28,3210070000.0,1430.68,None,0.298,1.775,34277000,None,15757000,15757000,294159000,-116840000,None,None,13590000,None,None,None,267000,21949000,None,46069000,46069000,1975000,None,None,755000,None,None,3119000,56670000,None,None,None,0.0,1.46,-41945000,-38826000,1.44,2024-12-31,45.25,None,2693105000.0,5716000,-42914000,-558000,2491000,2491000,None,969000,None,None,None,None,5519000,None,None,-278157000,None,None,None,0.295,-8312000,49188000,-43472000,1657000,3899000,None,None,None,None,None,None,None,-0.49,226.27,16.49,None,None,None,None,None,None,None,0.0136,None,10580000,2025-10-30,annual,2.9,USD,pre-market,35319000,-105919000,0.0365,0.327,1.493,24.65,13869000,7395000,1876000,64245000,368.05,442.75,101.3889,98348000,82414000,18484000,36569000,15934000,18085000,5716000,61779000,1430.68,None,495.55,205.87
2025-12-28,ALNY,0.28,3210070000.0,1430.68,None,0.298,1.775,62211000,None,15757000,15757000,172131000,-336350000,None,None,18367000,None,None,None,267000,21949000,None,46069000,46069000,1975000,None,None,755000,None,None,3119000,97031000,None,None,None,0.0,1.46,-41945000,-38826000,1.44,2023-12-31,45.25,None,2693105000.0,5716000,-42914000,-558000,2491000,2491000,None,969000,None,None,None,None,5519000,None,None,-440242000,None,None,None,0.295,104156000,49188000,-43472000,1657000,3899000,None,None,None,None,None,None,None,-0.49,226.27,16.49,None,None,None,None,None,None,None,0.0136,None,10580000,2025-10-30,annual,2.9,USD,pre-market,35319000,-105919000,0.0365,0.327,1.493,24.65,13869000,7395000,1876000,64245000,368.05,442.75,101.3889,98348000,82414000,18484000,36569000,15934000,18085000,5716000,61779000,1430.68,None,495.55,205.87
2025-12-28,ALNY,0.28,3210070000.0,1430.68,None,0.298,1.775,72059000,None,15757000,15757000,425753000,169354000,53833000,None,-34136000,None,None,-45597000,267000,21949000,None,46069000,46069000,1975000,None,None,755000,None,None,3119000,85550000,None,None,None,0.0,1.46,-41945000,-38826000,1.44,2022-12-31,45.25,None,2693105000.0,5716000,-42914000,-558000,2491000,2491000,None,969000,None,None,None,None,5519000,None,None,-1131156000,None,None,None,0.295,-541274000,49188000,-43472000,1657000,3899000,None,None,None,None,None,None,None,-0.49,226.27,16.49,None,None,None,None,None,259360000,None,0.0136,None,10580000,2025-10-30,annual,2.9,USD,pre-market,35319000,-105919000,0.0365,0.327,1.493,24.65,13869000,7395000,1876000,64245000,368.05,442.75,101.3889,98348000,82414000,18484000,36569000,15934000,18085000,5716000,61779000,1430.68,None,495.55,205.87
2025-12-28,ALNY,0.28,3210070000.0,1430.68,None,0.298,1.775,76372000,None,15757000,15757000,1247118000,-273300000,332125000,None,-26415000,None,None,-101799000,267000,21949000,None,46069000,46069000,1975000,None,None,755000,None,None,3119000,89694000,None,None,None,0.0,1.46,-41945000,-38826000,1.44,2021-12-31,45.25,None,2693105000.0,5716000,-42914000,-558000,2491000,2491000,None,969000,None,None,None,None,5519000,None,None,-852824000,None,None,None,0.295,-641693000,49188000,-43472000,1657000,3899000,None,None,None,None,None,None,None,-0.49,226.27,16.49,None,None,None,None,None,246268000,None,0.0136,None,10580000,2025-10-30,annual,2.9,USD,pre-market,35319000,-105919000,0.0365,0.327,1.493,24.65,13869000,7395000,1876000,64245000,368.05,442.75,101.3889,98348000,82414000,18484000,36569000,15934000,18085000,5716000,61779000,1430.68,None,495.55,205.87
2025-12-28,ALNY,0.28,3210070000.0,1430.68,None,0.298,1.775,70361000,None,15757000,15757000,994979000,-435518000,-55500000,None,-35426000,None,None,-56236000,267000,21949000,None,46069000,46069000,1975000,None,None,755000,None,None,3119000,74435000,None,None,None,0.0,1.46,-41945000,-38826000,1.44,2020-12-31,45.25,None,2693105000.0,5716000,-42914000,-558000,2491000,2491000,None,969000,None,None,None,None,5519000,None,None,-858281000,None,None,None,0.295,-614961000,49188000,-43472000,1657000,3899000,None,None,None,None,None,None,None,-0.49,226.27,16.49,None,None,None,None,None,299982000,None,0.0136,None,10580000,2025-10-30,annual,2.9,USD,pre-market,35319000,-105919000,0.0365,0.327,1.493,24.65,13869000,7395000,1876000,64245000,368.05,442.75,101.3889,98348000,82414000,18484000,36569000,15934000,18085000,5716000,61779000,1430.68,None,495.55,205.87
2025-12-28,ALNY,0.28,3210070000.0,1430.68,None,0.298,1.775,140156000,None,15757000,15757000,823184000,-417677000,127080000,None,-32411000,None,None,-24238000,267000,21949000,None,46069000,46069000,1975000,None,None,755000,None,None,3119000,54368000,None,None,None,0.0,1.46,-41945000,-38826000,1.44,2019-12-31,45.25,None,2693105000.0,5716000,-42914000,-558000,2491000,2491000,None,969000,None,None,None,None,5519000,None,None,-886116000,None,None,None,0.295,-278427000,49188000,-43472000,1657000,3899000,None,None,None,None,None,None,None,-0.49,226.27,16.49,None,None,None,None,None,853184000,None,0.0136,None,10580000,2025-10-30,annual,2.9,USD,pre-market,35319000,-105919000,0.0365,0.327,1.493,24.65,13869000,7395000,1876000,64245000,368.05,442.75,101.3889,98348000,82414000,18484000,36569000,15934000,18085000,5716000,61779000,1430.68,None,495.55,205.87
2025-12-28,ALNY,0.28,3210070000.0,1430.68,None,0.298,1.775,126887000,None,15757000,15757000,65470000,272945000,-224201000,None,-22645000,None,None,15242000,267000,21949000,None,46069000,46069000,1975000,None,None,755000,None,None,3119000,6435000,None,None,None,0.0,1.46,-41945000,-38826000,1.44,2018-12-31,45.25,None,2693105000.0,5716000,-42914000,-558000,2491000,2491000,None,969000,None,None,None,None,5519000,None,None,-761497000,None,None,None,0.295,-562616000,49188000,-43472000,1657000,3899000,None,None,None,None,None,None,None,-0.49,226.27,16.49,None,None,None,None,None,-3469000,None,0.0136,None,10580000,2025-10-30,annual,2.9,USD,pre-market,35319000,-105919000,0.0365,0.327,1.493,24.65,13869000,7395000,1876000,64245000,368.05,442.75,101.3889,98348000,82414000,18484000,36569000,15934000,18085000,5716000,61779000,1430.68,None,495.55,205.87
2025-12-28,ALNY,0.28,3210070000.0,1430.68,None,0.298,1.775,104209000,None,15757000,15757000,1124891000,-290361000,451744000,None,10857000,None,None,-10668000,267000,21949000,None,46069000,46069000,1975000,None,None,755000,None,None,3119000,13367000,0,0,None,0.0,1.46,-41945000,-38826000,1.44,2017-12-31,45.25,None,2693105000.0,5716000,-42914000,-558000,2491000,2491000,None,969000,None,None,None,None,5519000,None,None,-490874000,None,None,None,0.295,-382786000,49188000,-43472000,1657000,3899000,None,None,None,None,None,None,None,-0.49,226.27,16.49,None,None,None,None,None,-257000,None,0.0136,None,10580000,2025-10-30,annual,2.9,USD,pre-market,35319000,-105919000,0.0365,0.327,1.493,24.65,13869000,7395000,1876000,64245000,368.05,442.75,101.3889,98348000,82414000,18484000,36569000,15934000,18085000,5716000,61779000,1430.68,None,495.55,205.87
2025-12-28,ALNY,0.28,3210070000.0,1430.68,None,0.298,1.775,64557000,None,15757000,15757000,177832000,142591000,12722000,None,5397000,None,None,-15036000,267000,21949000,None,46069000,46069000,1975000,None,None,755000,None,None,3119000,15130000,0,0,None,0.0,1.46,-41945000,-38826000,1.44,2016-12-31,45.25,None,2693105000.0,5716000,-42914000,-558000,2491000,2491000,None,969000,None,None,None,None,5519000,None,None,-410108000,None,None,None,0.295,-307701000,49188000,-43472000,1657000,3899000,None,None,None,None,None,None,None,-0.49,226.27,16.49,None,None,None,None,None,-596000,None,0.0136,None,10580000,2025-10-30,annual,2.9,USD,pre-market,35319000,-105919000,0.0365,0.327,1.493,24.65,13869000,7395000,1876000,64245000,368.05,442.75,101.3889,98348000,82414000,18484000,36569000,15934000,18085000,5716000,61779000,1430.68,None,495.55,205.87
2025-12-28,ALNY,0.28,3210070000.0,1430.68,None,0.298,1.775,12950000,None,15757000,15757000,616177000,-321321000,105716000,None,-477000,None,None,31639000,267000,21949000,None,46069000,46069000,1975000,None,None,755000,None,None,3119000,19050000,0,0,None,0.0,1.46,-41945000,-38826000,1.44,2015-12-31,45.25,None,2693105000.0,5716000,-42914000,-558000,2491000,2491000,None,969000,None,None,None,None,5519000,None,None,-290073000,None,None,None,0.295,-189140000,49188000,-43472000,1657000,3899000,None,None,None,None,None,None,None,-0.49,226.27,16.49,None,None,None,None,None,-378000,None,0.0136,None,10580000,2025-10-30,annual,2.9,USD,pre-market,35319000,-105919000,0.0365,0.327,1.493,24.65,13869000,7395000,1876000,64245000,368.05,442.75,101.3889,98348000,82414000,18484000,36569000,15934000,18085000,5716000,61779000,1430.68,None,495.55,205.87
2025-12-28,ALNY,0.28,3210070000.0,1430.68,None,0.298,1.775,8961000,None,15757000,15757000,736465000,-548814000,22010000,None,3293000,None,None,-35689000,267000,21949000,None,46069000,46069000,1975000,None,None,755000,None,None,3119000,11926000,0,0,None,0.0,1.46,-41945000,-38826000,1.44,2014-12-31,45.25,None,2693105000.0,5716000,-42914000,-558000,2491000,2491000,None,969000,None,None,None,None,5519000,None,None,-360395000,None,None,None,0.295,-165641000,49188000,-43472000,1657000,3899000,None,None,None,None,None,None,None,-0.49,226.27,16.49,None,None,None,None,None,-15992000,None,0.0136,None,10580000,2025-10-30,annual,2.9,USD,pre-market,35319000,-105919000,0.0365,0.327,1.493,24.65,13869000,7395000,1876000,64245000,368.05,442.75,101.3889,98348000,82414000,18484000,36569000,15934000,18085000,5716000,61779000,1430.68,None,495.55,205.87
2025-12-28,ALNY,0.28,3210070000.0,1430.68,None,0.298,1.775,4006000,None,15757000,15757000,200926000,-130505000,1764000,None,191000,None,None,-4144000,267000,21949000,None,46069000,46069000,1975000,None,None,755000,None,None,3119000,10229000,0,0,None,0.0,1.46,-41945000,-38826000,1.44,2013-12-31,45.25,None,2693105000.0,5716000,-42914000,-558000,2491000,2491000,None,969000,None,None,None,None,5519000,None,None,-89225000,None,None,None,0.295,-68657000,49188000,-43472000,1657000,3899000,None,None,None,None,None,None,None,-0.49,226.27,16.49,None,None,None,None,None,-1389000,None,0.0136,None,10580000,2025-10-30,annual,2.9,USD,pre-market,35319000,-105919000,0.0365,0.327,1.493,24.65,13869000,7395000,1876000,64245000,368.05,442.75,101.3889,98348000,82414000,18484000,36569000,15934000,18085000,5716000,61779000,1430.68,None,495.55,205.87
2025-12-28,ALNY,0.28,3210070000.0,1430.68,None,0.298,1.775,8348000,None,15757000,15757000,93412000,3374000,-18823000,None,-1811000,None,None,1364000,267000,21949000,None,46069000,46069000,1975000,None,None,755000,None,None,3119000,9035000,0,0,None,0.0,1.46,-41945000,-38826000,1.44,2012-12-31,45.25,None,2693105000.0,5716000,-42914000,-558000,2491000,2491000,None,969000,None,None,None,None,5519000,None,None,-106014000,None,None,None,0.295,-115609000,49188000,-43472000,1657000,3899000,None,None,None,None,None,None,None,-0.49,226.27,16.49,None,None,None,None,None,-359000,None,0.0136,None,10580000,2025-10-30,annual,2.9,USD,pre-market,35319000,-105919000,0.0365,0.327,1.493,24.65,13869000,7395000,1876000,64245000,368.05,442.75,101.3889,98348000,82414000,18484000,36569000,15934000,18085000,5716000,61779000,1430.68,None,495.55,205.87
2025-12-28,ALNY,0.28,3210070000.0,1430.68,None,0.298,1.775,1291000,None,15757000,15757000,738000,81959000,-4371000,None,0,None,None,1982000,267000,21949000,None,46069000,46069000,1975000,None,None,755000,None,None,3119000,5125000,0,0,None,0.0,1.46,-41945000,-38826000,1.44,2011-12-31,45.25,None,2693105000.0,5716000,-42914000,-558000,2491000,2491000,None,969000,None,None,None,None,5519000,None,None,-57649000,None,None,None,0.295,-87068000,49188000,-43472000,1657000,3899000,None,None,None,None,None,None,None,-0.49,226.27,16.49,None,None,None,None,None,738000,None,0.0136,None,10580000,2025-10-30,annual,2.9,USD,pre-market,35319000,-105919000,0.0365,0.327,1.493,24.65,13869000,7395000,1876000,64245000,368.05,442.75,101.3889,98348000,82414000,18484000,36569000,15934000,18085000,5716000,61779000,1430.68,None,495.55,205.87
2025-12-28,ALNY,0.28,3210070000.0,1430.68,None,0.298,1.775,4732000,None,15757000,15757000,3663000,17838000,-62869000,-29000,0,None,None,2594000,267000,21949000,None,46069000,46069000,1975000,None,None,755000,None,None,3119000,4941000,0,0,None,0.0,1.46,-41945000,-38826000,1.44,2010-12-31,45.25,None,2693105000.0,5716000,-42914000,-558000,2491000,2491000,None,969000,None,None,None,None,5519000,None,None,-43515000,None,None,None,0.295,-84341000,49188000,-43472000,1657000,3899000,None,None,None,None,None,None,None,-0.49,226.27,16.49,None,None,None,None,None,3663000,None,0.0136,None,10580000,2025-10-30,annual,2.9,USD,pre-market,35319000,-105919000,0.0365,0.327,1.493,24.65,13869000,7395000,1876000,64245000,368.05,442.75,101.3889,98348000,82414000,18484000,36569000,15934000,18085000,5716000,61779000,1430.68,None,495.55,205.87
2025-12-28,ALNY,0.28,3210070000.0,1430.68,None,0.298,1.775,4949000,None,15757000,15757000,3509000,14433000,None,None,None,None,None,None,267000,21949000,None,46069000,46069000,1975000,None,None,755000,None,None,3119000,5992000,None,None,None,0.0,1.46,-41945000,-38826000,1.44,2009-12-31,45.25,None,2693105000.0,5716000,-42914000,-558000,2491000,2491000,None,969000,None,None,None,None,5519000,None,None,-47590000,None,None,None,0.295,-72145000,49188000,-43472000,1657000,3899000,None,None,None,None,None,None,None,-0.49,226.27,16.49,None,None,None,None,None,None,None,0.0136,None,10580000,2025-10-30,annual,2.9,USD,pre-market,35319000,-105919000,0.0365,0.327,1.493,24.65,13869000,7395000,1876000,64245000,368.05,442.75,101.3889,98348000,82414000,18484000,36569000,15934000,18085000,5716000,61779000,1430.68,None,495.55,205.87
2025-12-28,ALNY,0.28,3210070000.0,1430.68,None,0.298,1.775,10764000,None,15757000,15757000,3155000,17936000,None,None,None,None,None,None,267000,21949000,None,46069000,46069000,1975000,None,None,755000,None,None,3119000,5726000,None,None,None,0.0,1.46,-41945000,-38826000,1.44,2008-12-31,45.25,None,2693105000.0,5716000,-42914000,-558000,2491000,2491000,None,969000,None,None,None,None,5519000,None,None,-26249000,None,None,None,0.295,65491000,49188000,-43472000,1657000,3899000,None,None,None,None,None,None,None,-0.49,226.27,16.49,None,None,None,None,None,None,None,0.0136,None,10580000,2025-10-30,annual,2.9,USD,pre-market,35319000,-105919000,0.0365,0.327,1.493,24.65,13869000,7395000,1876000,64245000,368.05,442.75,101.3889,98348000,82414000,18484000,36569000,15934000,18085000,5716000,61779000,1430.68,None,495.55,205.87
2025-12-28,ALNY,0.28,3210070000.0,1430.68,None,0.298,1.775,7788000,None,15757000,15757000,58635000,-277425000,None,None,None,None,None,None,267000,21949000,None,46069000,46069000,1975000,None,None,755000,None,None,3119000,4082000,None,None,None,0.0,1.46,-41945000,-38826000,1.44,2007-12-31,45.25,None,2693105000.0,5716000,-42914000,-558000,2491000,2491000,None,969000,None,None,None,None,5519000,None,None,-85466000,None,None,None,0.295,196519000,49188000,-43472000,1657000,3899000,None,None,None,None,None,None,None,-0.49,226.27,16.49,None,None,None,None,None,None,None,0.0136,None,10580000,2025-10-30,annual,2.9,USD,pre-market,35319000,-105919000,0.0365,0.327,1.493,24.65,13869000,7395000,1876000,64245000,368.05,442.75,101.3889,98348000,82414000,18484000,36569000,15934000,18085000,5716000,61779000,1430.68,None,495.55,205.87
2025-12-28,ALNY,0.28,3210070000.0,1430.68,None,0.298,1.775,4986000,None,15757000,15757000,166631000,-30046000,None,None,None,None,None,None,267000,21949000,None,46069000,46069000,1975000,None,None,755000,None,None,3119000,3815000,None,None,None,0.0,1.46,-41945000,-38826000,1.44,2006-12-31,45.25,None,2693105000.0,5716000,-42914000,-558000,2491000,2491000,None,969000,None,None,None,None,5519000,None,None,-34608000,None,None,None,0.295,-24630000,49188000,-43472000,1657000,3899000,None,None,None,None,None,None,None,-0.49,226.27,16.49,None,None,None,None,None,None,None,0.0136,None,10580000,2025-10-30,annual,2.9,USD,pre-market,35319000,-105919000,0.0365,0.327,1.493,24.65,13869000,7395000,1876000,64245000,368.05,442.75,101.3889,98348000,82414000,18484000,36569000,15934000,18085000,5716000,61779000,1430.68,None,495.55,205.87
2025-12-28,ALNY,0.28,3210070000.0,1430.68,None,0.298,1.775,1947000,None,15757000,15757000,52617000,-40418000,None,None,None,None,None,None,267000,21949000,None,46069000,46069000,1975000,None,None,755000,None,None,3119000,3119000,None,None,None,0.0,1.46,-41945000,-38826000,1.44,2005-12-31,45.25,None,2693105000.0,5716000,-42914000,-558000,2491000,2491000,None,969000,None,None,None,None,5519000,None,None,-42914000,None,None,None,0.295,-16485000,49188000,-43472000,1657000,3899000,None,None,None,None,None,None,None,-0.49,226.27,16.49,None,None,None,None,None,None,None,0.0136,None,10580000,2025-10-30,annual,2.9,USD,pre-market,35319000,-105919000,0.0365,0.327,1.493,24.65,13869000,7395000,1876000,64245000,368.05,442.75,101.3889,98348000,82414000,18484000,36569000,15934000,18085000,5716000,61779000,1430.68,None,495.55,205.87
