date,symbol,eps,revenue_ttm,pe_ratio,accumulateddepreciationamortizationppe,beta,book_value,capitalexpenditures,capitalleaseobligations,cashandcashequivalentsatcarryingvalue,cashandshortterminvestments,cashflowfromfinancing,cashflowfrominvestment,changeincashandcashequivalents,changeinexchangerate,changeininventory,changeinoperatingassets,changeinoperatingliabilities,changeinreceivables,commonstock,commonstocksharesoutstanding,comprehensiveincomenetoftax,costofgoodsandservicessold,costofrevenue,currentaccountspayable,currentdebt,currentlongtermdebt,currentnetreceivables,deferredrevenue,depreciation,depreciationandamortization,depreciationdepletionandamortization,dividend_per_share,dividend_yield,dividendpayout,dividendpayoutcommonstock,dividendpayoutpreferredstock,earnings_growth_yoy,earnings_surprise,ebit,ebitda,estimated_eps,fiscaldateending,forward_pe,goodwill,gross_profit_ttm,grossprofit,incomebeforetax,incometaxexpense,intangibleassets,intangibleassetsexcludinggoodwill,interestanddebtexpense,interestexpense,interestincome,inventory,investmentincomenet,investments,longtermdebt,longtermdebtnoncurrent,longterminvestments,netincome,netincomefromcontinuingoperations,netinterestincome,noninterestincome,operating_margin_ttm,operatingcashflow,operatingexpenses,operatingincome,othercurrentassets,othercurrentliabilities,othernoncurrentassets,othernoncurrentliabilities,othernonoperatingincome,paymentsforoperatingactivities,paymentsforrepurchaseofcommonstock,paymentsforrepurchaseofequity,paymentsforrepurchaseofpreferredstock,peg_ratio,price_to_book,price_to_sales_ttm,proceedsfromissuanceofcommonstock,proceedsfromissuanceoflongtermdebtandcapitalsecuritiesnet,proceedsfromissuanceofpreferredstock,proceedsfromoperatingactivities,proceedsfromrepaymentsofshorttermdebt,proceedsfromrepurchaseofequity,proceedsfromsaleoftreasurystock,profit_margin,profitloss,propertyplantequipment,report_date,report_type,reported_eps,reportedcurrency,reporttime,researchanddevelopment,retainedearnings,return_on_assets_ttm,return_on_equity_ttm,revenue_growth_yoy,revenue_per_share_ttm,sellinggeneralandadministrative,shortlongtermdebttotal,shorttermdebt,shortterminvestments,sma_200,sma_50,surprise_pct,totalassets,totalcurrentassets,totalcurrentliabilities,totalliabilities,totalnoncurrentassets,totalnoncurrentliabilities,totalrevenue,totalshareholderequity,trailing_pe,treasurystock,week_52_high,week_52_low
1997-12-31,AMG,,,,,,,,,,,,,,,,,,,,,,,,,,,,,,,,,,,,,,0.02,,,0.03,,,,,,,,,,,,,,,,,,,,,,,,,,,,,,,,,,,,,,,,,,,,,,,,,1998-02-10,,0.05,,pre-market,,,,,,,,,,,,,66.6667,,,,,,,,,,,,
1998-03-31,AMG,,,,,,,,,,,,,,,,,,,,,,,,,,,,,,,,,,,,,,0.01,,,0.16,,,,,,,,,,,,,,,,,,,,,,,,,,,,,,,,,,,,,,,,,,,,,,,,,1998-04-29,,0.17,,pre-market,,,,,,,,,,,,,6.25,,,,,,,,,,,,
1998-06-30,AMG,,,,,,,,,,,,,,,,,,,,,,,,,,,,,,,,,,,,,,0.03,,,0.2,,,,,,,,,,,,,,,,,,,,,,,,,,,,,,,,,,,,,,,,,,,,,,,,,1998-07-22,,0.23,,pre-market,,,,,,,,,,,,,15.0,,,,,,,,,,,,
1998-09-30,AMG,,,,,,,,,,,,,,,,,,,,,,,,,,,,,,,,,,,,,,0.0,,,0.2,,,,,,,,,,,,,,,,,,,,,,,,,,,,,,,,,,,,,,,,,,,,,,,,,1998-10-20,,0.2,,pre-market,,,,,,,,,,,,,0.0,,,,,,,,,,,,
1998-12-31,AMG,,,,,,,,,,,,,,,,,,,,,,,,,,,,,,,,,,,,,,0.06,,,0.26,,,,,,,,,,,,,,,,,,,,,,,,,,,,,,,,,,,,,,,,,,,,,,,,,1999-01-27,,0.32,,pre-market,,,,,,,,,,,,,23.0769,,,,,,,,,,,,
1999-03-31,AMG,,,,,,,,,,,,,,,,,,,,,,,,,,,,,,,,,,,,,,0.04,,,0.23,,,,,,,,,,,,,,,,,,,,,,,,,,,,,,,,,,,,,,,,,,,,,,,,,1999-04-21,,0.27,,pre-market,,,,,,,,,,,,,17.3913,,,,,,,,,,,,
1999-06-30,AMG,,,,,,,,,,,,,,,,,,,,,,,,,,,,,,,,,,,,,,0.03,,,0.24,,,,,,,,,,,,,,,,,,,,,,,,,,,,,,,,,,,,,,,,,,,,,,,,,1999-07-21,,0.27,,pre-market,,,,,,,,,,,,,12.5,,,,,,,,,,,,
1999-09-30,AMG,,,,,,,,,,,,,,,,,,,,,,,,,,,,,,,,,,,,,,0.0,,,0.3,,,,,,,,,,,,,,,,,,,,,,,,,,,,,,,,,,,,,,,,,,,,,,,,,1999-10-20,,0.3,,pre-market,,,,,,,,,,,,,0.0,,,,,,,,,,,,
1999-12-31,AMG,,,,,,,,,,,,,,,,,,,,,,,,,,,,,,,,,,,,,,0.81,,,0.47,,,,,,,,,,,,,,,,,,,,,,,,,,,,,,,,,,,,,,,,,,,,,,,,,2000-01-26,,1.28,,pre-market,,,,,,,,,,,,,172.3404,,,,,,,,,,,,
2000-03-31,AMG,,,,,,,,,,,,,,,,,,,,,,,,,,,,,,,,,,,,,,0.23,,,0.38,,,,,,,,,,,,,,,,,,,,,,,,,,,,,,,,,,,,,,,,,,,,,,,,,2000-04-20,,0.61,,pre-market,,,,,,,,,,,,,60.5263,,,,,,,,,,,,
2000-06-30,AMG,,,,,,,,,,,,,,,,,,,,,,,,,,,,,,,,,,,,,,0.23,,,0.4,,,,,,,,,,,,,,,,,,,,,,,,,,,,,,,,,,,,,,,,,,,,,,,,,2000-07-20,,0.63,,pre-market,,,,,,,,,,,,,57.5,,,,,,,,,,,,
2000-09-30,AMG,,,,,,,,,,,,,,,,,,,,,,,,,,,,,,,,,,,,,,0.23,,,0.43,,,,,,,,,,,,,,,,,,,,,,,,,,,,,,,,,,,,,,,,,,,,,,,,,2000-10-19,,0.66,,pre-market,,,,,,,,,,,,,53.4884,,,,,,,,,,,,
2000-12-31,AMG,,,,,,,,,,,,,,,,,,,,,,,,,,,,,,,,,,,,,,0.02,,,0.65,,,,,,,,,,,,,,,,,,,,,,,,,,,,,,,,,,,,,,,,,,,,,,,,,2001-01-25,,0.67,,pre-market,,,,,,,,,,,,,3.0769,,,,,,,,,,,,
2001-03-31,AMG,,,,,,,,,,,,,,,,,,,,,,,,,,,,,,,,,,,,,,0.0,,,0.59,,,,,,,,,,,,,,,,,,,,,,,,,,,,,,,,,,,,,,,,,,,,,,,,,2001-04-25,,0.59,,pre-market,,,,,,,,,,,,,0.0,,,,,,,,,,,,
2001-06-30,AMG,,,,,,,,,,,,,,,,,,,,,,,,,,,,,,,,,,,,,,0.01,,,0.62,,,,,,,,,,,,,,,,,,,,,,,,,,,,,,,,,,,,,,,,,,,,,,,,,2001-07-25,,0.63,,pre-market,,,,,,,,,,,,,1.6129,,,,,,,,,,,,
2001-09-30,AMG,,,,,,,,,,,,,,,,,,,,,,,,,,,,,,,,,,,,,,0.0,,,0.61,,,,,,,,,,,,,,,,,,,,,,,,,,,,,,,,,,,,,,,,,,,,,,,,,2001-10-24,,0.61,,pre-market,,,,,,,,,,,,,0.0,,,,,,,,,,,,
2001-12-31,AMG,,,,,,,,,,,,,,,,,,,,,,,,,,,,,,,,,,,,,,0.02,,,0.61,,,,,,,,,,,,,,,,,,,,,,,,,,,,,,,,,,,,,,,,,,,,,,,,,2002-01-23,,0.63,,pre-market,,,,,,,,,,,,,3.2787,,,,,,,,,,,,
2002-03-31,AMG,,,,,,,,,,,,,,,,,,,,,,,,,,,,,,,,,,,,,,0.01,,,0.71,,,,,,,,,,,,,,,,,,,,,,,,,,,,,,,,,,,,,,,,,,,,,,,,,2002-04-24,,0.72,,pre-market,,,,,,,,,,,,,1.4085,,,,,,,,,,,,
2002-06-30,AMG,,,,,,,,,,,,,,,,,,,,,,,,,,,,,,,,,,,,,,0.02,,,0.73,,,,,,,,,,,,,,,,,,,,,,,,,,,,,,,,,,,,,,,,,,,,,,,,,2002-07-24,,0.75,,pre-market,,,,,,,,,,,,,2.7397,,,,,,,,,,,,
2002-09-30,AMG,,,,,,,,,,,,,,,,,,,,,,,,,,,,,,,,,,,,,,0.02,,,0.7,,,,,,,,,,,,,,,,,,,,,,,,,,,,,,,,,,,,,,,,,,,,,,,,,2002-10-23,,0.72,,pre-market,,,,,,,,,,,,,2.8571,,,,,,,,,,,,
2002-12-31,AMG,,,,,,,,,,,,,,,,,,,,,,,,,,,,,,,,,,,,,,0.02,,,0.73,,,,,,,,,,,,,,,,,,,,,,,,,,,,,,,,,,,,,,,,,,,,,,,,,2003-01-29,,0.75,,pre-market,,,,,,,,,,,,,2.7397,,,,,,,,,,,,
2003-03-31,AMG,,,,,,,,,,,,,,,,,,,,,,,,,,,,,,,,,,,,,,0.0,,,0.74,,,,,,,,,,,,,,,,,,,,,,,,,,,,,,,,,,,,,,,,,,,,,,,,,2003-04-23,,0.74,,pre-market,,,,,,,,,,,,,0.0,,,,,,,,,,,,
2003-06-30,AMG,,,,,,,,,,,,,,,,,,,,,,,,,,,,,,,,,,,,,,0.01,,,0.76,,,,,,,,,,,,,,,,,,,,,,,,,,,,,,,,,,,,,,,,,,,,,,,,,2003-07-23,,0.77,,pre-market,,,,,,,,,,,,,1.3158,,,,,,,,,,,,
2003-09-30,AMG,,,,,,,,,,,,,,,,,,,,,,,,,,,,,,,,,,,,,,0.01,,,0.82,,,,,,,,,,,,,,,,,,,,,,,,,,,,,,,,,,,,,,,,,,,,,,,,,2003-10-22,,0.83,,pre-market,,,,,,,,,,,,,1.2195,,,,,,,,,,,,
2003-12-31,AMG,,,,,,,,,,,,,,,,,,,,,,,,,,,,,,,,,,,,,,0.0,,,0.86,,,,,,,,,,,,,,,,,,,,,,,,,,,,,,,,,,,,,,,,,,,,,,,,,2004-01-28,,0.86,,pre-market,,,,,,,,,,,,,0.0,,,,,,,,,,,,
2004-03-31,AMG,,,,,,,,,,,,,,,,,,,,,,,,,,,,,,,,,,,,,,0.0,,,0.92,,,,,,,,,,,,,,,,,,,,,,,,,,,,,,,,,,,,,,,,,,,,,,,,,2004-04-28,,0.92,,pre-market,,,,,,,,,,,,,0.0,,,,,,,,,,,,
2004-06-30,AMG,,,,,,,,,,,,,,,,,,,,,,,,,,,,,,,,,,,,,,0.02,,,0.98,,,,,,,,,,,,,,,,,,,,,,,,,,,,,,,,,,,,,,,,,,,,,,,,,2004-07-28,,1.0,,pre-market,,,,,,,,,,,,,2.0408,,,,,,,,,,,,
2004-09-30,AMG,,,,,,,,,,,,,,,,,,,,,,,,,,,,,,,,,,,,,,0.0,,,0.96,,,,,,,,,,,,,,,,,,,,,,,,,,,,,,,,,,,,,,,,,,,,,,,,,2004-10-27,,0.96,,pre-market,,,,,,,,,,,,,0.0,,,,,,,,,,,,
2004-12-31,AMG,,,,,,,,,,,,,,,,,,,,,,,,,,,,,,,,,,,,,,0.01,,,1.07,,,,,,,,,,,,,,,,,,,,,,,,,,,,,,,,,,,,,,,,,,,,,,,,,2005-01-26,,1.08,,pre-market,,,,,,,,,,,,,0.9346,,,,,,,,,,,,
2005-03-31,AMG,,,,,,,,,,,,,,,,,,,,,,,,,,,,,,,,,,,,,,0.0,,,1.12,,,,,,,,,,,,,,,,,,,,,,,,,,,,,,,,,,,,,,,,,,,,,,,,,2005-04-27,,1.12,,pre-market,,,,,,,,,,,,,0.0,,,,,,,,,,,,
2005-06-30,AMG,,,,,,,,,,,,,,,,,,,,,,,,,,,,,,,,,,,,,,0.01,,,1.12,,,,,,,,,,,,,,,,,,,,,,,,,,,,,,,,,,,,,,,,,,,,,,,,,2005-07-27,,1.13,,pre-market,,,,,,,,,,,,,0.8929,,,,,,,,,,,,
2005-09-30,AMG,,,,,,,,,,,,,,,,,,,,,,,,,,,,,,,,,,,,,,0.0,,,1.18,,,,,,,,,,,,,,,,,,,,,,,,,,,,,,,,,,,,,,,,,,,,,,,,,2005-10-26,,1.18,,pre-market,,,,,,,,,,,,,0.0,,,,,,,,,,,,
2005-12-31,AMG,,,,,,,,,,,,,,,,,,,,,,,,,,,,,,,,,,,,,,0.13,,,1.29,,,,,,,,,,,,,,,,,,,,,,,,,,,,,,,,,,,,,,,,,,,,,,,,,2006-01-25,,1.42,,pre-market,,,,,,,,,,,,,10.0775,,,,,,,,,,,,
2006-03-31,AMG,,,,,,,,,,,,,,,,,,,,,,,,,,,,,,,,,,,,,,0.01,,,1.26,,,,,,,,,,,,,,,,,,,,,,,,,,,,,,,,,,,,,,,,,,,,,,,,,2006-04-26,,1.27,,pre-market,,,,,,,,,,,,,0.7937,,,,,,,,,,,,
2006-06-30,AMG,,,,,,,,,,,,,,,,,,,,,,,,,,,,,,,,,,,,,,0.02,,,1.28,,,,,,,,,,,,,,,,,,,,,,,,,,,,,,,,,,,,,,,,,,,,,,,,,2006-07-26,,1.3,,pre-market,,,,,,,,,,,,,1.5625,,,,,,,,,,,,
2006-09-30,AMG,,,,,,,,,,,,,,,,,,,,,,,,,,,,,,,,,,,,,,0.0,,,1.34,,,,,,,,,,,,,,,,,,,,,,,,,,,,,,,,,,,,,,,,,,,,,,,,,2006-10-25,,1.34,,pre-market,,,,,,,,,,,,,0.0,,,,,,,,,,,,
2006-12-31,AMG,,,,,,,,,,,,,,,,,,,,,,,,,,,,,,,,,,,,,,0.06,,,1.73,,,,,,,,,,,,,,,,,,,,,,,,,,,,,,,,,,,,,,,,,,,,,,,,,2007-01-24,,1.79,,pre-market,,,,,,,,,,,,,3.4682,,,,,,,,,,,,
2007-03-31,AMG,,,,,,,,,,,,,,,,,,,,,,,,,,,,,,,,,,,,,,0.02,,,1.41,,,,,,,,,,,,,,,,,,,,,,,,,,,,,,,,,,,,,,,,,,,,,,,,,2007-04-25,,1.43,,pre-market,,,,,,,,,,,,,1.4184,,,,,,,,,,,,
2007-06-30,AMG,,,,,,,,,,,,,,,,,,,,,,,,,,,,,,,,,,,,,,0.03,,,1.49,,,,,,,,,,,,,,,,,,,,,,,,,,,,,,,,,,,,,,,,,,,,,,,,,2007-07-25,,1.52,,pre-market,,,,,,,,,,,,,2.0134,,,,,,,,,,,,
2007-09-30,AMG,,,,,,,,,,,,,,,,,,,,,,,,,,,,,,,,,,,,,,0.02,,,1.54,,,,,,,,,,,,,,,,,,,,,,,,,,,,,,,,,,,,,,,,,,,,,,,,,2007-10-24,,1.56,,pre-market,,,,,,,,,,,,,1.2987,,,,,,,,,,,,
2007-12-31,AMG,,,,,,,,,,,,,,,,,,,,,,,,,,,,,,,,,,,,,,0.05,,,2.1,,,,,,,,,,,,,,,,,,,,,,,,,,,,,,,,,,,,,,,,,,,,,,,,,2008-01-30,,2.15,,pre-market,,,,,,,,,,,,,2.381,,,,,,,,,,,,
2008-03-31,AMG,,,,,,,,,,,,,,,,,,,,,,,,,,,,,,,,,,,,,,0.0,,,1.46,,,,,,,,,,,,,,,,,,,,,,,,,,,,,,,,,,,,,,,,,,,,,,,,,2008-04-23,,1.46,,pre-market,,,,,,,,,,,,,0.0,,,,,,,,,,,,
2008-06-30,AMG,,,,,,,,,,,,,,,,,,,,,,,,,,,,,,,,,,,,,,0.02,,,1.41,,,,,,,,,,,,,,,,,,,,,,,,,,,,,,,,,,,,,,,,,,,,,,,,,2008-07-23,,1.43,,pre-market,,,,,,,,,,,,,1.4184,,,,,,,,,,,,
2008-09-30,AMG,,,,,,,,,,,,,,,,,,,,,,,,,,,,,,,,,,,,,,0.07,,,1.24,,,,,,,,,,,,,,,,,,,,,,,,,,,,,,,,,,,,,,,,,,,,,,,,,2008-10-22,,1.31,,pre-market,,,,,,,,,,,,,5.6452,,,,,,,,,,,,
2008-12-31,AMG,,,,,,,,,,,,,,,,,,,,,,,,,,,,,,,,,,,,,,0.09,,,1.21,,,,,,,,,,,,,,,,,,,,,,,,,,,,,,,,,,,,,,,,,,,,,,,,,2009-01-28,,1.3,,pre-market,,,,,,,,,,,,,7.438,,,,,,,,,,,,
2009-03-31,AMG,,,,,,,,,,,,,,,,,,,,,,,,,,,,,,,,,,,,,,0.02,,,0.92,,,,,,,,,,,,,,,,,,,,,,,,,,,,,,,,,,,,,,,,,,,,,,,,,2009-04-29,,0.94,,pre-market,,,,,,,,,,,,,2.1739,,,,,,,,,,,,
2009-06-30,AMG,,,,,,,,,,,,,,,,,,,,,,,,,,,,,,,,,,,,,,0.04,,,0.96,,,,,,,,,,,,,,,,,,,,,,,,,,,,,,,,,,,,,,,,,,,,,,,,,2009-07-29,,1.0,,pre-market,,,,,,,,,,,,,4.1667,,,,,,,,,,,,
2009-09-30,AMG,,,,,,,,,,,,,,,,,,,,,,,,,,,,,,,,,,,,,,0.01,,,1.04,,,,,,,,,,,,,,,,,,,,,,,,,,,,,,,,,,,,,,,,,,,,,,,,,2009-10-28,,1.05,,pre-market,,,,,,,,,,,,,0.9615,,,,,,,,,,,,
2009-12-31,AMG,,,,,,,,,,,,,,,,,,,,,,,,,,,,,,,,,,,,,,0.05,,,1.31,,,,,,,,,,,,,,,,,,,,,,,,,,,,,,,,,,,,,,,,,,,,,,,,,2010-02-01,,1.36,,pre-market,,,,,,,,,,,,,3.8168,,,,,,,,,,,,
2010-03-31,AMG,,,,,,,,,,,,,,,,,,,,,,,,,,,,,,,,,,,,,,0.0,,,1.14,,,,,,,,,,,,,,,,,,,,,,,,,,,,,,,,,,,,,,,,,,,,,,,,,2010-04-27,,1.14,,pre-market,,,,,,,,,,,,,0.0,,,,,,,,,,,,
2010-06-30,AMG,,,,,,,,,,,,,,,,,,,,,,,,,,,,,,,,,,,,,,0.1,,,1.25,,,,,,,,,,,,,,,,,,,,,,,,,,,,,,,,,,,,,,,,,,,,,,,,,2010-07-27,,1.35,,pre-market,,,,,,,,,,,,,8.0,,,,,,,,,,,,
2010-09-30,AMG,,,,,,,,,,,,,,,,,,,,,,,,,,,,,,,,,,,,,,0.0,,,1.5,,,,,,,,,,,,,,,,,,,,,,,,,,,,,,,,,,,,,,,,,,,,,,,,,2010-10-26,,1.5,,pre-market,,,,,,,,,,,,,0.0,,,,,,,,,,,,
2010-12-31,AMG,,,,,,,,,,,,,,,,,,,,,,,,,,,,,,,,,,,,,,0.09,,,1.93,,,,,,,,,,,,,,,,,,,,,,,,,,,,,,,,,,,,,,,,,,,,,,,,,2011-02-01,,2.02,,pre-market,,,,,,,,,,,,,4.6632,,,,,,,,,,,,
2011-03-31,AMG,,,,,,,,,,,,,,,,,,,,,,,,,,,,,,,,,,,,,,0.01,,,1.59,,,,,,,,,,,,,,,,,,,,,,,,,,,,,,,,,,,,,,,,,,,,,,,,,2011-04-26,,1.6,,pre-market,,,,,,,,,,,,,0.6289,,,,,,,,,,,,
2011-06-30,AMG,,,,,,,,,,,,,,,,,,,,,,,,,,,,,,,,,,,,,,0.07,,,1.64,,,,,,,,,,,,,,,,,,,,,,,,,,,,,,,,,,,,,,,,,,,,,,,,,2011-07-26,,1.71,,pre-market,,,,,,,,,,,,,4.2683,,,,,,,,,,,,
2011-09-30,AMG,,,,,,,,,,,,,,,,,,,,,,,,,,,,,,,,,,,,,,0.03,,,1.52,,,,,,,,,,,,,,,,,,,,,,,,,,,,,,,,,,,,,,,,,,,,,,,,,2011-10-25,,1.55,,pre-market,,,,,,,,,,,,,1.9737,,,,,,,,,,,,
2011-12-31,AMG,,,,,,,,,,,,,,,,,,,,,,,,,,,,,,,,,,,,,,0.03,,,1.73,,,,,,,,,,,,,,,,,,,,,,,,,,,,,,,,,,,,,,,,,,,,,,,,,2012-01-31,,1.76,,pre-market,,,,,,,,,,,,,1.7341,,,,,,,,,,,,
2012-03-31,AMG,,,,,,,,,,,,,,,,,,,,,,,,,,,,,,,,,,,,,,0.02,,,1.56,,,,,,,,,,,,,,,,,,,,,,,,,,,,,,,,,,,,,,,,,,,,,,,,,2012-05-01,,1.58,,pre-market,,,,,,,,,,,,,1.2821,,,,,,,,,,,,
2012-06-30,AMG,,,,,,,,,,,,,,,,,,,,,,,,,,,,,,,,,,,,,,0.02,,,1.64,,,,,,,,,,,,,,,,,,,,,,,,,,,,,,,,,,,,,,,,,,,,,,,,,2012-07-31,,1.66,,pre-market,,,,,,,,,,,,,1.2195,,,,,,,,,,,,
2012-09-30,AMG,,,,,,,,,,,,,,,,,,,,,,,,,,,,,,,,,,,,,,0.03,,,1.88,,,,,,,,,,,,,,,,,,,,,,,,,,,,,,,,,,,,,,,,,,,,,,,,,2012-10-31,,1.91,,pre-market,,,,,,,,,,,,,1.5957,,,,,,,,,,,,
2012-12-31,AMG,,,,,,,,,,,,,,,,,,,,,,,,,,,,,,,,,,,,,,0.12,,,2.43,,,,,,,,,,,,,,,,,,,,,,,,,,,,,,,,,,,,,,,,,,,,,,,,,2013-01-29,,2.55,,pre-market,,,,,,,,,,,,,4.9383,,,,,,,,,,,,
2013-03-31,AMG,,,,,,,,,,,,,,,,,,,,,,,,,,,,,,,,,,,,,,0.24,,,2.03,,,,,,,,,,,,,,,,,,,,,,,,,,,,,,,,,,,,,,,,,,,,,,,,,2013-04-30,,2.27,,pre-market,,,,,,,,,,,,,11.8227,,,,,,,,,,,,
2013-06-30,AMG,,,,,,,,,,,,,,,,,,,,,,,,,,,,,,,,,,,,,,0.08,,,2.1,,,,,,,,,,,,,,,,,,,,,,,,,,,,,,,,,,,,,,,,,,,,,,,,,2013-07-30,,2.18,,pre-market,,,,,,,,,,,,,3.8095,,,,,,,,,,,,
2013-09-30,AMG,,,,,,,,,,,,,,,,,,,,,,,,,,,,,,,,,,,,,,0.04,,,2.15,,,,,,,,,,,,,,,,,,,,,,,,,,,,,,,,,,,,,,,,,,,,,,,,,2013-11-05,,2.19,,pre-market,,,,,,,,,,,,,1.8605,,,,,,,,,,,,
2013-12-31,AMG,,,,,,,,,,,,,,,,,,,,,,,,,,,,,,,,,,,,,,0.57,,,3.09,,,,,,,,,,,,,,,,,,,,,,,,,,,,,,,,,,,,,,,,,,,,,,,,,2014-02-04,,3.66,,pre-market,,,,,,,,,,,,,18.4466,,,,,,,,,,,,
2014-03-31,AMG,,,,,,,,,,,,,,,,,,,,,,,,,,,,,,,,,,,,,,0.1,,,2.38,,,,,,,,,,,,,,,,,,,,,,,,,,,,,,,,,,,,,,,,,,,,,,,,,2014-04-29,,2.48,,pre-market,,,,,,,,,,,,,4.2017,,,,,,,,,,,,
2014-06-30,AMG,,,,,,,,,,,,,,,,,,,,,,,,,,,,,,,,,,,,,,0.05,,,2.6,,,,,,,,,,,,,,,,,,,,,,,,,,,,,,,,,,,,,,,,,,,,,,,,,2014-07-29,,2.65,,pre-market,,,,,,,,,,,,,1.9231,,,,,,,,,,,,
2014-09-30,AMG,,,,,,,,,,,,,,,,,,,,,,,,,,,,,,,,,,,,,,0.05,,,2.71,,,,,,,,,,,,,,,,,,,,,,,,,,,,,,,,,,,,,,,,,,,,,,,,,2014-11-03,,2.76,,pre-market,,,,,,,,,,,,,1.845,,,,,,,,,,,,
2014-12-31,AMG,,,,,,,,,,,,,,,,,,,,,,,,,,,,,,,,,,,,,,0.1,,,3.45,,,,,,,,,,,,,,,,,,,,,,,,,,,,,,,,,,,,,,,,,,,,,,,,,2015-01-27,,3.55,,pre-market,,,,,,,,,,,,,2.8986,,,,,,,,,,,,
2015-03-31,AMG,,,,,,,,,,,,,,,,,,,,,,,,,,,,,,,,,,,,,,0.01,,,2.9,,,,,,,,,,,,,,,,,,,,,,,,,,,,,,,,,,,,,,,,,,,,,,,,,2015-04-28,,2.91,,pre-market,,,,,,,,,,,,,0.3448,,,,,,,,,,,,
2015-06-30,AMG,,,,,,,,,,,,,,,,,,,,,,,,,,,,,,,,,,,,,,0.06,,,3.02,,,,,,,,,,,,,,,,,,,,,,,,,,,,,,,,,,,,,,,,,,,,,,,,,2015-07-28,,3.08,,pre-market,,,,,,,,,,,,,1.9868,,,,,,,,,,,,
2015-09-30,AMG,,,,,,,,,,,,,,,,,,,,,,,,,,,,,,,,,,,,,,0.06,,,2.87,,,,,,,,,,,,,,,,,,,,,,,,,,,,,,,,,,,,,,,,,,,,,,,,,2015-11-09,,2.93,,pre-market,,,,,,,,,,,,,2.0906,,,,,,,,,,,,
2015-12-31,AMG,,,,,,,,,,,,,,,,,,,,,,,,,,,,,,,,,,,,,,0.01,,,3.6,,,,,,,,,,,,,,,,,,,,,,,,,,,,,,,,,,,,,,,,,,,,,,,,,2016-02-02,,3.61,,pre-market,,,,,,,,,,,,,0.2778,,,,,,,,,,,,
2016-03-31,AMG,,,,,,,,,,,,,,,,,,,,,,,,,,,,,,,,,,,,,,0.02,,,2.92,,,,,,,,,,,,,,,,,,,,,,,,,,,,,,,,,,,,,,,,,,,,,,,,,2016-05-03,,2.94,,pre-market,,,,,,,,,,,,,0.6849,,,,,,,,,,,,
2016-06-30,AMG,,,,,,,,,,,,,,,,,,,,,,,,,,,,,,,,,,,,,,0.05,,,3.01,,,,,,,,,,,,,,,,,,,,,,,,,,,,,,,,,,,,,,,,,,,,,,,,,2016-08-01,,3.06,,pre-market,,,,,,,,,,,,,1.6611,,,,,,,,,,,,
2016-09-30,AMG,,,,,,,,,,,,,,,,,,,,,,,,,,,,,,,,,,,,,,0.02,,,3.0,,,,,,,,,,,,,,,,,,,,,,,,,,,,,,,,,,,,,,,,,,,,,,,,,2016-10-31,,3.02,,pre-market,,,,,,,,,,,,,0.6667,,,,,,,,,,,,
2016-12-31,AMG,,,,,,,,,,,,,,,,,,,,,,,,,,,,,,,,,,,,,,0.09,,,3.71,,,,,,,,,,,,,,,,,,,,,,,,,,,,,,,,,,,,,,,,,,,,,,,,,2017-01-30,,3.8,,pre-market,,,,,,,,,,,,,2.4259,,,,,,,,,,,,
2017-03-31,AMG,,,,,,,,,,,,,,,,,,,,,,,,,,,,,,,,,,,,,,0.03,,,3.18,,,,,,,,,,,,,,,,,,,,,,,,,,,,,,,,,,,,,,,,,,,,,,,,,2017-05-01,,3.21,,pre-market,,,,,,,,,,,,,0.9434,,,,,,,,,,,,
2017-06-30,AMG,,,,,,,,,,,,,,,,,,,,,,,,,,,,,,,,,,,,,,0.09,,,3.24,,,,,,,,,,,,,,,,,,,,,,,,,,,,,,,,,,,,,,,,,,,,,,,,,2017-07-31,,3.33,,pre-market,,,,,,,,,,,,,2.7778,,,,,,,,,,,,
2017-09-30,AMG,,,,,,,,,,,,,,,,,,,,,,,,,,,,,,,,,,,,,,0.05,,,3.36,,,,,,,,,,,,,,,,,,,,,,,,,,,,,,,,,,,,,,,,,,,,,,,,,2017-10-30,,3.41,,pre-market,,,,,,,,,,,,,1.4881,,,,,,,,,,,,
2017-12-31,AMG,,,,,,,,,,,,,,,,,,,,,,,,,,,,,,,,,,,,,,0.15,,,4.53,,,,,,,,,,,,,,,,,,,,,,,,,,,,,,,,,,,,,,,,,,,,,,,,,2018-01-29,,4.68,,pre-market,,,,,,,,,,,,,3.3113,,,,,,,,,,,,
2018-03-31,AMG,,,,,,,,,,,,,,,,,,,,,,,,,,,,,,,,,,,,,,0.03,,,3.89,,,,,,,,,,,,,,,,,,,,,,,,,,,,,,,,,,,,,,,,,,,,,,,,,2018-04-30,,3.92,,pre-market,,,,,,,,,,,,,0.7712,,,,,,,,,,,,
2018-06-30,AMG,,,,,,,,,,,,,,,,,,,,,,,,,,,,,,,,,,,,,,0.02,,,3.59,,,,,,,,,,,,,,,,,,,,,,,,,,,,,,,,,,,,,,,,,,,,,,,,,2018-07-30,,3.61,,pre-market,,,,,,,,,,,,,0.5571,,,,,,,,,,,,
2018-09-30,AMG,,,,,,,,,,,,,,,,,,,,,,,,,,,,,,,,,,,,,,0.03,,,3.42,,,,,,,,,,,,,,,,,,,,,,,,,,,,,,,,,,,,,,,,,,,,,,,,,2018-10-29,,3.45,,pre-market,,,,,,,,,,,,,0.8772,,,,,,,,,,,,
2018-12-31,AMG,,,,,,,,,,,,,,,,,,,,,,,,,,,,,,,,,,,,,,0.02,,,3.51,,,,,,,,,,,,,,,,,,,,,,,,,,,,,,,,,,,,,,,,,,,,,,,,,2019-02-04,,3.53,,pre-market,,,,,,,,,,,,,0.5698,,,,,,,,,,,,
2019-03-31,AMG,,,,,,,,,,,,,,,,,,,,,,,,,,,,,,,,,,,,,,0.0,,,3.26,,,,,,,,,,,,,,,,,,,,,,,,,,,,,,,,,,,,,,,,,,,,,,,,,2019-05-06,,3.26,,pre-market,,,,,,,,,,,,,0.0,,,,,,,,,,,,
2019-06-30,AMG,,,,,,,,,,,,,,,,,,,,,,,,,,,,,,,,,,,,,,0.14,,,3.19,,,,,,,,,,,,,,,,,,,,,,,,,,,,,,,,,,,,,,,,,,,,,,,,,2019-07-29,,3.33,,pre-market,,,,,,,,,,,,,4.3887,,,,,,,,,,,,
2019-09-30,AMG,,,,,,,,,,,,,,,,,,,,,,,,,,,,,,,,,,,,,,0.02,,,3.14,,,,,,,,,,,,,,,,,,,,,,,,,,,,,,,,,,,,,,,,,,,,,,,,,2019-10-28,,3.16,,pre-market,,,,,,,,,,,,,0.6369,,,,,,,,,,,,
2019-12-31,AMG,,,,,,,,,,,,,,,,,,,,,,,,,,,,,,,,,,,,,,0.43,,,4.09,,,,,,,,,,,,,,,,,,,,,,,,,,,,,,,,,,,,,,,,,,,,,,,,,2020-02-03,,4.52,,pre-market,,,,,,,,,,,,,10.5134,,,,,,,,,,,,
2020-03-31,AMG,,,,,,,,,,,,,,,,,,,,,,,,,,,,,,,,,,,,,,0.08,,,3.08,,,,,,,,,,,,,,,,,,,,,,,,,,,,,,,,,,,,,,,,,,,,,,,,,2020-04-27,,3.16,,pre-market,,,,,,,,,,,,,2.5974,,,,,,,,,,,,
2020-06-30,AMG,,,,,,,,,,,,,,,,,,,,,,,,,,,,,,,,,,,,,,0.03,,,2.71,,,,,,,,,,,,,,,,,,,,,,,,,,,,,,,,,,,,,,,,,,,,,,,,,2020-07-27,,2.74,,pre-market,,,,,,,,,,,,,1.107,,,,,,,,,,,,
2020-09-30,AMG,,,,,,,,,,,,,,,,,,,,,,,,,,,,,,,,,,,,,,0.43,,,2.84,,,,,,,,,,,,,,,,,,,,,,,,,,,,,,,,,,,,,,,,,,,,,,,,,2020-10-26,,3.27,,pre-market,,,,,,,,,,,,,15.1408,,,,,,,,,,,,
2020-12-31,AMG,,,,,,,,,,,,,,,,,,,,,,,,,,,,,,,,,,,,,,0.51,,,3.71,,,,,,,,,,,,,,,,,,,,,,,,,,,,,,,,,,,,,,,,,,,,,,,,,2021-02-08,,4.22,,pre-market,,,,,,,,,,,,,13.7466,,,,,,,,,,,,
2021-03-31,AMG,,,,,,,,,,,,,,,,,,,,,,,,,,,,,,,,,,,,,,0.04,,,4.24,,,,,,,,,,,,,,,,,,,,,,,,,,,,,,,,,,,,,,,,,,,,,,,,,2021-05-03,,4.28,,pre-market,,,,,,,,,,,,,0.9434,,,,,,,,,,,,
2021-06-30,AMG,,,,,,,,,,,,,,,,,,,,,,,,,,,,,,,,,,,,,,0.18,,,3.85,,,,,,,,,,,,,,,,,,,,,,,,,,,,,,,,,,,,,,,,,,,,,,,,,2021-07-28,,4.03,,pre-market,,,,,,,,,,,,,4.6753,,,,,,,,,,,,
2021-09-30,AMG,,,,,,,,,,,,,,,,,,,,,,,,,,,,,,,,,,,,,,0.09,,,3.91,,,,,,,,,,,,,,,,,,,,,,,,,,,,,,,,,,,,,,,,,,,,,,,,,2021-11-01,,4.0,,pre-market,,,,,,,,,,,,,2.3018,,,,,,,,,,,,
2021-12-31,AMG,,,,,,,,,,,,,,,,,,,,,,,,,,,,,,,,,,,,,,0.29,,,5.81,,,,,,,,,,,,,,,,,,,,,,,,,,,,,,,,,,,,,,,,,,,,,,,,,2022-02-07,,6.1,,pre-market,,,,,,,,,,,,,4.9914,,,,,,,,,,,,
2022-03-31,AMG,,,,,,,,,,,,,,,,,,,,,,,,,,,,,,,,,,,,,,0.31,,,4.34,,,,,,,,,,,,,,,,,,,,,,,,,,,,,,,,,,,,,,,,,,,,,,,,,2022-05-02,,4.65,,pre-market,,,,,,,,,,,,,7.1429,,,,,,,,,,,,
2022-06-30,AMG,,,,,,,,,,,,,,,,,,,,,,,,,,,,,,,,,,,,,,0.08,,,3.95,,,,,,,,,,,,,,,,,,,,,,,,,,,,,,,,,,,,,,,,,,,,,,,,,2022-08-01,,4.03,,pre-market,,,,,,,,,,,,,2.0253,,,,,,,,,,,,
2022-09-30,AMG,,,,,,,,,,,,,,,,,,,,,,,,,,,,,,,,,,,,,,0.28,,,3.93,,,,,,,,,,,,,,,,,,,,,,,,,,,,,,,,,,,,,,,,,,,,,,,,,2022-11-07,,4.21,,pre-market,,,,,,,,,,,,,7.1247,,,,,,,,,,,,
2022-12-31,AMG,,,,,,,,,,,,,,,,,,,,,,,,,,,,,,,,,,,,,,0.22,,,7.06,,,,,,,,,,,,,,,,,,,,,,,,,,,,,,,,,,,,,,,,,,,,,,,,,2023-02-06,,7.28,,pre-market,,,,,,,,,,,,,3.1161,,,,,,,,,,,,
2023-03-31,AMG,,,,,,,,,,,,,,,,,,,,,,,,,,,,,,,,,,,,,,0.02,,,4.16,,,,,,,,,,,,,,,,,,,,,,,,,,,,,,,,,,,,,,,,,,,,,,,,,2023-05-01,,4.18,,pre-market,,,,,,,,,,,,,0.4808,,,,,,,,,,,,
2023-06-30,AMG,,,,,,,,,,,,,,,,,,,,,,,,,,,,,,,,,,,,,,0.22,,,4.23,,,,,,,,,,,,,,,,,,,,,,,,,,,,,,,,,,,,,,,,,,,,,,,,,2023-07-26,,4.45,,pre-market,,,,,,,,,,,,,5.2009,,,,,,,,,,,,
2023-09-30,AMG,,,,,,,,,,,,,,,,,,,,,,,,,,,,,,,,,,,,,,0.33,,,3.75,,,,,,,,,,,,,,,,,,,,,,,,,,,,,,,,,,,,,,,,,,,,,,,,,2023-11-06,,4.08,,pre-market,,,,,,,,,,,,,8.8,,,,,,,,,,,,
2023-12-31,AMG,,,,,,,,,,,,,,,,,,,,,,,,,,,,,,,,,,,,,,0.84,,,6.02,,,,,,,,,,,,,,,,,,,,,,,,,,,,,,,,,,,,,,,,,,,,,,,,,2024-02-05,,6.86,,pre-market,,,,,,,,,,,,,13.9535,,,,,,,,,,,,
2024-03-31,AMG,,,,,,,,,,,,,,,,,,,,,,,,,,,,,,,,,,,,,,0.14,,,5.23,,,,,,,,,,,,,,,,,,,,,,,,,,,,,,,,,,,,,,,,,,,,,,,,,2024-05-06,,5.37,,pre-market,,,,,,,,,,,,,2.6769,,,,,,,,,,,,
2024-06-30,AMG,,,,,,,,,,,,,,,,,,,,,,,,,,,,,,,,,,,,,,0.06,,,4.61,,,,,,,,,,,,,,,,,,,,,,,,,,,,,,,,,,,,,,,,,,,,,,,,,2024-07-29,,4.67,,pre-market,,,,,,,,,,,,,1.3015,,,,,,,,,,,,
2024-09-30,AMG,,,,,,,,,,,,,,,,,,,,,,,,,,,,,,,,,,,,,,-0.02,,,4.84,,,,,,,,,,,,,,,,,,,,,,,,,,,,,,,,,,,,,,,,,,,,,,,,,2024-11-04,,4.82,,pre-market,,,,,,,,,,,,,-0.4132,,,,,,,,,,,,
2024-12-31,AMG,,,,,,,,,,,,,,,,,,,,,,,,,,,,,,,,,,,,,,0.79,,,4.13,,,,,,,,,,,,,,,,,,,,,,,,,,,,,,,,,,,,,,,,,,,,,,,,,2025-02-06,,4.92,,pre-market,,,,,,,,,,,,,19.1283,,,,,,,,,,,,
2025-03-31,AMG,,,,,,,,,,,,,,,,,,,,,,,,,,,,,,,,,,,,,,0.11,,,5.09,,,,,,,,,,,,,,,,,,,,,,,,,,,,,,,,,,,,,,,,,,,,,,,,,2025-05-08,,5.2,,pre-market,,,,,,,,,,,,,2.1611,,,,,,,,,,,,
2025-06-30,AMG,,,,,,,,,,,,,,,,,,,,,,,,,,,,,,,,,,,,,,0.1,,,5.29,,,,,,,,,,,,,,,,,,,,,,,,,,,,,,,,,,,,,,,,,,,,,,,,,2025-07-31,,5.39,,pre-market,,,,,,,,,,,,,1.8904,,,,,,,,,,,,
2025-09-30,AMG,,,,,,,,,,,,,,,,,,,,,,,,,,,,,,,,,,,,,,0.32,,,5.78,,,,,,,,,,,,,,,,,,,,,,,,,,,,,,,,,,,,,,,,,,,,,,,,,2025-11-03,,6.1,,pre-market,,,,,,,,,,,,,5.5363,,,,,,,,,,,,
2025-12-28,AMG,16.7,2042100000.0,17.73,,1.223,118.14,,,,,,,,,,,,,,,,,,,,,,,,,,0.04,0.0001,,,,0.818,0.32,,,5.78,,10.06,,1055700000.0,,,,,,,,,,,,,,,,,,,0.288,,,,,,,,,,,,,0.629,2.491,4.119,,,,,,,,0.26,,,2025-11-03,,6.1,,pre-market,,,0.0356,0.162,0.022,70.24,,,,,212.91,259.77,5.5363,,,,,,,,,17.73,,299.69,139.2
2025-12-28,AMG,16.7,2042100000.0,17.73,,1.223,118.14,,,,,,,,,,,,,,,None,253500000,253500000,,,,,,None,9000000,,0.04,0.0001,,,,0.818,0.32,395700000,404700000,5.78,2025-09-30,10.06,,1055700000.0,274500000,362500000,71600000,,,None,33200000,82900000,,None,,,,,212400000,290900000,-33200000,None,0.288,,109400000,165100000,,,,,None,,,,,0.629,2.491,4.119,,,,,,,,0.26,,,2025-11-03,quarterly,6.1,USD,pre-market,None,,0.0356,0.162,0.022,70.24,100500000,,,,212.91,259.77,5.5363,,,,,,,528000000,,17.73,,299.69,139.2
2025-12-28,AMG,16.7,2042100000.0,17.73,,1.223,118.14,,,,,,,,,,,,,,,None,263700000,263700000,,,,,,None,8800000,,0.04,0.0001,,,,0.818,0.32,206100000,214900000,5.78,2025-06-30,10.06,,1055700000.0,229500000,171600000,35700000,,,None,34500000,56600000,,None,,,,,84300000,135900000,-34500000,None,0.288,,104500000,125000000,,,,,None,,,,,0.629,2.491,4.119,,,,,,,,0.26,,,2025-11-03,quarterly,6.1,USD,pre-market,None,,0.0356,0.162,0.022,70.24,359400000,,,,212.91,259.77,5.5363,,,,,,,493200000,,17.73,,299.69,139.2
2025-12-28,AMG,16.7,2042100000.0,17.73,,1.223,118.14,,,,,,,,,,,,,,,None,230300000,230300000,,,,,,None,86100000,,0.04,0.0001,,,,0.818,0.32,160700000,246800000,5.78,2025-03-31,10.06,,1055700000.0,266300000,126600000,27400000,,,None,34100000,52800000,,None,,,,,72400000,99200000,-34100000,None,0.288,,180800000,85500000,,,,,None,,,,,0.629,2.491,4.119,,,,,,,,0.26,,,2025-11-03,quarterly,6.1,USD,pre-market,None,,0.0356,0.162,0.022,70.24,94700000,,,,212.91,259.77,5.5363,,,,,,,496600000,,17.73,,299.69,139.2
2025-12-28,AMG,16.7,2042100000.0,17.73,,1.223,118.14,,,,,,,,,,,,,,,None,238800000,238800000,,,,,,None,11200000,,0.04,0.0001,,,,0.818,0.32,308900000,320100000,5.78,2024-12-31,10.06,,1055700000.0,285500000,273700000,52600000,,,None,35200000,106600000,,None,,,,,162100000,221100000,-35200000,None,0.288,,109600000,175900000,,,,,None,,,,,0.629,2.491,4.119,,,,,,,,0.26,,,2025-11-03,quarterly,6.1,USD,pre-market,None,,0.0356,0.162,0.022,70.24,98400000,,,,212.91,259.77,5.5363,,,,,,,524300000,,17.73,,299.69,139.2
2025-12-28,AMG,16.7,2042100000.0,17.73,,1.223,118.14,,,,,,,,,,,,,,,None,220800000,220800000,,,,,,None,10600000,,0.04,0.0001,,,,0.818,0.32,251800000,262400000,5.78,2024-09-30,10.06,,1055700000.0,295600000,217100000,31300000,,,None,34700000,40700000,,None,,,,,123600000,185800000,-34700000,None,0.288,,107600000,188000000,,,,,None,,,,,0.629,2.491,4.119,,,,,,,,0.26,,,2025-11-03,quarterly,6.1,USD,pre-market,None,,0.0356,0.162,0.022,70.24,97000000,,,,212.91,259.77,5.5363,,,,,,,516400000,,17.73,,299.69,139.2
2025-12-28,AMG,16.7,2042100000.0,17.73,,1.223,118.14,,,,,,,,,,,,,,,None,215300000,215300000,,,,,,None,10400000,,0.04,0.0001,,,,0.818,0.32,211800000,222200000,5.78,2024-06-30,10.06,,1055700000.0,285000000,178300000,43300000,,,None,33500000,None,,None,,,,,76000000,135000000,-33500000,None,0.288,,99800000,185200000,,,,,None,,,,,0.629,2.491,4.119,,,,,,,,0.26,,,2025-11-03,quarterly,6.1,USD,pre-market,None,,0.0356,0.162,0.022,70.24,89400000,,,,212.91,259.77,5.5363,,,,,,,500300000,,17.73,,299.69,139.2
2025-12-28,AMG,16.7,2042100000.0,17.73,,1.223,118.14,,,,,,,,,,,,,,,None,240400000,240400000,,,,,,None,10300000,,0.04,0.0001,,,,0.818,0.32,284000000,294300000,5.78,2024-03-31,10.06,,1055700000.0,259500000,254100000,55400000,,,None,29900000,None,,None,,,,,149800000,198700000,-29900000,None,0.288,,102000000,157500000,,,,,None,,,,,0.629,2.491,4.119,,,,,,,,0.26,,,2025-11-03,quarterly,6.1,USD,pre-market,None,,0.0356,0.162,0.022,70.24,91700000,,,,212.91,259.77,5.5363,,,,,,,499900000,,17.73,,299.69,139.2
2025-12-28,AMG,16.7,2042100000.0,17.73,,1.223,118.14,,,,,,,,,,,,,,,None,244500000,244500000,,,,,,None,13800000,,0.04,0.0001,,,,0.818,0.32,305500000,319300000,5.78,2023-12-31,10.06,,1055700000.0,258100000,274100000,29900000,,,None,31400000,None,,None,,,,,196100000,244200000,-31400000,None,0.288,,98600000,159500000,,,,,None,,,,,0.629,2.491,4.119,,,,,,,,0.26,,,2025-11-03,quarterly,6.1,USD,pre-market,None,,0.0356,0.162,0.022,70.24,84800000,,,,212.91,259.77,5.5363,,,,,,,502600000,,17.73,,299.69,139.2
2025-12-28,AMG,16.7,2042100000.0,17.73,,1.223,118.14,,,,,,,,,,,,,,,None,211800000,211800000,,,,,,None,15500000,,0.04,0.0001,,,,0.818,0.32,394800000,410300000,5.78,2023-09-30,10.06,,1055700000.0,313400000,363700000,77700000,,,None,31100000,31700000,,None,,,,,217000000,286000000,-31100000,None,0.288,,106600000,206800000,,,,,None,,,,,0.629,2.491,4.119,,,,,,,,0.26,,,2025-11-03,quarterly,6.1,USD,pre-market,None,,0.0356,0.162,0.022,70.24,302900000,,,,212.91,259.77,5.5363,,,,,,,525200000,,17.73,,299.69,139.2
2025-12-28,AMG,16.7,2042100000.0,17.73,,1.223,118.14,,,,,,,,,,,,,,,None,228900000,228900000,,,,,,None,15800000,,0.04,0.0001,,,,0.818,0.32,251100000,266900000,5.78,2023-06-30,10.06,,1055700000.0,283600000,220200000,32800000,,,None,30900000,51400000,,None,,,,,125300000,187400000,-30900000,None,0.288,,101000000,182600000,,,,,55800000,,,,,0.629,2.491,4.119,,,,,,,,0.26,,,2025-11-03,quarterly,6.1,USD,pre-market,None,,0.0356,0.162,0.022,70.24,314100000,,,,212.91,259.77,5.5363,,,,,,,512500000,,17.73,,299.69,139.2
2025-12-28,AMG,16.7,2042100000.0,17.73,,1.223,118.14,,,,,,,,,,,,,,,None,222300000,222300000,,,,,,None,16200000,,0.04,0.0001,,,,0.818,0.32,264000000,280200000,5.78,2023-03-31,10.06,,1055700000.0,295100000,233500000,45000000,,,None,30500000,66100000,,None,,,,,134500000,188500000,-30500000,None,0.288,,113300000,181800000,,,,,58600000,,,,,0.629,2.491,4.119,,,,,,,,0.26,,,2025-11-03,quarterly,6.1,USD,pre-market,None,,0.0356,0.162,0.022,70.24,97100000,,,,212.91,259.77,5.5363,,,,,,,517400000,,17.73,,299.69,139.2
2025-12-28,AMG,16.7,2042100000.0,17.73,,1.223,118.14,,,,,,,,,,,,,,,None,274500000,274500000,,,,,,None,16100000,,0.04,0.0001,,,,0.818,0.32,1088600000,1104700000,5.78,2022-12-31,10.06,,1055700000.0,265200000,1058900000,227800000,,,None,29700000,300100000,,None,,,,,777900000,831100000,-29700000,None,0.288,,125900000,139300000,,,,,856100000,,,,,0.629,2.491,4.119,,,,,,,,0.26,,,2025-11-03,quarterly,6.1,USD,pre-market,None,,0.0356,0.162,0.022,70.24,384300000,,,,212.91,259.77,5.5363,,,,,,,539700000,,17.73,,299.69,139.2
2025-12-28,AMG,16.7,2042100000.0,17.73,,1.223,118.14,,,,,,,,,,,,,,,None,273800000,273800000,,,,,,None,18200000,,0.04,0.0001,,,,0.818,0.32,229400000,247600000,5.78,2022-09-30,10.06,,1055700000.0,304800000,201100000,36800000,,,None,28300000,19600000,,None,,,,,112600000,164300000,-28300000,None,0.288,,111400000,193400000,,,,,44800000,,,,,0.629,2.491,4.119,,,,,,,,0.26,,,2025-11-03,quarterly,6.1,USD,pre-market,None,,0.0356,0.162,0.022,70.24,378900000,,,,212.91,259.77,5.5363,,,,,,,578600000,,17.73,,299.69,139.2
2025-12-28,AMG,16.7,2042100000.0,17.73,,1.223,118.14,,,,,,,,,,,,,,,None,268200000,268200000,,,,,,None,17200000,,0.04,0.0001,,,,0.818,0.32,239300000,256500000,5.78,2022-06-30,10.06,,1055700000.0,335900000,212000000,38000000,,,None,27300000,18800000,,None,,,,,109400000,184200000,-26800000,None,0.288,,110300000,225600000,,,,,30500000,,,,,0.629,2.491,4.119,,,,,,,,0.26,,,2025-11-03,quarterly,6.1,USD,pre-market,None,,0.0356,0.162,0.022,70.24,88600000,,,,212.91,259.77,5.5363,,,,,,,604100000,,17.73,,299.69,139.2
2025-12-28,AMG,16.7,2042100000.0,17.73,,1.223,118.14,,,,,,,,,,,,,,,None,222300000,222300000,,,,,,None,16200000,,0.04,0.0001,,,,0.818,0.32,264000000,280200000,5.78,2022-03-31,10.06,,1055700000.0,295100000,233500000,45000000,,,None,30500000,33100000,,None,,,,,134500000,218700000,-29100000,None,0.288,,113300000,181800000,,,,,48600000,,,,,0.629,2.491,4.119,,,,,,,,0.26,,,2025-11-03,quarterly,6.1,USD,pre-market,None,,0.0356,0.162,0.022,70.24,89400000,,,,212.91,259.77,5.5363,,,,,,,517400000,,17.73,,299.69,139.2
2025-12-28,AMG,16.7,2042100000.0,17.73,,1.223,118.14,,,,,,,,,,,,,,,None,294900000,294900000,,,,,,None,14500000,,0.04,0.0001,,,,0.818,0.32,396600000,411100000,5.78,2021-12-31,10.06,,1055700000.0,396900000,368000000,84600000,,,None,28600000,115300000,,None,,,,,178400000,283400000,-28600000,None,0.288,,111300000,285600000,,,,,117300000,,,,,0.629,2.491,4.119,,,,,,,,0.26,,,2025-11-03,quarterly,6.1,USD,pre-market,None,,0.0356,0.162,0.022,70.24,391800000,,,,212.91,259.77,5.5363,,,,,,,691800000,,17.73,,299.69,139.2
2025-12-28,AMG,16.7,2042100000.0,17.73,,1.223,118.14,,,,,,,,,,,,,,,None,256400000,256400000,,,,,,None,13000000,,0.04,0.0001,,,,0.818,0.32,281800000,294800000,5.78,2021-09-30,10.06,,1055700000.0,318800000,253300000,44900000,,,None,28500000,44900000,,None,,,,,128400000,208400000,-28500000,None,0.288,,95800000,223000000,,,,,35900000,,,,,0.629,2.491,4.119,,,,,,,,0.26,,,2025-11-03,quarterly,6.1,USD,pre-market,None,,0.0356,0.162,0.022,70.24,74100000,,,,212.91,259.77,5.5363,,,,,,,575200000,,17.73,,299.69,139.2
2025-12-28,AMG,16.7,2042100000.0,17.73,,1.223,118.14,,,,,,,,,,,,,,,None,248900000,248900000,,,,,,None,13000000,,0.04,0.0001,,,,0.818,0.32,281900000,294900000,5.78,2021-06-30,10.06,,1055700000.0,337400000,255100000,70900000,,,None,26800000,31900000,,None,,,,,109000000,184200000,-26800000,None,0.288,,101600000,235800000,,,,,37600000,,,,,0.629,2.491,4.119,,,,,,,,0.26,,,2025-11-03,quarterly,6.1,USD,pre-market,None,,0.0356,0.162,0.022,70.24,88600000,,,,212.91,259.77,5.5363,,,,,,,586300000,,17.73,,299.69,139.2
2025-12-28,AMG,16.7,2042100000.0,17.73,,1.223,118.14,,,,,,,,,,,,,,,None,246900000,246900000,,,,,,None,11800000,,0.04,0.0001,,,,0.818,0.32,292100000,303900000,5.78,2021-03-31,10.06,,1055700000.0,312200000,264600000,50500000,,,None,27500000,56500000,,None,,,,,149900000,214100000,-27500000,None,0.288,,90600000,221600000,,,,,51700000,,,,,0.629,2.491,4.119,,,,,,,,0.26,,,2025-11-03,quarterly,6.1,USD,pre-market,None,,0.0356,0.162,0.022,70.24,78800000,,,,212.91,259.77,5.5363,,,,,,,559100000,,17.73,,299.69,139.2
2025-12-28,AMG,16.7,2042100000.0,17.73,,1.223,118.14,,,,,,,,,,,,,,,None,246800000,246800000,,,,,,None,11500000,,0.04,0.0001,,,,0.818,0.32,260900000,272400000,5.78,2020-12-31,10.06,,1055700000.0,307500000,234200000,38400000,,,None,26700000,39700000,,None,,,,,115900000,195700000,-26700000,None,0.288,,113200000,194300000,,,,,35400000,,,,,0.629,2.491,4.119,,,,,,,,0.26,,,2025-11-03,quarterly,6.1,USD,pre-market,None,,0.0356,0.162,0.022,70.24,238000000,,,,212.91,259.77,5.5363,,,,,,,554300000,,17.73,,299.69,139.2
2025-12-28,AMG,16.7,2042100000.0,17.73,,1.223,118.14,,,,,,,,,,,,,,,None,212500000,212500000,,,,,,None,36500000,,0.04,0.0001,,,,0.818,0.32,189100000,225600000,5.78,2020-09-30,10.06,,1055700000.0,282300000,165300000,37500000,,,None,23800000,5900000,,None,,,,,71300000,127800000,-23800000,None,0.288,,110600000,171700000,,,,,17000000,,,,,0.629,2.491,4.119,,,,,,,,0.26,,,2025-11-03,quarterly,6.1,USD,pre-market,None,,0.0356,0.162,0.022,70.24,74100000,,,,212.91,259.77,5.5363,,,,,,,494800000,,17.73,,299.69,139.2
2025-12-28,AMG,16.7,2042100000.0,17.73,,1.223,118.14,,,,,,,,,,,,,,,None,216500000,216500000,,,,,,None,85900000,,0.04,0.0001,,,,0.818,0.32,89100000,175000000,5.78,2020-06-30,10.06,,1055700000.0,254600000,66800000,3300000,,,None,22300000,17000000,,None,,,,,30700000,63500000,-22300000,None,0.288,,170800000,83800000,,,,,17400000,,,,,0.629,2.491,4.119,,,,,,,,0.26,,,2025-11-03,quarterly,6.1,USD,pre-market,None,,0.0356,0.162,0.022,70.24,73600000,,,,212.91,259.77,5.5363,,,,,,,471100000,,17.73,,299.69,139.2
2025-12-28,AMG,16.7,2042100000.0,17.73,,1.223,118.14,,,,,,,,,,,,,,,None,207800000,207800000,,,,,,None,25700000,,0.04,0.0001,,,,0.818,0.32,61700000,87400000,5.78,2020-03-31,10.06,,1055700000.0,299500000,42200000,2200000,,,None,19500000,130300000,,None,,,,,-15600000,40000000,-19500000,None,0.288,,116000000,183500000,,,,,-113200000,,,,,0.629,2.491,4.119,,,,,,,,0.26,,,2025-11-03,quarterly,6.1,USD,pre-market,None,,0.0356,0.162,0.022,70.24,90300000,,,,212.91,259.77,5.5363,,,,,,,507300000,,17.73,,299.69,139.2
2025-12-28,AMG,16.7,2042100000.0,17.73,,1.223,118.14,,,,,,,,,,,,,,,None,234800000,234800000,,,,,,None,77100000,,0.04,0.0001,,,,0.818,0.32,113100000,190200000,5.78,2019-12-31,10.06,,1055700000.0,320800000,94300000,-1500000,,,None,18800000,35100000,,None,,,,,22500000,95800000,-18800000,None,0.288,,191400000,129400000,,,,,-19600000,,,,,0.629,2.491,4.119,,,,,,,,0.26,,,2025-11-03,quarterly,6.1,USD,pre-market,None,,0.0356,0.162,0.022,70.24,93500000,,,,212.91,259.77,5.5363,,,,,,,555600000,,17.73,,299.69,139.2
2025-12-28,AMG,16.7,2042100000.0,17.73,,1.223,118.14,,,,,,,,,,,,,,,None,222000000,222000000,,,,,,None,27300000,,0.04,0.0001,,,,0.818,0.32,212100000,239400000,5.78,2019-09-30,10.06,,1055700000.0,327000000,192600000,30500000,,,None,19500000,2500000,,None,,,,,86300000,162100000,-19500000,None,0.288,,131900000,195100000,,,,,10300000,,,,,0.629,2.491,4.119,,,,,,,,0.26,,,2025-11-03,quarterly,6.1,USD,pre-market,None,,0.0356,0.162,0.022,70.24,91500000,,,,212.91,259.77,5.5363,,,,,,,549000000,,17.73,,299.69,139.2
2025-12-28,AMG,16.7,2042100000.0,17.73,,1.223,118.14,,,,,,,,,,,,,,,None,258000000,258000000,,,,,,None,26700000,,0.04,0.0001,,,,0.818,0.32,235600000,262300000,5.78,2019-06-30,10.06,,1055700000.0,333900000,215900000,35700000,,,None,19700000,16900000,,None,,,,,107700000,180200000,-19700000,None,0.288,,134900000,199000000,,,,,29400000,,,,,0.629,2.491,4.119,,,,,,,,0.26,,,2025-11-03,quarterly,6.1,USD,pre-market,None,,0.0356,0.162,0.022,70.24,96200000,,,,212.91,259.77,5.5363,,,,,,,591900000,,17.73,,299.69,139.2
2025-12-28,AMG,16.7,2042100000.0,17.73,,1.223,118.14,,,,,,,,,,,,,,,None,228200000,228200000,,,,,,None,34800000,,0.04,0.0001,,,,0.818,0.32,-176600000,-141800000,5.78,2019-03-31,10.06,,1055700000.0,314900000,-194800000,-61800000,,,None,18200000,None,,None,,,,,-200800000,-133000000,-18200000,None,0.288,,141400000,173500000,,,,,-358100000,,,,,0.629,2.491,4.119,,,,,,,,0.26,,,2025-11-03,quarterly,6.1,USD,pre-market,None,,0.0356,0.162,0.022,70.24,95600000,,,,212.91,259.77,5.5363,,,,,,,543100000,,17.73,,299.69,139.2
2025-12-28,AMG,16.7,2042100000.0,17.73,,1.223,118.14,,,,,,,,,,,,,,,None,225900000,225900000,,,,,,None,43800000,,0.04,0.0001,,,,0.818,0.32,-45600000,-1800000,5.78,2018-12-31,10.06,,1055700000.0,338600000,-63600000,35200000,,,None,18000000,None,,None,,,,,-151300000,-98800000,None,None,0.288,,183400000,155200000,,,,,-191500000,,,,,0.629,2.491,4.119,,,,,,,,0.26,,,2025-11-03,quarterly,6.1,USD,pre-market,0,,0.0356,0.162,0.022,70.24,103300000,,,,212.91,259.77,5.5363,,,,,,,564500000,,17.73,,299.69,139.2
2025-12-28,AMG,16.7,2042100000.0,17.73,,1.223,118.14,,,,,,,,,,,,,,,None,253600000,253600000,,,,,,None,35400000,,0.04,0.0001,,,,0.818,0.32,270000000,305400000,5.78,2018-09-30,10.06,,1055700000.0,347700000,250400000,48500000,,,None,19600000,None,,None,,,,,124900000,201900000,None,None,0.288,,148400000,199300000,,,,,59700000,,,,,0.629,2.491,4.119,,,,,,,,0.26,,,2025-11-03,quarterly,6.1,USD,pre-market,0,,0.0356,0.162,0.022,70.24,102800000,,,,212.91,259.77,5.5363,,,,,,,601300000,,17.73,,299.69,139.2
2025-12-28,AMG,16.7,2042100000.0,17.73,,1.223,118.14,,,,,,,,,,,,,,,None,241000000,241000000,,,,,,None,28900000,,0.04,0.0001,,,,0.818,0.32,260700000,289600000,5.78,2018-06-30,10.06,,1055700000.0,359100000,239300000,34100000,,,None,21400000,None,,None,,,,,117000000,205200000,None,None,0.288,,145200000,213900000,,,,,35300000,,,,,0.629,2.491,4.119,,,,,,,,0.26,,,2025-11-03,quarterly,6.1,USD,pre-market,0,,0.0356,0.162,0.022,70.24,105200000,,,,212.91,259.77,5.5363,,,,,,,600100000,,17.73,,299.69,139.2
2025-12-28,AMG,16.7,2042100000.0,17.73,,1.223,118.14,,,,,,,,,,,,,,,None,266700000,266700000,,,,,,None,28700000,,0.04,0.0001,,,,0.818,0.32,309100000,337800000,5.78,2018-03-31,10.06,,1055700000.0,345700000,287500000,63500000,,,None,21600000,None,,None,,,,,153000000,224000000,None,None,0.288,,147100000,198600000,,,,,96300000,,,,,0.629,2.491,4.119,,,,,,,,0.26,,,2025-11-03,quarterly,6.1,USD,pre-market,0,,0.0356,0.162,0.022,70.24,106400000,,,,212.91,259.77,5.5363,,,,,,,612400000,,17.73,,299.69,139.2
2025-12-28,AMG,16.7,2042100000.0,17.73,,1.223,118.14,,,,,,,,,,,,,,,None,256100000,256100000,,,,,,None,26700000,,0.04,0.0001,,,,0.818,0.32,295300000,322000000,5.78,2017-12-31,10.06,,1055700000.0,348000000,264000000,-129800000,,,None,31300000,None,,None,,,,,315300000,393900000,None,None,0.288,,68000000,280000000,,,,,-82400000,,,,,0.629,2.491,4.119,,,,,,,,0.26,,,2025-11-03,quarterly,6.1,USD,pre-market,0,,0.0356,0.162,0.022,70.24,103500000,,,,212.91,259.77,5.5363,,,,,,,604100000,,17.73,,299.69,139.2
2025-12-28,AMG,16.7,2042100000.0,17.73,,1.223,118.14,,,,,,,,,,,,,,,None,238700000,238700000,,,,,,None,26000000,,0.04,0.0001,,,,0.818,0.32,305000000,331000000,5.78,2017-09-30,10.06,,1055700000.0,347000000,282900000,66100000,,,None,22100000,None,,None,,,,,125400000,216800000,None,None,0.288,,57500000,289500000,,,,,14900000,,,,,0.629,2.491,4.119,,,,,,,,0.26,,,2025-11-03,quarterly,6.1,USD,pre-market,0,,0.0356,0.162,0.022,70.24,91900000,,,,212.91,259.77,5.5363,,,,,,,585700000,,17.73,,299.69,139.2
2025-12-28,AMG,16.7,2042100000.0,17.73,,1.223,118.14,,,,,,,,,,,,,,,None,242200000,242200000,,,,,,None,26900000,,0.04,0.0001,,,,0.818,0.32,290000000,316900000,5.78,2017-06-30,10.06,,1055700000.0,328700000,266900000,62500000,,,None,23100000,None,,None,,,,,126300000,204400000,None,None,0.288,,52800000,275900000,,,,,13400000,,,,,0.629,2.491,4.119,,,,,,,,0.26,,,2025-11-03,quarterly,6.1,USD,pre-market,0,,0.0356,0.162,0.022,70.24,89100000,,,,212.91,259.77,5.5363,,,,,,,570900000,,17.73,,299.69,139.2
2025-12-28,AMG,16.7,2042100000.0,17.73,,1.223,118.14,,,,,,,,,,,,,,,None,242000000,242000000,,,,,,None,27100000,,0.04,0.0001,,,,0.818,0.32,275800000,302900000,5.78,2017-03-31,10.06,,1055700000.0,302300000,253300000,59700000,,,None,22500000,None,,None,,,,,122500000,193600000,None,None,0.288,,125700000,176600000,,,,,98600000,,,,,0.629,2.491,4.119,,,,,,,,0.26,,,2025-11-03,quarterly,6.1,USD,pre-market,0,,0.0356,0.162,0.022,70.24,88700000,,,,212.91,259.77,5.5363,,,,,,,544300000,,17.73,,299.69,139.2
2025-12-28,AMG,16.7,2042100000.0,17.73,,1.223,118.14,,,,,,,,,,,,,,,None,229500000,229500000,,,,,,None,32500000,,0.04,0.0001,,,,0.818,0.32,308800000,341300000,5.78,2016-12-31,10.06,,1055700000.0,320900000,281900000,74500000,,,None,26900000,None,,None,,,,,151700000,207400000,None,None,0.288,,147100000,173800000,,,,,131100000,,,,,0.629,2.491,4.119,,,,,,,,0.26,,,2025-11-03,quarterly,6.1,USD,pre-market,0,,0.0356,0.162,0.022,70.24,111400000,,,,212.91,259.77,5.5363,,,,,,,550400000,,17.73,,299.69,139.2
2025-12-28,AMG,16.7,2042100000.0,17.73,,1.223,118.14,,,,,,,,,,,,,,,None,244200000,244200000,,,,,,None,31900000,,0.04,0.0001,,,,0.818,0.32,249500000,281400000,5.78,2016-09-30,10.06,,1055700000.0,300500000,226200000,50300000,,,None,23300000,None,,None,,,,,110200000,174900000,None,None,0.288,,62000000,238500000,,,,,77600000,,,,,0.629,2.491,4.119,,,,,,,,0.26,,,2025-11-03,quarterly,6.1,USD,pre-market,0,,0.0356,0.162,0.022,70.24,94200000,,,,212.91,259.77,5.5363,,,,,,,544700000,,17.73,,299.69,139.2
2025-12-28,AMG,16.7,2042100000.0,17.73,,1.223,118.14,,,,,,,,,,,,,,,None,232100000,232100000,,,,,,None,33700000,,0.04,0.0001,,,,0.818,0.32,258600000,292300000,5.78,2016-06-30,10.06,,1055700000.0,322000000,235900000,52300000,,,None,22700000,None,,None,,,,,108300000,182700000,None,None,0.288,,75000000,247000000,,,,,76000000,,,,,0.629,2.491,4.119,,,,,,,,0.26,,,2025-11-03,quarterly,6.1,USD,pre-market,0,,0.0356,0.162,0.022,70.24,96600000,,,,212.91,259.77,5.5363,,,,,,,554100000,,17.73,,299.69,139.2
2025-12-28,AMG,16.7,2042100000.0,17.73,,1.223,118.14,,,,,,,,,,,,,,,None,226700000,226700000,,,,,,None,31600000,,0.04,0.0001,,,,0.818,0.32,252800000,284400000,5.78,2016-03-31,10.06,,1055700000.0,318700000,230500000,57000000,,,None,22300000,None,,None,,,,,104000000,174000000,None,None,0.288,,139900000,178800000,,,,,74000000,,,,,0.629,2.491,4.119,,,,,,,,0.26,,,2025-11-03,quarterly,6.1,USD,pre-market,0,,0.0356,0.162,0.022,70.24,95900000,,,,212.91,259.77,5.5363,,,,,,,545400000,,17.73,,299.69,139.2
2025-12-28,AMG,16.7,2042100000.0,17.73,,1.223,118.14,,,,,,,,,,,,,,,None,239000000,239000000,,,,,,None,34300000,,0.04,0.0001,,,,0.818,0.32,309900000,344200000,5.78,2015-12-31,10.06,,1055700000.0,350800000,289200000,58400000,,,None,20700000,None,,None,,,,,150300000,827200000,None,None,0.288,,157600000,193200000,,,,,None,,,,,0.629,2.491,4.119,,,,,,,,0.26,,,2025-11-03,quarterly,6.1,USD,pre-market,0,,0.0356,0.162,0.022,70.24,113300000,,,,212.91,259.77,5.5363,,,,,,,589800000,,17.73,,299.69,139.2
2025-12-28,AMG,16.7,2042100000.0,17.73,,1.223,118.14,,,,,,,,,,,,,,,None,243700000,243700000,,,,,,None,35000000,,0.04,0.0001,,,,0.818,0.32,273000000,308000000,5.78,2015-09-30,10.06,,1055700000.0,369400000,249100000,58100000,,,None,23900000,None,,None,,,,,107700000,0,None,None,0.288,,154200000,215200000,,,,,None,,,,,0.629,2.491,4.119,,,,,,,,0.26,,,2025-11-03,quarterly,6.1,USD,pre-market,0,,0.0356,0.162,0.022,70.24,107500000,,,,212.91,259.77,5.5363,,,,,,,613100000,,17.73,,299.69,139.2
2025-12-28,AMG,16.7,2042100000.0,17.73,,1.223,118.14,,,,,,,,,,,,,,,None,292200000,292200000,,,,,,None,32700000,,0.04,0.0001,,,,0.818,0.32,284500000,317200000,5.78,2015-06-30,10.06,,1055700000.0,354400000,262000000,72100000,,,None,22500000,None,,None,,,,,128700000,189900000,None,None,0.288,,159200000,195200000,,,,,89300000,,,,,0.629,2.491,4.119,,,,,,,,0.26,,,2025-11-03,quarterly,6.1,USD,pre-market,0,,0.0356,0.162,0.022,70.24,114300000,,,,212.91,259.77,5.5363,,,,,,,646600000,,17.73,,299.69,139.2
2025-12-28,AMG,16.7,2042100000.0,17.73,,1.223,118.14,,,,,,,,,,,,,,,None,252800000,252800000,,,,,,None,32200000,,0.04,0.0001,,,,0.818,0.32,312500000,344700000,5.78,2015-03-31,10.06,,1055700000.0,382200000,290300000,69600000,,,None,22200000,None,,None,,,,,128000000,220700000,None,None,0.288,,150800000,231400000,,,,,81100000,,,,,0.629,2.491,4.119,,,,,,,,0.26,,,2025-11-03,quarterly,6.1,USD,pre-market,0,,0.0356,0.162,0.022,70.24,108700000,,,,212.91,259.77,5.5363,,,,,,,635000000,,17.73,,299.69,139.2
2025-12-28,AMG,16.7,2042100000.0,17.73,,1.223,118.14,,,,,,,,,,,,,,,None,264000000,264000000,,,,,,None,42600000,,0.04,0.0001,,,,0.818,0.32,331800000,374400000,5.78,2014-12-31,10.06,,1055700000.0,377200000,309400000,53200000,,,None,22400000,None,,None,,,,,170600000,767400000,None,None,0.288,,178600000,198600000,,,,,None,,,,,0.629,2.491,4.119,,,,,,,,0.26,,,2025-11-03,quarterly,6.1,USD,pre-market,0,,0.0356,0.162,0.022,70.24,126000000,,,,212.91,259.77,5.5363,,,,,,,641200000,,17.73,,299.69,139.2
2025-12-28,AMG,16.7,2042100000.0,17.73,,1.223,118.14,,,,,,,,,,,,,,,None,258100000,258100000,,,,,,None,33100000,,0.04,0.0001,,,,0.818,0.32,275300000,308400000,5.78,2014-09-30,10.06,,1055700000.0,382200000,253400000,63500000,,,None,21800000,None,,None,,,,,103200000,191000000,None,None,0.288,,158000000,224200000,,,,,49900000,,,,,0.629,2.491,4.119,,,,,,,,0.26,,,2025-11-03,quarterly,6.1,USD,pre-market,0,,0.0356,0.162,0.022,70.24,114400000,,,,212.91,259.77,5.5363,,,,,,,640300000,,17.73,,299.69,139.2
2025-12-28,AMG,16.7,2042100000.0,17.73,,1.223,118.14,,,,,,,,,,,,,,,None,272600000,272600000,,,,,,None,32200000,,0.04,0.0001,,,,0.818,0.32,261500000,293700000,5.78,2014-06-30,10.06,,1055700000.0,363700000,239100000,61100000,,,None,22400000,None,,None,,,,,99100000,0,None,None,0.288,,165300000,198400000,,,,,None,,,,,0.629,2.491,4.119,,,,,,,,0.26,,,2025-11-03,quarterly,6.1,USD,pre-market,0,,0.0356,0.162,0.022,70.24,122800000,,,,212.91,259.77,5.5363,,,,,,,636300000,,17.73,,299.69,139.2
2025-12-28,AMG,16.7,2042100000.0,17.73,,1.223,118.14,,,,,,,,,,,,,,,None,235700000,235700000,,,,,,None,31200000,,0.04,0.0001,,,,0.818,0.32,248400000,279600000,5.78,2014-03-31,10.06,,1055700000.0,357400000,208300000,48900000,,,None,40100000,None,,None,,,,,77200000,159400000,None,None,0.288,,163400000,194000000,,,,,31900000,,,,,0.629,2.491,4.119,,,,,,,,0.26,,,2025-11-03,quarterly,6.1,USD,pre-market,0,,0.0356,0.162,0.022,70.24,122300000,,,,212.91,259.77,5.5363,,,,,,,593100000,,17.73,,299.69,139.2
2025-12-28,AMG,16.7,2042100000.0,17.73,,1.223,118.14,,,,,,,,,,,,,,,None,267800000,267800000,,,,,,None,33800000,,0.04,0.0001,,,,0.818,0.32,360700000,394500000,5.78,2013-12-31,10.06,,1055700000.0,326200000,336700000,87500000,,,None,24000000,None,,None,,,,,158200000,0,None,None,0.288,,173100000,153100000,,,,,None,,,,,0.629,2.491,4.119,,,,,,,,0.26,,,2025-11-03,quarterly,6.1,USD,pre-market,0,,0.0356,0.162,0.022,70.24,129000000,,,,212.91,259.77,5.5363,,,,,,,594000000,,17.73,,299.69,139.2
2025-12-28,AMG,16.7,2042100000.0,17.73,,1.223,118.14,,,,,,,,,,,,,,,None,229800000,229800000,,,,,,None,36100000,,0.04,0.0001,,,,0.818,0.32,211200000,247300000,5.78,2013-09-30,10.06,,1055700000.0,321800000,187400000,31000000,,,None,23800000,None,,None,,,,,75200000,156400000,None,None,0.288,,152700000,169100000,,,,,38200000,,,,,0.629,2.491,4.119,,,,,,,,0.26,,,2025-11-03,quarterly,6.1,USD,pre-market,0,,0.0356,0.162,0.022,70.24,106400000,,,,212.91,259.77,5.5363,,,,,,,551600000,,17.73,,299.69,139.2
2025-12-28,AMG,16.7,2042100000.0,17.73,,1.223,118.14,,,,,,,,,,,,,,,None,235400000,235400000,,,,,,None,35900000,,0.04,0.0001,,,,0.818,0.32,205100000,241000000,5.78,2013-06-30,10.06,,1055700000.0,305600000,172400000,38200000,,,None,32700000,None,,None,,,,,64700000,0,None,None,0.288,,144200000,161400000,,,,,None,,,,,0.629,2.491,4.119,,,,,,,,0.26,,,2025-11-03,quarterly,6.1,USD,pre-market,0,,0.0356,0.162,0.022,70.24,99500000,,,,212.91,259.77,5.5363,,,,,,,541000000,,17.73,,299.69,139.2
2025-12-28,AMG,16.7,2042100000.0,17.73,,1.223,118.14,,,,,,,,,,,,,,,None,214500000,214500000,,,,,,None,36400000,,0.04,0.0001,,,,0.818,0.32,205600000,242000000,5.78,2013-03-31,10.06,,1055700000.0,287700000,167200000,37500000,,,None,38400000,None,,None,,,,,62400000,0,None,None,0.288,,137200000,150500000,,,,,None,,,,,0.629,2.491,4.119,,,,,,,,0.26,,,2025-11-03,quarterly,6.1,USD,pre-market,0,,0.0356,0.162,0.022,70.24,92300000,,,,212.91,259.77,5.5363,,,,,,,502200000,,17.73,,299.69,139.2
2025-12-28,AMG,16.7,2042100000.0,17.73,,1.223,118.14,,,,,,,,,,,,,,,None,218800000,218800000,,,,,,None,34400000,,0.04,0.0001,,,,0.818,0.32,201400000,235800000,5.78,2012-12-31,10.06,,1055700000.0,272200000,177200000,37800000,,,None,24200000,None,,None,,,,,75100000,0,None,None,0.288,,145300000,126900000,,,,,None,,,,,0.629,2.491,4.119,,,,,,,,0.26,,,2025-11-03,quarterly,6.1,USD,pre-market,0,,0.0356,0.162,0.022,70.24,99200000,,,,212.91,259.77,5.5363,,,,,,,491000000,,17.73,,299.69,139.2
2025-12-28,AMG,16.7,2042100000.0,17.73,,1.223,118.14,,,,,,,,,,,,,,,None,196800000,196800000,,,,,,None,27500000,,0.04,0.0001,,,,0.818,0.32,166000000,193500000,5.78,2012-09-30,10.06,,1055700000.0,270500000,137500000,19400000,,,None,28500000,None,,None,,,,,54900000,0,None,None,0.288,,130800000,139700000,,,,,None,,,,,0.629,2.491,4.119,,,,,,,,0.26,,,2025-11-03,quarterly,6.1,USD,pre-market,0,,0.0356,0.162,0.022,70.24,93900000,,,,212.91,259.77,5.5363,,,,,,,467300000,,17.73,,299.69,139.2
2025-12-28,AMG,16.7,2042100000.0,17.73,,1.223,118.14,,,,,,,,,,,,,,,None,188100000,188100000,,,,,,None,118300000,,0.04,0.0001,,,,0.818,0.32,81400000,199700000,5.78,2012-06-30,10.06,,1055700000.0,241500000,62900000,2000000,,,None,18500000,None,,None,,,,,6600000,0,None,None,0.288,,216500000,25000000,,,,,None,,,,,0.629,2.491,4.119,,,,,,,,0.26,,,2025-11-03,quarterly,6.1,USD,pre-market,0,,0.0356,0.162,0.022,70.24,88800000,,,,212.91,259.77,5.5363,,,,,,,429600000,,17.73,,299.69,139.2
2025-12-28,AMG,16.7,2042100000.0,17.73,,1.223,118.14,,,,,,,,,,,,,,,None,181100000,181100000,,,,,,None,33800000,,0.04,0.0001,,,,0.818,0.32,136200000,170000000,5.78,2012-03-31,10.06,,1055700000.0,236600000,117600000,24600000,,,None,18600000,None,,None,,,,,37400000,0,None,None,0.288,,127800000,108800000,,,,,None,,,,,0.629,2.491,4.119,,,,,,,,0.26,,,2025-11-03,quarterly,6.1,USD,pre-market,0,,0.0356,0.162,0.022,70.24,85000000,,,,212.91,259.77,5.5363,,,,,,,417700000,,17.73,,299.69,139.2
2025-12-28,AMG,16.7,2042100000.0,17.73,,1.223,118.14,,,,,,,,,,,,,,,None,173900000,173900000,,,,,,None,34800000,,0.04,0.0001,,,,0.818,0.32,129600000,164400000,5.78,2011-12-31,10.06,,1055700000.0,228500000,109000000,19900000,,,None,20600000,None,,None,,,,,40300000,0,None,None,0.288,,133300000,95200000,,,,,None,,,,,0.629,2.491,4.119,,,,,,,,0.26,,,2025-11-03,quarterly,6.1,USD,pre-market,0,,0.0356,0.162,0.022,70.24,89200000,,,,212.91,259.77,5.5363,,,,,,,402400000,,17.73,,299.69,139.2
2025-12-28,AMG,16.7,2042100000.0,17.73,,1.223,118.14,,,,,,,,,,,,,,,None,168900000,168900000,,,,,,None,26100000,,0.04,0.0001,,,,0.818,0.32,118000000,144100000,5.78,2011-09-30,10.06,,1055700000.0,244900000,99900000,19800000,,,None,18100000,None,,None,,,,,40100000,80100000,None,None,0.288,,118900000,126000000,,,,,-8000000,,,,,0.629,2.491,4.119,,,,,,,,0.26,,,2025-11-03,quarterly,6.1,USD,pre-market,0,,0.0356,0.162,0.022,70.24,83500000,,,,212.91,259.77,5.5363,,,,,,,413800000,,17.73,,299.69,139.2
2025-12-28,AMG,16.7,2042100000.0,17.73,,1.223,118.14,,,,,,,,,,,,,,,None,196500000,196500000,,,,,,None,25900000,,0.04,0.0001,,,,0.818,0.32,145700000,171600000,5.78,2011-06-30,10.06,,1055700000.0,265800000,127600000,26600000,,,None,18100000,None,,None,,,,,45500000,101000000,None,None,0.288,,125800000,140000000,,,,,5700000,,,,,0.629,2.491,4.119,,,,,,,,0.26,,,2025-11-03,quarterly,6.1,USD,pre-market,0,,0.0356,0.162,0.022,70.24,90600000,,,,212.91,259.77,5.5363,,,,,,,462300000,,17.73,,299.69,139.2
2025-12-28,AMG,16.7,2042100000.0,17.73,,1.223,118.14,,,,,,,,,,,,,,,None,179500000,179500000,,,,,,None,25900000,,0.04,0.0001,,,,0.818,0.32,143800000,169700000,5.78,2011-03-31,10.06,,1055700000.0,246800000,116100000,26700000,,,None,27700000,None,,None,,,,,39100000,89400000,None,None,0.288,,121900000,124900000,,,,,10600000,,,,,0.629,2.491,4.119,,,,,,,,0.26,,,2025-11-03,quarterly,6.1,USD,pre-market,0,,0.0356,0.162,0.022,70.24,87500000,,,,212.91,259.77,5.5363,,,,,,,426300000,,17.73,,299.69,139.2
2025-12-28,AMG,16.7,2042100000.0,17.73,,1.223,118.14,,,,,,,,,,,,,,,None,180985000,180985000,,,,,,None,24980000,,0.04,0.0001,,,,0.818,0.32,171050000,196030000,5.78,2010-12-31,10.06,,1055700000.0,239783000,145966000,38645000,,,None,125000,None,,None,,,,,62011000,0,None,None,0.288,,125710000,114073000,,,,,None,,,,,0.629,2.491,4.119,,,,,,,,0.26,,,2025-11-03,quarterly,6.1,USD,pre-market,0,,0.0356,0.162,0.022,70.24,93852000,,,,212.91,259.77,5.5363,,,,,,,420768000,,17.73,,299.69,139.2
2025-12-28,AMG,16.7,2042100000.0,17.73,,1.223,118.14,,,,,,,,,,,,,,,None,151533000,151533000,,,,,,None,24300000,,0.04,0.0001,,,,0.818,0.32,116500000,140800000,5.78,2010-09-30,10.06,,1055700000.0,202839000,93000000,24000000,,,None,23500000,None,,None,,,,,34000000,0,None,None,0.288,,107300000,95600000,,,,,None,,,,,0.629,2.491,4.119,,,,,,,,0.26,,,2025-11-03,quarterly,6.1,USD,pre-market,0,,0.0356,0.162,0.022,70.24,73378000,,,,212.91,259.77,5.5363,,,,,,,354372000,,17.73,,299.69,139.2
2025-12-28,AMG,16.7,2042100000.0,17.73,,1.223,118.14,,,,,,,,,,,,,,,None,142740000,142740000,,,,,,None,13000000,,0.04,0.0001,,,,0.818,0.32,97800000,110800000,5.78,2010-06-30,10.06,,1055700000.0,189340000,75100000,16900000,,,None,22700000,None,,None,,,,,25200000,0,None,None,0.288,,93600000,95800000,,,,,None,,,,,0.629,2.491,4.119,,,,,,,,0.26,,,2025-11-03,quarterly,6.1,USD,pre-market,0,,0.0356,0.162,0.022,70.24,72126000,,,,212.91,259.77,5.5363,,,,,,,332080000,,17.73,,299.69,139.2
2025-12-28,AMG,16.7,2042100000.0,17.73,,1.223,118.14,,,,,,,,,,,,,,,None,119200000,119200000,,,,,,None,11900000,,0.04,0.0001,,,,0.818,0.32,84500000,96400000,5.78,2010-03-31,10.06,,1055700000.0,131800000,64700000,11900000,,,None,19800000,None,,None,,,,,17500000,0,None,None,0.288,,63300000,68500000,,,,,None,,,,,0.629,2.491,4.119,,,,,,,,0.26,,,2025-11-03,quarterly,6.1,USD,pre-market,0,,0.0356,0.162,0.022,70.24,165288000,,,,212.91,259.77,5.5363,,,,,,,251000000,,17.73,,299.69,139.2
2025-12-28,AMG,16.7,2042100000.0,17.73,,1.223,118.14,,,,,,,,,,,,,,,None,109814000,109814000,,,,,,None,11605000,,0.04,0.0001,,,,0.818,0.32,101425000,113030000,5.78,2009-12-31,10.06,,1055700000.0,134844000,81977000,16410000,,,None,19448000,None,,None,,,,,24600000,0,None,None,0.288,,55779000,79065000,,,,,None,,,,,0.629,2.491,4.119,,,,,,,,0.26,,,2025-11-03,quarterly,6.1,USD,pre-market,0,,0.0356,0.162,0.022,70.24,38580000,,,,212.91,259.77,5.5363,,,,,,,244658000,,17.73,,299.69,139.2
2025-12-28,AMG,16.7,2042100000.0,17.73,,1.223,118.14,,,,,,,,,,,,,,,None,105237000,105237000,,,,,,None,11460000,,0.04,0.0001,,,,0.818,0.32,92766000,104226000,5.78,2009-09-30,10.06,,1055700000.0,112224000,73226000,5366000,,,None,19540000,None,,None,,,,,17769000,0,None,None,0.288,,49189000,63035000,,,,,None,,,,,0.629,2.491,4.119,,,,,,,,0.26,,,2025-11-03,quarterly,6.1,USD,pre-market,0,,0.0356,0.162,0.022,70.24,28294000,,,,212.91,259.77,5.5363,,,,,,,217461000,,17.73,,299.69,139.2
2025-12-28,AMG,16.7,2042100000.0,17.73,,1.223,118.14,,,,,,,,,,,,,,,None,103373000,103373000,,,,,,None,11287000,,0.04,0.0001,,,,0.818,0.32,80386000,91673000,5.78,2009-06-30,10.06,,1055700000.0,97873000,61193000,4944000,,,None,19193000,None,,None,,,,,10979000,0,None,None,0.288,,46976000,50897000,,,,,None,,,,,0.629,2.491,4.119,,,,,,,,0.26,,,2025-11-03,quarterly,6.1,USD,pre-market,0,,0.0356,0.162,0.022,70.24,32157000,,,,212.91,259.77,5.5363,,,,,,,201246000,,17.73,,299.69,139.2
2025-12-28,AMG,16.7,2042100000.0,17.73,,1.223,118.14,,,,,,,,,,,,,,,None,84160000,84160000,,,,,,None,11333000,,0.04,0.0001,,,,0.818,0.32,47105000,58438000,5.78,2009-03-31,10.06,,1055700000.0,94315000,27157000,3917000,,,None,19948000,None,,None,,,,,6125000,0,None,None,0.288,,49590000,44725000,,,,,None,,,,,0.629,2.491,4.119,,,,,,,,0.26,,,2025-11-03,quarterly,6.1,USD,pre-market,0,,0.0356,0.162,0.022,70.24,32507000,,,,212.91,259.77,5.5363,,,,,,,178475000,,17.73,,299.69,139.2
2025-12-28,AMG,16.7,2042100000.0,17.73,,1.223,118.14,,,,,,,,,,,,,,,None,101290000,101290000,,,,,,None,17212000,,0.04,0.0001,,,,0.818,0.32,45971000,63183000,5.78,2008-12-31,10.06,,1055700000.0,122105000,-112502000,-42751000,,,None,73891000,None,,None,,,,,-69751000,0,None,None,0.288,,76134000,45971000,,,,,None,,,,,0.629,2.491,4.119,,,,,,,,0.26,,,2025-11-03,quarterly,6.1,USD,pre-market,0,,0.0356,0.162,0.022,70.24,63648000,,,,212.91,259.77,5.5363,,,,,,,223395000,,17.73,,299.69,139.2
2025-12-28,AMG,16.7,2042100000.0,17.73,,1.223,118.14,,,,,,,,,,,,,,,None,123703000,123703000,,,,,,None,11558000,,0.04,0.0001,,,,0.818,0.32,102755000,114313000,5.78,2008-09-30,10.06,,1055700000.0,167121000,48554000,23706000,,,None,17755000,None,,None,,,,,24848000,0,None,None,0.288,,64366000,102755000,,,,,None,,,,,0.629,2.491,4.119,,,,,,,,0.26,,,2025-11-03,quarterly,6.1,USD,pre-market,0,,0.0356,0.162,0.022,70.24,52808000,,,,212.91,259.77,5.5363,,,,,,,290824000,,17.73,,299.69,139.2
2025-12-28,AMG,16.7,2042100000.0,17.73,,1.223,118.14,,,,,,,,,,,,,,,None,140822000,140822000,,,,,,None,11453000,,0.04,0.0001,,,,0.818,0.32,122705000,134158000,5.78,2008-06-30,10.06,,1055700000.0,168142000,105778000,20341000,,,None,16927000,None,,None,,,,,34635000,0,None,None,0.288,,64681000,103461000,,,,,None,,,,,0.629,2.491,4.119,,,,,,,,0.26,,,2025-11-03,quarterly,6.1,USD,pre-market,0,,0.0356,0.162,0.022,70.24,47658000,,,,212.91,259.77,5.5363,,,,,,,308964000,,17.73,,299.69,139.2
2025-12-28,AMG,16.7,2042100000.0,17.73,,1.223,118.14,,,,,,,,,,,,,,,None,151080000,151080000,,,,,,None,11124000,,0.04,0.0001,,,,0.818,0.32,112282000,123406000,5.78,2008-03-31,10.06,,1055700000.0,183954000,89345000,18337000,,,None,22937000,None,,None,,,,,31223000,0,None,None,0.288,,69387000,114567000,,,,,None,,,,,0.629,2.491,4.119,,,,,,,,0.26,,,2025-11-03,quarterly,6.1,USD,pre-market,0,,0.0356,0.162,0.022,70.24,57419000,,,,212.91,259.77,5.5363,,,,,,,335034000,,17.73,,299.69,139.2
2025-12-28,AMG,16.7,2042100000.0,17.73,,1.223,118.14,,,,,,,,,,,,,,,None,147448000,147448000,,,,,,None,11688000,,0.04,0.0001,,,,0.818,0.32,-28811000,-17123000,5.78,2007-12-31,10.06,,1055700000.0,235512000,96614000,35747000,,,None,76919000,None,,None,,,,,60867000,0,None,None,0.288,,264323000,-28811000,,,,,None,,,,,0.629,2.491,4.119,,,,,,,,0.26,,,2025-11-03,quarterly,6.1,USD,pre-market,0,,0.0356,0.162,0.022,70.24,57008000,,,,212.91,259.77,5.5363,,,,,,,382960000,,17.73,,299.69,139.2
2025-12-28,AMG,16.7,2042100000.0,17.73,,1.223,118.14,,,,,,,,,,,,,,,None,149876000,149876000,,,,,,None,11481000,,0.04,0.0001,,,,0.818,0.32,127620000,139101000,5.78,2007-09-30,10.06,,1055700000.0,195729000,67596000,25011000,,,None,17998000,None,,None,,,,,42585000,0,None,None,0.288,,68109000,127620000,,,,,None,,,,,0.629,2.491,4.119,,,,,,,,0.26,,,2025-11-03,quarterly,6.1,USD,pre-market,0,,0.0356,0.162,0.022,70.24,57410000,,,,212.91,259.77,5.5363,,,,,,,345605000,,17.73,,299.69,139.2
2025-12-28,AMG,16.7,2042100000.0,17.73,,1.223,118.14,,,,,,,,,,,,,,,None,143109000,143109000,,,,,,None,11112000,,0.04,0.0001,,,,0.818,0.32,123944000,135056000,5.78,2007-06-30,10.06,,1055700000.0,188355000,66487000,24600000,,,None,18378000,None,,None,,,,,41887000,0,None,None,0.288,,64411000,123944000,,,,,None,,,,,0.629,2.491,4.119,,,,,,,,0.26,,,2025-11-03,quarterly,6.1,USD,pre-market,0,,0.0356,0.162,0.022,70.24,48961000,,,,212.91,259.77,5.5363,,,,,,,331464000,,17.73,,299.69,139.2
2025-12-28,AMG,16.7,2042100000.0,17.73,,1.223,118.14,,,,,,,,,,,,,,,None,141721000,141721000,,,,,,None,11066000,,0.04,0.0001,,,,0.818,0.32,112302000,123368000,5.78,2007-03-31,10.06,,1055700000.0,168116000,58130000,21508000,,,None,18387000,None,,None,,,,,36622000,0,None,None,0.288,,55814000,112302000,,,,,None,,,,,0.629,2.491,4.119,,,,,,,,0.26,,,2025-11-03,quarterly,6.1,USD,pre-market,0,,0.0356,0.162,0.022,70.24,45506000,,,,212.91,259.77,5.5363,,,,,,,309837000,,17.73,,299.69,139.2
2025-12-28,AMG,16.7,2042100000.0,17.73,,1.223,118.14,,,,,,,,,,,,,,,None,114371000,114371000,,,,,,None,9962000,,0.04,0.0001,,,,0.818,0.32,143674000,153636000,5.78,2006-12-31,10.06,,1055700000.0,214392000,77705000,28751000,,,None,37426000,None,,None,,,,,48954000,0,None,None,0.288,,70718000,143674000,,,,,None,,,,,0.629,2.491,4.119,,,,,,,,0.26,,,2025-11-03,quarterly,6.1,USD,pre-market,0,,0.0356,0.162,0.022,70.24,61496000,,,,212.91,259.77,5.5363,,,,,,,328763000,,17.73,,299.69,139.2
2025-12-28,AMG,16.7,2042100000.0,17.73,,1.223,118.14,,,,,,,,,,,,,,,None,122841000,122841000,,,,,,None,9810000,,0.04,0.0001,,,,0.818,0.32,102059000,111869000,5.78,2006-09-30,10.06,,1055700000.0,157599000,52613000,19467000,,,None,16250000,None,,None,,,,,33146000,0,None,None,0.288,,55540000,102059000,,,,,None,,,,,0.629,2.491,4.119,,,,,,,,0.26,,,2025-11-03,quarterly,6.1,USD,pre-market,0,,0.0356,0.162,0.022,70.24,46462000,,,,212.91,259.77,5.5363,,,,,,,280440000,,17.73,,299.69,139.2
2025-12-28,AMG,16.7,2042100000.0,17.73,,1.223,118.14,,,,,,,,,,,,,,,None,118671000,118671000,,,,,,None,9818000,,0.04,0.0001,,,,0.818,0.32,104474000,114292000,5.78,2006-06-30,10.06,,1055700000.0,164437000,51632000,17696000,,,None,15102000,None,,None,,,,,33936000,0,None,None,0.288,,59963000,104474000,,,,,None,,,,,0.629,2.491,4.119,,,,,,,,0.26,,,2025-11-03,quarterly,6.1,USD,pre-market,0,,0.0356,0.162,0.022,70.24,50873000,,,,212.91,259.77,5.5363,,,,,,,283108000,,17.73,,299.69,139.2
2025-12-28,AMG,16.7,2042100000.0,17.73,,1.223,118.14,,,,,,,,,,,,,,,None,5586000,5586000,,,,,,None,9413000,,0.04,0.0001,,,,0.818,0.32,103706000,113119000,5.78,2006-03-31,10.06,,1055700000.0,272456000,55937000,20697000,,,None,11482000,None,,None,,,,,35240000,0,None,None,0.288,,168750000,103706000,,,,,None,,,,,0.629,2.491,4.119,,,,,,,,0.26,,,2025-11-03,quarterly,6.1,USD,pre-market,0,,0.0356,0.162,0.022,70.24,160000000,,,,212.91,259.77,5.5363,,,,,,,278042000,,17.73,,299.69,139.2
2025-12-28,AMG,16.7,2042100000.0,17.73,,1.223,118.14,,,,,,,,,,,,,,,None,6426000,6426000,,,,,,None,9595000,,0.04,0.0001,,,,0.818,0.32,104011000,113606000,5.78,2005-12-31,10.06,,1055700000.0,266071000,61530000,22766000,,,None,37426000,None,,None,,,,,38764000,0,None,None,0.288,,162060000,104011000,,,,,None,,,,,0.629,2.491,4.119,,,,,,,,0.26,,,2025-11-03,quarterly,6.1,USD,pre-market,0,,0.0356,0.162,0.022,70.24,153208000,,,,212.91,259.77,5.5363,,,,,,,272497000,,17.73,,299.69,139.2
2025-12-28,AMG,16.7,2042100000.0,17.73,,1.223,118.14,,,,,,,,,,,,,,,None,95474000,95474000,,,,,,None,9324000,,0.04,0.0001,,,,0.818,0.32,80769000,90093000,5.78,2005-09-30,10.06,,1055700000.0,138652000,45254000,16744000,,,None,10071000,None,,None,,,,,28510000,0,None,None,0.288,,57883000,80769000,,,,,None,,,,,0.629,2.491,4.119,,,,,,,,0.26,,,2025-11-03,quarterly,6.1,USD,pre-market,0,,0.0356,0.162,0.022,70.24,139483000,,,,212.91,259.77,5.5363,,,,,,,234126000,,17.73,,299.69,139.2
2025-12-28,AMG,16.7,2042100000.0,17.73,,1.223,118.14,,,,,,,,,,,,,,,None,915300000,915300000,,,,,,None,42400000,,0.04,0.0001,,,,0.818,0.32,1056500000,1098900000,5.78,2024-12-31,10.06,,1055700000.0,1125600000,923200000,182600000,,,None,133300000,256800000,,None,,,,,511600000,740600000,-133300000,None,0.288,,418900000,706700000,,,,,None,,,,,0.629,2.491,4.119,,,,,,,,0.26,,,2025-11-03,annual,6.1,USD,pre-market,None,,0.0356,0.162,0.022,70.24,376500000,,,,212.91,259.77,5.5363,,,,,,,2040900000,,17.73,,299.69,139.2
2025-12-28,AMG,16.7,2042100000.0,17.73,,1.223,118.14,,,,,,,,,,,,,,,None,907500000,907500000,,,,,,None,61300000,,0.04,0.0001,,,,0.818,0.32,1215200000,1276500000,5.78,2023-12-31,10.06,,1055700000.0,1150300000,1091400000,185300000,,,None,123800000,273300000,,None,,,,,672900000,906100000,-123800000,None,0.288,,419500000,730800000,,,,,None,,,,,0.629,2.491,4.119,,,,,,,,0.26,,,2025-11-03,annual,6.1,USD,pre-market,0.52,,0.0356,0.162,0.022,70.24,358200000,,,,212.91,259.77,5.5363,,,,,,,2057800000,,17.73,,299.69,139.2
2025-12-28,AMG,16.7,2042100000.0,17.73,,1.223,118.14,,,,,,,,,,,,,,,None,1071500000,1071500000,,,,,,None,67400000,,0.04,0.0001,,,,0.818,0.32,1860800000,1928200000,5.78,2022-12-31,10.06,,1055700000.0,1258100000,1746400000,358300000,,,None,114400000,334000000,,None,,,,,1145900000,1388100000,-114400000,None,0.288,,452900000,805200000,,,,,980000000,,,,,0.629,2.491,4.119,,,,,,,,0.26,,,2025-11-03,annual,6.1,USD,pre-market,0.74,,0.0356,0.162,0.022,70.24,1457000000,,,,212.91,259.77,5.5363,,,,,,,2329600000,,17.73,,299.69,139.2
2025-12-28,AMG,16.7,2042100000.0,17.73,,1.223,118.14,,,,,,,,,,,,,,,None,1047100000,1047100000,,,,,,None,52300000,,0.04,0.0001,,,,0.818,0.32,1252500000,1304800000,5.78,2021-12-31,10.06,,1055700000.0,1365300000,1141100000,251000000,,,None,111400000,248700000,,None,,,,,565700000,890100000,-111400000,None,0.288,,399400000,965900000,,,,,242500000,,,,,0.629,2.491,4.119,,,,,,,,0.26,,,2025-11-03,annual,6.1,USD,pre-market,0.47,,0.0356,0.162,0.022,70.24,1394200000,,,,212.91,259.77,5.5363,,,,,,,2412400000,,17.73,,299.69,139.2
2025-12-28,AMG,16.7,2042100000.0,17.73,,1.223,118.14,,,,,,,,,,,,,,,None,883700000,883700000,,,,,,None,159600000,,0.04,0.0001,,,,0.818,0.32,600700000,760300000,5.78,2020-12-31,10.06,,1055700000.0,1143800000,508400000,81400000,,,None,92300000,101600000,,None,,,,,202200000,427000000,-92300000,None,0.288,,481000000,662800000,,,,,-43400000,,,,,0.629,2.491,4.119,,,,,,,,0.26,,,2025-11-03,annual,6.1,USD,pre-market,0.25,,0.0356,0.162,0.022,70.24,321000000,,,,212.91,259.77,5.5363,,,,,,,2027500000,,17.73,,299.69,139.2
2025-12-28,AMG,16.7,2042100000.0,17.73,,1.223,118.14,,,,,,,,,,,,,,,None,943000000,943000000,,,,,,None,165800000,,0.04,0.0001,,,,0.818,0.32,384200000,550000000,5.78,2019-12-31,10.06,,1055700000.0,1296600000,308000000,2900000,,,None,76200000,389000000,,None,,,,,15700000,305100000,-76200000,None,0.288,,542600000,754000000,,,,,-338000000,,,,,0.629,2.491,4.119,,,,,,,,0.26,,,2025-11-03,annual,6.1,USD,pre-market,0.14,,0.0356,0.162,0.022,70.24,376800000,,,,212.91,259.77,5.5363,,,,,,,2239600000,,17.73,,299.69,139.2
2025-12-28,AMG,16.7,2042100000.0,17.73,,1.223,118.14,,,,,,,,,,,,,,,None,987200000,987200000,,,,,,None,136800000,,0.04,0.0001,,,,0.818,0.32,794200000,931000000,5.78,2018-12-31,10.06,,1055700000.0,1391200000,713600000,181300000,,,None,80600000,53400000,,None,,,,,243600000,532300000,-80600000,None,0.288,,624200000,767000000,,,,,-200000,,,,,0.629,2.491,4.119,,,,,,,,0.26,,,2025-11-03,annual,6.1,USD,pre-market,0.30,,0.0356,0.162,0.022,70.24,417700000,,,,212.91,259.77,5.5363,,,,,,,2378400000,,17.73,,299.69,139.2
2025-12-28,AMG,16.7,2042100000.0,17.73,,1.223,118.14,,,,,,,,,,,,,,,None,979000000,979000000,,,,,,None,106700000,,0.04,0.0001,,,,0.818,0.32,1154900000,1261600000,5.78,2017-12-31,10.06,,1055700000.0,1326000000,1067100000,58400000,,,None,87800000,278900000,,None,,,,,689500000,1008700000,-100800000,None,0.288,,218100000,1107900000,,,,,44500000,,,,,0.629,2.491,4.119,,,,,,,,0.26,,,2025-11-03,annual,6.1,USD,pre-market,0.46,,0.0356,0.162,0.022,70.24,373100000,,,,212.91,259.77,5.5363,,,,,,,2305000000,,17.73,,299.69,139.2
2025-12-28,AMG,16.7,2042100000.0,17.73,,1.223,118.14,,,,,,,,,,,,,,,None,932400000,932400000,,,,,,None,129700000,,0.04,0.0001,,,,0.818,0.32,1066300000,1196000000,5.78,2016-12-31,10.06,,1055700000.0,1262200000,974600000,235600000,,,None,91700000,283500000,,None,,,,,472800000,739000000,-93300000,None,0.288,,556900000,705300000,,,,,358700000,,,,,0.629,2.491,4.119,,,,,,,,0.26,,,2025-11-03,annual,6.1,USD,pre-market,0.44,,0.0356,0.162,0.022,70.24,398100000,,,,212.91,259.77,5.5363,,,,,,,2194600000,,17.73,,299.69,139.2
2025-12-28,AMG,16.7,2042100000.0,17.73,,1.223,118.14,,,,,,,,,,,,,,,None,1027700000,1027700000,,,,,,None,134200000,,0.04,0.0001,,,,0.818,0.32,1179500000,1313700000,5.78,2015-12-31,10.06,,1055700000.0,1456800000,1090600000,263400000,,,None,88900000,255600000,,None,,,,,509500000,833700000,None,None,0.288,,332900000,1123900000,,,,,344500000,,,,,0.629,2.491,4.119,,,,,,,,0.26,,,2025-11-03,annual,6.1,USD,pre-market,0,,0.0356,0.162,0.022,70.24,443800000,,,,212.91,259.77,5.5363,,,,,,,2484500000,,17.73,,299.69,139.2
2025-12-28,AMG,16.7,2042100000.0,17.73,,1.223,118.14,,,,,,,,,,,,,,,None,1030500000,1030500000,,,,,,None,139100000,,0.04,0.0001,,,,0.818,0.32,1120200000,1259300000,5.78,2014-12-31,10.06,,1055700000.0,1480400000,1013500000,227900000,,,None,106700000,None,,None,,,,,433900000,785600000,None,None,0.288,,665200000,815200000,,,,,274900000,,,,,0.629,2.491,4.119,,,,,,,,0.26,,,2025-11-03,annual,6.1,USD,pre-market,0,,0.0356,0.162,0.022,70.24,485500000,,,,212.91,259.77,5.5363,,,,,,,2510900000,,17.73,,299.69,139.2
2025-12-28,AMG,16.7,2042100000.0,17.73,,1.223,118.14,,,,,,,,,,,,,,,None,947500000,947500000,,,,,,None,142200000,,0.04,0.0001,,,,0.818,0.32,982700000,1124900000,5.78,2013-12-31,10.06,,1055700000.0,1241300000,863700000,194100000,,,None,119000000,None,,None,,,,,360500000,669600000,None,None,0.288,,607200000,634100000,,,,,316900000,,,,,0.629,2.491,4.119,,,,,,,,0.26,,,2025-11-03,annual,6.1,USD,pre-market,0,,0.0356,0.162,0.022,70.24,427200000,,,,212.91,259.77,5.5363,,,,,,,2188800000,,17.73,,299.69,139.2
2025-12-28,AMG,16.7,2042100000.0,17.73,,1.223,118.14,,,,,,,,,,,,,,,None,784700000,784700000,,,,,,None,214100000,,0.04,0.0001,,,,0.818,0.32,578200000,792300000,5.78,2012-12-31,10.06,,1055700000.0,1020800000,495200000,83800000,,,None,83000000,None,,None,,,,,174000000,None,None,None,0.288,,620400000,400400000,,,,,None,,,,,0.629,2.491,4.119,,,,,,,,0.26,,,2025-11-03,annual,6.1,USD,pre-market,0,,0.0356,0.162,0.022,70.24,366900000,,,,212.91,259.77,5.5363,,,,,,,1805500000,,17.73,,299.69,139.2
2025-12-28,AMG,16.7,2042100000.0,17.73,,1.223,118.14,,,,,,,,,,,,,,,None,718800000,718800000,,,,,,None,112700000,,0.04,0.0001,,,,0.818,0.32,553800000,666500000,5.78,2011-12-31,10.06,,1055700000.0,986000000,452700000,93100000,,,None,101100000,None,,None,,,,,164900000,None,None,None,0.288,,499900000,486100000,,,,,None,,,,,0.629,2.491,4.119,,,,,,,,0.26,,,2025-11-03,annual,6.1,USD,pre-market,0,,0.0356,0.162,0.022,70.24,350800000,,,,212.91,259.77,5.5363,,,,,,,1704800000,,17.73,,299.69,139.2
2025-12-28,AMG,16.7,2042100000.0,17.73,,1.223,118.14,,,,,,,,,,,,,,,None,594500000,594500000,,,,,,None,74100000,,0.04,0.0001,,,,0.818,0.32,469900000,544000000,5.78,2010-12-31,10.06,,1055700000.0,763700000,378800000,91500000,,,None,91100000,None,,None,,,,,138600000,287328000,None,None,0.288,,389700000,374000000,,,,,70997000,,,,,0.629,2.491,4.119,,,,,,,,0.26,,,2025-11-03,annual,6.1,USD,pre-market,0,,0.0356,0.162,0.022,70.24,284600000,,,,212.91,259.77,5.5363,,,,,,,1358200000,,17.73,,299.69,139.2
2025-12-28,AMG,16.7,2042100000.0,17.73,,1.223,118.14,,,,,,,,,,,,,,,None,402584000,402584000,,,,,,None,45684000,,0.04,0.0001,,,,0.818,0.32,323805000,369489000,5.78,2009-12-31,10.06,,1055700000.0,439256000,245676000,32760000,,,None,78129000,None,,None,,,,,59473000,None,None,None,0.288,,199410000,239846000,,,,,None,,,,,0.629,2.491,4.119,,,,,,,,0.26,,,2025-11-03,annual,6.1,USD,pre-market,None,,0.0356,0.162,0.022,70.24,131538000,,,,212.91,259.77,5.5363,,,,,,,841840000,,17.73,,299.69,139.2
2025-12-28,AMG,16.7,2042100000.0,17.73,,1.223,118.14,,,,,,,,,,,,,,,None,516895000,516895000,,,,,,None,46621000,,0.04,0.0001,,,,0.818,0.32,224952000,271573000,5.78,2008-12-31,10.06,,1055700000.0,641322000,143527000,11628000,,,None,81425000,None,,None,,,,,-1325000,None,None,None,0.288,,282718000,358604000,,,,,None,,,,,0.629,2.491,4.119,,,,,,,,0.26,,,2025-11-03,annual,6.1,USD,pre-market,None,,0.0356,0.162,0.022,70.24,226583000,,,,212.91,259.77,5.5363,,,,,,,1158217000,,17.73,,299.69,139.2
2025-12-28,AMG,16.7,2042100000.0,17.73,,1.223,118.14,,,,,,,,,,,,,,,None,579365000,579365000,,,,,,None,45347000,,0.04,0.0001,,,,0.818,0.32,335055000,380402000,5.78,2007-12-31,10.06,,1055700000.0,790501000,288827000,106866000,,,None,76919000,None,,None,,,,,181961000,None,None,None,0.288,,455446000,335055000,,,,,None,,,,,0.629,2.491,4.119,,,,,,,,0.26,,,2025-11-03,annual,6.1,USD,pre-market,None,,0.0356,0.162,0.022,70.24,216789000,,,,212.91,259.77,5.5363,,,,,,,1369866000,,17.73,,299.69,139.2
2025-12-28,AMG,16.7,2042100000.0,17.73,,1.223,118.14,,,,,,,,,,,,,,,None,472400000,472400000,,,,,,None,39003000,,0.04,0.0001,,,,0.818,0.32,453913000,492916000,5.78,2006-12-31,10.06,,1055700000.0,697953000,237887000,86610000,,,None,58800000,None,,None,,,,,151277000,None,None,None,0.288,,244040000,453913000,,,,,None,,,,,0.629,2.491,4.119,,,,,,,,0.26,,,2025-11-03,annual,6.1,USD,pre-market,None,,0.0356,0.162,0.022,70.24,207899000,,,,212.91,259.77,5.5363,,,,,,,1170353000,,17.73,,299.69,139.2
2025-12-28,AMG,16.7,2042100000.0,17.73,,1.223,118.14,,,,,,,,,,,,,,,None,21497000,21497000,,,,,,None,34920000,,0.04,0.0001,,,,0.818,0.32,335055000,369975000,5.78,2005-12-31,10.06,,1055700000.0,894995000,189652000,70583000,,,None,37426000,None,,None,,,,,119069000,None,None,None,0.288,,559940000,335055000,,,,,None,,,,,0.629,2.491,4.119,,,,,,,,0.26,,,2025-11-03,annual,6.1,USD,pre-market,None,,0.0356,0.162,0.022,70.24,528038000,,,,212.91,259.77,5.5363,,,,,,,916492000,,17.73,,299.69,139.2
2025-12-28,AMG,16.7,2042100000.0,17.73,None,1.223,118.14,,None,476100000,476100000,,,,,,,,,600000,33000000,None,21497000,21497000,None,None,None,667700000,None,None,34920000,,0.04,0.0001,,,,0.818,0.32,335055000,369975000,5.78,2025-09-30,10.06,2528200000,1055700000.0,894995000,189652000,70583000,1703300000,1703300000,None,37426000,None,None,None,None,2371600000,None,3188800000,119069000,None,None,None,0.288,,559940000,335055000,None,879700000,None,594500000,None,,,,,0.629,2.491,4.119,,,,,,,,0.26,,55200000,2025-11-03,quarterly,6.1,USD,pre-market,None,7268000000,0.0356,0.162,0.022,70.24,528038000,2371600000,0,None,212.91,259.77,5.5363,8928200000,1143800000,879700000,4388200000,7784400000,4388200000,916492000,3343400000,17.73,None,299.69,139.2
2025-12-28,AMG,16.7,2042100000.0,17.73,None,1.223,118.14,,None,361000000,361000000,,,,,,,,,600000,32300000,None,21497000,21497000,None,None,None,571000000,None,None,34920000,,0.04,0.0001,,,,0.818,0.32,335055000,369975000,5.78,2025-06-30,10.06,2537600000,1055700000.0,894995000,189652000,70583000,1716100000,1716100000,None,37426000,None,None,None,None,2621200000,None,3262400000,119069000,None,None,None,0.288,,559940000,335055000,-932000000,692400000,None,474900000,None,,,,,0.629,2.491,4.119,,,,,,,,0.26,,56700000,2025-11-03,quarterly,6.1,USD,pre-market,None,7055900000,0.0356,0.162,0.022,70.24,528038000,2621200000,0,None,212.91,259.77,5.5363,8807600000,932000000,692400000,4332800000,7875600000,3640400000,916492000,3238700000,17.73,None,299.69,139.2
2025-12-28,AMG,16.7,2042100000.0,17.73,None,1.223,118.14,,None,816500000,816500000,,,,,,,,,600000,32600000,None,21497000,21497000,None,None,None,581700000,None,None,34920000,,0.04,0.0001,,,,0.818,0.32,335055000,369975000,5.78,2025-03-31,10.06,2512500000,1055700000.0,894995000,189652000,70583000,1703900000,1703900000,None,37426000,None,None,None,None,2620700000,None,2752300000,119069000,None,None,None,0.288,,559940000,335055000,None,665700000,None,442100000,None,,,,,0.629,2.491,4.119,,,,,,,,0.26,,56900000,2025-11-03,quarterly,6.1,USD,pre-market,None,6971900000,0.0356,0.162,0.022,70.24,528038000,2620700000,0,41300000,212.91,259.77,5.5363,8714100000,1398200000,665700000,4249000000,7315900000,3583300000,916492000,3188200000,17.73,None,299.69,139.2
2025-12-28,AMG,16.7,2042100000.0,17.73,None,1.223,118.14,,None,950000000,950000000,,,,,,,,,600000,36000000,None,21497000,21497000,None,None,None,409700000,None,None,34920000,,0.04,0.0001,,,,0.818,0.32,335055000,369975000,5.78,2024-12-31,10.06,2504900000,1055700000.0,894995000,189652000,70583000,1777800000,1777800000,None,37426000,None,None,None,None,2620200000,None,2785600000,119069000,None,None,None,0.288,,559940000,335055000,None,639100000,None,402400000,None,,,,,0.629,2.491,4.119,,,,,,,,0.26,,57600000,2025-11-03,quarterly,6.1,USD,pre-market,None,6899800000,0.0356,0.162,0.022,70.24,528038000,2620200000,0,56600000,212.91,259.77,5.5363,8830900000,1416300000,639100000,4182200000,7414600000,3543100000,916492000,3345300000,17.73,None,299.69,139.2
2025-12-28,AMG,16.7,2042100000.0,17.73,None,1.223,118.14,,None,1010700000,1010700000,,,,,,,,,600000,35000000,None,21497000,21497000,None,None,None,457100000,None,None,34920000,,0.04,0.0001,,,,0.818,0.32,335055000,369975000,5.78,2024-09-30,10.06,2532000000,1055700000.0,894995000,189652000,70583000,1807100000,1807100000,None,37426000,None,None,None,None,2619700000,None,2681200000,119069000,None,None,None,0.288,,559940000,335055000,-1533900000,625700000,None,464500000,None,,,,,0.629,2.491,4.119,,,,,,,,0.26,,61000000,2025-11-03,quarterly,6.1,USD,pre-market,None,6738100000,0.0356,0.162,0.022,70.24,528038000,2619700000,0,66100000,212.91,259.77,5.5363,8903000000,1533900000,625700000,4231900000,7369100000,3606200000,916492000,3316300000,17.73,None,299.69,139.2
2025-12-28,AMG,16.7,2042100000.0,17.73,None,1.223,118.14,,None,865500000,865500000,,,,,,,,,600000,35300000,None,21497000,21497000,None,None,None,457200000,None,None,34920000,,0.04,0.0001,,,,0.818,0.32,335055000,369975000,5.78,2024-06-30,10.06,2516100000,1055700000.0,894995000,189652000,70583000,1795600000,1795600000,None,37426000,None,1,None,None,2525200000,None,2691900000,119069000,None,None,None,0.288,,559940000,335055000,-1494600000,637300000,None,529700000,None,,,,,0.629,2.491,4.119,,,,,,,,0.26,,None,2025-11-03,quarterly,6.1,USD,pre-market,None,6614700000,0.0356,0.162,0.022,70.24,528038000,2525200000,19400000,167300000,212.91,259.77,5.5363,8845000000,1490000000,637300000,4191300000,7355000000,3554000000,916492000,3330900000,17.73,None,299.69,139.2
2025-12-28,AMG,16.7,2042100000.0,17.73,None,1.223,118.14,,None,793400000,793400000,,,,,,,,,600000,40100000,None,21497000,21497000,None,None,None,525700000,None,None,34920000,,0.04,0.0001,,,,0.818,0.32,335055000,369975000,5.78,2024-03-31,10.06,2517500000,1055700000.0,894995000,189652000,70583000,1802300000,1802300000,None,37426000,None,None,None,None,2524900000,None,2737000000,119069000,None,None,None,0.288,,559940000,335055000,-1668000000,634100000,None,464600000,None,,,,,0.629,2.491,4.119,,,,,,,,0.26,,None,2025-11-03,quarterly,6.1,USD,pre-market,None,6539100000,0.0356,0.162,0.022,70.24,528038000,2524900000,29600000,348900000,212.91,259.77,5.5363,9024600000,1668000000,634100000,4111100000,7356600000,3477000000,916492000,3590200000,17.73,None,299.69,139.2
2025-12-28,AMG,16.7,2042100000.0,17.73,None,1.223,118.14,,None,813600000,813600000,,,,,,,,,600000,41300000,None,21497000,21497000,None,None,None,368400000,None,None,34920000,,0.04,0.0001,,,,0.818,0.32,335055000,369975000,5.78,2023-12-31,10.06,2523600000,1055700000.0,894995000,189652000,70583000,1812400000,1812400000,None,37426000,None,1648900000,None,None,2537500000,None,2769400000,119069000,None,None,None,0.288,,559940000,335055000,-1648900000,566200000,None,466300000,None,,,,,0.629,2.491,4.119,,,,,,,,0.26,,None,2025-11-03,quarterly,6.1,USD,pre-market,None,6389600000,0.0356,0.162,0.022,70.24,528038000,2537500000,39100000,461000000,212.91,259.77,5.5363,9059600000,1643000000,628500000,4096100000,7416600000,3467600000,916492000,3587900000,17.73,None,299.69,139.2
2025-12-28,AMG,16.7,2042100000.0,17.73,None,1.223,118.14,,None,999200000,999200000,,,,,,,,,600000,43400000,None,21497000,21497000,None,None,None,428900000,None,None,34920000,,0.04,0.0001,,,,0.818,0.32,335055000,369975000,5.78,2023-09-30,10.06,2509000000,1055700000.0,894995000,189652000,70583000,1809500000,1809500000,None,37426000,None,1896400000,None,None,2536900000,None,2492800000,119069000,None,None,None,0.288,,559940000,335055000,-1896400000,559600000,None,482300000,None,,,,,0.629,2.491,4.119,,,,,,,,0.26,,63800000,2025-11-03,quarterly,6.1,USD,pre-market,None,6193800000,0.0356,0.162,0.022,70.24,528038000,2536900000,10100000,462300000,212.91,259.77,5.5363,9003600000,1890400000,636200000,4107100000,7113200000,3470900000,916492000,3495000000,17.73,None,299.69,139.2
2025-12-28,AMG,16.7,2042100000.0,17.73,None,1.223,118.14,,None,785500000,785500000,,,,,,,,,600000,42100000,None,21497000,21497000,602500000,None,None,487100000,None,None,34920000,,0.04,0.0001,,,,0.818,0.32,335055000,369975000,5.78,2023-06-30,10.06,2659600000,1055700000.0,894995000,189652000,70583000,1863100000,1863100000,None,37426000,None,1,None,None,2536400000,None,2400800000,119069000,None,None,None,0.288,,559940000,335055000,-1723700000,602500000,None,470300000,None,,,,,0.629,2.491,4.119,,,,,,,,0.26,,66300000,2025-11-03,quarterly,6.1,USD,pre-market,None,5977200000,0.0356,0.162,0.022,70.24,528038000,2536400000,0,444200000,212.91,259.77,5.5363,8966100000,1716800000,602500000,4096800000,7249300000,3494300000,916492000,3398000000,17.73,-3070500000,299.69,139.2
2025-12-28,AMG,16.7,2042100000.0,17.73,None,1.223,118.14,,None,832800000,832800000,,,,,,,,,600000,39900000,None,21497000,21497000,645300000,None,None,408600000,None,None,34920000,,0.04,0.0001,,,,0.818,0.32,335055000,369975000,5.78,2023-03-31,10.06,2648900000,1055700000.0,894995000,189652000,70583000,1866100000,1866100000,None,37426000,None,1710100000,None,None,2535900000,None,2346200000,119069000,None,None,None,0.288,,559940000,335055000,-1710100000,645300000,None,485700000,None,,,,,0.629,2.491,4.119,,,,,,,,0.26,,67100000,2025-11-03,quarterly,6.1,USD,pre-market,None,5852300000,0.0356,0.162,0.022,70.24,528038000,2535900000,30800000,457700000,212.91,259.77,5.5363,8895800000,1699100000,645300000,4143200000,7196700000,3497900000,916492000,3271900000,17.73,-2966600000,299.69,139.2
2025-12-28,AMG,16.7,2042100000.0,17.73,None,1.223,118.14,,None,429200000,429200000,,,,,,,,,600000,46000000,None,21497000,21497000,778300000,None,None,316000000,None,None,34920000,,0.04,0.0001,,,,0.818,0.32,335055000,369975000,5.78,2022-12-31,10.06,2648700000,1055700000.0,894995000,189652000,70583000,1876000000,1876000000,None,37426000,None,1473700000,None,None,2535300000,None,2561100000,119069000,None,None,None,0.288,,559940000,335055000,-1473700000,-503200000,None,461700000,None,,,,,0.629,2.491,4.119,,,,,,,,0.26,,68500000,2025-11-03,quarterly,6.1,USD,pre-market,None,5718200000,0.0356,0.162,0.022,70.24,528038000,2573800000,38500000,716900000,212.91,259.77,5.5363,8881000000,1462100000,778300000,4240000000,7418900000,3461700000,916492000,3230300000,17.73,-2980600000,299.69,139.2
2025-12-28,AMG,16.7,2042100000.0,17.73,None,1.223,118.14,,None,622900000,622900000,,,,,,,,,600000,43500000,None,21497000,21497000,569100000,None,None,377700000,None,None,34920000,,0.04,0.0001,,,,0.818,0.32,335055000,369975000,5.78,2022-09-30,10.06,2627900000,1055700000.0,894995000,189652000,70583000,1864100000,1864100000,None,37426000,None,1194000000,None,None,2534800000,None,2400500000,119069000,None,None,None,0.288,,559940000,335055000,-1194000000,569100000,None,692600000,None,,,,,0.629,2.491,4.119,,,,,,,,0.26,,70100000,2025-11-03,quarterly,6.1,USD,pre-market,None,4940700000,0.0356,0.162,0.022,70.24,528038000,2534800000,10000000,183700000,212.91,259.77,5.5363,8430200000,1184300000,569100000,4288200000,7245900000,3719100000,916492000,2766200000,17.73,-2670800000,299.69,139.2
2025-12-28,AMG,16.7,2042100000.0,17.73,None,1.223,118.14,,None,606800000,606800000,,,,,,,,,600000,44500000,None,21497000,21497000,548300000,None,None,399200000,None,None,34920000,,0.04,0.0001,,,,0.818,0.32,335055000,369975000,5.78,2022-06-30,10.06,2660000000,1055700000.0,894995000,189652000,70583000,1905200000,1905200000,None,37426000,None,1081700000,None,None,2534300000,None,2488800000,119069000,None,None,None,0.288,,559940000,335055000,-1081700000,548300000,None,700900000,None,,,,,0.629,2.491,4.119,,,,,,,,0.26,,71300000,2025-11-03,quarterly,6.1,USD,pre-market,None,4828500000,0.0356,0.162,0.022,70.24,528038000,2534300000,20700000,66600000,212.91,259.77,5.5363,8468700000,1072600000,548300000,4277100000,7396100000,3728800000,916492000,2741000000,17.73,-2594200000,299.69,139.2
2025-12-28,AMG,16.7,2042100000.0,17.73,None,1.223,118.14,,None,501000000,501000000,,,,,,,,,600000,46900000,None,21497000,21497000,551600000,None,None,465800000,None,None,34920000,,0.04,0.0001,,,,0.818,0.32,335055000,369975000,5.78,2022-03-31,10.06,2683700000,1055700000.0,894995000,189652000,70583000,1943300000,1943300000,None,37426000,None,1055600000,None,None,2577900000,None,2589300000,119069000,None,None,None,0.288,,559940000,335055000,-1055600000,551600000,None,723600000,None,,,,,0.629,2.491,4.119,,,,,,,,0.26,,73900000,2025-11-03,quarterly,6.1,USD,pre-market,None,4719400000,0.0356,0.162,0.022,70.24,528038000,2577900000,0,81100000,212.91,259.77,5.5363,8570800000,1047900000,551600000,4338800000,7522900000,3787200000,916492000,2668800000,17.73,-2515400000,299.69,139.2
2025-12-28,AMG,16.7,2042100000.0,17.73,None,1.223,118.14,,None,908500000,908500000,,,,,,,,,600000,43900000,None,21497000,21497000,-38900000,None,None,419200000,None,None,34920000,,0.04,0.0001,,,,0.818,0.32,335055000,369975000,5.78,2021-12-31,10.06,2689200000,1055700000.0,894995000,189652000,70583000,1966400000,1966400000,None,37426000,None,1,None,None,2490400000,None,2509600000,119069000,None,None,None,0.288,,559940000,335055000,-1415200000,247000000,None,709200000,None,,,,,0.629,2.491,4.119,,,,,,,,0.26,,73900000,2025-11-03,quarterly,6.1,USD,pre-market,None,4569500000,0.0356,0.162,0.022,70.24,528038000,2529300000,38900000,78500000,212.91,259.77,5.5363,8876400000,1406200000,789100000,4491900000,7470200000,3702800000,916492000,2786400000,17.73,-2347400000,299.69,139.2
2025-12-28,AMG,16.7,2042100000.0,17.73,None,1.223,118.14,,None,1128000000,1128000000,,,,,,,,,600000,44300000,None,21497000,21497000,690200000,None,None,492500000,None,None,34920000,,0.04,0.0001,,,,0.818,0.32,335055000,369975000,5.78,2021-09-30,10.06,2658500000,1055700000.0,894995000,189652000,70583000,1018200000,1018200000,None,37426000,None,1,None,None,2491800000,None,2442300000,119069000,None,None,None,0.288,,559940000,335055000,-1705900000,689100000,None,463300000,None,,,,,0.629,2.491,4.119,,,,,,,,0.26,,74200000,2025-11-03,quarterly,6.1,USD,pre-market,None,4391500000,0.0356,0.162,0.022,70.24,528038000,2492900000,1100000,75800000,212.91,259.77,5.5363,8107600000,1696300000,690200000,4159200000,6411300000,3469000000,916492000,2636900000,17.73,-2227500000,299.69,139.2
2025-12-28,AMG,16.7,2042100000.0,17.73,None,1.223,118.14,,None,777900000,777900000,,,,,,,,,600000,44600000,None,21497000,21497000,843500000,None,None,711800000,None,None,34920000,,0.04,0.0001,,,,0.818,0.32,335055000,369975000,5.78,2021-06-30,10.06,2669700000,1055700000.0,894995000,189652000,70583000,1036800000,1036800000,None,37426000,None,1562100000,None,None,2299300000,None,2431200000,119069000,None,None,None,0.288,,559940000,335055000,-1562100000,842300000,None,468200000,None,,,,,0.629,2.491,4.119,,,,,,,,0.26,,75800000,2025-11-03,quarterly,6.1,USD,pre-market,None,4263400000,0.0356,0.162,0.022,70.24,528038000,2300500000,1200000,62800000,212.91,259.77,5.5363,8021700000,1552500000,843500000,4108100000,6469200000,3264600000,916492000,2609600000,17.73,-2128900000,299.69,139.2
2025-12-28,AMG,16.7,2042100000.0,17.73,None,1.223,118.14,,None,766200000,766200000,,,,,,,,,600000,45400000,None,21497000,21497000,543500000,None,None,509300000,None,None,34920000,,0.04,0.0001,,,,0.818,0.32,335055000,369975000,5.78,2021-03-31,10.06,2666200000,1055700000.0,894995000,189652000,70583000,1044300000,1044300000,None,37426000,None,-13100000,None,None,2303100000,None,2292200000,119069000,None,None,None,0.288,,559940000,335055000,13100000,542100000,None,483200000,None,,,,,0.629,2.491,4.119,,,,,,,,0.26,,76100000,2025-11-03,quarterly,6.1,USD,pre-market,None,4154900000,0.0356,0.162,0.022,70.24,528038000,2304500000,1400000,108800000,212.91,259.77,5.5363,7680600000,1384300000,543500000,3762700000,6296300000,3219200000,916492000,2651200000,17.73,-2050200000,299.69,139.2
2025-12-28,AMG,16.7,2042100000.0,17.73,None,1.223,118.14,,None,1039700000,1039700000,,,,,,,,,600000,45400000,None,21497000,21497000,-423400000,None,None,421600000,None,None,34920000,,0.04,0.0001,,,,0.818,0.32,335055000,369975000,5.78,2020-12-31,10.06,2661400000,1055700000.0,894995000,189652000,70583000,1048800000,1048800000,None,37426000,None,1,None,None,2312100000,None,2332000000,119069000,None,None,None,0.288,,559940000,335055000,13099999,-1599600000,None,452200000,None,,,,,0.629,2.491,4.119,,,,,,,,0.26,,79600000,2025-11-03,quarterly,6.1,USD,pre-market,None,4005500000,0.0356,0.162,0.022,70.24,528038000,4624100000,2312000000,74900000,212.91,259.77,5.5363,7888900000,1536200000,712400000,4571600000,6352700000,3859200000,916492000,2779700000,17.73,-1857000000,299.69,139.2
2025-12-28,AMG,16.7,2042100000.0,17.73,None,1.223,118.14,,None,929400000,929400000,,,,,,,,,600000,46500000,None,21497000,21497000,514800000,None,349800000,404800000,None,None,34920000,,0.04,0.0001,,,,0.818,0.32,335055000,369975000,5.78,2020-09-30,10.06,2638800000,1055700000.0,894995000,189652000,70583000,1035200000,1035200000,None,37426000,None,1,None,None,2310800000,None,2198200000,119069000,None,None,None,0.288,,559940000,335055000,17199999,165000000,None,463100000,None,,,,,0.629,2.491,4.119,,,,,,,,0.26,,81600000,2025-11-03,quarterly,6.1,USD,pre-market,None,3890100000,0.0356,0.162,0.022,70.24,528038000,2660600000,349800000,68200000,212.91,259.77,5.5363,7669500000,1402400000,514800000,3689100000,6267100000,3174300000,916492000,2848900000,17.73,-1651000000,299.69,139.2
2025-12-28,AMG,16.7,2042100000.0,17.73,None,1.223,118.14,,None,681600000,681600000,,,,,,,,,600000,47300000,None,21497000,21497000,-349700000,None,349700000,497100000,None,None,34920000,,0.04,0.0001,,,,0.818,0.32,335055000,369975000,5.78,2020-06-30,10.06,2627600000,1055700000.0,894995000,189652000,70583000,1052300000,1052300000,None,37426000,None,-13300000,None,None,2042800000,None,2195000000,119069000,None,None,None,0.288,,559940000,335055000,13300000,184500000,None,468500000,None,,,,,0.629,2.491,4.119,,,,,,,,0.26,,85800000,2025-11-03,quarterly,6.1,USD,pre-market,None,3819300000,0.0356,0.162,0.022,70.24,528038000,2392500000,349700000,61400000,212.91,259.77,5.5363,7496100000,1240100000,572500000,3472100000,6256000000,2899600000,916492000,2854700000,17.73,-1563000000,299.69,139.2
2025-12-28,AMG,16.7,2042100000.0,17.73,None,1.223,118.14,,None,592200000,592200000,,,,,,,,,600000,47800000,None,21497000,21497000,414000000,None,699700000,437300000,None,None,34920000,,0.04,0.0001,,,,0.818,0.32,335055000,369975000,5.78,2020-03-31,10.06,2621800000,1055700000.0,894995000,189652000,70583000,1133800000,1133800000,None,37426000,None,1,None,None,2044900000,None,2261600000,119069000,None,None,None,0.288,,559940000,335055000,13399999,-285700000,None,539300000,None,,,,,0.629,2.491,4.119,,,,,,,,0.26,,88900000,2025-11-03,quarterly,6.1,USD,pre-market,None,3789100000,0.0356,0.162,0.022,70.24,528038000,2744600000,699700000,54600000,212.91,259.77,5.5363,7498100000,1084100000,414000000,3407400000,6414000000,2993400000,916492000,2980000000,17.73,-1523900000,299.69,139.2
2025-12-28,AMG,16.7,2042100000.0,17.73,None,1.223,118.14,,None,539600000,539600000,,,,,,,,,600000,49100000,None,21497000,21497000,-899900000,None,449700000,417100000,None,None,34920000,,0.04,0.0001,,,,0.818,0.32,335055000,369975000,5.78,2019-12-31,10.06,2651700000,1055700000.0,894995000,189652000,70583000,1182000000,1182000000,None,37426000,None,1,None,None,1793800000,None,2407400000,119069000,None,None,None,0.288,,559940000,335055000,53699999,634600000,None,359100000,None,,,,,0.629,2.491,4.119,,,,,,,,0.26,,92300000,2025-11-03,quarterly,6.1,USD,pre-market,None,3819800000,0.0356,0.162,0.022,70.24,528038000,2243500000,449700000,59400000,212.91,259.77,5.5363,7653500000,1016100000,634600000,3237700000,6637400000,2603100000,916492000,2937500000,17.73,-1481300000,299.69,139.2
2025-12-28,AMG,16.7,2042100000.0,17.73,None,1.223,118.14,,None,402500000,402500000,,,,,,,,,600000,50400000,None,21497000,21497000,648000000,None,None,485100000,None,None,34920000,,0.04,0.0001,,,,0.818,0.32,335055000,369975000,5.78,2019-09-30,10.06,2629800000,1055700000.0,894995000,189652000,70583000,1222600000,1222600000,None,37426000,None,1,None,None,1792600000,None,2564900000,119069000,None,None,None,0.288,,559940000,335055000,100199999,648000000,None,346500000,None,,,,,0.629,2.491,4.119,,,,,,,,0.26,,92900000,2025-11-03,quarterly,6.1,USD,pre-market,None,3813600000,0.0356,0.162,0.022,70.24,528038000,1792600000,8700000,30600000,212.91,259.77,5.5363,7679000000,918200000,648000000,3198700000,6760800000,2550700000,916492000,3070000000,17.73,-1361800000,299.69,139.2
2025-12-28,AMG,16.7,2042100000.0,17.73,None,1.223,118.14,,None,360000000,360000000,,,,,,,,,600000,51000000,None,21497000,21497000,607100000,None,None,528700000,None,None,34920000,,0.04,0.0001,,,,0.818,0.32,335055000,369975000,5.78,2019-06-30,10.06,2639500000,1055700000.0,894995000,189652000,70583000,1257100000,1257100000,None,37426000,None,1,None,None,1791400000,None,2539900000,119069000,None,None,None,0.288,,559940000,335055000,85699999,-552200000,None,354600000,None,,,,,0.629,2.491,4.119,,,,,,,,0.26,,99800000,2025-11-03,quarterly,6.1,USD,pre-market,None,3743700000,0.0356,0.162,0.022,70.24,528038000,1791400000,17400000,33900000,212.91,259.77,5.5363,7727800000,922600000,607100000,3174800000,6805200000,2567700000,916492000,3225300000,17.73,-1259700000,299.69,139.2
2025-12-28,AMG,16.7,2042100000.0,17.73,None,1.223,118.14,,None,305200000,305200000,,,,,,,,,600000,51900000,None,21497000,21497000,576500000,None,25000000,535500000,None,None,34920000,,0.04,0.0001,,,,0.818,0.32,335055000,369975000,5.78,2019-03-31,10.06,2642400000,1055700000.0,894995000,189652000,70583000,1289500000,1289500000,None,37426000,None,-58800000,None,None,1780700000,None,2526000000,119069000,None,None,None,0.288,,559940000,335055000,58800000,42400000,None,386200000,None,,,,,0.629,2.491,4.119,,,,,,,,0.26,,102300000,2025-11-03,quarterly,6.1,USD,pre-market,None,3652600000,0.0356,0.162,0.022,70.24,528038000,1805700000,25000000,36400000,212.91,259.77,5.5363,7677000000,877100000,576500000,3161900000,6799900000,2585400000,916492000,3140400000,17.73,-1210300000,299.69,139.2
2025-12-28,AMG,16.7,2042100000.0,17.73,None,1.223,118.14,,None,565500000,565500000,,,,,,,,,600000,52500000,None,21497000,21497000,746600000,None,None,400600000,None,None,34920000,,0.04,0.0001,,,,0.818,0.32,335055000,369975000,5.78,2018-12-31,10.06,2633400000,1055700000.0,894995000,189652000,70583000,1309900000,1309900000,None,37426000,None,-82300000,None,None,1829600000,None,2992100000,119069000,None,None,None,0.288,,559940000,335055000,82300000,-42900000,None,162700000,None,,,,,0.629,2.491,4.119,,,,,,,,0.26,,104300000,2025-11-03,quarterly,6.1,USD,pre-market,None,3876800000,0.0356,0.162,0.022,70.24,528038000,2298300000,468700000,119300000,212.91,259.77,5.5363,8219100000,966100000,746600000,3250500000,7253000000,2503900000,916492000,3457400000,17.73,-1146600000,299.69,139.2
2025-12-28,AMG,16.7,2042100000.0,17.73,None,1.223,118.14,,None,448100000,448100000,,,,,,,,,600000,55400000,None,21497000,21497000,761600000,None,None,524500000,None,None,34920000,,0.04,0.0001,,,,0.818,0.32,335055000,369975000,5.78,2018-09-30,10.06,2648400000,1055700000.0,894995000,189652000,70583000,1357400000,1357400000,None,37426000,None,1,None,None,1841400000,None,3055300000,119069000,None,None,None,0.288,,559940000,335055000,18799999,4500000,None,166500000,None,,,,,0.629,2.491,4.119,,,,,,,,0.26,,104800000,2025-11-03,quarterly,6.1,USD,pre-market,None,4044100000,0.0356,0.162,0.022,70.24,528038000,1841400000,None,144100000,212.91,259.77,5.5363,8538800000,1116700000,761600000,3248700000,7422100000,2487100000,916492000,3618200000,17.73,-1074300000,299.69,139.2
2025-12-28,AMG,16.7,2042100000.0,17.73,None,1.223,118.14,,None,392800000,392800000,,,,,,,,,600000,54200000,None,21497000,21497000,662900000,None,1882600000,485900000,None,None,34920000,,0.04,0.0001,,,,0.818,0.32,335055000,369975000,5.78,2018-06-30,10.06,2648600000,1055700000.0,894995000,189652000,70583000,1393300000,1393300000,None,37426000,None,-16900000,None,None,1882600000,None,3134000000,119069000,None,None,None,0.288,,559940000,335055000,16900000,1100000,None,162400000,None,,,,,0.629,2.491,4.119,,,,,,,,0.26,,109200000,2025-11-03,quarterly,6.1,USD,pre-market,None,3935500000,0.0356,0.162,0.022,70.24,528038000,1882600000,1882600000,84100000,212.91,259.77,5.5363,8490500000,878700000,662900000,3179600000,7611800000,2516700000,916492000,3639300000,17.73,-969800000,299.69,139.2
2025-12-28,AMG,16.7,2042100000.0,17.73,None,1.223,118.14,,None,334200000,334200000,,,,,,,,,600000,57000000,None,21497000,21497000,667300000,None,1861500000,532200000,None,None,34920000,,0.04,0.0001,,,,0.818,0.32,335055000,369975000,5.78,2018-03-31,10.06,2667300000,1055700000.0,894995000,189652000,70583000,1443100000,1443100000,None,37426000,None,1,None,None,1861500000,None,3177000000,119069000,None,None,None,0.288,,559940000,335055000,18399999,1300000,None,216300000,None,,,,,0.629,2.491,4.119,,,,,,,,0.26,,111300000,2025-11-03,quarterly,6.1,USD,pre-market,None,3834900000,0.0356,0.162,0.022,70.24,528038000,1861500000,1861500000,81000000,212.91,259.77,5.5363,8584200000,866400000,667300000,3220000000,7717800000,2552700000,916492000,3677000000,17.73,-821800000,299.69,139.2
2025-12-28,AMG,16.7,2042100000.0,17.73,None,1.223,118.14,,None,439500000,439500000,,,,,,,,,600000,58000000,None,21497000,21497000,807200000,None,1854700000,433800000,None,None,34920000,,0.04,0.0001,,,,0.818,0.32,335055000,369975000,5.78,2017-12-31,10.06,2662500000,1055700000.0,894995000,189652000,70583000,1449700000,1449700000,None,37426000,None,1,None,None,1854700000,None,3469700000,119069000,None,None,None,0.288,,559940000,335055000,12600000,-93000000,None,182400000,None,,,,,0.629,2.491,4.119,,,,,,,,0.26,,111000000,2025-11-03,quarterly,6.1,USD,pre-market,None,3698500000,0.0356,0.162,0.022,70.24,528038000,2229100000,374400000,77800000,212.91,259.77,5.5363,8702100000,951100000,807200000,3311700000,7751000000,2504500000,916492000,3822200000,17.73,-663700000,299.69,139.2
2025-12-28,AMG,16.7,2042100000.0,17.73,None,1.223,118.14,,None,374700000,374700000,,,,,,,,,600000,58300000,None,21497000,21497000,698300000,None,1913600000,487400000,None,None,34920000,,0.04,0.0001,,,,0.818,0.32,335055000,369975000,5.78,2017-09-30,10.06,2661800000,1055700000.0,894995000,189652000,70583000,1467200000,1467200000,None,37426000,None,-11600000,None,None,1913600000,None,3451300000,119069000,None,None,None,0.288,,559940000,335055000,11600000,1000000,None,178300000,None,,,,,0.629,2.491,4.119,,,,,,,,0.26,,111700000,2025-11-03,quarterly,6.1,USD,pre-market,None,3394400000,0.0356,0.162,0.022,70.24,528038000,1913600000,1913600000,92400000,212.91,259.77,5.5363,8701400000,954500000,698300000,3492500000,7746900000,2794200000,916492000,3627500000,17.73,-566100000,299.69,139.2
2025-12-28,AMG,16.7,2042100000.0,17.73,None,1.223,118.14,,None,364600000,364600000,,,,,,,,,600000,58700000,None,21497000,21497000,618300000,None,2032400000,440300000,None,None,34920000,,0.04,0.0001,,,,0.818,0.32,335055000,369975000,5.78,2017-06-30,10.06,2647500000,1055700000.0,894995000,189652000,70583000,1476100000,1476100000,None,37426000,None,1,None,None,2032400000,None,3430500000,119069000,None,None,None,0.288,,559940000,335055000,14699999,1200000,None,203600000,None,,,,,0.629,2.491,4.119,,,,,,,,0.26,,109700000,2025-11-03,quarterly,6.1,USD,pre-market,None,3280300000,0.0356,0.162,0.022,70.24,528038000,2032400000,2032400000,103600000,212.91,259.77,5.5363,8632300000,908500000,618300000,3531300000,7723800000,2913000000,916492000,3600000000,17.73,-498800000,299.69,139.2
2025-12-28,AMG,16.7,2042100000.0,17.73,None,1.223,118.14,,None,293600000,293600000,,,,,,,,,600000,59200000,None,21497000,21497000,541600000,None,2026000000,449000000,None,None,34920000,,0.04,0.0001,,,,0.818,0.32,335055000,369975000,5.78,2017-03-31,10.06,2633700000,1055700000.0,894995000,189652000,70583000,1482400000,1482400000,None,37426000,None,1,None,None,2026000000,None,3447600000,119069000,None,None,None,0.288,,559940000,335055000,23399999,100000,None,253300000,None,,,,,0.629,2.491,4.119,,,,,,,,0.26,,109100000,2025-11-03,quarterly,6.1,USD,pre-market,None,3165400000,0.0356,0.162,0.022,70.24,528038000,2026000000,2026000000,115500000,212.91,259.77,5.5363,8590100000,858100000,541600000,3487600000,7732000000,2946000000,916492000,3584900000,17.73,-397600000,299.69,139.2
2025-12-28,AMG,16.7,2042100000.0,17.73,None,1.223,118.14,,None,430800000,430800000,,,,,,,,,600000,57800000,None,21497000,21497000,729300000,None,2109600000,383300000,None,None,34920000,,0.04,0.0001,,,,0.818,0.32,335055000,369975000,5.78,2016-12-31,10.06,2628100000,1055700000.0,894995000,189652000,70583000,1497400000,1497400000,None,37426000,None,-23500000,None,None,2109600000,None,3515800000,119069000,None,None,None,0.288,,559940000,335055000,23500000,-87700000,None,149400000,None,,,,,0.629,2.491,4.119,,,,,,,,0.26,,110100000,2025-11-03,quarterly,6.1,USD,pre-market,None,3054400000,0.0356,0.162,0.022,70.24,528038000,2682700000,573100000,122400000,212.91,259.77,5.5363,8749100000,936500000,729300000,3649100000,7812600000,2919800000,916492000,3619600000,17.73,-386000000,299.69,139.2
2025-12-28,AMG,16.7,2042100000.0,17.73,None,1.223,118.14,,None,422000000,422000000,,,,,,,,,600000,56600000,None,21497000,21497000,579400000,None,None,387100000,None,None,34920000,,0.04,0.0001,,,,0.818,0.32,335055000,369975000,5.78,2016-09-30,10.06,2644300000,1055700000.0,894995000,189652000,70583000,1546300000,1546300000,None,37426000,None,1,None,None,2113300000,None,2939600000,119069000,None,None,None,0.288,,559940000,335055000,20199999,-579400000,None,170300000,None,,,,,0.629,2.491,4.119,,,,,,,,0.26,,113400000,2025-11-03,quarterly,6.1,USD,pre-market,None,2902700000,0.0356,0.162,0.022,70.24,528038000,2113300000,None,213200000,212.91,259.77,5.5363,8323400000,1022300000,579400000,3515100000,7301100000,2935700000,916492000,3182700000,17.73,-413500000,299.69,139.2
2025-12-28,AMG,16.7,2042100000.0,17.73,None,1.223,118.14,,None,360400000,360400000,,,,,,,,,600000,56500000,None,21497000,21497000,578100000,None,None,471800000,None,None,34920000,,0.04,0.0001,,,,0.818,0.32,335055000,369975000,5.78,2016-06-30,10.06,2653500000,1055700000.0,894995000,189652000,70583000,1584400000,1584400000,None,37426000,None,-16900000,None,None,2136900000,None,2592900000,119069000,None,None,None,0.288,,559940000,335055000,16900000,-577300000,None,179700000,None,,,,,0.629,2.491,4.119,,,,,,,,0.26,,112100000,2025-11-03,quarterly,6.1,USD,pre-market,None,2891300000,0.0356,0.162,0.022,70.24,528038000,2136900000,None,203600000,212.91,259.77,5.5363,8034700000,1035800000,578100000,3505200000,6998900000,2927100000,916492000,2918700000,17.73,-424600000,299.69,139.2
2025-12-28,AMG,16.7,2042100000.0,17.73,None,1.223,118.14,,None,297600000,297600000,,,,,,,,,600000,56500000,None,21497000,21497000,571000000,None,None,495500000,None,None,34920000,,0.04,0.0001,,,,0.818,0.32,335055000,369975000,5.78,2016-03-31,10.06,2672300000,1055700000.0,894995000,189652000,70583000,1647600000,1647600000,None,37426000,None,-17200000,None,None,2300800000,None,2602900000,119069000,None,None,None,0.288,,559940000,335055000,17200000,-6300000,None,189700000,None,,,,,0.629,2.491,4.119,,,,,,,,0.26,,113100000,2025-11-03,quarterly,6.1,USD,pre-market,None,2783800000,0.0356,0.162,0.022,70.24,528038000,2300800000,None,208200000,212.91,259.77,5.5363,8091300000,1001300000,571000000,3660600000,7090000000,3089600000,916492000,2868300000,17.73,-430800000,299.69,139.2
2025-12-28,AMG,16.7,2042100000.0,17.73,None,1.223,118.14,,None,563800000,563800000,,,,,,,,,600000,56700000,None,21497000,21497000,729400000,None,1879400000,391200000,None,None,34920000,,0.04,0.0001,,,,0.818,0.32,335055000,369975000,5.78,2015-12-31,10.06,2668400000,1055700000.0,894995000,189652000,70583000,1686400000,1686400000,None,37426000,None,-22600000,None,None,1894800000,None,2086400000,119069000,None,None,None,0.288,,559940000,335055000,22600000,-67900000,None,213300000,None,,,,,0.629,2.491,4.119,,,,,,,,0.26,,114100000,2025-11-03,quarterly,6.1,USD,pre-market,None,2679300000,0.0356,0.162,0.022,70.24,528038000,2392600000,497800000,199900000,212.91,259.77,5.5363,7784800000,1154900000,729400000,3403200000,6629900000,2673800000,916492000,2837100000,17.73,-421900000,299.69,139.2
2025-12-28,AMG,16.7,2042100000.0,17.73,None,1.223,118.14,,None,541700000,541700000,,,,,,,,,600000,57000000,None,21497000,21497000,699300000,None,None,466200000,None,None,34920000,,0.04,0.0001,,,,0.818,0.32,335055000,369975000,5.78,2015-09-30,10.06,2647300000,1055700000.0,894995000,189652000,70583000,1699700000,1699700000,None,37426000,None,0,None,None,1799200000,None,None,119069000,None,None,None,0.288,,559940000,335055000,None,-699100000,None,None,None,,,,,0.629,2.491,4.119,,,,,,,,0.26,,106900000,2025-11-03,quarterly,6.1,USD,pre-market,None,2529000000,0.0356,0.162,0.022,70.24,528038000,1799200000,None,171800000,212.91,259.77,5.5363,7535200000,1179700000,699300000,3234000000,6355500000,2534700000,916492000,2660500000,17.73,-396900000,299.69,139.2
2025-12-28,AMG,16.7,2042100000.0,17.73,None,1.223,118.14,,None,488500000,488500000,,,,,,,,,600000,57500000,None,21497000,21497000,632000000,None,None,482000000,None,None,34920000,,0.04,0.0001,,,,0.818,0.32,335055000,369975000,5.78,2015-06-30,10.06,2670000000,1055700000.0,894995000,189652000,70583000,1749800000,1749800000,None,37426000,None,-1500000,None,None,1863400000,None,1857800000,119069000,None,None,None,0.288,,559940000,335055000,1500000,-300000,None,229400000,None,,,,,0.629,2.491,4.119,,,,,,,,0.26,,97800000,2025-11-03,quarterly,6.1,USD,pre-market,None,2420000000,0.0356,0.162,0.022,70.24,528038000,1863700000,300000,261500000,212.91,259.77,5.5363,7678800000,1232000000,632000000,3297700000,6446800000,2665700000,916492000,2651100000,17.73,-346900000,299.69,139.2
2025-12-28,AMG,16.7,2042100000.0,17.73,None,1.223,118.14,,None,438200000,438200000,,,,,,,,,600000,57800000,None,21497000,21497000,577200000,None,None,514000000,None,None,34920000,,0.04,0.0001,,,,0.818,0.32,335055000,369975000,5.78,2015-03-31,10.06,2621200000,1055700000.0,894995000,189652000,70583000,1724700000,1724700000,None,37426000,None,1,None,None,1922800000,None,1836000000,119069000,None,None,None,0.288,,559940000,335055000,3199999,-500000,None,181300000,None,,,,,0.629,2.491,4.119,,,,,,,,0.26,,94900000,2025-11-03,quarterly,6.1,USD,pre-market,None,2291300000,0.0356,0.162,0.022,70.24,528038000,1923300000,500000,192900000,212.91,259.77,5.5363,7493900000,1145100000,577200000,3205900000,6348800000,2628700000,916492000,2557800000,17.73,-250500000,299.69,139.2
2025-12-28,AMG,16.7,2042100000.0,17.73,None,1.223,118.14,,None,550600000,550600000,,,,,,,,,600000,58500000,None,21497000,21497000,816800000,None,1894900000,425900000,None,None,34920000,,0.04,0.0001,,,,0.818,0.32,335055000,369975000,5.78,2014-12-31,10.06,2661500000,1055700000.0,894995000,189652000,70583000,1778400000,1778400000,None,37426000,None,-20800000,None,None,1894900000,None,1950700000,119069000,None,None,None,0.288,,559940000,335055000,20800000,-68300000,None,214500000,None,,,,,0.629,2.491,4.119,,,,,,,,0.26,,95400000,2025-11-03,quarterly,6.1,USD,pre-market,None,2163300000,0.0356,0.162,0.022,70.24,528038000,2318300000,423400000,172600000,212.91,259.77,5.5363,7706800000,1149100000,816800000,3409400000,6557700000,2592600000,916492000,2627000000,17.73,-240900000,299.69,139.2
2025-12-28,AMG,16.7,2042100000.0,17.73,None,1.223,118.14,,None,560200000,560200000,,,,,,,,,600000,58800000,None,21497000,21497000,735300000,None,None,524900000,None,None,34920000,,0.04,0.0001,,,,0.818,0.32,335055000,369975000,5.78,2014-09-30,10.06,2474600000,1055700000.0,894995000,189652000,70583000,1566600000,1566600000,None,37426000,None,0,None,None,1289300000,None,1428600000,119069000,None,None,None,0.288,,559940000,335055000,None,-735300000,None,201400000,None,,,,,0.629,2.491,4.119,,,,,,,,0.26,,93900000,2025-11-03,quarterly,6.1,USD,pre-market,None,1992700000,0.0356,0.162,0.022,70.24,528038000,1289300000,None,158100000,212.91,259.77,5.5363,6884200000,1243200000,735300000,2666600000,5641000000,1931300000,916492000,2595600000,17.73,-81800000,299.69,139.2
2025-12-28,AMG,16.7,2042100000.0,17.73,None,1.223,118.14,,None,374200000,374200000,,,,,,,,,600000,58700000,None,21497000,21497000,578500000,None,None,483000000,None,None,34920000,,0.04,0.0001,,,,0.818,0.32,335055000,369975000,5.78,2014-06-30,10.06,2491000000,1055700000.0,894995000,189652000,70583000,1609600000,1609600000,None,37426000,None,0,None,None,1338800000,None,None,119069000,None,None,None,0.288,,559940000,335055000,None,-578500000,None,None,None,,,,,0.629,2.491,4.119,,,,,,,,0.26,,95900000,2025-11-03,quarterly,6.1,USD,pre-market,None,1888400000,0.0356,0.162,0.022,70.24,528038000,1338800000,None,149000000,212.91,259.77,5.5363,6730200000,1006200000,578500000,2545400000,5724000000,1966900000,916492000,2545900000,17.73,-65400000,299.69,139.2
2025-12-28,AMG,16.7,2042100000.0,17.73,None,1.223,118.14,,None,747100000,747100000,,,,,,,,,600000,55200000,None,21497000,21497000,509500000,None,None,486300000,None,None,34920000,,0.04,0.0001,,,,0.818,0.32,335055000,369975000,5.78,2014-03-31,10.06,2385900000,1055700000.0,894995000,189652000,70583000,1561100000,1561100000,None,37426000,None,0,None,None,1438300000,None,1132800000,119069000,None,None,None,0.288,,559940000,335055000,0,-509500000,None,237400000,None,,,,,0.629,2.491,4.119,,,,,,,,0.26,,93100000,2025-11-03,quarterly,6.1,USD,pre-market,None,1788400000,0.0356,0.162,0.022,70.24,528038000,1438300000,None,136000000,212.91,259.77,5.5363,6620900000,1369400000,509500000,2584600000,5251500000,2075100000,916492000,2430400000,17.73,-101600000,299.69,139.2
2025-12-28,AMG,16.7,2042100000.0,17.73,None,1.223,118.14,,None,469600000,469600000,,,,,,,,,500000,59100000,None,21497000,21497000,430200000,None,None,390300000,None,None,34920000,,0.04,0.0001,,,,0.818,0.32,335055000,369975000,5.78,2013-12-31,10.06,2341700000,1055700000.0,894995000,189652000,70583000,1460700000,1460700000,None,37426000,None,54300000,None,None,1383700000,None,1287600000,119069000,None,None,None,0.288,,559940000,335055000,21800000,418200000,None,177000000,None,,,,,0.629,2.491,4.119,,,,,,,,0.26,,92300000,2025-11-03,quarterly,6.1,USD,pre-market,None,1711200000,0.0356,0.162,0.022,70.24,528038000,2167800000,784100000,157900000,212.91,259.77,5.5363,6318800000,1093900000,521200000,2532300000,5224900000,2011100000,916492000,2134200000,17.73,-131400000,299.69,139.2
2025-12-28,AMG,16.7,2042100000.0,17.73,None,1.223,118.14,,None,522400000,522400000,,,,,,,,,500000,56900000,None,21497000,21497000,387800000,None,None,429200000,None,None,34920000,,0.04,0.0001,,,,0.818,0.32,335055000,369975000,5.78,2013-09-30,10.06,2345900000,1055700000.0,894995000,189652000,70583000,1485400000,1485400000,None,37426000,None,0,None,None,915000000,None,982500000,119069000,None,None,None,0.288,,559940000,335055000,62900000,195000000,None,685200000,None,,,,,0.629,2.491,4.119,,,,,,,,0.26,,88100000,2025-11-03,quarterly,6.1,USD,pre-market,None,1553000000,0.0356,0.162,0.022,70.24,528038000,915000000,None,132900000,212.91,259.77,5.5363,6261100000,1147400000,582800000,2644400000,5113700000,2061600000,916492000,2032300000,17.73,-132600000,299.69,139.2
2025-12-28,AMG,16.7,2042100000.0,17.73,None,1.223,118.14,,None,413800000,413800000,,,,,,,,,500000,54600000,None,21497000,21497000,287000000,None,None,379700000,None,None,34920000,,0.04,0.0001,,,,0.818,0.32,335055000,369975000,5.78,2013-06-30,10.06,2334700000,1055700000.0,894995000,189652000,70583000,1502300000,1502300000,None,37426000,None,1,None,None,1361900000,None,None,119069000,None,None,None,0.288,,559940000,335055000,59300000,136700000,None,None,None,,,,,0.629,2.491,4.119,,,,,,,,0.26,,84100000,2025-11-03,quarterly,6.1,USD,pre-market,None,1477800000,0.0356,0.162,0.022,70.24,528038000,844800000,None,120100000,212.91,259.77,5.5363,6072700000,972900000,423700000,2460500000,5099800000,2036800000,916492000,2154800000,17.73,-143600000,299.69,139.2
2025-12-28,AMG,16.7,2042100000.0,17.73,None,1.223,118.14,,None,335000000,335000000,,,,,,,,,500000,54200000,None,21497000,21497000,237000000,None,None,532600000,None,None,34920000,,0.04,0.0001,,,,0.818,0.32,335055000,369975000,5.78,2013-03-31,10.06,2342100000,1055700000.0,894995000,189652000,70583000,1535400000,1535400000,None,37426000,None,-18799999,None,None,1460300000,None,None,119069000,None,None,None,0.288,,559940000,335055000,61200000,302200000,None,None,None,,,,,0.629,2.491,4.119,,,,,,,,0.26,,83100000,2025-11-03,quarterly,6.1,USD,pre-market,None,1413100000,0.0356,0.162,0.022,70.24,528038000,944000000,None,135500000,212.91,259.77,5.5363,6225100000,1064300000,539200000,2675100000,5160800000,2135900000,916492000,2130900000,17.73,-158400000,299.69,139.2
2025-12-28,AMG,16.7,2042100000.0,17.73,None,1.223,118.14,,None,430400000,430400000,,,,,,,,,500000,55500000,None,21497000,21497000,59500000,None,None,295600000,None,None,34920000,,0.04,0.0001,,,,0.818,0.32,335055000,369975000,5.78,2012-12-31,10.06,2355200000,1055700000.0,894995000,189652000,70583000,1585500000,1585500000,None,37426000,None,-36900000,None,None,1630600000,None,None,119069000,None,None,None,0.288,,559940000,335055000,94300000,290100000,None,None,None,,,,,0.629,2.491,4.119,,,,,,,,0.26,,81500000,2025-11-03,quarterly,6.1,USD,pre-market,None,1350700000,0.0356,0.162,0.022,70.24,528038000,1630600000,None,128900000,212.91,259.77,5.5363,6187100000,912300000,363300000,2668200000,5316800000,2304900000,916492000,2084200000,17.73,-214600000,299.69,139.2
2025-12-28,AMG,16.7,2042100000.0,17.73,None,1.223,118.14,,None,372600000,372600000,,,,,,,,,500000,53000000,None,21497000,21497000,362200000,None,None,294300000,None,None,34920000,,0.04,0.0001,,,,0.818,0.32,335055000,369975000,5.78,2012-09-30,10.06,2353300000,1055700000.0,894995000,189652000,70583000,1615300000,1615300000,None,37426000,None,0,None,None,1606300000,None,None,119069000,None,None,None,0.288,,559940000,335055000,61300000,10700000,None,None,None,,,,,0.629,2.491,4.119,,,,,,,,0.26,,72400000,2025-11-03,quarterly,6.1,USD,pre-market,None,1275600000,0.0356,0.162,0.022,70.24,528038000,1091500000,None,109900000,212.91,259.77,5.5363,6030800000,838100000,372900000,2663000000,5192700000,2290100000,916492000,1931000000,17.73,-266400000,299.69,139.2
2025-12-28,AMG,16.7,2042100000.0,17.73,None,1.223,118.14,,None,311000000,311000000,,,,,,,,,500000,52700000,None,21497000,21497000,314500000,None,None,43700000,None,None,34920000,,0.04,0.0001,,,,0.818,0.32,335055000,369975000,5.78,2012-06-30,10.06,2342000000,1055700000.0,894995000,189652000,70583000,1631200000,1631200000,None,37426000,None,0,None,None,1401800000,None,None,119069000,None,None,None,0.288,,559940000,335055000,66700000,15800000,None,None,None,,,,,0.629,2.491,4.119,,,,,,,,0.26,,70900000,2025-11-03,quarterly,6.1,USD,pre-market,None,1220700000,0.0356,0.162,0.022,70.24,528038000,887800000,None,105600000,212.91,259.77,5.5363,5614700000,775500000,330300000,2395600000,4839200000,2065300000,916492000,1857600000,17.73,-312200000,299.69,139.2
2025-12-28,AMG,16.7,2042100000.0,17.73,None,1.223,118.14,,None,393700000,393700000,,,,,,,,,500000,52900000,None,21497000,21497000,329900000,None,None,80700000,None,None,34920000,,0.04,0.0001,,,,0.818,0.32,335055000,369975000,5.78,2012-03-31,10.06,2125800000,1055700000.0,894995000,189652000,70583000,1298800000,1298800000,None,37426000,None,0,None,None,1202500000,None,None,119069000,None,None,None,0.288,,559940000,335055000,73600000,17100000,None,None,None,,,,,0.629,2.491,4.119,,,,,,,,0.26,,70200000,2025-11-03,quarterly,6.1,USD,pre-market,None,1214100000,0.0356,0.162,0.022,70.24,528038000,689200000,None,122600000,212.91,259.77,5.5363,5209900000,895200000,347000000,2226700000,4314700000,1879700000,916492000,1862400000,17.73,-300100000,299.69,139.2
2025-12-28,AMG,16.7,2042100000.0,17.73,None,1.223,118.14,,None,449500000,449500000,,,,,,,,,500000,52600000,None,21497000,21497000,90100000,None,None,249400000,None,None,34920000,,0.04,0.0001,,,,0.818,0.32,335055000,369975000,5.78,2011-12-31,10.06,2117300000,1055700000.0,894995000,189652000,70583000,1321100000,1321100000,None,37426000,None,0,None,None,1198200000,None,None,119069000,None,None,None,0.288,,559940000,335055000,77100000,327500000,None,None,None,,,,,0.629,2.491,4.119,,,,,,,,0.26,,69100000,2025-11-03,quarterly,6.1,USD,pre-market,None,1176700000,0.0356,0.162,0.022,70.24,528038000,685600000,None,100400000,212.91,259.77,5.5363,5218900000,876400000,417600000,2267500000,4342500000,1849900000,916492000,1866000000,17.73,-288700000,299.69,139.2
2025-12-28,AMG,16.7,2042100000.0,17.73,None,1.223,118.14,,None,323300000,323300000,,,,,,,,,500000,53000000,None,21497000,21497000,323000000,None,None,276800000,None,None,34920000,,0.04,0.0001,,,,0.818,0.32,335055000,369975000,5.78,2011-09-30,10.06,2116100000,1055700000.0,894995000,189652000,70583000,1352100000,1352100000,None,37426000,None,-2500000,None,None,210000000,None,603000000,119069000,None,None,None,0.288,,559940000,335055000,76800000,369000000,None,1167400000,None,,,,,0.629,2.491,4.119,,,,,,,,0.26,,64800000,2025-11-03,quarterly,6.1,USD,pre-market,None,1136400000,0.0356,0.162,0.022,70.24,528038000,642200000,None,80300000,212.91,259.77,5.5363,5131800000,757200000,369000000,2235900000,4374600000,1866900000,916492000,1805600000,17.73,-290000000,299.69,139.2
2025-12-28,AMG,16.7,2042100000.0,17.73,None,1.223,118.14,,None,311200000,311200000,,,,,,,,,500000,53400000,None,21497000,21497000,370100000,None,None,344700000,None,None,34920000,,0.04,0.0001,,,,0.818,0.32,335055000,369975000,5.78,2011-06-30,10.06,2138100000,1055700000.0,894995000,189652000,70583000,1384600000,1384600000,None,37426000,None,0,None,None,295000000,None,622900000,119069000,None,None,None,0.288,,559940000,335055000,74300000,17100000,None,1156200000,None,,,,,0.629,2.491,4.119,,,,,,,,0.26,,65000000,2025-11-03,quarterly,6.1,USD,pre-market,None,1096300000,0.0356,0.162,0.022,70.24,528038000,723900000,None,147000000,212.91,259.77,5.5363,5325000000,877200000,387200000,2346500000,4447800000,1959300000,916492000,1833800000,17.73,-239900000,299.69,139.2
2025-12-28,AMG,16.7,2042100000.0,17.73,None,1.223,118.14,,None,252800000,252800000,,,,,,,,,500000,53100000,None,21497000,21497000,287800000,None,None,103800000,None,None,34920000,,0.04,0.0001,,,,0.818,0.32,335055000,369975000,5.78,2011-03-31,10.06,2142600000,1055700000.0,894995000,189652000,70583000,1409600000,1409600000,None,37426000,None,0,None,None,340000000,None,622700000,119069000,None,None,None,0.288,,559940000,335055000,83500000,383100000,None,1151000000,None,,,,,0.629,2.491,4.119,,,,,,,,0.26,,66000000,2025-11-03,quarterly,6.1,USD,pre-market,None,1050900000,0.0356,0.162,0.022,70.24,528038000,765500000,None,110300000,212.91,259.77,5.5363,5259300000,781600000,383100000,2377000000,4477700000,1993900000,916492000,1761200000,17.73,-256700000,299.69,139.2
2025-12-28,AMG,16.7,2042100000.0,17.73,None,1.223,118.14,,None,313328000,313328000,,,,,,,,,500000,49398535,None,21497000,21497000,39800000,None,None,278400000,None,None,34920000,,0.04,0.0001,,,,0.818,0.32,335055000,369975000,5.78,2010-12-31,10.06,2131143000,1055700000.0,894995000,189652000,70583000,1420600000,1420600000,None,37426000,None,0,None,None,460000000,None,678931000,119069000,None,None,None,0.288,,559940000,335055000,63200000,367600000,None,1139815000,None,,,,,0.629,2.491,4.119,,,,,,,,0.26,,67725000,2025-11-03,quarterly,6.1,USD,pre-market,None,1011770000,0.0356,0.162,0.022,70.24,528038000,882100000,None,115965000,212.91,259.77,5.5363,5291215000,769430000,407400000,2502621000,4508900000,2090800000,916492000,1800000000,17.73,-293279000,299.69,139.2
2025-12-28,AMG,16.7,2042100000.0,17.73,None,1.223,118.14,,None,255452000,255452000,,,,,,,,,539000,51895871,None,21497000,21497000,240796000,None,None,57046000,None,None,34920000,,0.04,0.0001,,,,0.818,0.32,335055000,369975000,5.78,2010-09-30,10.06,1995756000,1055700000.0,894995000,189652000,70583000,1400806000,1400806000,None,37426000,None,0,None,None,1299209000,None,None,119069000,None,None,None,0.288,,559940000,335055000,242744000,395274000,None,None,None,,,,,0.629,2.491,4.119,,,,,,,,0.26,,66789000,2025-11-03,quarterly,6.1,USD,pre-market,None,949759000,0.0356,0.162,0.022,70.24,528038000,789987000,None,84945000,212.91,259.77,5.5363,4950942000,640187000,395274000,2354959000,4310755000,1959685000,916492000,1712068000,17.73,-325521000,299.69,139.2
2025-12-28,AMG,16.7,2042100000.0,17.73,None,1.223,118.14,,None,220543000,220543000,,,,,,,,,508000,47635230,None,21497000,21497000,245205000,None,None,55817000,None,None,34920000,,0.04,0.0001,,,,0.818,0.32,335055000,369975000,5.78,2010-06-30,10.06,1983468000,1055700000.0,894995000,189652000,70583000,1397034000,1397034000,None,37426000,None,0,None,None,1583944000,None,None,119069000,None,None,None,0.288,,559940000,335055000,319956000,335996000,None,None,None,,,,,0.629,2.491,4.119,,,,,,,,0.26,,68086000,2025-11-03,quarterly,6.1,USD,pre-market,None,915804000,0.0356,0.162,0.022,70.24,528038000,1075356000,None,62802000,212.91,259.77,5.5363,4938453000,659118000,335996000,2558636000,4279335000,2222640000,916492000,1487861000,17.73,-356341000,299.69,139.2
2025-12-28,AMG,16.7,2042100000.0,17.73,None,1.223,118.14,,None,203751000,203751000,,,,,,,,,458000,45421716,None,21497000,21497000,285999000,None,None,154740000,None,None,34920000,,0.04,0.0001,,,,0.818,0.32,335055000,369975000,5.78,2010-03-31,10.06,1521222000,1055700000.0,894995000,189652000,70583000,803250000,803250000,None,37426000,None,None,None,None,1138102000,None,None,119069000,None,None,None,0.288,,559940000,335055000,276925000,304313000,None,None,None,,,,,0.629,2.491,4.119,,,,,,,,0.26,,65309000,2025-11-03,quarterly,6.1,USD,pre-market,None,890599000,0.0356,0.162,0.022,70.24,528038000,170000000,None,80814000,212.91,259.77,5.5363,3865871000,716230000,304313000,1959333000,3149641000,1655020000,916492000,1140661000,17.73,-416588000,299.69,139.2
2025-12-28,AMG,16.7,2042100000.0,17.73,None,1.223,118.14,,None,259487000,259487000,,,,,,,,,458000,43333355,None,21497000,21497000,5128000,None,None,140118000,None,None,34920000,,0.04,0.0001,,,,0.818,0.32,335055000,369975000,5.78,2009-12-31,10.06,1413217000,1055700000.0,894995000,189652000,70583000,571573000,571573000,None,37426000,None,None,None,None,964334000,None,None,119069000,None,None,None,0.288,,559940000,335055000,35478000,221987000,None,None,None,,,,,0.629,2.491,4.119,,,,,,,,0.26,,62402000,2025-11-03,quarterly,6.1,USD,pre-market,None,873137000,0.0356,0.162,0.022,70.24,528038000,456976000,None,150499000,212.91,259.77,5.5363,3390906000,585582000,227115000,1540186000,2805324000,1313071000,916492000,1109690000,17.73,-421954000,299.69,139.2
2025-12-28,AMG,16.7,2042100000.0,17.73,None,1.223,118.14,,None,225250000,225250000,,,,,,,,,458000,44267107,None,21497000,21497000,130201000,None,None,132160000,None,None,34920000,,0.04,0.0001,,,,0.818,0.32,335055000,369975000,5.78,2009-09-30,10.06,1406615000,1055700000.0,894995000,189652000,70583000,585604000,585604000,None,37426000,None,None,None,None,960872000,None,None,119069000,None,None,None,0.288,,559940000,335055000,252722000,218048000,None,None,None,,,,,0.629,2.491,4.119,,,,,,,,0.26,,64874000,2025-11-03,quarterly,6.1,USD,pre-market,None,848537000,0.0356,0.162,0.022,70.24,528038000,960900000,None,16574000,212.91,259.77,5.5363,3324536000,494546000,218048000,1528557000,2829990000,1310509000,916492000,1104640000,17.73,-452458000,299.69,139.2
2025-12-28,AMG,16.7,2042100000.0,17.73,None,1.223,118.14,,None,274369000,274369000,,,,,,,,,458000,43159140,None,21497000,21497000,118909000,None,None,113899000,None,None,34920000,,0.04,0.0001,,,,0.818,0.32,335055000,369975000,5.78,2009-06-30,10.06,1255793000,1055700000.0,894995000,189652000,70583000,476571000,476571000,None,37426000,None,None,None,None,957424000,None,None,119069000,None,None,None,0.288,,559940000,335055000,220050000,121816000,None,None,None,,,,,0.629,2.491,4.119,,,,,,,,0.26,,66885000,2025-11-03,quarterly,6.1,USD,pre-market,None,830768000,0.0356,0.162,0.022,70.24,528038000,451255000,None,13789000,212.91,259.77,5.5363,3080296000,508208000,121816000,1443420000,2572088000,1321604000,916492000,1105253000,17.73,-498988000,299.69,139.2
2025-12-28,AMG,16.7,2042100000.0,17.73,None,1.223,118.14,,None,237291000,237291000,,,,,,,,,458000,41082130,None,21497000,21497000,92795000,None,None,101317000,None,None,34920000,,0.04,0.0001,,,,0.818,0.32,335055000,369975000,5.78,2009-03-31,10.06,1237966000,1055700000.0,894995000,189652000,70583000,481978000,481978000,None,37426000,None,None,None,None,954000000,None,None,119069000,None,None,None,0.288,,559940000,335055000,181829000,102948000,None,None,None,,,,,0.629,2.491,4.119,,,,,,,,0.26,,69158000,2025-11-03,quarterly,6.1,USD,pre-market,None,819789000,0.0356,0.162,0.022,70.24,528038000,448395000,None,12810000,212.91,259.77,5.5363,2989274000,431930000,102948000,1417232000,2557344000,1314284000,916492000,1086542000,17.73,-533771000,299.69,139.2
2025-12-28,AMG,16.7,2042100000.0,17.73,None,1.223,118.14,,None,396431000,396431000,,,,,,,,,458000,40872656,None,21497000,21497000,8909000,None,None,131099000,None,None,34920000,,0.04,0.0001,,,,0.818,0.32,335055000,369975000,5.78,2008-12-31,10.06,1243583000,1055700000.0,894995000,189652000,70583000,491408000,491408000,None,37426000,None,None,None,None,1471480000,None,None,119069000,None,None,None,0.288,,559940000,335055000,23968000,201072000,None,None,None,,,,,0.629,2.491,4.119,,,,,,,,0.26,,71845000,2025-11-03,quarterly,6.1,USD,pre-market,None,813664000,0.0356,0.162,0.022,70.24,528038000,233514000,None,79188000,212.91,259.77,5.5363,3246370000,630686000,209981000,1942895000,2582014000,1831721000,916492000,1092560000,17.73,-702953000,299.69,139.2
2025-12-28,AMG,16.7,2042100000.0,17.73,None,1.223,118.14,,None,403010000,403010000,,,,,,,,,458000,42063538,None,21497000,21497000,241369000,None,None,170582000,None,None,34920000,,0.04,0.0001,,,,0.818,0.32,335055000,369975000,5.78,2008-09-30,10.06,1265066000,1055700000.0,894995000,189652000,70583000,493181000,493181000,None,37426000,None,None,None,None,1547744000,None,None,119069000,None,None,None,0.288,,559940000,335055000,302548000,253716000,None,None,None,,,,,0.629,2.491,4.119,,,,,,,,0.26,,69714000,2025-11-03,quarterly,6.1,USD,pre-market,None,929347000,0.0356,0.162,0.022,70.24,528038000,747744000,None,20750000,212.91,259.77,5.5363,3524181000,726308000,253716000,2105592000,2797873000,1851876000,916492000,1201751000,17.73,-692684000,299.69,139.2
2025-12-28,AMG,16.7,2042100000.0,17.73,None,1.223,118.14,,None,193237000,193237000,,,,,,,,,458000,46871454,None,21497000,21497000,194330000,None,None,179366000,None,None,34920000,,0.04,0.0001,,,,0.818,0.32,335055000,369975000,5.78,2008-06-30,10.06,1270419000,1055700000.0,894995000,189652000,70583000,499141000,499141000,None,37426000,None,None,None,None,1451170000,None,None,119069000,None,None,None,0.288,,559940000,335055000,338526000,200251000,None,None,None,,,,,0.629,2.491,4.119,,,,,,,,0.26,,69807000,2025-11-03,quarterly,6.1,USD,pre-market,None,904499000,0.0356,0.162,0.022,70.24,528038000,651170000,None,24363000,212.91,259.77,5.5363,3342377000,556126000,200251000,1939961000,2786251000,1739710000,916492000,1170120000,17.73,-738967000,299.69,139.2
2025-12-28,AMG,16.7,2042100000.0,17.73,None,1.223,118.14,,None,162228000,162228000,,,,,,,,,458000,45321649,None,21497000,21497000,152255000,None,None,209242000,None,None,34920000,,0.04,0.0001,,,,0.818,0.32,335055000,369975000,5.78,2008-03-31,10.06,1236859000,1055700000.0,894995000,189652000,70583000,489245000,489245000,None,37426000,None,None,None,None,1453681000,None,None,119069000,None,None,None,0.288,,559940000,335055000,359713000,208685000,None,None,None,,,,,0.629,2.491,4.119,,,,,,,,0.26,,69660000,2025-11-03,quarterly,6.1,USD,pre-market,None,869204000,0.0356,0.162,0.022,70.24,528038000,653681000,None,25238000,212.91,259.77,5.5363,3294370000,547179000,208685000,1938339000,2747191000,1729654000,916492000,1118880000,17.73,-756615000,299.69,139.2
2025-12-28,AMG,16.7,2042100000.0,17.73,None,1.223,118.14,,None,222954000,222954000,,,,,,,,,390000,44921784,None,21497000,21497000,4971000,None,None,237636000,None,None,34920000,,0.04,0.0001,,,,0.818,0.32,335055000,369975000,5.78,2007-12-31,10.06,1230387000,1055700000.0,894995000,189652000,70583000,496602000,496602000,None,37426000,None,None,None,None,1997583000,None,None,119069000,None,None,None,0.288,,559940000,335055000,33273000,309894000,None,None,None,,,,,0.629,2.491,4.119,,,,,,,,0.26,,69879000,2025-11-03,quarterly,6.1,USD,pre-market,None,836426000,0.0356,0.162,0.022,70.24,528038000,1197583000,239942000,155894000,212.91,259.77,5.5363,3395705000,649757000,316352000,2604473000,2745948000,2288121000,916492000,469202000,17.73,-1094805000,299.69,139.2
2025-12-28,AMG,16.7,2042100000.0,17.73,None,1.223,118.14,,None,206609000,206609000,,,,,,,,,390000,44672886,None,21497000,21497000,238550000,None,None,197461000,None,None,34920000,,0.04,0.0001,,,,0.818,0.32,335055000,369975000,5.78,2007-09-30,10.06,1224706000,1055700000.0,894995000,189652000,70583000,496928000,496928000,None,37426000,None,None,None,None,1332483000,None,None,119069000,None,None,None,0.288,,559940000,335055000,351089000,243381000,None,None,None,,,,,0.629,2.491,4.119,,,,,,,,0.26,,67808000,2025-11-03,quarterly,6.1,USD,pre-market,None,775559000,0.0356,0.162,0.022,70.24,528038000,1032483000,None,22303000,212.91,259.77,5.5363,2755063000,580001000,243381000,1860200000,2175062000,1616819000,916492000,641382000,17.73,-858617000,299.69,139.2
2025-12-28,AMG,16.7,2042100000.0,17.73,None,1.223,118.14,,None,165809000,165809000,,,,,,,,,390000,45230844,None,21497000,21497000,166085000,None,None,187725000,None,None,34920000,,0.04,0.0001,,,,0.818,0.32,335055000,369975000,5.78,2007-06-30,10.06,1213371000,1055700000.0,894995000,189652000,70583000,500017000,500017000,None,37426000,None,None,None,None,1398477000,None,None,119069000,None,None,None,0.288,,559940000,335055000,330051000,172241000,None,None,None,,,,,0.629,2.491,4.119,,,,,,,,0.26,,66885000,2025-11-03,quarterly,6.1,USD,pre-market,None,732974000,0.0356,0.162,0.022,70.24,528038000,1098477000,None,23001000,212.91,259.77,5.5363,2679610000,518861000,172241000,1834605000,2160749000,1662364000,916492000,591949000,17.73,-819674000,299.69,139.2
2025-12-28,AMG,16.7,2042100000.0,17.73,None,1.223,118.14,,None,124084000,124084000,,,,,,,,,390000,44600908,None,21497000,21497000,111574000,None,None,178269000,None,None,34920000,,0.04,0.0001,,,,0.818,0.32,335055000,369975000,5.78,2007-03-31,10.06,1180210000,1055700000.0,894995000,189652000,70583000,489265000,489265000,None,37426000,None,None,None,None,1437340000,None,None,119069000,None,None,None,0.288,,559940000,335055000,307791000,125180000,None,None,None,,,,,0.629,2.491,4.119,,,,,,,,0.26,,65224000,2025-11-03,quarterly,6.1,USD,pre-market,None,691087000,0.0356,0.162,0.022,70.24,528038000,1137340000,None,21968000,212.91,259.77,5.5363,2568085000,453843000,125180000,1814359000,2114242000,1689179000,916492000,513762000,17.73,-822715000,299.69,139.2
2025-12-28,AMG,16.7,2042100000.0,17.73,None,1.223,118.14,,None,201729000,201729000,,,,,,,,,390000,44600908,None,21497000,21497000,9359000,None,None,201385000,None,None,34920000,,0.04,0.0001,,,,0.818,0.32,335055000,369975000,5.78,2006-12-31,10.06,1177227000,1055700000.0,894995000,189652000,70583000,502066000,502066000,None,37426000,None,None,None,None,1378858000,None,None,119069000,None,None,None,0.288,,559940000,335055000,27299000,277501000,None,None,None,,,,,0.629,2.491,4.119,,,,,,,,0.26,,63984000,2025-11-03,quarterly,6.1,USD,pre-market,None,654465000,0.0356,0.162,0.022,70.24,528038000,1078858000,236415000,123866000,212.91,259.77,5.5363,2665920000,554279000,287813000,1896464000,2111641000,1608651000,916492000,499222000,17.73,-779668000,299.69,139.2
2025-12-28,AMG,16.7,2042100000.0,17.73,None,1.223,118.14,,None,222062000,222062000,,,,,,,,,390000,44399722,None,21497000,21497000,241026000,None,None,160442000,None,None,34920000,,0.04,0.0001,,,,0.818,0.32,335055000,369975000,5.78,2006-09-30,10.06,1113286000,1055700000.0,894995000,189652000,70583000,470322000,470322000,None,37426000,None,None,None,None,1229246000,None,None,119069000,None,None,None,0.288,,559940000,335055000,308470000,315371000,None,None,None,,,,,0.629,2.491,4.119,,,,,,,,0.26,,59862000,2025-11-03,quarterly,6.1,USD,pre-market,None,605511000,0.0356,0.162,0.022,70.24,528038000,1294996000,65750000,107989000,212.91,259.77,5.5363,2531630000,530532000,315371000,1767212000,2001098000,1451841000,916492000,535184000,17.73,-705140000,299.69,139.2
2025-12-28,AMG,16.7,2042100000.0,17.73,None,1.223,118.14,,None,160406000,160406000,,,,,,,,,390000,45213524,None,21497000,21497000,188496000,None,None,147727000,None,None,34920000,,0.04,0.0001,,,,0.818,0.32,335055000,369975000,5.78,2006-06-30,10.06,1104105000,1055700000.0,894995000,189652000,70583000,477616000,477616000,None,37426000,None,None,None,None,1207659000,None,None,119069000,None,None,None,0.288,,559940000,335055000,302922000,263674000,None,None,None,,,,,0.629,2.491,4.119,,,,,,,,0.26,,59075000,2025-11-03,quarterly,6.1,USD,pre-market,None,572364000,0.0356,0.162,0.022,70.24,528038000,1273409000,65750000,115097000,212.91,259.77,5.5363,2456762000,463328000,263674000,1689113000,1993434000,1425439000,916492000,543419000,17.73,-658344000,299.69,139.2
2025-12-28,AMG,16.7,2042100000.0,17.73,None,1.223,118.14,,None,114719000,114719000,,,,,,,,,390000,46307678,None,21497000,21497000,138894000,None,None,154594000,None,None,34920000,,0.04,0.0001,,,,0.818,0.32,335055000,369975000,5.78,2006-03-31,10.06,1088347000,1055700000.0,894995000,189652000,70583000,1093249000,1093249000,None,37426000,None,42833000,None,None,933449000,None,None,119069000,None,None,None,0.288,,559940000,335055000,323027000,214424000,None,None,None,,,,,0.629,2.491,4.119,,,,,,,,0.26,,55327000,2025-11-03,quarterly,6.1,USD,pre-market,None,538428000,0.0356,0.162,0.022,70.24,528038000,414449000,65750000,None,212.91,259.77,5.5363,2395281000,437746000,214424000,1358293000,1957535000,1143869000,916492000,816560000,17.73,-334170000,299.69,139.2
2025-12-28,AMG,16.7,2042100000.0,17.73,None,1.223,118.14,,None,140423000,140423000,,,,,,,,,390000,44689655,None,21497000,21497000,8800000,None,None,148850000,None,None,34920000,,0.04,0.0001,,,,0.818,0.32,335055000,369975000,5.78,2005-12-31,10.06,1093249000,1055700000.0,894995000,189652000,70583000,1093249000,1093249000,None,37426000,None,None,None,None,899732000,None,None,119069000,None,None,None,0.288,,559940000,335055000,35115000,181152000,None,None,None,,,,,0.629,2.491,4.119,,,,,,,,0.26,,50592000,2025-11-03,quarterly,6.1,USD,pre-market,None,503188000,0.0356,0.162,0.022,70.24,528038000,965482000,65750000,10981000,212.91,259.77,5.5363,2321636000,337802000,256588000,1359092000,1986267000,1102504000,916492000,817381000,17.73,-296043000,299.69,139.2
2025-12-28,AMG,16.7,2042100000.0,17.73,None,1.223,118.14,,None,139235000,139235000,,,,,,,,,390000,44908036,None,21497000,21497000,177148000,None,None,136222000,None,None,34920000,,0.04,0.0001,,,,0.818,0.32,335055000,369975000,5.78,2005-09-30,10.06,1082313000,1055700000.0,894995000,189652000,70583000,1082313000,1082313000,None,37426000,None,None,None,None,981167000,None,None,119069000,None,None,None,0.288,,559940000,335055000,166316000,189351000,None,None,None,,,,,0.629,2.491,4.119,,,,,,,,0.26,,47146000,2025-11-03,quarterly,6.1,USD,pre-market,None,464424000,0.0356,0.162,0.022,70.24,528038000,424417000,None,None,212.91,259.77,5.5363,2264020000,305551000,189351000,1365831000,1958469000,1176480000,916492000,810637000,17.73,-260383000,299.69,139.2
2025-12-28,AMG,16.7,2042100000.0,17.73,None,1.223,118.14,,None,950000000,950000000,,,,,,,,,600000,36100000,None,21497000,21497000,None,None,None,409700000,None,None,34920000,,0.04,0.0001,,,,0.818,0.32,335055000,369975000,5.78,2024-12-31,10.06,2504900000,1055700000.0,894995000,189652000,70583000,1777800000,1777800000,None,37426000,None,None,None,None,2620200000,None,2785600000,119069000,None,None,None,0.288,,559940000,335055000,None,639100000,None,402400000,None,,,,,0.629,2.491,4.119,,,,,,,,0.26,,57600000,2025-11-03,annual,6.1,USD,pre-market,None,6899800000,0.0356,0.162,0.022,70.24,528038000,2620200000,0,56600000,212.91,259.77,5.5363,8830900000,1416300000,639100000,4182200000,7414600000,3543100000,916492000,3345300000,17.73,None,299.69,139.2
2025-12-28,AMG,16.7,2042100000.0,17.73,None,1.223,118.14,,None,813600000,813600000,,,,,,,,,600000,42200000,None,21497000,21497000,None,None,None,368400000,None,None,34920000,,0.04,0.0001,,,,0.818,0.32,335055000,369975000,5.78,2023-12-31,10.06,2523600000,1055700000.0,894995000,189652000,70583000,1812400000,1812400000,None,37426000,None,1648900000,None,None,2537500000,None,2769400000,119069000,None,None,None,0.288,,559940000,335055000,-1648900000,566200000,None,466300000,None,,,,,0.629,2.491,4.119,,,,,,,,0.26,,67300000,2025-11-03,annual,6.1,USD,pre-market,None,6389600000,0.0356,0.162,0.022,70.24,528038000,2537500000,39100000,461000000,212.91,259.77,5.5363,9059600000,1643000000,628500000,4096100000,7416600000,3467600000,916492000,3587900000,17.73,None,299.69,139.2
2025-12-28,AMG,16.7,2042100000.0,17.73,None,1.223,118.14,,None,429200000,429200000,,,,,,,,,600000,49000000,None,21497000,21497000,778300000,None,None,316000000,None,None,34920000,,0.04,0.0001,,,,0.818,0.32,335055000,369975000,5.78,2022-12-31,10.06,2648700000,1055700000.0,894995000,189652000,70583000,1876000000,1876000000,None,37426000,None,1473700000,None,None,2535300000,None,2561100000,119069000,None,None,None,0.288,,559940000,335055000,-1473700000,-503200000,None,461700000,None,,,,,0.629,2.491,4.119,,,,,,,,0.26,,68500000,2025-11-03,annual,6.1,USD,pre-market,None,5718200000,0.0356,0.162,0.022,70.24,528038000,2573800000,38500000,716900000,212.91,259.77,5.5363,8881000000,1462100000,778300000,4240000000,7418900000,3461700000,916492000,3230300000,17.73,-2980600000,299.69,139.2
2025-12-28,AMG,16.7,2042100000.0,17.73,None,1.223,118.14,,None,908500000,908500000,,,,,,,,,600000,44800000,None,21497000,21497000,789100000,None,None,419200000,None,None,34920000,,0.04,0.0001,,,,0.818,0.32,335055000,369975000,5.78,2021-12-31,10.06,2689200000,1055700000.0,894995000,189652000,70583000,1966400000,1966400000,None,37426000,None,1,None,None,2490400000,None,2509600000,119069000,None,None,None,0.288,,559940000,335055000,-1415200000,750200000,None,709200000,None,,,,,0.629,2.491,4.119,,,,,,,,0.26,,73900000,2025-11-03,annual,6.1,USD,pre-market,None,4569500000,0.0356,0.162,0.022,70.24,528038000,2529300000,38900000,78500000,212.91,259.77,5.5363,8876400000,1406200000,789100000,4491900000,7470200000,3702800000,916492000,2786400000,17.73,-2347400000,299.69,139.2
2025-12-28,AMG,16.7,2042100000.0,17.73,None,1.223,118.14,,None,1039700000,1039700000,,,,,,,,,600000,46700000,None,21497000,21497000,712400000,None,None,421600000,None,None,34920000,,0.04,0.0001,,,,0.818,0.32,335055000,369975000,5.78,2020-12-31,10.06,2661400000,1055700000.0,894995000,189652000,70583000,1048800000,1048800000,None,37426000,None,1,None,None,2312100000,None,2332000000,119069000,None,None,None,0.288,,559940000,335055000,-1545800000,671900000,None,452200000,None,,,,,0.629,2.491,4.119,,,,,,,,0.26,,79600000,2025-11-03,annual,6.1,USD,pre-market,None,4005500000,0.0356,0.162,0.022,70.24,528038000,2352600000,40500000,74900000,212.91,259.77,5.5363,7888900000,1536200000,712400000,3900100000,6352700000,3187700000,916492000,2779700000,17.73,-1857000000,299.69,139.2
2025-12-28,AMG,16.7,2042100000.0,17.73,None,1.223,118.14,,None,539600000,539600000,,,,,,,,,600000,50600000,None,21497000,21497000,634600000,None,449700000,417100000,None,None,34920000,,0.04,0.0001,,,,0.818,0.32,335055000,369975000,5.78,2019-12-31,10.06,2651700000,1055700000.0,894995000,189652000,70583000,1182000000,1182000000,None,37426000,None,1,None,None,1793800000,None,2407400000,119069000,None,None,None,0.288,,559940000,335055000,-1030900000,184900000,None,359100000,None,,,,,0.629,2.491,4.119,,,,,,,,0.26,,92300000,2025-11-03,annual,6.1,USD,pre-market,None,3819800000,0.0356,0.162,0.022,70.24,528038000,2243500000,449700000,59400000,212.91,259.77,5.5363,7653500000,1016100000,634600000,3237700000,6637400000,2603100000,916492000,2937500000,17.73,-1481300000,299.69,139.2
2025-12-28,AMG,16.7,2042100000.0,17.73,None,1.223,118.14,,None,565500000,565500000,,,,,,,,,600000,53800000,None,21497000,21497000,746600000,None,None,400600000,None,None,34920000,,0.04,0.0001,,,,0.818,0.32,335055000,369975000,5.78,2018-12-31,10.06,2633400000,1055700000.0,894995000,189652000,70583000,1309900000,1309900000,None,37426000,None,1101600000,None,None,1829600000,None,2992100000,119069000,None,None,None,0.288,,559940000,335055000,-1101600000,524900000,None,162700000,None,,,,,0.629,2.491,4.119,,,,,,,,0.26,,104300000,2025-11-03,annual,6.1,USD,pre-market,None,3876800000,0.0356,0.162,0.022,70.24,528038000,1881100000,51500000,119300000,212.91,259.77,5.5363,8219100000,966100000,746600000,3250500000,7253000000,2503900000,916492000,3457400000,17.73,-1146600000,299.69,139.2
2025-12-28,AMG,16.7,2042100000.0,17.73,None,1.223,118.14,,None,439500000,439500000,,,,,,,,,600000,58600000,None,21497000,21497000,807200000,None,1854700000,433800000,None,None,34920000,,0.04,0.0001,,,,0.818,0.32,335055000,369975000,5.78,2017-12-31,10.06,2662500000,1055700000.0,894995000,189652000,70583000,1449700000,1449700000,None,37426000,None,1,None,None,1854700000,None,3469700000,119069000,None,None,None,0.288,,559940000,335055000,-906300000,-51400000,None,182400000,None,,,,,0.629,2.491,4.119,,,,,,,,0.26,,111000000,2025-11-03,annual,6.1,USD,pre-market,None,3698500000,0.0356,0.162,0.022,70.24,528038000,1906100000,51400000,77800000,212.91,259.77,5.5363,8702100000,951100000,807200000,3311700000,7751000000,2504500000,916492000,3822200000,17.73,-663700000,299.69,139.2
2025-12-28,AMG,16.7,2042100000.0,17.73,None,1.223,118.14,,None,430800000,430800000,,,,,,,,,600000,57000000,None,21497000,21497000,729300000,None,2109600000,383300000,None,None,34920000,,0.04,0.0001,,,,0.818,0.32,335055000,369975000,5.78,2016-12-31,10.06,2628100000,1055700000.0,894995000,189652000,70583000,1497400000,1497400000,None,37426000,None,918900000,None,None,2109600000,None,3515800000,119069000,None,None,None,0.288,,559940000,335055000,-918900000,-64300000,None,149400000,None,,,,,0.629,2.491,4.119,,,,,,,,0.26,,110100000,2025-11-03,annual,6.1,USD,pre-market,None,3054400000,0.0356,0.162,0.022,70.24,528038000,2173900000,64300000,122400000,212.91,259.77,5.5363,8749100000,936500000,729300000,3649100000,7812600000,2919800000,916492000,3619600000,17.73,-386000000,299.69,139.2
2025-12-28,AMG,16.7,2042100000.0,17.73,None,1.223,118.14,,None,563800000,563800000,,,,,,,,,600000,57200000,None,21497000,21497000,729400000,None,1879400000,391200000,None,None,34920000,,0.04,0.0001,,,,0.818,0.32,335055000,369975000,5.78,2015-12-31,10.06,2668400000,1055700000.0,894995000,189652000,70583000,1686400000,1686400000,None,37426000,None,-22600000,None,None,1894800000,None,2086400000,119069000,None,None,None,0.288,,559940000,335055000,22600000,-64300000,None,213300000,None,,,,,0.629,2.491,4.119,,,,,,,,0.26,,114100000,2025-11-03,annual,6.1,USD,pre-market,None,2679300000,0.0356,0.162,0.022,70.24,528038000,1959100000,64300000,199900000,212.91,259.77,5.5363,7784800000,1154900000,729400000,3403200000,6629900000,2673800000,916492000,2837100000,17.73,-421900000,299.69,139.2
2025-12-28,AMG,16.7,2042100000.0,17.73,None,1.223,118.14,,None,550600000,550600000,,,,,,,,,600000,58400000,None,21497000,21497000,816800000,None,1894900000,425900000,None,None,34920000,,0.04,0.0001,,,,0.818,0.32,335055000,369975000,5.78,2014-12-31,10.06,2661500000,1055700000.0,894995000,189652000,70583000,1778400000,1778400000,None,37426000,None,-20800000,None,None,1894900000,None,1950700000,119069000,None,None,None,0.288,,559940000,335055000,20800000,-68300000,None,214500000,None,,,,,0.629,2.491,4.119,,,,,,,,0.26,,95400000,2025-11-03,annual,6.1,USD,pre-market,None,2163300000,0.0356,0.162,0.022,70.24,528038000,1894900000,1894900000,172600000,212.91,259.77,5.5363,7706800000,1149100000,816800000,3409400000,6557700000,2592600000,916492000,2627000000,17.73,-240900000,299.69,139.2
2025-12-28,AMG,16.7,2042100000.0,17.73,None,1.223,118.14,,None,469600000,469600000,,,,,,,,,500000,56700000,None,21497000,21497000,23500000,None,None,418400000,None,None,34920000,,0.04,0.0001,,,,0.818,0.32,335055000,369975000,5.78,2013-12-31,10.06,2341700000,1055700000.0,894995000,189652000,70583000,1460700000,1460700000,None,37426000,None,54300000,None,None,1383700000,None,1287600000,119069000,None,None,None,0.288,,559940000,335055000,21800000,418200000,None,177000000,None,,,,,0.629,2.491,4.119,,,,,,,,0.26,,92300000,2025-11-03,annual,6.1,USD,pre-market,None,1711200000,0.0356,0.162,0.022,70.24,528038000,1383700000,None,157900000,212.91,259.77,5.5363,6318800000,1045900000,514700000,2532300000,5272900000,2017600000,916492000,2134200000,17.73,-131400000,299.69,139.2
2025-12-28,AMG,16.7,2042100000.0,17.73,None,1.223,118.14,,None,430400000,430400000,,,,,,,,,500000,53000000,None,21497000,21497000,59500000,None,None,295600000,None,None,34920000,,0.04,0.0001,,,,0.818,0.32,335055000,369975000,5.78,2012-12-31,10.06,2355200000,1055700000.0,894995000,189652000,70583000,1585500000,1585500000,None,37426000,None,-36900000,None,None,1630600000,None,None,119069000,None,None,None,0.288,,559940000,335055000,94300000,303800000,None,None,None,,,,,0.629,2.491,4.119,,,,,,,,0.26,,81500000,2025-11-03,annual,6.1,USD,pre-market,None,1350700000,0.0356,0.162,0.022,70.24,528038000,1630600000,None,128900000,212.91,259.77,5.5363,6187100000,912300000,363300000,2668200000,5316800000,2304900000,916492000,2084200000,17.73,-214600000,299.69,139.2
2025-12-28,AMG,16.7,2042100000.0,17.73,None,1.223,118.14,,None,449500000,449500000,,,,,,,,,500000,53000000,None,21497000,21497000,90100000,None,None,249400000,None,None,34920000,,0.04,0.0001,,,,0.818,0.32,335055000,369975000,5.78,2011-12-31,10.06,2117300000,1055700000.0,894995000,189652000,70583000,1321100000,1321100000,None,37426000,None,0,None,None,1198200000,None,None,119069000,None,None,None,0.288,,559940000,335055000,77100000,327500000,None,None,None,,,,,0.629,2.491,4.119,,,,,,,,0.26,,69100000,2025-11-03,annual,6.1,USD,pre-market,None,1176700000,0.0356,0.162,0.022,70.24,528038000,685600000,None,100400000,212.91,259.77,5.5363,5218900000,876400000,417600000,2267500000,4342500000,1849900000,916492000,1866000000,17.73,-288700000,299.69,139.2
2025-12-28,AMG,16.7,2042100000.0,17.73,None,1.223,118.14,,None,313328000,313328000,,,,,,,,,539000,49398535,None,21497000,21497000,39800000,None,None,278400000,None,None,34920000,,0.04,0.0001,,,,0.818,0.32,335055000,369975000,5.78,2010-12-31,10.06,2131143000,1055700000.0,894995000,189652000,70583000,1420600000,1420600000,None,37426000,None,0,None,None,460000000,None,678931000,119069000,None,None,None,0.288,,559940000,335055000,63200000,367600000,None,1139815000,None,,,,,0.629,2.491,4.119,,,,,,,,0.26,,67725000,2025-11-03,annual,6.1,USD,pre-market,None,1011770000,0.0356,0.162,0.022,70.24,528038000,882100000,None,115965000,212.91,259.77,5.5363,5291215000,769430000,407400000,2498200000,4508900000,2090800000,916492000,1799963000,17.73,-293279000,299.69,139.2
2025-12-28,AMG,16.7,2042100000.0,17.73,None,1.223,118.14,,None,259487000,259487000,,,,,,,,,458000,43333355,None,21497000,21497000,5128000,None,None,140118000,None,None,34920000,,0.04,0.0001,,,,0.818,0.32,335055000,369975000,5.78,2009-12-31,10.06,1413217000,1055700000.0,894995000,189652000,70583000,571573000,571573000,None,37426000,None,41303000,None,None,964334000,None,None,119069000,None,None,None,0.288,,559940000,335055000,35478000,221987000,None,None,None,,,,,0.629,2.491,4.119,,,,,,,,0.26,,62402000,2025-11-03,annual,6.1,USD,pre-market,None,873137000,0.0356,0.162,0.022,70.24,528038000,456976000,None,150499000,212.91,259.77,5.5363,3390906000,585582000,227115000,1540186000,2805324000,1313071000,916492000,1109690000,17.73,-421954000,299.69,139.2
2025-12-28,AMG,16.7,2042100000.0,17.73,None,1.223,118.14,,None,396431000,396431000,,,,,,,,,458000,38211326,None,21497000,21497000,8909000,None,None,131099000,None,None,34920000,,0.04,0.0001,,,,0.818,0.32,335055000,369975000,5.78,2008-12-31,10.06,1243583000,1055700000.0,894995000,189652000,70583000,491408000,491408000,None,37426000,None,None,None,None,1471480000,None,None,119069000,None,None,None,0.288,,559940000,335055000,23968000,201072000,None,None,None,,,,,0.629,2.491,4.119,,,,,,,,0.26,,71845000,2025-11-03,annual,6.1,USD,pre-market,None,859596000,0.0356,0.162,0.022,70.24,528038000,233514000,None,79188000,212.91,259.77,5.5363,3246370000,630686000,209981000,1942895000,2582014000,1831721000,916492000,1092560000,17.73,-702953000,299.69,139.2
2025-12-28,AMG,16.7,2042100000.0,17.73,None,1.223,118.14,,None,222954000,222954000,,,,,,,,,390000,42398686,None,21497000,21497000,4971000,None,None,237636000,None,None,34920000,,0.04,0.0001,,,,0.818,0.32,335055000,369975000,5.78,2007-12-31,10.06,1230387000,1055700000.0,894995000,189652000,70583000,496602000,496602000,None,37426000,None,None,None,None,1997583000,None,None,119069000,None,None,None,0.288,,559940000,335055000,33273000,309894000,None,None,None,,,,,0.629,2.491,4.119,,,,,,,,0.26,,69879000,2025-11-03,annual,6.1,USD,pre-market,None,836426000,0.0356,0.162,0.022,70.24,528038000,1197583000,239942000,155894000,212.91,259.77,5.5363,3395705000,649757000,316352000,2604473000,2745948000,2288121000,916492000,469202000,17.73,-1094805000,299.69,139.2
2025-12-28,AMG,16.7,2042100000.0,17.73,None,1.223,118.14,,None,201729000,201729000,,,,,,,,,390000,45159002,None,21497000,21497000,9359000,None,None,201385000,None,None,34920000,,0.04,0.0001,,,,0.818,0.32,335055000,369975000,5.78,2006-12-31,10.06,1177227000,1055700000.0,894995000,189652000,70583000,502066000,502066000,None,37426000,None,None,None,None,1378858000,None,None,119069000,None,None,None,0.288,,559940000,335055000,27299000,277501000,None,None,None,,,,,0.629,2.491,4.119,,,,,,,,0.26,,63984000,2025-11-03,annual,6.1,USD,pre-market,None,654465000,0.0356,0.162,0.022,70.24,528038000,1078858000,236415000,123866000,212.91,259.77,5.5363,2665920000,554279000,287813000,1896464000,2111641000,1608651000,916492000,499222000,17.73,-779668000,299.69,139.2
2025-12-28,AMG,16.7,2042100000.0,17.73,None,1.223,118.14,,None,140423000,140423000,,,,,,,,,390000,44689655,None,21497000,21497000,8800000,None,None,148850000,None,None,34920000,,0.04,0.0001,,,,0.818,0.32,335055000,369975000,5.78,2005-12-31,10.06,1093249000,1055700000.0,894995000,189652000,70583000,1093249000,1093249000,None,37426000,None,None,None,None,899732000,None,None,119069000,None,None,None,0.288,,559940000,335055000,35115000,181152000,None,None,None,,,,,0.629,2.491,4.119,,,,,,,,0.26,,50592000,2025-11-03,annual,6.1,USD,pre-market,None,503188000,0.0356,0.162,0.022,70.24,528038000,965482000,65750000,None,212.91,259.77,5.5363,2321636000,337802000,256588000,1359092000,1986267000,1102504000,916492000,817381000,17.73,-296043000,299.69,139.2
2025-12-28,AMG,16.7,2042100000.0,17.73,None,1.223,118.14,1200000,None,140423000,140423000,-430200000,270700000,None,None,None,None,None,None,390000,44689655,None,21497000,21497000,8800000,None,None,148850000,None,None,34920000,9000000,0.04,0.0001,300000,300000,None,0.818,0.32,335055000,369975000,5.78,2025-09-30,10.06,1093249000,1055700000.0,894995000,189652000,70583000,1093249000,1093249000,None,37426000,None,None,None,None,899732000,None,None,291000000,None,None,None,0.288,277100000,559940000,335055000,35115000,181152000,None,None,None,None,None,None,None,0.629,2.491,4.119,None,None,None,None,None,-84600000,None,0.26,None,50592000,2025-11-03,quarterly,6.1,USD,pre-market,None,503188000,0.0356,0.162,0.022,70.24,528038000,965482000,65750000,None,212.91,259.77,5.5363,2321636000,337802000,256588000,1359092000,1986267000,1102504000,916492000,817381000,17.73,-296043000,299.69,139.2
2025-12-28,AMG,16.7,2042100000.0,17.73,None,1.223,118.14,1400000,None,140423000,140423000,-201500000,-493700000,None,None,None,None,None,None,390000,44689655,None,21497000,21497000,8800000,None,None,148850000,None,None,34920000,8800000,0.04,0.0001,200000,200000,None,0.818,0.32,335055000,369975000,5.78,2025-06-30,10.06,1093249000,1055700000.0,894995000,189652000,70583000,1093249000,1093249000,None,37426000,None,None,None,None,899732000,None,None,135900000,None,None,None,0.288,230800000,559940000,335055000,35115000,181152000,None,None,None,None,None,None,None,0.629,2.491,4.119,None,None,None,None,None,-114100000,None,0.26,None,50592000,2025-11-03,quarterly,6.1,USD,pre-market,None,503188000,0.0356,0.162,0.022,70.24,528038000,965482000,65750000,None,212.91,259.77,5.5363,2321636000,337802000,256588000,1359092000,1986267000,1102504000,916492000,817381000,17.73,-296043000,299.69,139.2
2025-12-28,AMG,16.7,2042100000.0,17.73,None,1.223,118.14,1600000,None,140423000,140423000,-316900000,-35600000,None,None,None,None,None,None,390000,44689655,None,21497000,21497000,8800000,None,None,148850000,None,None,34920000,86100000,0.04,0.0001,300000,300000,None,0.818,0.32,335055000,369975000,5.78,2025-03-31,10.06,1093249000,1055700000.0,894995000,189652000,70583000,1093249000,1093249000,None,37426000,None,None,None,None,899732000,None,None,99200000,None,None,None,0.288,208900000,559940000,335055000,35115000,181152000,None,None,None,None,None,None,None,0.629,2.491,4.119,None,None,None,None,None,-204500000,None,0.26,None,50592000,2025-11-03,quarterly,6.1,USD,pre-market,None,503188000,0.0356,0.162,0.022,70.24,528038000,965482000,65750000,None,212.91,259.77,5.5363,2321636000,337802000,256588000,1359092000,1986267000,1102504000,916492000,817381000,17.73,-296043000,299.69,139.2
2025-12-28,AMG,16.7,2042100000.0,17.73,None,1.223,118.14,1100000,None,140423000,140423000,-271800000,8500000,None,None,None,None,None,None,390000,44689655,None,21497000,21497000,8800000,None,None,148850000,None,None,34920000,11200000,0.04,0.0001,400000,400000,None,0.818,0.32,335055000,369975000,5.78,2024-12-31,10.06,1093249000,1055700000.0,894995000,189652000,70583000,1093249000,1093249000,None,37426000,None,None,None,None,899732000,None,None,221100000,None,None,None,0.288,212500000,559940000,335055000,35115000,181152000,None,None,None,None,None,None,None,0.629,2.491,4.119,None,None,None,None,None,-166400000,None,0.26,None,50592000,2025-11-03,quarterly,6.1,USD,pre-market,None,503188000,0.0356,0.162,0.022,70.24,528038000,965482000,65750000,None,212.91,259.77,5.5363,2321636000,337802000,256588000,1359092000,1986267000,1102504000,916492000,817381000,17.73,-296043000,299.69,139.2
2025-12-28,AMG,16.7,2042100000.0,17.73,None,1.223,118.14,700000,None,140423000,140423000,-188000000,55800000,None,None,None,None,None,None,390000,44689655,None,21497000,21497000,8800000,None,None,148850000,None,None,34920000,1100000,0.04,0.0001,300000,300000,None,0.818,0.32,335055000,369975000,5.78,2024-09-30,10.06,1093249000,1055700000.0,894995000,189652000,70583000,1093249000,1093249000,None,37426000,None,None,None,None,899732000,None,None,185700000,None,None,None,0.288,265200000,559940000,335055000,35115000,181152000,None,None,None,None,None,None,None,0.629,2.491,4.119,None,None,None,None,None,-109900000,None,0.26,None,50592000,2025-11-03,quarterly,6.1,USD,pre-market,None,503188000,0.0356,0.162,0.022,70.24,528038000,965482000,65750000,None,212.91,259.77,5.5363,2321636000,337802000,256588000,1359092000,1986267000,1102504000,916492000,817381000,17.73,-296043000,299.69,139.2
2025-12-28,AMG,16.7,2042100000.0,17.73,None,1.223,118.14,600000,None,140423000,140423000,-413800000,240300000,None,None,None,None,None,None,390000,44689655,None,21497000,21497000,8800000,None,None,148850000,None,None,34920000,10300000,0.04,0.0001,400000,400000,None,0.818,0.32,335055000,369975000,5.78,2024-06-30,10.06,1093249000,1055700000.0,894995000,189652000,70583000,1093249000,1093249000,None,37426000,None,None,None,None,899732000,None,None,135100000,None,None,None,0.288,245200000,559940000,335055000,35115000,181152000,None,None,None,None,None,None,None,0.629,2.491,4.119,None,None,None,None,None,-348200000,None,0.26,None,50592000,2025-11-03,quarterly,6.1,USD,pre-market,None,503188000,0.0356,0.162,0.022,70.24,528038000,965482000,65750000,None,212.91,259.77,5.5363,2321636000,337802000,256588000,1359092000,1986267000,1102504000,916492000,817381000,17.73,-296043000,299.69,139.2
2025-12-28,AMG,16.7,2042100000.0,17.73,None,1.223,118.14,1000000,None,140423000,140423000,-302300000,74500000,None,None,None,None,None,None,390000,44689655,None,21497000,21497000,8800000,None,None,148850000,None,None,34920000,10300000,0.04,0.0001,300000,300000,None,0.818,0.32,335055000,369975000,5.78,2024-03-31,10.06,1093249000,1055700000.0,894995000,189652000,70583000,1093249000,1093249000,None,37426000,None,None,None,None,899732000,None,None,198700000,None,None,None,0.288,209200000,559940000,335055000,35115000,181152000,None,None,None,None,None,None,None,0.629,2.491,4.119,None,None,None,None,None,-185500000,None,0.26,None,50592000,2025-11-03,quarterly,6.1,USD,pre-market,None,503188000,0.0356,0.162,0.022,70.24,528038000,965482000,65750000,None,212.91,259.77,5.5363,2321636000,337802000,256588000,1359092000,1986267000,1102504000,916492000,817381000,17.73,-296043000,299.69,139.2
2025-12-28,AMG,16.7,2042100000.0,17.73,None,1.223,118.14,5800000,None,140423000,140423000,-234300000,-213400000,None,None,None,None,None,None,390000,44689655,None,21497000,21497000,8800000,None,None,148850000,None,None,34920000,13800000,0.04,0.0001,300000,300000,None,0.818,0.32,335055000,369975000,5.78,2023-12-31,10.06,1093249000,1055700000.0,894995000,189652000,70583000,1093249000,1093249000,None,37426000,None,None,None,None,899732000,None,None,244200000,None,None,None,0.288,254900000,559940000,335055000,35115000,181152000,None,None,None,None,None,None,None,0.629,2.491,4.119,None,None,None,None,None,-154000000,None,0.26,None,50592000,2025-11-03,quarterly,6.1,USD,pre-market,None,503188000,0.0356,0.162,0.022,70.24,528038000,965482000,65750000,None,212.91,259.77,5.5363,2321636000,337802000,256588000,1359092000,1986267000,1102504000,916492000,817381000,17.73,-296043000,299.69,139.2
2025-12-28,AMG,16.7,2042100000.0,17.73,None,1.223,118.14,2600000,None,140423000,140423000,-258800000,186800000,None,None,None,None,None,None,390000,44689655,None,21497000,21497000,8800000,None,None,148850000,None,None,34920000,15500000,0.04,0.0001,400000,400000,None,0.818,0.32,335055000,369975000,5.78,2023-09-30,10.06,1093249000,1055700000.0,894995000,189652000,70583000,1093249000,1093249000,None,37426000,None,None,None,None,899732000,None,None,217000000,None,None,None,0.288,293900000,559940000,335055000,35115000,181152000,None,None,None,None,None,None,None,0.629,2.491,4.119,None,None,None,None,None,-189200000,None,0.26,None,50592000,2025-11-03,quarterly,6.1,USD,pre-market,None,503188000,0.0356,0.162,0.022,70.24,528038000,965482000,65750000,None,212.91,259.77,5.5363,2321636000,337802000,256588000,1359092000,1986267000,1102504000,916492000,817381000,17.73,-296043000,299.69,139.2
2025-12-28,AMG,16.7,2042100000.0,17.73,None,1.223,118.14,2100000,None,140423000,140423000,-148300000,3100000,-54500000,None,None,None,None,-71600000,390000,44689655,None,21497000,21497000,8800000,None,None,148850000,None,None,34920000,15800000,0.04,0.0001,400000,400000,None,0.818,0.32,335055000,369975000,5.78,2023-06-30,10.06,1093249000,1055700000.0,894995000,189652000,70583000,1093249000,1093249000,None,37426000,None,None,None,None,899732000,None,None,125300000,None,None,None,0.288,90700000,559940000,335055000,35115000,181152000,None,None,None,None,None,None,None,0.629,2.491,4.119,None,None,None,None,None,-60000000,None,0.26,None,50592000,2025-11-03,quarterly,6.1,USD,pre-market,None,503188000,0.0356,0.162,0.022,70.24,528038000,965482000,65750000,None,212.91,259.77,5.5363,2321636000,337802000,256588000,1359092000,1986267000,1102504000,916492000,817381000,17.73,-296043000,299.69,139.2
2025-12-28,AMG,16.7,2042100000.0,17.73,None,1.223,118.14,1900000,None,140423000,140423000,-116900000,288000000,405900000,None,None,None,None,-92200000,390000,44689655,None,21497000,21497000,8800000,None,None,148850000,None,None,34920000,12500000,0.04,0.0001,400000,400000,None,0.818,0.32,335055000,369975000,5.78,2023-03-31,10.06,1093249000,1055700000.0,894995000,189652000,70583000,1093249000,1093249000,None,37426000,None,None,None,None,899732000,None,None,188500000,None,None,None,0.288,237600000,559940000,335055000,35115000,181152000,None,None,None,None,None,None,None,0.629,2.491,4.119,None,None,None,None,None,7300000,None,0.26,None,50592000,2025-11-03,quarterly,6.1,USD,pre-market,None,503188000,0.0356,0.162,0.022,70.24,528038000,965482000,65750000,None,212.91,259.77,5.5363,2321636000,337802000,256588000,1359092000,1986267000,1102504000,916492000,817381000,17.73,-296043000,299.69,139.2
2025-12-28,AMG,16.7,2042100000.0,17.73,None,1.223,118.14,2300000,None,140423000,140423000,-623800000,156700000,-209800000,None,None,None,None,77500000,390000,44689655,None,21497000,21497000,8800000,None,None,148850000,None,None,34920000,12200000,0.04,0.0001,400000,400000,None,0.818,0.32,335055000,369975000,5.78,2022-12-31,10.06,1093249000,1055700000.0,894995000,189652000,70583000,1093249000,1093249000,None,37426000,None,None,None,None,899732000,None,None,831100000,None,None,None,0.288,100000,559940000,335055000,35115000,181152000,None,None,None,None,None,None,None,0.629,2.491,4.119,None,None,None,None,None,-360700000,None,0.26,None,50592000,2025-11-03,quarterly,6.1,USD,pre-market,None,503188000,0.0356,0.162,0.022,70.24,528038000,965482000,65750000,None,212.91,259.77,5.5363,2321636000,337802000,256588000,1359092000,1986267000,1102504000,916492000,817381000,17.73,-296043000,299.69,139.2
2025-12-28,AMG,16.7,2042100000.0,17.73,None,1.223,118.14,3000000,None,140423000,140423000,-162900000,-94600000,33400000,None,None,None,None,9000000,390000,44689655,None,21497000,21497000,8800000,None,None,148850000,None,None,34920000,18200000,0.04,0.0001,400000,400000,None,0.818,0.32,335055000,369975000,5.78,2022-09-30,10.06,1093249000,1055700000.0,894995000,189652000,70583000,1093249000,1093249000,None,37426000,None,None,None,None,899732000,None,None,164400000,None,None,None,0.288,290900000,559940000,335055000,35115000,181152000,None,None,None,None,None,None,None,0.629,2.491,4.119,None,None,None,None,None,-75900000,None,0.26,None,50592000,2025-11-03,quarterly,6.1,USD,pre-market,None,503188000,0.0356,0.162,0.022,70.24,528038000,965482000,65750000,None,212.91,259.77,5.5363,2321636000,337802000,256588000,1359092000,1986267000,1102504000,916492000,817381000,17.73,-296043000,299.69,139.2
2025-12-28,AMG,16.7,2042100000.0,17.73,None,1.223,118.14,2400000,None,140423000,140423000,-227300000,-14600000,119600000,None,None,None,None,52700000,390000,44689655,None,21497000,21497000,8800000,None,None,148850000,None,None,34920000,17100000,0.04,0.0001,400000,400000,None,0.818,0.32,335055000,369975000,5.78,2022-06-30,10.06,1093249000,1055700000.0,894995000,189652000,70583000,1093249000,1093249000,None,37426000,None,None,None,None,899732000,None,None,173900000,None,None,None,0.288,361500000,559940000,335055000,35115000,181152000,None,None,None,None,None,None,None,0.629,2.491,4.119,None,None,None,None,None,-104000000,None,0.26,None,50592000,2025-11-03,quarterly,6.1,USD,pre-market,None,503188000,0.0356,0.162,0.022,70.24,528038000,965482000,65750000,None,212.91,259.77,5.5363,2321636000,337802000,256588000,1359092000,1986267000,1102504000,916492000,817381000,17.73,-296043000,299.69,139.2
2025-12-28,AMG,16.7,2042100000.0,17.73,None,1.223,118.14,3700000,None,140423000,140423000,-388900000,-157400000,-401300000,None,None,None,None,-52200000,390000,44689655,None,21497000,21497000,8800000,None,None,148850000,None,None,34920000,16000000,0.04,0.0001,400000,400000,None,0.818,0.32,335055000,369975000,5.78,2022-03-31,10.06,1093249000,1055700000.0,894995000,189652000,70583000,1093249000,1093249000,None,37426000,None,None,None,None,899732000,None,None,218700000,None,None,None,0.288,145000000,559940000,335055000,35115000,181152000,None,None,None,None,None,None,None,0.629,2.491,4.119,None,None,None,None,None,-201300000,None,0.26,None,50592000,2025-11-03,quarterly,6.1,USD,pre-market,None,503188000,0.0356,0.162,0.022,70.24,528038000,965482000,65750000,None,212.91,259.77,5.5363,2321636000,337802000,256588000,1359092000,1986267000,1102504000,916492000,817381000,17.73,-296043000,299.69,139.2
2025-12-28,AMG,16.7,2042100000.0,17.73,None,1.223,118.14,3500000,None,140423000,140423000,-172800000,-405900000,-216800000,None,None,None,None,112700000,390000,44689655,None,21497000,21497000,8800000,None,None,148850000,None,None,34920000,14500000,0.04,0.0001,400000,400000,None,0.818,0.32,335055000,369975000,5.78,2021-12-31,10.06,1093249000,1055700000.0,894995000,189652000,70583000,1093249000,1093249000,None,37426000,None,None,None,None,899732000,None,None,283400000,None,None,None,0.288,361900000,559940000,335055000,35115000,181152000,None,None,None,None,None,None,None,0.629,2.491,4.119,None,None,None,None,None,-135100000,None,0.26,None,50592000,2025-11-03,quarterly,6.1,USD,pre-market,None,503188000,0.0356,0.162,0.022,70.24,528038000,965482000,65750000,None,212.91,259.77,5.5363,2321636000,337802000,256588000,1359092000,1986267000,1102504000,916492000,817381000,17.73,-296043000,299.69,139.2
2025-12-28,AMG,16.7,2042100000.0,17.73,None,1.223,118.14,2800000,None,140423000,140423000,16500000,-7100000,355800000,None,None,None,None,212300000,390000,44689655,None,21497000,21497000,8800000,None,None,148850000,None,None,34920000,13000000,0.04,0.0001,400000,400000,None,0.818,0.32,335055000,369975000,5.78,2021-09-30,10.06,1093249000,1055700000.0,894995000,189652000,70583000,1093249000,1093249000,None,37426000,None,None,None,None,899732000,None,None,208500000,None,None,None,0.288,346400000,559940000,335055000,35115000,181152000,None,None,None,None,None,None,None,0.629,2.491,4.119,None,None,None,None,None,-101100000,None,0.26,None,50592000,2025-11-03,quarterly,6.1,USD,pre-market,None,503188000,0.0356,0.162,0.022,70.24,528038000,965482000,65750000,None,212.91,259.77,5.5363,2321636000,337802000,256588000,1359092000,1986267000,1102504000,916492000,817381000,17.73,-296043000,299.69,139.2
2025-12-28,AMG,16.7,2042100000.0,17.73,None,1.223,118.14,1400000,None,140423000,140423000,-201100000,-146600000,14300000,None,None,None,None,-206700000,390000,44689655,None,21497000,21497000,8800000,None,None,148850000,None,None,34920000,13000000,0.04,0.0001,400000,400000,None,0.818,0.32,335055000,369975000,5.78,2021-06-30,10.06,1093249000,1055700000.0,894995000,189652000,70583000,1093249000,1093249000,None,37426000,None,None,None,None,899732000,None,None,184100000,None,None,None,0.288,362000000,559940000,335055000,35115000,181152000,None,None,None,None,None,None,None,0.629,2.491,4.119,None,None,None,None,None,-111900000,None,0.26,None,50592000,2025-11-03,quarterly,6.1,USD,pre-market,None,503188000,0.0356,0.162,0.022,70.24,528038000,965482000,65750000,None,212.91,259.77,5.5363,2321636000,337802000,256588000,1359092000,1986267000,1102504000,916492000,817381000,17.73,-296043000,299.69,139.2
2025-12-28,AMG,16.7,2042100000.0,17.73,None,1.223,118.14,700000,None,140423000,140423000,-440900000,-24100000,-276100000,None,None,None,None,-86600000,390000,44689655,None,21497000,21497000,8800000,None,None,148850000,None,None,34920000,11800000,0.04,0.0001,500000,500000,None,0.818,0.32,335055000,369975000,5.78,2021-03-31,10.06,1093249000,1055700000.0,894995000,189652000,70583000,1093249000,1093249000,None,37426000,None,None,None,None,899732000,None,None,214100000,None,None,None,0.288,188900000,559940000,335055000,35115000,181152000,None,None,None,None,None,None,None,0.629,2.491,4.119,None,None,None,None,None,-327800000,None,0.26,None,50592000,2025-11-03,quarterly,6.1,USD,pre-market,None,503188000,0.0356,0.162,0.022,70.24,528038000,965482000,65750000,None,212.91,259.77,5.5363,2321636000,337802000,256588000,1359092000,1986267000,1102504000,916492000,817381000,17.73,-296043000,299.69,139.2
2025-12-28,AMG,16.7,2042100000.0,17.73,None,1.223,118.14,1700000,None,140423000,140423000,-233900000,-45700000,102900000,None,None,None,None,-7900000,390000,44689655,None,21497000,21497000,8800000,None,None,148850000,None,None,34920000,11500000,0.04,0.0001,500000,500000,None,0.818,0.32,335055000,369975000,5.78,2020-12-31,10.06,1093249000,1055700000.0,894995000,189652000,70583000,1093249000,1093249000,None,37426000,None,None,None,None,899732000,None,None,195800000,None,None,None,0.288,382500000,559940000,335055000,35115000,181152000,None,None,None,None,None,None,None,0.629,2.491,4.119,None,None,None,None,None,110400000,None,0.26,None,50592000,2025-11-03,quarterly,6.1,USD,pre-market,None,503188000,0.0356,0.162,0.022,70.24,528038000,965482000,65750000,None,212.91,259.77,5.5363,2321636000,337802000,256588000,1359092000,1986267000,1102504000,916492000,817381000,17.73,-296043000,299.69,139.2
2025-12-28,AMG,16.7,2042100000.0,17.73,None,1.223,118.14,2300000,None,140423000,140423000,4800000,-11100000,245100000,None,None,None,None,101500000,390000,44689655,None,21497000,21497000,8800000,None,None,148850000,None,None,34920000,36500000,0.04,0.0001,500000,500000,None,0.818,0.32,335055000,369975000,5.78,2020-09-30,10.06,1093249000,1055700000.0,894995000,189652000,70583000,1093249000,1093249000,None,37426000,None,None,None,None,899732000,None,None,127800000,None,None,None,0.288,251400000,559940000,335055000,35115000,181152000,None,None,None,None,None,None,None,0.629,2.491,4.119,None,None,None,None,None,-99700000,None,0.26,None,50592000,2025-11-03,quarterly,6.1,USD,pre-market,None,503188000,0.0356,0.162,0.022,70.24,528038000,965482000,65750000,None,212.91,259.77,5.5363,2321636000,337802000,256588000,1359092000,1986267000,1102504000,916492000,817381000,17.73,-296043000,299.69,139.2
2025-12-28,AMG,16.7,2042100000.0,17.73,None,1.223,118.14,1900000,None,140423000,140423000,-188600000,-12800000,88400000,None,None,None,None,-59800000,390000,44689655,None,21497000,21497000,8800000,None,None,148850000,None,None,34920000,85900000,0.04,0.0001,500000,500000,None,0.818,0.32,335055000,369975000,5.78,2020-06-30,10.06,1093249000,1055700000.0,894995000,189652000,70583000,1093249000,1093249000,None,37426000,None,None,None,None,899732000,None,None,63400000,None,None,None,0.288,289800000,559940000,335055000,35115000,181152000,None,None,None,None,None,None,None,0.629,2.491,4.119,None,None,None,None,None,-33100000,None,0.26,None,50592000,2025-11-03,quarterly,6.1,USD,pre-market,None,503188000,0.0356,0.162,0.022,70.24,528038000,965482000,65750000,None,212.91,259.77,5.5363,2321636000,337802000,256588000,1359092000,1986267000,1102504000,916492000,817381000,17.73,-296043000,299.69,139.2
2025-12-28,AMG,16.7,2042100000.0,17.73,None,1.223,118.14,2600000,None,140423000,140423000,-37700000,15900000,63800000,None,None,None,None,-32700000,390000,44689655,None,21497000,21497000,8800000,None,None,148850000,None,None,34920000,25700000,0.04,0.0001,15300000,15300000,None,0.818,0.32,335055000,369975000,5.78,2020-03-31,10.06,1093249000,1055700000.0,894995000,189652000,70583000,1093249000,1093249000,None,37426000,None,None,None,None,899732000,None,None,40000000,None,None,None,0.288,85600000,559940000,335055000,35115000,181152000,None,None,None,None,None,None,None,0.629,2.491,4.119,None,None,None,None,None,-80200000,None,0.26,None,50592000,2025-11-03,quarterly,6.1,USD,pre-market,None,503188000,0.0356,0.162,0.022,70.24,528038000,965482000,65750000,None,212.91,259.77,5.5363,2321636000,337802000,256588000,1359092000,1986267000,1102504000,916492000,817381000,17.73,-296043000,299.69,139.2
2025-12-28,AMG,16.7,2042100000.0,17.73,None,1.223,118.14,3200000,None,140423000,140423000,-300500000,115500000,127500000,None,None,None,None,75700000,390000,44689655,None,21497000,21497000,8800000,None,None,148850000,None,None,34920000,77100000,0.04,0.0001,15700000,15700000,None,0.818,0.32,335055000,369975000,5.78,2019-12-31,10.06,1093249000,1055700000.0,894995000,189652000,70583000,1093249000,1093249000,None,37426000,None,None,None,None,899732000,None,None,95800000,None,None,None,0.288,312500000,559940000,335055000,35115000,181152000,None,None,None,None,None,None,None,0.629,2.491,4.119,None,None,None,None,None,-132700000,None,0.26,None,50592000,2025-11-03,quarterly,6.1,USD,pre-market,None,503188000,0.0356,0.162,0.022,70.24,528038000,965482000,65750000,None,212.91,259.77,5.5363,2321636000,337802000,256588000,1359092000,1986267000,1102504000,916492000,817381000,17.73,-296043000,299.69,139.2
2025-12-28,AMG,16.7,2042100000.0,17.73,None,1.223,118.14,100000,None,140423000,140423000,-163800000,-96900000,45400000,None,None,None,None,35000000,390000,44689655,None,21497000,21497000,8800000,None,None,148850000,None,None,34920000,27200000,0.04,0.0001,16200000,16200000,None,0.818,0.32,335055000,369975000,5.78,2019-09-30,10.06,1093249000,1055700000.0,894995000,189652000,70583000,1093249000,1093249000,None,37426000,None,None,None,None,899732000,None,None,162100000,None,None,None,0.288,307400000,559940000,335055000,35115000,181152000,None,None,None,None,None,None,None,0.629,2.491,4.119,None,None,None,None,None,-156400000,None,0.26,None,50592000,2025-11-03,quarterly,6.1,USD,pre-market,None,503188000,0.0356,0.162,0.022,70.24,528038000,965482000,65750000,None,212.91,259.77,5.5363,2321636000,337802000,256588000,1359092000,1986267000,1102504000,916492000,817381000,17.73,-296043000,299.69,139.2
2025-12-28,AMG,16.7,2042100000.0,17.73,None,1.223,118.14,3300000,None,140423000,140423000,-226700000,-42900000,54800000,-2700000,None,None,None,4800000,390000,44689655,None,21497000,21497000,8800000,None,None,148850000,None,None,34920000,26700000,0.04,0.0001,16400000,16400000,None,0.818,0.32,335055000,369975000,5.78,2019-06-30,10.06,1093249000,1055700000.0,894995000,189652000,70583000,1093249000,1093249000,None,37426000,None,None,None,None,899732000,None,None,180200000,None,None,None,0.288,327100000,559940000,335055000,35115000,181152000,None,None,None,None,None,None,None,0.629,2.491,4.119,None,None,None,None,None,-70800000,None,0.26,None,50592000,2025-11-03,quarterly,6.1,USD,pre-market,None,503188000,0.0356,0.162,0.022,70.24,528038000,965482000,65750000,None,212.91,259.77,5.5363,2321636000,337802000,256588000,1359092000,1986267000,1102504000,916492000,817381000,17.73,-296043000,299.69,139.2
2025-12-28,AMG,16.7,2042100000.0,17.73,None,1.223,118.14,3000000,None,140423000,140423000,-243700000,-100000,-257700000,4000000,None,None,None,-131300000,390000,44689655,None,21497000,21497000,8800000,None,None,148850000,None,None,34920000,34800000,0.04,0.0001,17000000,17000000,None,0.818,0.32,335055000,369975000,5.78,2019-03-31,10.06,1093249000,1055700000.0,894995000,189652000,70583000,1093249000,1093249000,None,37426000,None,None,None,None,899732000,None,None,-133000000,None,None,None,0.288,-17900000,559940000,335055000,35115000,181152000,None,None,None,None,None,None,None,0.629,2.491,4.119,None,None,None,None,None,-71000000,None,0.26,None,50592000,2025-11-03,quarterly,6.1,USD,pre-market,None,503188000,0.0356,0.162,0.022,70.24,528038000,965482000,65750000,None,212.91,259.77,5.5363,2321636000,337802000,256588000,1359092000,1986267000,1102504000,916492000,817381000,17.73,-296043000,299.69,139.2
2025-12-28,AMG,16.7,2042100000.0,17.73,None,1.223,118.14,5200000,None,140423000,140423000,-141400000,2700000,120600000,-5100000,None,None,None,96000000,390000,44689655,None,21497000,21497000,8800000,None,None,148850000,None,None,34920000,43800000,0.04,0.0001,15800000,15800000,None,0.818,0.32,335055000,369975000,5.78,2018-12-31,10.06,1093249000,1055700000.0,894995000,189652000,70583000,1093249000,1093249000,None,37426000,None,None,None,None,899732000,None,None,-98800000,None,None,None,0.288,264400000,559940000,335055000,35115000,181152000,None,None,None,None,None,None,None,0.629,2.491,4.119,None,None,None,None,None,-78700000,None,0.26,None,50592000,2025-11-03,quarterly,6.1,USD,pre-market,None,503188000,0.0356,0.162,0.022,70.24,528038000,965482000,65750000,None,212.91,259.77,5.5363,2321636000,337802000,256588000,1359092000,1986267000,1102504000,916492000,817381000,17.73,-296043000,299.69,139.2
2025-12-28,AMG,16.7,2042100000.0,17.73,None,1.223,118.14,3200000,None,140423000,140423000,-245900000,4600000,55300000,-2300000,0,None,None,-21000000,390000,44689655,None,21497000,21497000,8800000,None,None,148850000,None,None,34920000,35400000,0.04,0.0001,16000000,16000000,None,0.818,0.32,335055000,369975000,5.78,2018-09-30,10.06,1093249000,1055700000.0,894995000,189652000,70583000,1093249000,1093249000,None,37426000,None,None,None,None,899732000,None,None,201800000,None,None,None,0.288,298900000,559940000,335055000,35115000,181152000,None,None,None,None,None,None,None,0.629,2.491,4.119,None,None,None,None,None,-98200000,None,0.26,None,50592000,2025-11-03,quarterly,6.1,USD,pre-market,None,503188000,0.0356,0.162,0.022,70.24,528038000,965482000,65750000,None,212.91,259.77,5.5363,2321636000,337802000,256588000,1359092000,1986267000,1102504000,916492000,817381000,17.73,-296043000,299.69,139.2
2025-12-28,AMG,16.7,2042100000.0,17.73,None,1.223,118.14,4800000,None,140423000,140423000,-282700000,-21600000,58600000,-9400000,0,None,None,31800000,390000,44689655,None,21497000,21497000,8800000,None,None,148850000,None,None,34920000,28900000,0.04,0.0001,16200000,16200000,None,0.818,0.32,335055000,369975000,5.78,2018-06-30,10.06,1093249000,1055700000.0,894995000,189652000,70583000,1093249000,1093249000,None,37426000,None,None,None,None,899732000,None,None,205300000,None,None,None,0.288,372300000,559940000,335055000,35115000,181152000,None,None,None,None,None,None,None,0.629,2.491,4.119,None,None,None,None,None,-149700000,None,0.26,None,50592000,2025-11-03,quarterly,6.1,USD,pre-market,None,503188000,0.0356,0.162,0.022,70.24,528038000,965482000,65750000,None,212.91,259.77,5.5363,2321636000,337802000,256588000,1359092000,1986267000,1102504000,916492000,817381000,17.73,-296043000,299.69,139.2
2025-12-28,AMG,16.7,2042100000.0,17.73,None,1.223,118.14,5500000,None,140423000,140423000,-313100000,-3900000,-105300000,6700000,0,None,None,-92400000,390000,44689655,None,21497000,21497000,8800000,None,None,148850000,None,None,34920000,28700000,0.04,0.0001,16400000,16400000,None,0.818,0.32,335055000,369975000,5.78,2018-03-31,10.06,1093249000,1055700000.0,894995000,189652000,70583000,1093249000,1093249000,None,37426000,None,None,None,None,899732000,None,None,224000000,None,None,None,0.288,205000000,559940000,335055000,35115000,181152000,None,None,None,None,None,None,None,0.629,2.491,4.119,None,None,None,None,None,-170100000,None,0.26,None,50592000,2025-11-03,quarterly,6.1,USD,pre-market,None,503188000,0.0356,0.162,0.022,70.24,528038000,965482000,65750000,None,212.91,259.77,5.5363,2321636000,337802000,256588000,1359092000,1986267000,1102504000,916492000,817381000,17.73,-296043000,299.69,139.2
2025-12-28,AMG,16.7,2042100000.0,17.73,None,1.223,118.14,4600000,None,140423000,140423000,-318200000,8900000,64800000,4200000,0,None,None,78200000,390000,44689655,None,21497000,21497000,8800000,None,None,148850000,None,None,34920000,26700000,0.04,0.0001,11100000,11100000,None,0.818,0.32,335055000,369975000,5.78,2017-12-31,10.06,1093249000,1055700000.0,894995000,189652000,70583000,1093249000,1093249000,None,37426000,None,None,None,None,899732000,None,None,393800000,None,None,None,0.288,369900000,559940000,335055000,35115000,181152000,None,None,None,None,None,None,None,0.629,2.491,4.119,None,None,None,None,None,-116800000,None,0.26,None,50592000,2025-11-03,quarterly,6.1,USD,pre-market,None,503188000,0.0356,0.162,0.022,70.24,528038000,965482000,65750000,None,212.91,259.77,5.5363,2321636000,337802000,256588000,1359092000,1986267000,1102504000,916492000,817381000,17.73,-296043000,299.69,139.2
2025-12-28,AMG,16.7,2042100000.0,17.73,None,1.223,118.14,6700000,None,140423000,140423000,-354300000,3900000,10100000,4000000,0,None,None,-55900000,390000,44689655,None,21497000,21497000,8800000,None,None,148850000,None,None,34920000,26000000,0.04,0.0001,11200000,11200000,None,0.818,0.32,335055000,369975000,5.78,2017-09-30,10.06,1093249000,1055700000.0,894995000,189652000,70583000,1093249000,1093249000,None,37426000,None,None,None,None,899732000,None,None,216900000,None,None,None,0.288,356500000,559940000,335055000,35115000,181152000,None,None,None,None,None,None,None,0.629,2.491,4.119,None,None,None,None,None,-106200000,None,0.26,None,50592000,2025-11-03,quarterly,6.1,USD,pre-market,None,503188000,0.0356,0.162,0.022,70.24,528038000,965482000,65750000,None,212.91,259.77,5.5363,2321636000,337802000,256588000,1359092000,1986267000,1102504000,916492000,817381000,17.73,-296043000,299.69,139.2
2025-12-28,AMG,16.7,2042100000.0,17.73,None,1.223,118.14,3100000,None,140423000,140423000,-239800000,-15300000,71000000,4200000,0,None,None,-700000,390000,44689655,None,21497000,21497000,8800000,None,None,148850000,None,None,34920000,26900000,0.04,0.0001,11300000,11300000,None,0.818,0.32,335055000,369975000,5.78,2017-06-30,10.06,1093249000,1055700000.0,894995000,189652000,70583000,1093249000,1093249000,None,37426000,None,None,None,None,899732000,None,None,204400000,None,None,None,0.288,321900000,559940000,335055000,35115000,181152000,None,None,None,None,None,None,None,0.629,2.491,4.119,None,None,None,None,None,-90200000,None,0.26,None,50592000,2025-11-03,quarterly,6.1,USD,pre-market,None,503188000,0.0356,0.162,0.022,70.24,528038000,965482000,65750000,None,212.91,259.77,5.5363,2321636000,337802000,256588000,1359092000,1986267000,1102504000,916492000,817381000,17.73,-296043000,299.69,139.2
2025-12-28,AMG,16.7,2042100000.0,17.73,None,1.223,118.14,4100000,None,140423000,140423000,-277400000,16300000,-137200000,1800000,0,None,None,-75100000,390000,44689655,None,21497000,21497000,8800000,None,None,148850000,None,None,34920000,27100000,0.04,0.0001,11300000,11300000,None,0.818,0.32,335055000,369975000,5.78,2017-03-31,10.06,1093249000,1055700000.0,894995000,189652000,70583000,1093249000,1093249000,None,37426000,None,None,None,None,899732000,None,None,193600000,None,None,None,0.288,122100000,559940000,335055000,35115000,181152000,None,None,None,None,None,None,None,0.629,2.491,4.119,None,None,None,None,None,-80000000,None,0.26,None,50592000,2025-11-03,quarterly,6.1,USD,pre-market,None,503188000,0.0356,0.162,0.022,70.24,528038000,965482000,65750000,None,212.91,259.77,5.5363,2321636000,337802000,256588000,1359092000,1986267000,1102504000,916492000,817381000,17.73,-296043000,299.69,139.2
2025-12-28,AMG,16.7,2042100000.0,17.73,None,1.223,118.14,5100000,None,140423000,140423000,162900000,-463500000,36400000,-7500000,0,None,None,20500000,390000,44689655,None,21497000,21497000,8800000,None,None,148850000,None,None,34920000,18200000,0.04,0.0001,830300000,830300000,None,0.818,0.32,335055000,369975000,5.78,2016-12-31,10.06,1093249000,1055700000.0,894995000,189652000,70583000,1093249000,1093249000,None,37426000,None,None,None,None,899732000,None,None,207400000,None,None,None,0.288,365800000,559940000,335055000,35115000,181152000,None,None,None,None,None,None,None,0.629,2.491,4.119,None,None,None,None,None,-380300000,None,0.26,None,50592000,2025-11-03,quarterly,6.1,USD,pre-market,None,503188000,0.0356,0.162,0.022,70.24,528038000,965482000,65750000,None,212.91,259.77,5.5363,2321636000,337802000,256588000,1359092000,1986267000,1102504000,916492000,817381000,17.73,-296043000,299.69,139.2
2025-12-28,AMG,16.7,2042100000.0,17.73,None,1.223,118.14,6500000,None,140423000,140423000,51000000,-328700000,61400000,-4000000,0,None,None,87700000,390000,44689655,None,21497000,21497000,8800000,None,None,148850000,None,None,34920000,31900000,0.04,0.0001,81100000,81100000,None,0.818,0.32,335055000,369975000,5.78,2016-09-30,10.06,1093249000,1055700000.0,894995000,189652000,70583000,1093249000,1093249000,None,37426000,None,None,None,None,899732000,None,None,176000000,None,None,None,0.288,343100000,559940000,335055000,35115000,181152000,None,None,None,None,None,None,None,0.629,2.491,4.119,None,None,None,None,None,156900000,None,0.26,None,50592000,2025-11-03,quarterly,6.1,USD,pre-market,None,503188000,0.0356,0.162,0.022,70.24,528038000,965482000,65750000,None,212.91,259.77,5.5363,2321636000,337802000,256588000,1359092000,1986267000,1102504000,916492000,817381000,17.73,-296043000,299.69,139.2
2025-12-28,AMG,16.7,2042100000.0,17.73,None,1.223,118.14,4500000,None,140423000,140423000,-274200000,10900000,37500000,-11400000,0,None,None,44200000,390000,44689655,None,21497000,21497000,8800000,None,None,148850000,None,None,34920000,33700000,0.04,0.0001,70000000,70000000,None,0.818,0.32,335055000,369975000,5.78,2016-06-30,10.06,1093249000,1055700000.0,894995000,189652000,70583000,1093249000,1093249000,None,37426000,None,None,None,None,899732000,None,None,183500000,None,None,None,0.288,315800000,559940000,335055000,35115000,181152000,None,None,None,None,None,None,None,0.629,2.491,4.119,None,None,None,None,None,-16500000,None,0.26,None,50592000,2025-11-03,quarterly,6.1,USD,pre-market,None,503188000,0.0356,0.162,0.022,70.24,528038000,965482000,65750000,None,212.91,259.77,5.5363,2321636000,337802000,256588000,1359092000,1986267000,1102504000,916492000,817381000,17.73,-296043000,299.69,139.2
2025-12-28,AMG,16.7,2042100000.0,17.73,None,1.223,118.14,4100000,None,140423000,140423000,259800000,-550900000,-266200000,-4300000,0,None,None,-94200000,390000,44689655,None,21497000,21497000,8800000,None,None,148850000,None,None,34920000,26600000,0.04,0.0001,515000000,515000000,None,0.818,0.32,335055000,369975000,5.78,2016-03-31,10.06,1093249000,1055700000.0,894995000,189652000,70583000,1093249000,1093249000,None,37426000,None,None,None,None,899732000,None,None,173500000,None,None,None,0.288,25600000,559940000,335055000,35115000,181152000,None,None,None,None,None,None,None,0.629,2.491,4.119,None,None,None,None,None,-16900000,None,0.26,None,50592000,2025-11-03,quarterly,6.1,USD,pre-market,None,503188000,0.0356,0.162,0.022,70.24,528038000,965482000,65750000,None,212.91,259.77,5.5363,2321636000,337802000,256588000,1359092000,1986267000,1102504000,916492000,817381000,17.73,-296043000,299.69,139.2
2025-12-28,AMG,16.7,2042100000.0,17.73,None,1.223,118.14,12700000,None,140423000,140423000,-62800000,-262100000,None,None,0,None,None,None,390000,44689655,None,21497000,21497000,8800000,None,None,148850000,None,None,34920000,34300000,0.04,0.0001,320000000,320000000,None,0.818,0.32,335055000,369975000,5.78,2015-12-31,10.06,1093249000,1055700000.0,894995000,189652000,70583000,1093249000,1093249000,None,37426000,None,None,None,None,899732000,None,None,230800000,None,None,None,0.288,352200000,559940000,335055000,35115000,181152000,None,None,None,None,None,None,None,0.629,2.491,4.119,None,None,None,None,None,-34100000,None,0.26,None,50592000,2025-11-03,quarterly,6.1,USD,pre-market,None,503188000,0.0356,0.162,0.022,70.24,528038000,965482000,65750000,None,212.91,259.77,5.5363,2321636000,337802000,256588000,1359092000,1986267000,1102504000,916492000,817381000,17.73,-296043000,299.69,139.2
2025-12-28,AMG,16.7,2042100000.0,17.73,None,1.223,118.14,13800000,None,140423000,140423000,-293900000,-32100000,None,None,0,None,None,None,390000,44689655,None,21497000,21497000,8800000,None,None,148850000,None,None,34920000,35000000,0.04,0.0001,410000000,410000000,None,0.818,0.32,335055000,369975000,5.78,2015-09-30,10.06,1093249000,1055700000.0,894995000,189652000,70583000,1093249000,1093249000,None,37426000,None,None,None,None,899732000,None,None,188600000,None,None,None,0.288,385700000,559940000,335055000,35115000,181152000,None,None,None,None,None,None,None,0.629,2.491,4.119,None,None,None,None,None,-64800000,None,0.26,None,50592000,2025-11-03,quarterly,6.1,USD,pre-market,None,503188000,0.0356,0.162,0.022,70.24,528038000,965482000,65750000,None,212.91,259.77,5.5363,2321636000,337802000,256588000,1359092000,1986267000,1102504000,916492000,817381000,17.73,-296043000,299.69,139.2
2025-12-28,AMG,16.7,2042100000.0,17.73,None,1.223,118.14,7000000,None,140423000,140423000,-283500000,-26000000,50300000,8400000,0,None,None,18100000,390000,44689655,None,21497000,21497000,8800000,None,None,148850000,None,None,34920000,32700000,0.04,0.0001,115400000,115400000,None,0.818,0.32,335055000,369975000,5.78,2015-06-30,10.06,1093249000,1055700000.0,894995000,189652000,70583000,1093249000,1093249000,None,37426000,None,None,None,None,899732000,None,None,189900000,None,None,None,0.288,351400000,559940000,335055000,35115000,181152000,None,None,None,None,None,None,None,0.629,2.491,4.119,None,None,None,None,None,-117000000,None,0.26,None,50592000,2025-11-03,quarterly,6.1,USD,pre-market,None,503188000,0.0356,0.162,0.022,70.24,528038000,965482000,65750000,None,212.91,259.77,5.5363,2321636000,337802000,256588000,1359092000,1986267000,1102504000,916492000,817381000,17.73,-296043000,299.69,139.2
2025-12-28,AMG,16.7,2042100000.0,17.73,None,1.223,118.14,4700000,None,140423000,140423000,-217500000,-4300000,-112400000,-9700000,0,None,None,-72400000,390000,44689655,None,21497000,21497000,8800000,None,None,148850000,None,None,34920000,27800000,0.04,0.0001,523300000,523300000,None,0.818,0.32,335055000,369975000,5.78,2015-03-31,10.06,1093249000,1055700000.0,894995000,189652000,70583000,1093249000,1093249000,None,37426000,None,None,None,None,899732000,None,None,220700000,None,None,None,0.288,119100000,559940000,335055000,35115000,181152000,None,None,None,None,None,None,None,0.629,2.491,4.119,None,None,None,None,None,-197800000,None,0.26,None,50592000,2025-11-03,quarterly,6.1,USD,pre-market,None,503188000,0.0356,0.162,0.022,70.24,528038000,965482000,65750000,None,212.91,259.77,5.5363,2321636000,337802000,256588000,1359092000,1986267000,1102504000,916492000,817381000,17.73,-296043000,299.69,139.2
2025-12-28,AMG,16.7,2042100000.0,17.73,None,1.223,118.14,5500000,None,140423000,140423000,352600000,-717100000,None,None,0,None,None,None,390000,44689655,None,21497000,21497000,8800000,None,None,148850000,None,None,34920000,42600000,0.04,0.0001,730000000,730000000,None,0.818,0.32,335055000,369975000,5.78,2014-12-31,10.06,1093249000,1055700000.0,894995000,189652000,70583000,1093249000,1093249000,None,37426000,None,None,None,None,899732000,None,None,256200000,None,None,None,0.288,361800000,559940000,335055000,35115000,181152000,None,None,None,None,None,None,None,0.629,2.491,4.119,None,None,None,None,None,-139100000,None,0.26,None,50592000,2025-11-03,quarterly,6.1,USD,pre-market,None,503188000,0.0356,0.162,0.022,70.24,528038000,965482000,65750000,None,212.91,259.77,5.5363,2321636000,337802000,256588000,1359092000,1986267000,1102504000,916492000,817381000,17.73,-296043000,299.69,139.2
2025-12-28,AMG,16.7,2042100000.0,17.73,None,1.223,118.14,3200000,None,140423000,140423000,-206500000,-5500000,None,None,0,None,None,None,390000,44689655,None,21497000,21497000,8800000,None,None,148850000,None,None,34920000,33100000,0.04,0.0001,0,0,None,0.818,0.32,335055000,369975000,5.78,2014-09-30,10.06,1093249000,1055700000.0,894995000,189652000,70583000,1093249000,1093249000,None,37426000,None,None,None,None,899732000,None,None,190000000,None,None,None,0.288,404500000,559940000,335055000,35115000,181152000,None,None,None,None,None,None,None,0.629,2.491,4.119,None,None,None,None,None,-51700000,None,0.26,None,50592000,2025-11-03,quarterly,6.1,USD,pre-market,None,503188000,0.0356,0.162,0.022,70.24,528038000,965482000,65750000,None,212.91,259.77,5.5363,2321636000,337802000,256588000,1359092000,1986267000,1102504000,916492000,817381000,17.73,-296043000,299.69,139.2
2025-12-28,AMG,16.7,2042100000.0,17.73,None,1.223,118.14,6400000,None,140423000,140423000,-273100000,-431200000,None,None,0,None,None,None,390000,44689655,None,21497000,21497000,8800000,None,None,148850000,None,None,34920000,32200000,0.04,0.0001,0,0,None,0.818,0.32,335055000,369975000,5.78,2014-06-30,10.06,1093249000,1055700000.0,894995000,189652000,70583000,1093249000,1093249000,None,37426000,None,None,None,None,899732000,None,None,178000000,None,None,None,0.288,328200000,559940000,335055000,35115000,181152000,None,None,None,None,None,None,None,0.629,2.491,4.119,None,None,None,None,None,24000000,None,0.26,None,50592000,2025-11-03,quarterly,6.1,USD,pre-market,None,503188000,0.0356,0.162,0.022,70.24,528038000,965482000,65750000,None,212.91,259.77,5.5363,2321636000,337802000,256588000,1359092000,1986267000,1102504000,916492000,817381000,17.73,-296043000,299.69,139.2
2025-12-28,AMG,16.7,2042100000.0,17.73,None,1.223,118.14,4100000,None,140423000,140423000,94100000,-114300000,277500000,None,0,None,None,-66500000,390000,44689655,None,21497000,21497000,8800000,None,None,148850000,None,None,34920000,31200000,0.04,0.0001,219000000,219000000,None,0.818,0.32,335055000,369975000,5.78,2014-03-31,10.06,1093249000,1055700000.0,894995000,189652000,70583000,1093249000,1093249000,None,37426000,None,None,None,None,899732000,None,None,159400000,None,None,None,0.288,297700000,559940000,335055000,35115000,181152000,None,None,None,None,None,None,None,0.629,2.491,4.119,None,None,None,None,None,7000000,None,0.26,None,50592000,2025-11-03,quarterly,6.1,USD,pre-market,None,503188000,0.0356,0.162,0.022,70.24,528038000,965482000,65750000,None,212.91,259.77,5.5363,2321636000,337802000,256588000,1359092000,1986267000,1102504000,916492000,817381000,17.73,-296043000,299.69,139.2
2025-12-28,AMG,16.7,2042100000.0,17.73,None,1.223,118.14,8100000,None,140423000,140423000,-257500000,-6500000,None,None,-12600000,None,None,None,390000,44689655,None,21497000,21497000,8800000,None,None,148850000,None,None,34920000,33800000,0.04,0.0001,210200000,210200000,None,0.818,0.32,335055000,369975000,5.78,2013-12-31,10.06,1093249000,1055700000.0,894995000,189652000,70583000,1093249000,1093249000,None,37426000,None,None,None,None,899732000,None,None,249200000,None,None,None,0.288,209500000,559940000,335055000,35115000,181152000,None,None,None,None,None,None,None,0.629,2.491,4.119,None,None,None,None,None,-45200000,None,0.26,None,50592000,2025-11-03,quarterly,6.1,USD,pre-market,None,503188000,0.0356,0.162,0.022,70.24,528038000,965482000,65750000,None,212.91,259.77,5.5363,2321636000,337802000,256588000,1359092000,1986267000,1102504000,916492000,817381000,17.73,-296043000,299.69,139.2
2025-12-28,AMG,16.7,2042100000.0,17.73,None,1.223,118.14,7100000,None,140423000,140423000,-145500000,-34100000,None,None,0,None,None,None,390000,44689655,None,21497000,21497000,8800000,None,None,148850000,None,None,34920000,36100000,0.04,0.0001,475000000,475000000,None,0.818,0.32,335055000,369975000,5.78,2013-09-30,10.06,1093249000,1055700000.0,894995000,189652000,70583000,1093249000,1093249000,None,37426000,None,None,None,None,899732000,None,None,156400000,None,None,None,0.288,282800000,559940000,335055000,35115000,181152000,None,None,None,None,None,None,None,0.629,2.491,4.119,None,None,None,None,None,-15700000,None,0.26,None,50592000,2025-11-03,quarterly,6.1,USD,pre-market,None,503188000,0.0356,0.162,0.022,70.24,528038000,965482000,65750000,None,212.91,259.77,5.5363,2321636000,337802000,256588000,1359092000,1986267000,1102504000,916492000,817381000,17.73,-296043000,299.69,139.2
2025-12-28,AMG,16.7,2042100000.0,17.73,None,1.223,118.14,4300000,None,140423000,140423000,-180400000,-2800000,None,None,200000,None,None,None,390000,44689655,None,21497000,21497000,8800000,None,None,148850000,None,None,34920000,35900000,0.04,0.0001,0,0,None,0.818,0.32,335055000,369975000,5.78,2013-06-30,10.06,1093249000,1055700000.0,894995000,189652000,70583000,1093249000,1093249000,None,37426000,None,None,None,None,899732000,None,None,134200000,None,None,None,0.288,262600000,559940000,335055000,35115000,181152000,None,None,None,None,None,None,None,0.629,2.491,4.119,None,None,None,None,None,36000000,None,0.26,None,50592000,2025-11-03,quarterly,6.1,USD,pre-market,None,503188000,0.0356,0.162,0.022,70.24,528038000,965482000,65750000,None,212.91,259.77,5.5363,2321636000,337802000,256588000,1359092000,1986267000,1102504000,916492000,817381000,17.73,-296043000,299.69,139.2
2025-12-28,AMG,16.7,2042100000.0,17.73,None,1.223,118.14,4600000,None,140423000,140423000,-285700000,-7000000,None,None,-3800000,None,None,None,390000,44689655,None,21497000,21497000,8800000,None,None,148850000,None,None,34920000,36400000,0.04,0.0001,0,0,None,0.818,0.32,335055000,369975000,5.78,2013-03-31,10.06,1093249000,1055700000.0,894995000,189652000,70583000,1093249000,1093249000,None,37426000,None,None,None,None,899732000,None,None,129700000,None,None,None,0.288,202200000,559940000,335055000,35115000,181152000,None,None,None,None,None,None,None,0.629,2.491,4.119,None,None,None,None,None,0,None,0.26,None,50592000,2025-11-03,quarterly,6.1,USD,pre-market,None,503188000,0.0356,0.162,0.022,70.24,528038000,965482000,65750000,None,212.91,259.77,5.5363,2321636000,337802000,256588000,1359092000,1986267000,1102504000,916492000,817381000,17.73,-296043000,299.69,139.2
2025-12-28,AMG,16.7,2042100000.0,17.73,None,1.223,118.14,10100000,None,140423000,140423000,-74300000,-54400000,None,None,6400000,None,None,None,390000,44689655,None,21497000,21497000,8800000,None,None,148850000,None,None,34920000,34400000,0.04,0.0001,82000000,82000000,None,0.818,0.32,335055000,369975000,5.78,2012-12-31,10.06,1093249000,1055700000.0,894995000,189652000,70583000,1093249000,1093249000,None,37426000,None,None,None,None,899732000,None,None,139400000,None,None,None,0.288,186100000,559940000,335055000,35115000,181152000,None,None,None,None,None,None,None,0.629,2.491,4.119,None,None,None,None,None,25100000,None,0.26,None,50592000,2025-11-03,quarterly,6.1,USD,pre-market,None,503188000,0.0356,0.162,0.022,70.24,528038000,965482000,65750000,None,212.91,259.77,5.5363,2321636000,337802000,256588000,1359092000,1986267000,1102504000,916492000,817381000,17.73,-296043000,299.69,139.2
2025-12-28,AMG,16.7,2042100000.0,17.73,None,1.223,118.14,4900000,None,140423000,140423000,202200000,-354000000,None,None,-5100000,None,None,None,390000,44689655,None,21497000,21497000,8800000,None,None,148850000,None,None,34920000,27500000,0.04,0.0001,560000000,560000000,None,0.818,0.32,335055000,369975000,5.78,2012-09-30,10.06,1093249000,1055700000.0,894995000,189652000,70583000,1093249000,1093249000,None,37426000,None,None,None,None,899732000,None,None,118100000,None,None,None,0.288,211100000,559940000,335055000,35115000,181152000,None,None,None,None,None,None,None,0.629,2.491,4.119,None,None,None,None,None,-2100000,None,0.26,None,50592000,2025-11-03,quarterly,6.1,USD,pre-market,None,503188000,0.0356,0.162,0.022,70.24,528038000,965482000,65750000,None,212.91,259.77,5.5363,2321636000,337802000,256588000,1359092000,1986267000,1102504000,916492000,817381000,17.73,-296043000,299.69,139.2
2025-12-28,AMG,16.7,2042100000.0,17.73,None,1.223,118.14,3700000,None,140423000,140423000,131500000,-396000000,None,None,0,None,None,None,390000,44689655,None,21497000,21497000,8800000,None,None,148850000,None,None,34920000,118300000,0.04,0.0001,277000000,277000000,None,0.818,0.32,335055000,369975000,5.78,2012-06-30,10.06,1093249000,1055700000.0,894995000,189652000,70583000,1093249000,1093249000,None,37426000,None,None,None,None,899732000,None,None,60900000,None,None,None,0.288,183400000,559940000,335055000,35115000,181152000,None,None,None,None,None,None,None,0.629,2.491,4.119,None,None,None,None,None,-28200000,None,0.26,None,50592000,2025-11-03,quarterly,6.1,USD,pre-market,None,503188000,0.0356,0.162,0.022,70.24,528038000,965482000,65750000,None,212.91,259.77,5.5363,2321636000,337802000,256588000,1359092000,1986267000,1102504000,916492000,817381000,17.73,-296043000,299.69,139.2
2025-12-28,AMG,16.7,2042100000.0,17.73,None,1.223,118.14,1300000,None,140423000,140423000,-113200000,2100000,None,None,-12700000,None,None,None,390000,44689655,None,21497000,21497000,8800000,None,None,148850000,None,None,34920000,30400000,0.04,0.0001,82000000,82000000,None,0.818,0.32,335055000,369975000,5.78,2012-03-31,10.06,1093249000,1055700000.0,894995000,189652000,70583000,1093249000,1093249000,None,37426000,None,None,None,None,899732000,None,None,93000000,None,None,None,0.288,52500000,559940000,335055000,35115000,181152000,None,None,None,None,None,None,None,0.629,2.491,4.119,None,None,None,None,None,-32700000,None,0.26,None,50592000,2025-11-03,quarterly,6.1,USD,pre-market,None,503188000,0.0356,0.162,0.022,70.24,528038000,965482000,65750000,None,212.91,259.77,5.5363,2321636000,337802000,256588000,1359092000,1986267000,1102504000,916492000,817381000,17.73,-296043000,299.69,139.2
2025-12-28,AMG,16.7,2042100000.0,17.73,None,1.223,118.14,7800000,None,140423000,140423000,-20900000,-7800000,None,None,-454600000,None,None,None,390000,44689655,None,21497000,21497000,8800000,None,None,148850000,None,None,34920000,19800000,0.04,0.0001,54100000,54100000,None,0.818,0.32,335055000,369975000,5.78,2011-12-31,10.06,1093249000,1055700000.0,894995000,189652000,70583000,1093249000,1093249000,None,37426000,None,None,None,None,899732000,None,None,89100000,None,None,None,0.288,154300000,559940000,335055000,35115000,181152000,None,None,None,None,None,None,None,0.629,2.491,4.119,None,None,None,None,None,-19700000,None,0.26,None,50592000,2025-11-03,quarterly,6.1,USD,pre-market,None,503188000,0.0356,0.162,0.022,70.24,528038000,965482000,65750000,None,212.91,259.77,5.5363,2321636000,337802000,256588000,1359092000,1986267000,1102504000,916492000,817381000,17.73,-296043000,299.69,139.2
2025-12-28,AMG,16.7,2042100000.0,17.73,None,1.223,118.14,3900000,None,140423000,140423000,-183400000,-42700000,12100000,-4000000,0,None,None,37000000,390000,44689655,None,21497000,21497000,8800000,None,None,148850000,None,None,34920000,22100000,0.04,0.0001,118800000,118800000,None,0.818,0.32,335055000,369975000,5.78,2011-09-30,10.06,1093249000,1055700000.0,894995000,189652000,70583000,1093249000,1093249000,None,37426000,None,None,None,None,899732000,None,None,80100000,None,None,None,0.288,242200000,559940000,335055000,35115000,181152000,None,None,None,None,None,None,None,0.629,2.491,4.119,None,None,None,None,None,-54800000,None,0.26,None,50592000,2025-11-03,quarterly,6.1,USD,pre-market,None,503188000,0.0356,0.162,0.022,70.24,528038000,965482000,65750000,None,212.91,259.77,5.5363,2321636000,337802000,256588000,1359092000,1986267000,1102504000,916492000,817381000,17.73,-296043000,299.69,139.2
2025-12-28,AMG,16.7,2042100000.0,17.73,None,1.223,118.14,2700000,None,140423000,140423000,-116300000,-5100000,58400000,400000,0,None,None,-21800000,390000,44689655,None,21497000,21497000,8800000,None,None,148850000,None,None,34920000,25900000,0.04,0.0001,110000000,110000000,None,0.818,0.32,335055000,369975000,5.78,2011-06-30,10.06,1093249000,1055700000.0,894995000,189652000,70583000,1093249000,1093249000,None,37426000,None,None,None,None,899732000,None,None,101000000,None,None,None,0.288,179400000,559940000,335055000,35115000,181152000,None,None,None,None,None,None,None,0.629,2.491,4.119,None,None,None,None,None,7900000,None,0.26,None,50592000,2025-11-03,quarterly,6.1,USD,pre-market,None,503188000,0.0356,0.162,0.022,70.24,528038000,965482000,65750000,None,212.91,259.77,5.5363,2321636000,337802000,256588000,1359092000,1986267000,1102504000,916492000,817381000,17.73,-296043000,299.69,139.2
2025-12-28,AMG,16.7,2042100000.0,17.73,None,1.223,118.14,1700000,None,140423000,140423000,-179700000,-11300000,-60500000,2200000,0,None,None,3000000,390000,44689655,None,21497000,21497000,8800000,None,None,148850000,None,None,34920000,25900000,0.04,0.0001,23603000,23603000,None,0.818,0.32,335055000,369975000,5.78,2011-03-31,10.06,1093249000,1055700000.0,894995000,189652000,70583000,1093249000,1093249000,None,37426000,None,None,None,None,899732000,None,None,89400000,None,None,None,0.288,128300000,559940000,335055000,35115000,181152000,None,None,None,None,None,None,None,0.629,2.491,4.119,None,None,None,None,None,-7800000,None,0.26,None,50592000,2025-11-03,quarterly,6.1,USD,pre-market,None,503188000,0.0356,0.162,0.022,70.24,528038000,965482000,65750000,None,212.91,259.77,5.5363,2321636000,337802000,256588000,1359092000,1986267000,1102504000,916492000,817381000,17.73,-296043000,299.69,139.2
2025-12-28,AMG,16.7,2042100000.0,17.73,None,1.223,118.14,3446000,None,140423000,140423000,61848000,-133047000,None,None,0,None,None,None,390000,44689655,None,21497000,21497000,8800000,None,None,148850000,None,None,34920000,24980000,0.04,0.0001,23603000,23603000,None,0.818,0.32,335055000,369975000,5.78,2010-12-31,10.06,1093249000,1055700000.0,894995000,189652000,70583000,1093249000,1093249000,None,37426000,None,None,None,None,899732000,None,None,107321000,None,None,None,0.288,129219000,559940000,335055000,35115000,181152000,None,None,None,None,None,None,None,0.629,2.491,4.119,None,None,None,None,None,-19652000,None,0.26,None,50592000,2025-11-03,quarterly,6.1,USD,pre-market,None,503188000,0.0356,0.162,0.022,70.24,528038000,965482000,65750000,None,212.91,259.77,5.5363,2321636000,337802000,256588000,1359092000,1986267000,1102504000,916492000,817381000,17.73,-296043000,299.69,139.2
2025-12-28,AMG,16.7,2042100000.0,17.73,None,1.223,118.14,2200000,None,140423000,140423000,-110600000,-26000000,None,None,0,None,None,None,390000,44689655,None,21497000,21497000,8800000,None,None,148850000,None,None,34920000,24300000,0.04,0.0001,16754000,16754000,None,0.818,0.32,335055000,369975000,5.78,2010-09-30,10.06,1093249000,1055700000.0,894995000,189652000,70583000,1093249000,1093249000,None,37426000,None,None,None,None,899732000,None,None,69029000,None,None,None,0.288,168400000,559940000,335055000,35115000,181152000,None,None,None,None,None,None,None,0.629,2.491,4.119,None,None,None,None,None,-6700000,None,0.26,None,50592000,2025-11-03,quarterly,6.1,USD,pre-market,None,503188000,0.0356,0.162,0.022,70.24,528038000,965482000,65750000,None,212.91,259.77,5.5363,2321636000,337802000,256588000,1359092000,1986267000,1102504000,916492000,817381000,17.73,-296043000,299.69,139.2
2025-12-28,AMG,16.7,2042100000.0,17.73,None,1.223,118.14,2002000,None,140423000,140423000,586200000,-682900000,None,None,39821000,None,None,None,390000,44689655,None,21497000,21497000,8800000,None,None,148850000,None,None,34920000,13000000,0.04,0.0001,23779000,23779000,None,0.818,0.32,335055000,369975000,5.78,2010-06-30,10.06,1093249000,1055700000.0,894995000,189652000,70583000,1093249000,1093249000,None,37426000,None,None,None,None,899732000,None,None,58218000,None,None,None,0.288,115100000,559940000,335055000,35115000,181152000,None,None,None,None,None,None,None,0.629,2.491,4.119,None,None,None,None,None,-6900000,None,0.26,None,50592000,2025-11-03,quarterly,6.1,USD,pre-market,None,503188000,0.0356,0.162,0.022,70.24,528038000,965482000,65750000,None,212.91,259.77,5.5363,2321636000,337802000,256588000,1359092000,1986267000,1102504000,916492000,817381000,17.73,-296043000,299.69,139.2
2025-12-28,AMG,16.7,2042100000.0,17.73,None,1.223,118.14,1100000,None,140423000,140423000,7600000,-131900000,None,None,None,None,None,None,390000,44689655,None,21497000,21497000,8800000,None,None,148850000,None,None,34920000,11900000,0.04,0.0001,36913000,36913000,None,0.818,0.32,335055000,369975000,5.78,2010-03-31,10.06,1093249000,1055700000.0,894995000,189652000,70583000,1093249000,1093249000,None,37426000,None,None,None,None,899732000,None,None,52761000,None,None,None,0.288,68000000,559940000,335055000,35115000,181152000,None,None,None,None,None,None,None,0.629,2.491,4.119,None,None,None,None,None,-102600000,None,0.26,None,50592000,2025-11-03,quarterly,6.1,USD,pre-market,None,503188000,0.0356,0.162,0.022,70.24,528038000,965482000,65750000,None,212.91,259.77,5.5363,2321636000,337802000,256588000,1359092000,1986267000,1102504000,916492000,817381000,17.73,-296043000,299.69,139.2
2025-12-28,AMG,16.7,2042100000.0,17.73,None,1.223,118.14,913000,None,140423000,140423000,-5249000,-36134000,None,None,None,None,None,None,390000,44689655,None,21497000,21497000,8800000,None,None,148850000,None,None,34920000,11605000,0.04,0.0001,102087000,102087000,None,0.818,0.32,335055000,369975000,5.78,2009-12-31,10.06,1093249000,1055700000.0,894995000,189652000,70583000,1093249000,1093249000,None,37426000,None,None,None,None,899732000,None,None,65567000,None,None,None,0.288,75143000,559940000,335055000,35115000,181152000,None,None,None,None,None,None,None,0.629,2.491,4.119,None,None,None,None,None,40308000,None,0.26,None,50592000,2025-11-03,quarterly,6.1,USD,pre-market,None,503188000,0.0356,0.162,0.022,70.24,528038000,965482000,65750000,None,212.91,259.77,5.5363,2321636000,337802000,256588000,1359092000,1986267000,1102504000,916492000,817381000,17.73,-296043000,299.69,139.2
2025-12-28,AMG,16.7,2042100000.0,17.73,None,1.223,118.14,438000,None,140423000,140423000,5333000,-136714000,None,None,None,None,None,None,390000,44689655,None,21497000,21497000,8800000,None,None,148850000,None,None,34920000,11459000,0.04,0.0001,14962000,14962000,None,0.818,0.32,335055000,369975000,5.78,2009-09-30,10.06,1093249000,1055700000.0,894995000,189652000,70583000,1093249000,1093249000,None,37426000,None,None,None,None,899732000,None,None,67860000,None,None,None,0.288,80162000,559940000,335055000,35115000,181152000,None,None,None,None,None,None,None,0.629,2.491,4.119,None,None,None,None,None,-7502000,None,0.26,None,50592000,2025-11-03,quarterly,6.1,USD,pre-market,None,503188000,0.0356,0.162,0.022,70.24,528038000,965482000,65750000,None,212.91,259.77,5.5363,2321636000,337802000,256588000,1359092000,1986267000,1102504000,916492000,817381000,17.73,-296043000,299.69,139.2
2025-12-28,AMG,16.7,2042100000.0,17.73,None,1.223,118.14,663000,None,140423000,140423000,-31643000,-4985000,None,None,None,None,None,None,390000,44689655,None,21497000,21497000,8800000,None,None,148850000,None,None,34920000,11287000,0.04,0.0001,29268000,29268000,None,0.818,0.32,335055000,369975000,5.78,2009-06-30,10.06,1093249000,1055700000.0,894995000,189652000,70583000,1093249000,1093249000,None,37426000,None,None,None,None,899732000,None,None,56249000,None,None,None,0.288,72214000,559940000,335055000,35115000,181152000,None,None,None,None,None,None,None,0.629,2.491,4.119,None,None,None,None,None,-16421000,None,0.26,None,50592000,2025-11-03,quarterly,6.1,USD,pre-market,None,503188000,0.0356,0.162,0.022,70.24,528038000,965482000,65750000,None,212.91,259.77,5.5363,2321636000,337802000,256588000,1359092000,1986267000,1102504000,916492000,817381000,17.73,-296043000,299.69,139.2
2025-12-28,AMG,16.7,2042100000.0,17.73,None,1.223,118.14,552000,None,140423000,140423000,-170707000,-3668000,None,None,None,None,None,None,390000,44689655,None,21497000,21497000,8800000,None,None,148850000,None,None,34920000,11333000,0.04,0.0001,57857000,57857000,None,0.818,0.32,335055000,369975000,5.78,2009-03-31,10.06,1093249000,1055700000.0,894995000,189652000,70583000,1093249000,1093249000,None,37426000,None,None,None,None,899732000,None,None,23240000,None,None,None,0.288,15691000,559940000,335055000,35115000,181152000,None,None,None,None,None,None,None,0.629,2.491,4.119,None,None,None,None,None,-16385000,None,0.26,None,50592000,2025-11-03,quarterly,6.1,USD,pre-market,None,503188000,0.0356,0.162,0.022,70.24,528038000,965482000,65750000,None,212.91,259.77,5.5363,2321636000,337802000,256588000,1359092000,1986267000,1102504000,916492000,817381000,17.73,-296043000,299.69,139.2
2025-12-28,AMG,16.7,2042100000.0,17.73,None,1.223,118.14,1463000,None,140423000,140423000,-40597000,-22100000,None,None,None,None,None,None,390000,44689655,None,21497000,21497000,8800000,None,None,148850000,None,None,34920000,17212000,0.04,0.0001,None,None,None,0.818,0.32,335055000,369975000,5.78,2008-12-31,10.06,1093249000,1055700000.0,894995000,189652000,70583000,1093249000,1093249000,None,37426000,None,None,None,None,899732000,None,None,-69751000,None,None,None,0.288,56640000,559940000,335055000,35115000,181152000,None,None,None,None,None,None,None,0.629,2.491,4.119,None,None,None,None,None,-10940000,None,0.26,None,50592000,2025-11-03,quarterly,6.1,USD,pre-market,None,503188000,0.0356,0.162,0.022,70.24,528038000,965482000,65750000,None,212.91,259.77,5.5363,2321636000,337802000,256588000,1359092000,1986267000,1102504000,916492000,817381000,17.73,-296043000,299.69,139.2
2025-12-28,AMG,16.7,2042100000.0,17.73,None,1.223,118.14,2951000,None,140423000,140423000,347792000,-92819000,None,None,None,None,None,None,390000,44689655,None,21497000,21497000,8800000,None,None,148850000,None,None,34920000,11558000,0.04,0.0001,None,None,None,0.818,0.32,335055000,369975000,5.78,2008-09-30,10.06,1093249000,1055700000.0,894995000,189652000,70583000,1093249000,1093249000,None,37426000,None,None,None,None,899732000,None,None,-63524000,None,None,None,0.288,-43744000,559940000,335055000,35115000,181152000,None,None,None,None,None,None,None,0.629,2.491,4.119,None,None,None,None,None,56885000,None,0.26,None,50592000,2025-11-03,quarterly,6.1,USD,pre-market,None,503188000,0.0356,0.162,0.022,70.24,528038000,965482000,65750000,None,212.91,259.77,5.5363,2321636000,337802000,256588000,1359092000,1986267000,1102504000,916492000,817381000,17.73,-296043000,299.69,139.2
2025-12-28,AMG,16.7,2042100000.0,17.73,None,1.223,118.14,2592000,None,140423000,140423000,-109453000,-52142000,None,None,None,None,None,None,390000,44689655,None,21497000,21497000,8800000,None,None,148850000,None,None,34920000,11453000,0.04,0.0001,72507000,72507000,None,0.818,0.32,335055000,369975000,5.78,2008-06-30,10.06,1093249000,1055700000.0,894995000,189652000,70583000,1093249000,1093249000,None,37426000,None,None,None,None,899732000,None,None,85437000,None,None,None,0.288,192962000,559940000,335055000,35115000,181152000,None,None,None,None,None,None,None,0.629,2.491,4.119,None,None,None,None,None,-68495000,None,0.26,None,50592000,2025-11-03,quarterly,6.1,USD,pre-market,None,503188000,0.0356,0.162,0.022,70.24,528038000,965482000,65750000,None,212.91,259.77,5.5363,2321636000,337802000,256588000,1359092000,1986267000,1102504000,916492000,817381000,17.73,-296043000,299.69,139.2
2025-12-28,AMG,16.7,2042100000.0,17.73,None,1.223,118.14,2548000,None,140423000,140423000,-87995000,-22350000,None,None,None,None,None,None,390000,44689655,None,21497000,21497000,8800000,None,None,148850000,None,None,34920000,11124000,0.04,0.0001,112579000,112579000,None,0.818,0.32,335055000,369975000,5.78,2008-03-31,10.06,1093249000,1055700000.0,894995000,189652000,70583000,1093249000,1093249000,None,37426000,None,None,None,None,899732000,None,None,71008000,None,None,None,0.288,49818000,559940000,335055000,35115000,181152000,None,None,None,None,None,None,None,0.629,2.491,4.119,None,None,None,None,None,-42940000,None,0.26,None,50592000,2025-11-03,quarterly,6.1,USD,pre-market,None,503188000,0.0356,0.162,0.022,70.24,528038000,965482000,65750000,None,212.91,259.77,5.5363,2321636000,337802000,256588000,1359092000,1986267000,1102504000,916492000,817381000,17.73,-296043000,299.69,139.2
2025-12-28,AMG,16.7,2042100000.0,17.73,None,1.223,118.14,5439000,None,140423000,140423000,413590000,-496383000,None,None,None,None,None,None,390000,44689655,None,21497000,21497000,8800000,None,None,148850000,None,None,34920000,11688000,0.04,0.0001,None,None,None,0.818,0.32,335055000,369975000,5.78,2007-12-31,10.06,1093249000,1055700000.0,894995000,189652000,70583000,1093249000,1093249000,None,37426000,None,None,None,None,899732000,None,None,60867000,None,None,None,0.288,99141000,559940000,335055000,35115000,181152000,None,None,None,None,None,None,None,0.629,2.491,4.119,None,None,None,None,None,-233154000,None,0.26,None,50592000,2025-11-03,quarterly,6.1,USD,pre-market,None,503188000,0.0356,0.162,0.022,70.24,528038000,965482000,65750000,None,212.91,259.77,5.5363,2321636000,337802000,256588000,1359092000,1986267000,1102504000,916492000,817381000,17.73,-296043000,299.69,139.2
2025-12-28,AMG,16.7,2042100000.0,17.73,None,1.223,118.14,3026000,None,140423000,140423000,-109162000,-8525000,None,None,None,None,None,None,390000,44689655,None,21497000,21497000,8800000,None,None,148850000,None,None,34920000,11481000,0.04,0.0001,None,None,None,0.818,0.32,335055000,369975000,5.78,2007-09-30,10.06,1093249000,1055700000.0,894995000,189652000,70583000,1093249000,1093249000,None,37426000,None,None,None,None,899732000,None,None,42585000,None,None,None,0.288,156633000,559940000,335055000,35115000,181152000,None,None,None,None,None,None,None,0.629,2.491,4.119,None,None,None,None,None,-93840000,None,0.26,None,50592000,2025-11-03,quarterly,6.1,USD,pre-market,None,503188000,0.0356,0.162,0.022,70.24,528038000,965482000,65750000,None,212.91,259.77,5.5363,2321636000,337802000,256588000,1359092000,1986267000,1102504000,916492000,817381000,17.73,-296043000,299.69,139.2
2025-12-28,AMG,16.7,2042100000.0,17.73,None,1.223,118.14,4074000,None,140423000,140423000,-39104000,-38035000,None,None,None,None,None,None,390000,44689655,None,21497000,21497000,8800000,None,None,148850000,None,None,34920000,11112000,0.04,0.0001,None,None,None,0.818,0.32,335055000,369975000,5.78,2007-06-30,10.06,1093249000,1055700000.0,894995000,189652000,70583000,1093249000,1093249000,None,37426000,None,None,None,None,899732000,None,None,41887000,None,None,None,0.288,118219000,559940000,335055000,35115000,181152000,None,None,None,None,None,None,None,0.629,2.491,4.119,None,None,None,None,None,-332615000,None,0.26,None,50592000,2025-11-03,quarterly,6.1,USD,pre-market,None,503188000,0.0356,0.162,0.022,70.24,528038000,965482000,65750000,None,212.91,259.77,5.5363,2321636000,337802000,256588000,1359092000,1986267000,1102504000,916492000,817381000,17.73,-296043000,299.69,139.2
2025-12-28,AMG,16.7,2042100000.0,17.73,None,1.223,118.14,4086000,None,140423000,140423000,7224000,-37812000,None,None,None,None,None,None,390000,44689655,None,21497000,21497000,8800000,None,None,148850000,None,None,34920000,7943000,0.04,0.0001,None,None,None,0.818,0.32,335055000,369975000,5.78,2007-03-31,10.06,1093249000,1055700000.0,894995000,189652000,70583000,1093249000,1093249000,None,37426000,None,None,None,None,899732000,None,None,36622000,None,None,None,0.288,-47339000,559940000,335055000,35115000,181152000,None,None,None,None,None,None,None,0.629,2.491,4.119,None,None,None,None,None,-109003000,None,0.26,None,50592000,2025-11-03,quarterly,6.1,USD,pre-market,None,503188000,0.0356,0.162,0.022,70.24,528038000,965482000,65750000,None,212.91,259.77,5.5363,2321636000,337802000,256588000,1359092000,1986267000,1102504000,916492000,817381000,17.73,-296043000,299.69,139.2
2025-12-28,AMG,16.7,2042100000.0,17.73,None,1.223,118.14,439000,None,140423000,140423000,16414000,-106465000,None,None,None,None,None,None,390000,44689655,None,21497000,21497000,8800000,None,None,148850000,None,None,34920000,9962000,0.04,0.0001,None,None,None,0.818,0.32,335055000,369975000,5.78,2006-12-31,10.06,1093249000,1055700000.0,894995000,189652000,70583000,1093249000,1093249000,None,37426000,None,None,None,None,899732000,None,None,48954000,None,None,None,0.288,69882000,559940000,335055000,35115000,181152000,None,None,None,None,None,None,None,0.629,2.491,4.119,None,None,None,None,None,-73554000,None,0.26,None,50592000,2025-11-03,quarterly,6.1,USD,pre-market,None,503188000,0.0356,0.162,0.022,70.24,528038000,965482000,65750000,None,212.91,259.77,5.5363,2321636000,337802000,256588000,1359092000,1986267000,1102504000,916492000,817381000,17.73,-296043000,299.69,139.2
2025-12-28,AMG,16.7,2042100000.0,17.73,None,1.223,118.14,3025000,None,140423000,140423000,-27161000,-14071000,None,None,None,None,None,None,390000,44689655,None,21497000,21497000,8800000,None,None,148850000,None,None,34920000,9810000,0.04,0.0001,None,None,None,0.818,0.32,335055000,369975000,5.78,2006-09-30,10.06,1093249000,1055700000.0,894995000,189652000,70583000,1093249000,1093249000,None,37426000,None,None,None,None,899732000,None,None,33147000,None,None,None,0.288,102847000,559940000,335055000,35115000,181152000,None,None,None,None,None,None,None,0.629,2.491,4.119,None,None,None,None,None,-60454000,None,0.26,None,50592000,2025-11-03,quarterly,6.1,USD,pre-market,None,503188000,0.0356,0.162,0.022,70.24,528038000,965482000,65750000,None,212.91,259.77,5.5363,2321636000,337802000,256588000,1359092000,1986267000,1102504000,916492000,817381000,17.73,-296043000,299.69,139.2
2025-12-28,AMG,16.7,2042100000.0,17.73,None,1.223,118.14,4801000,None,140423000,140423000,-63841000,-21487000,None,None,None,None,None,None,390000,44689655,None,21497000,21497000,8800000,None,None,148850000,None,None,34920000,9818000,0.04,0.0001,None,None,None,0.818,0.32,335055000,369975000,5.78,2006-06-30,10.06,1093249000,1055700000.0,894995000,189652000,70583000,1093249000,1093249000,None,37426000,None,None,None,None,899732000,None,None,33936000,None,None,None,0.288,130357000,559940000,335055000,35115000,181152000,None,None,None,None,None,None,None,0.629,2.491,4.119,None,None,None,None,None,-332615000,None,0.26,None,50592000,2025-11-03,quarterly,6.1,USD,pre-market,None,503188000,0.0356,0.162,0.022,70.24,528038000,965482000,65750000,None,212.91,259.77,5.5363,2321636000,337802000,256588000,1359092000,1986267000,1102504000,916492000,817381000,17.73,-296043000,299.69,139.2
2025-12-28,AMG,16.7,2042100000.0,17.73,None,1.223,118.14,7136000,None,140423000,140423000,-494000,-23056000,None,None,None,None,None,None,390000,44689655,None,21497000,21497000,8800000,None,None,148850000,None,None,34920000,9413000,0.04,0.0001,None,None,None,0.818,0.32,335055000,369975000,5.78,2006-03-31,10.06,1093249000,1055700000.0,894995000,189652000,70583000,1093249000,1093249000,None,37426000,None,None,None,None,899732000,None,None,35240000,None,None,None,0.288,-2083000,559940000,335055000,35115000,181152000,None,None,None,None,None,None,None,0.629,2.491,4.119,None,None,None,None,None,-69855000,None,0.26,None,50592000,2025-11-03,quarterly,6.1,USD,pre-market,None,503188000,0.0356,0.162,0.022,70.24,528038000,965482000,65750000,None,212.91,259.77,5.5363,2321636000,337802000,256588000,1359092000,1986267000,1102504000,916492000,817381000,17.73,-296043000,299.69,139.2
2025-12-28,AMG,16.7,2042100000.0,17.73,None,1.223,118.14,5422000,None,140423000,140423000,-56047000,-9831000,None,None,None,None,None,None,390000,44689655,None,21497000,21497000,8800000,None,None,148850000,None,None,34920000,9595000,0.04,0.0001,None,None,None,0.818,0.32,335055000,369975000,5.78,2005-12-31,10.06,1093249000,1055700000.0,894995000,189652000,70583000,1093249000,1093249000,None,37426000,None,None,None,None,899732000,None,None,38765000,None,None,None,0.288,67496000,559940000,335055000,35115000,181152000,None,None,None,None,None,None,None,0.629,2.491,4.119,None,None,None,None,None,-42796000,None,0.26,None,50592000,2025-11-03,quarterly,6.1,USD,pre-market,None,503188000,0.0356,0.162,0.022,70.24,528038000,965482000,65750000,None,212.91,259.77,5.5363,2321636000,337802000,256588000,1359092000,1986267000,1102504000,916492000,817381000,17.73,-296043000,299.69,139.2
2025-12-28,AMG,16.7,2042100000.0,17.73,None,1.223,118.14,4112000,None,140423000,140423000,-42329000,-66487000,None,None,None,None,None,None,390000,44689655,None,21497000,21497000,8800000,None,None,148850000,None,None,34920000,9324000,0.04,0.0001,None,None,None,0.818,0.32,335055000,369975000,5.78,2005-09-30,10.06,1093249000,1055700000.0,894995000,189652000,70583000,1093249000,1093249000,None,37426000,None,None,None,None,899732000,None,None,28511000,None,None,None,0.288,75279000,559940000,335055000,35115000,181152000,None,None,None,None,None,None,None,0.629,2.491,4.119,None,None,None,None,None,-39521000,None,0.26,None,50592000,2025-11-03,quarterly,6.1,USD,pre-market,None,503188000,0.0356,0.162,0.022,70.24,528038000,965482000,65750000,None,212.91,259.77,5.5363,2321636000,337802000,256588000,1359092000,1986267000,1102504000,916492000,817381000,17.73,-296043000,299.69,139.2
2025-12-28,AMG,16.7,2042100000.0,17.73,None,1.223,118.14,3400000,None,140423000,140423000,-1175900000,379100000,None,None,None,None,None,None,390000,44689655,None,21497000,21497000,8800000,None,None,148850000,None,None,34920000,42400000,0.04,0.0001,1400000,1400000,None,0.818,0.32,335055000,369975000,5.78,2024-12-31,10.06,1093249000,1055700000.0,894995000,189652000,70583000,1093249000,1093249000,None,37426000,None,None,None,None,899732000,None,None,740600000,None,None,None,0.288,932100000,559940000,335055000,35115000,181152000,None,None,None,None,None,None,None,0.629,2.491,4.119,None,None,None,None,None,-816300000,None,0.26,None,50592000,2025-11-03,annual,6.1,USD,pre-market,None,503188000,0.0356,0.162,0.022,70.24,528038000,965482000,65750000,None,212.91,259.77,5.5363,2321636000,337802000,256588000,1359092000,1986267000,1102504000,916492000,817381000,17.73,-296043000,299.69,139.2
2025-12-28,AMG,16.7,2042100000.0,17.73,None,1.223,118.14,12400000,None,140423000,140423000,-758300000,264500000,None,None,None,None,None,None,390000,44689655,None,21497000,21497000,8800000,None,None,148850000,None,None,34920000,61300000,0.04,0.0001,1500000,1500000,None,0.818,0.32,335055000,369975000,5.78,2023-12-31,10.06,1093249000,1055700000.0,894995000,189652000,70583000,1093249000,1093249000,None,37426000,None,None,None,None,899732000,None,None,906100000,None,None,None,0.288,874300000,559940000,335055000,35115000,181152000,None,None,None,None,None,None,None,0.629,2.491,4.119,None,None,None,None,None,-409300000,None,0.26,None,50592000,2025-11-03,annual,6.1,USD,pre-market,None,503188000,0.0356,0.162,0.022,70.24,528038000,965482000,65750000,None,212.91,259.77,5.5363,2321636000,337802000,256588000,1359092000,1986267000,1102504000,916492000,817381000,17.73,-296043000,299.69,139.2
2025-12-28,AMG,16.7,2042100000.0,17.73,None,1.223,118.14,11400000,None,140423000,140423000,-1402900000,-109900000,-458100000,None,None,None,None,87000000,390000,44689655,None,21497000,21497000,8800000,None,None,148850000,None,None,34920000,51600000,0.04,0.0001,1600000,1600000,None,0.818,0.32,335055000,369975000,5.78,2022-12-31,10.06,1093249000,1055700000.0,894995000,189652000,70583000,1093249000,1093249000,None,37426000,None,None,None,None,899732000,None,None,1388100000,None,None,None,0.288,1056600000,559940000,335055000,35115000,181152000,None,None,None,None,None,None,None,0.629,2.491,4.119,None,None,None,None,None,-713800000,None,0.26,None,50592000,2025-11-03,annual,6.1,USD,pre-market,None,503188000,0.0356,0.162,0.022,70.24,528038000,965482000,65750000,None,212.91,259.77,5.5363,2321636000,337802000,256588000,1359092000,1986267000,1102504000,916492000,817381000,17.73,-296043000,299.69,139.2
2025-12-28,AMG,16.7,2042100000.0,17.73,None,1.223,118.14,8000000,None,140423000,140423000,-798000000,-583700000,-122800000,None,None,None,None,31700000,390000,44689655,None,21497000,21497000,8800000,None,None,148850000,None,None,34920000,35000000,0.04,0.0001,1000000,1000000,None,0.818,0.32,335055000,369975000,5.78,2021-12-31,10.06,1093249000,1055700000.0,894995000,189652000,70583000,1093249000,1093249000,None,37426000,None,None,None,None,899732000,None,None,890000000,None,None,None,0.288,1250800000,559940000,335055000,35115000,181152000,None,None,None,None,None,None,None,0.629,2.491,4.119,None,None,None,None,None,-595000000,None,0.26,None,50592000,2025-11-03,annual,6.1,USD,pre-market,None,503188000,0.0356,0.162,0.022,70.24,528038000,965482000,65750000,None,212.91,259.77,5.5363,2321636000,337802000,256588000,1359092000,1986267000,1102504000,916492000,817381000,17.73,-296043000,299.69,139.2
2025-12-28,AMG,16.7,2042100000.0,17.73,None,1.223,118.14,8000000,None,140423000,140423000,-455000000,-53700000,500200000,None,None,None,None,1100000,390000,44689655,None,21497000,21497000,8800000,None,None,148850000,None,None,34920000,140000000,0.04,0.0001,16000000,16000000,None,0.818,0.32,335055000,369975000,5.78,2020-12-31,10.06,1093249000,1055700000.0,894995000,189652000,70583000,1093249000,1093249000,None,37426000,None,None,None,None,899732000,None,None,427000000,None,None,None,0.288,-1695000000,559940000,335055000,35115000,181152000,None,None,None,None,None,None,None,0.629,2.491,4.119,None,None,None,None,None,-335000000,None,0.26,None,50592000,2025-11-03,annual,6.1,USD,pre-market,None,503188000,0.0356,0.162,0.022,70.24,528038000,965482000,65750000,None,212.91,259.77,5.5363,2321636000,337802000,256588000,1359092000,1986267000,1102504000,916492000,817381000,17.73,-296043000,299.69,139.2
2025-12-28,AMG,16.7,2042100000.0,17.73,None,1.223,118.14,9600000,None,140423000,140423000,-934700000,-24400000,-30000000,None,None,None,None,-15800000,390000,44689655,None,21497000,21497000,8800000,None,None,148850000,None,None,34920000,144500000,0.04,0.0001,65300000,65300000,None,0.818,0.32,335055000,369975000,5.78,2019-12-31,10.06,1093249000,1055700000.0,894995000,189652000,70583000,1093249000,1093249000,None,37426000,None,None,None,None,899732000,None,None,305100000,None,None,None,0.288,484200000,559940000,335055000,35115000,181152000,None,None,None,None,None,None,None,0.629,2.491,4.119,None,None,None,None,None,-356100000,None,0.26,None,50592000,2025-11-03,annual,6.1,USD,pre-market,None,503188000,0.0356,0.162,0.022,70.24,528038000,965482000,65750000,None,212.91,259.77,5.5363,2321636000,337802000,256588000,1359092000,1986267000,1102504000,916492000,817381000,17.73,-296043000,299.69,139.2
2025-12-28,AMG,16.7,2042100000.0,17.73,None,1.223,118.14,18700000,None,140423000,140423000,-983100000,-18200000,129200000,-10100000,None,None,None,14400000,390000,44689655,None,21497000,21497000,8800000,None,None,148850000,None,None,34920000,136800000,0.04,0.0001,64400000,64400000,None,0.818,0.32,335055000,369975000,5.78,2018-12-31,10.06,1093249000,1055700000.0,894995000,189652000,70583000,1093249000,1093249000,None,37426000,None,None,None,None,899732000,None,None,532300000,None,None,None,0.288,1140600000,559940000,335055000,35115000,181152000,None,None,None,None,None,None,None,0.629,2.491,4.119,None,None,None,None,None,-505800000,None,0.26,None,50592000,2025-11-03,annual,6.1,USD,pre-market,None,503188000,0.0356,0.162,0.022,70.24,528038000,965482000,65750000,None,212.91,259.77,5.5363,2321636000,337802000,256588000,1359092000,1986267000,1102504000,916492000,817381000,17.73,-296043000,299.69,139.2
2025-12-28,AMG,16.7,2042100000.0,17.73,None,1.223,118.14,18500000,None,140423000,140423000,-1189700000,13800000,8700000,14200000,0,None,None,-53500000,390000,44689655,None,21497000,21497000,8800000,None,None,148850000,None,None,34920000,106700000,0.04,0.0001,44900000,44900000,None,0.818,0.32,335055000,369975000,5.78,2017-12-31,10.06,1093249000,1055700000.0,894995000,189652000,70583000,1093249000,1093249000,None,37426000,None,None,None,None,899732000,None,None,1008700000,None,None,None,0.288,1170400000,559940000,335055000,35115000,181152000,None,None,None,None,None,None,None,0.629,2.491,4.119,None,None,None,None,None,-393200000,None,0.26,None,50592000,2025-11-03,annual,6.1,USD,pre-market,None,503188000,0.0356,0.162,0.022,70.24,528038000,965482000,65750000,None,212.91,259.77,5.5363,2321636000,337802000,256588000,1359092000,1986267000,1102504000,916492000,817381000,17.73,-296043000,299.69,139.2
2025-12-28,AMG,16.7,2042100000.0,17.73,None,1.223,118.14,20200000,None,140423000,140423000,200900000,-1332200000,-130900000,-27200000,0,None,None,58200000,390000,44689655,None,21497000,21497000,8800000,None,None,148850000,None,None,34920000,129700000,0.04,0.0001,1350000000,1350000000,None,0.818,0.32,335055000,369975000,5.78,2016-12-31,10.06,1093249000,1055700000.0,894995000,189652000,70583000,1093249000,1093249000,None,37426000,None,None,None,None,899732000,None,None,739000000,None,None,None,0.288,1050300000,559940000,335055000,35115000,181152000,None,None,None,None,None,None,None,0.629,2.491,4.119,None,None,None,None,None,-33400000,None,0.26,None,50592000,2025-11-03,annual,6.1,USD,pre-market,None,503188000,0.0356,0.162,0.022,70.24,528038000,965482000,65750000,None,212.91,259.77,5.5363,2321636000,337802000,256588000,1359092000,1986267000,1102504000,916492000,817381000,17.73,-296043000,299.69,139.2
2025-12-28,AMG,16.7,2042100000.0,17.73,None,1.223,118.14,38200000,None,140423000,140423000,-857700000,-324500000,13200000,-13000000,0,None,None,56100000,390000,44689655,None,21497000,21497000,8800000,None,None,148850000,None,None,34920000,134200000,0.04,0.0001,1253300000,1253300000,None,0.818,0.32,335055000,369975000,5.78,2015-12-31,10.06,1093249000,1055700000.0,894995000,189652000,70583000,1093249000,1093249000,None,37426000,None,None,None,None,899732000,None,None,833700000,None,None,None,0.288,1213200000,559940000,335055000,35115000,181152000,None,None,None,None,None,None,None,0.629,2.491,4.119,None,None,None,None,None,-413700000,None,0.26,None,50592000,2025-11-03,annual,6.1,USD,pre-market,None,503188000,0.0356,0.162,0.022,70.24,528038000,965482000,65750000,None,212.91,259.77,5.5363,2321636000,337802000,256588000,1359092000,1986267000,1102504000,916492000,817381000,17.73,-296043000,299.69,139.2
2025-12-28,AMG,16.7,2042100000.0,17.73,None,1.223,118.14,19200000,None,140423000,140423000,-77600000,-1268100000,81000000,-10200000,0,None,None,26500000,390000,44689655,None,21497000,21497000,8800000,None,None,148850000,None,None,34920000,139100000,0.04,0.0001,1746500000,1746500000,None,0.818,0.32,335055000,369975000,5.78,2014-12-31,10.06,1093249000,1055700000.0,894995000,189652000,70583000,1093249000,1093249000,None,37426000,None,None,None,None,899732000,None,None,767400000,None,None,None,0.288,1436900000,559940000,335055000,35115000,181152000,None,None,None,None,None,None,None,0.629,2.491,4.119,None,None,None,None,None,-190800000,None,0.26,None,50592000,2025-11-03,annual,6.1,USD,pre-market,None,503188000,0.0356,0.162,0.022,70.24,528038000,965482000,65750000,None,212.91,259.77,5.5363,2321636000,337802000,256588000,1359092000,1986267000,1102504000,916492000,817381000,17.73,-296043000,299.69,139.2
2025-12-28,AMG,16.7,2042100000.0,17.73,None,1.223,118.14,24000000,None,140423000,140423000,-869100000,-50300000,39200000,1500000,-19500000,None,None,-101800000,390000,44689655,None,21497000,21497000,8800000,None,None,148850000,None,None,34920000,142200000,0.04,0.0001,760000000,760000000,None,0.818,0.32,335055000,369975000,5.78,2013-12-31,10.06,1093249000,1055700000.0,894995000,189652000,70583000,1093249000,1093249000,None,37426000,None,None,None,None,899732000,None,None,669600000,None,None,None,0.288,957100000,559940000,335055000,35115000,181152000,None,None,None,None,None,None,None,0.629,2.491,4.119,None,None,None,None,None,-15700000,None,0.26,None,50592000,2025-11-03,annual,6.1,USD,pre-market,None,503188000,0.0356,0.162,0.022,70.24,528038000,965482000,65750000,None,212.91,259.77,5.5363,2321636000,337802000,256588000,1359092000,1986267000,1102504000,916492000,817381000,17.73,-296043000,299.69,139.2
2025-12-28,AMG,16.7,2042100000.0,17.73,None,1.223,118.14,20000000,None,140423000,140423000,146200000,-802300000,None,None,-11000000,None,None,None,390000,44689655,None,21497000,21497000,8800000,None,None,148850000,None,None,34920000,200000000,0.04,0.0001,970000000,970000000,None,0.818,0.32,335055000,369975000,5.78,2012-12-31,10.06,1093249000,1055700000.0,894995000,189652000,70583000,1093249000,1093249000,None,37426000,None,None,None,None,899732000,None,None,411400000,None,None,None,0.288,633200000,559940000,335055000,35115000,181152000,None,None,None,None,None,None,None,0.629,2.491,4.119,None,None,None,None,None,-60900000,None,0.26,None,50592000,2025-11-03,annual,6.1,USD,pre-market,None,503188000,0.0356,0.162,0.022,70.24,528038000,965482000,65750000,None,212.91,259.77,5.5363,2321636000,337802000,256588000,1359092000,1986267000,1102504000,916492000,817381000,17.73,-296043000,299.69,139.2
2025-12-28,AMG,16.7,2042100000.0,17.73,None,1.223,118.14,16100000,None,140423000,140423000,-503800000,-67700000,None,None,15900000,None,None,None,390000,44689655,None,21497000,21497000,8800000,None,None,148850000,None,None,34920000,112700000,0.04,0.0001,172900000,172900000,None,0.818,0.32,335055000,369975000,5.78,2011-12-31,10.06,1093249000,1055700000.0,894995000,189652000,70583000,1093249000,1093249000,None,37426000,None,None,None,None,899732000,None,None,359600000,None,None,None,0.288,708500000,559940000,335055000,35115000,181152000,None,None,None,None,None,None,None,0.629,2.491,4.119,None,None,None,None,None,-61000000,None,0.26,None,50592000,2025-11-03,annual,6.1,USD,pre-market,None,503188000,0.0356,0.162,0.022,70.24,528038000,965482000,65750000,None,212.91,259.77,5.5363,2321636000,337802000,256588000,1359092000,1986267000,1102504000,916492000,817381000,17.73,-296043000,299.69,139.2
2025-12-28,AMG,16.7,2042100000.0,17.73,None,1.223,118.14,8762000,None,140423000,140423000,545000000,-973800000,53841000,1897000,132000,None,None,-49195000,390000,44689655,None,21497000,21497000,8800000,None,None,148850000,None,None,34920000,74100000,0.04,0.0001,101049000,101049000,None,0.818,0.32,335055000,369975000,5.78,2010-12-31,10.06,1093249000,1055700000.0,894995000,189652000,70583000,1093249000,1093249000,None,37426000,None,None,None,None,899732000,None,None,287300000,None,None,None,0.288,481202000,559940000,335055000,35115000,181152000,None,None,None,None,None,None,None,0.629,2.491,4.119,None,None,None,None,None,-135775000,None,0.26,None,50592000,2025-11-03,annual,6.1,USD,pre-market,None,503188000,0.0356,0.162,0.022,70.24,528038000,965482000,65750000,None,212.91,259.77,5.5363,2321636000,337802000,256588000,1359092000,1986267000,1102504000,916492000,817381000,17.73,-296043000,299.69,139.2
2025-12-28,AMG,16.7,2042100000.0,17.73,None,1.223,118.14,2566000,None,140423000,140423000,-202266000,-181501000,None,None,None,None,None,None,390000,44689655,None,21497000,21497000,8800000,None,None,148850000,None,None,34920000,45684000,0.04,0.0001,119555000,119555000,None,0.818,0.32,335055000,369975000,5.78,2009-12-31,10.06,1093249000,1055700000.0,894995000,189652000,70583000,1093249000,1093249000,None,37426000,None,None,None,None,899732000,None,None,212916000,None,None,None,0.288,242925000,559940000,335055000,35115000,181152000,None,None,None,None,None,None,None,0.629,2.491,4.119,None,None,None,None,None,-39534000,None,0.26,None,50592000,2025-11-03,annual,6.1,USD,pre-market,None,503188000,0.0356,0.162,0.022,70.24,528038000,965482000,65750000,None,212.91,259.77,5.5363,2321636000,337802000,256588000,1359092000,1986267000,1102504000,916492000,817381000,17.73,-296043000,299.69,139.2
2025-12-28,AMG,16.7,2042100000.0,17.73,None,1.223,118.14,9554000,None,140423000,140423000,-238340000,-93613000,None,None,None,None,None,None,390000,44689655,None,21497000,21497000,8800000,None,None,148850000,None,None,34920000,46621000,0.04,0.0001,252289000,252289000,None,0.818,0.32,335055000,369975000,5.78,2008-12-31,10.06,1093249000,1055700000.0,894995000,189652000,70583000,1093249000,1093249000,None,37426000,None,None,None,None,899732000,None,None,131899000,None,None,None,0.288,507965000,559940000,335055000,35115000,181152000,None,None,None,None,None,None,None,0.629,2.491,4.119,None,None,None,None,None,-65490000,None,0.26,None,50592000,2025-11-03,annual,6.1,USD,pre-market,None,503188000,0.0356,0.162,0.022,70.24,528038000,965482000,65750000,None,212.91,259.77,5.5363,2321636000,337802000,256588000,1359092000,1986267000,1102504000,916492000,817381000,17.73,-296043000,299.69,139.2
2025-12-28,AMG,16.7,2042100000.0,17.73,None,1.223,118.14,16821000,None,140423000,140423000,272548000,-580755000,None,None,None,None,None,None,390000,44689655,None,21497000,21497000,8800000,None,None,148850000,None,None,34920000,45347000,0.04,0.0001,None,None,None,0.818,0.32,335055000,369975000,5.78,2007-12-31,10.06,1093249000,1055700000.0,894995000,189652000,70583000,1093249000,1093249000,None,37426000,None,None,None,None,899732000,None,None,181961000,None,None,None,0.288,313888000,559940000,335055000,35115000,181152000,None,None,None,None,None,None,None,0.629,2.491,4.119,None,None,None,None,None,-435997000,None,0.26,None,50592000,2025-11-03,annual,6.1,USD,pre-market,None,503188000,0.0356,0.162,0.022,70.24,528038000,965482000,65750000,None,212.91,259.77,5.5363,2321636000,337802000,256588000,1359092000,1986267000,1102504000,916492000,817381000,17.73,-296043000,299.69,139.2
2025-12-28,AMG,16.7,2042100000.0,17.73,None,1.223,118.14,21510000,None,140423000,140423000,-75082000,-165079000,None,None,None,None,None,None,390000,44689655,None,21497000,21497000,8800000,None,None,148850000,None,None,34920000,39003000,0.04,0.0001,None,None,None,0.818,0.32,335055000,369975000,5.78,2006-12-31,10.06,1093249000,1055700000.0,894995000,189652000,70583000,1093249000,1093249000,None,37426000,None,None,None,None,899732000,None,None,151277000,None,None,None,0.288,293296000,559940000,335055000,35115000,181152000,None,None,None,None,None,None,None,0.629,2.491,4.119,None,None,None,None,None,-536478000,None,0.26,None,50592000,2025-11-03,annual,6.1,USD,pre-market,None,503188000,0.0356,0.162,0.022,70.24,528038000,965482000,65750000,None,212.91,259.77,5.5363,2321636000,337802000,256588000,1359092000,1986267000,1102504000,916492000,817381000,17.73,-296043000,299.69,139.2
2025-12-28,AMG,16.7,2042100000.0,17.73,None,1.223,118.14,14523000,None,140423000,140423000,-122267000,-82029000,None,None,None,None,None,None,390000,44689655,None,21497000,21497000,8800000,None,None,148850000,None,None,34920000,34920000,0.04,0.0001,None,None,None,0.818,0.32,335055000,369975000,5.78,2005-12-31,10.06,1093249000,1055700000.0,894995000,189652000,70583000,1093249000,1093249000,None,37426000,None,None,None,None,899732000,None,None,119069000,None,None,None,0.288,204078000,559940000,335055000,35115000,181152000,None,None,None,None,None,None,None,0.629,2.491,4.119,None,None,None,None,None,-82317000,None,0.26,None,50592000,2025-11-03,annual,6.1,USD,pre-market,None,503188000,0.0356,0.162,0.022,70.24,528038000,965482000,65750000,None,212.91,259.77,5.5363,2321636000,337802000,256588000,1359092000,1986267000,1102504000,916492000,817381000,17.73,-296043000,299.69,139.2
