date,symbol,eps,revenue_ttm,pe_ratio,accumulateddepreciationamortizationppe,beta,book_value,capitalexpenditures,capitalleaseobligations,cashandcashequivalentsatcarryingvalue,cashandshortterminvestments,cashflowfromfinancing,cashflowfrominvestment,changeincashandcashequivalents,changeinexchangerate,changeininventory,changeinoperatingassets,changeinoperatingliabilities,changeinreceivables,commonstock,commonstocksharesoutstanding,comprehensiveincomenetoftax,costofgoodsandservicessold,costofrevenue,currentaccountspayable,currentdebt,currentlongtermdebt,currentnetreceivables,deferredrevenue,depreciation,depreciationandamortization,depreciationdepletionandamortization,dividend_per_share,dividend_yield,dividendpayout,dividendpayoutcommonstock,dividendpayoutpreferredstock,earnings_growth_yoy,earnings_surprise,ebit,ebitda,estimated_eps,fiscaldateending,forward_pe,goodwill,gross_profit_ttm,grossprofit,incomebeforetax,incometaxexpense,intangibleassets,intangibleassetsexcludinggoodwill,interestanddebtexpense,interestexpense,interestincome,inventory,investmentincomenet,investments,longtermdebt,longtermdebtnoncurrent,longterminvestments,netincome,netincomefromcontinuingoperations,netinterestincome,noninterestincome,operating_margin_ttm,operatingcashflow,operatingexpenses,operatingincome,othercurrentassets,othercurrentliabilities,othernoncurrentassets,othernoncurrentliabilities,othernonoperatingincome,paymentsforoperatingactivities,paymentsforrepurchaseofcommonstock,paymentsforrepurchaseofequity,paymentsforrepurchaseofpreferredstock,peg_ratio,price_to_book,price_to_sales_ttm,proceedsfromissuanceofcommonstock,proceedsfromissuanceoflongtermdebtandcapitalsecuritiesnet,proceedsfromissuanceofpreferredstock,proceedsfromoperatingactivities,proceedsfromrepaymentsofshorttermdebt,proceedsfromrepurchaseofequity,proceedsfromsaleoftreasurystock,profit_margin,profitloss,propertyplantequipment,report_date,report_type,reported_eps,reportedcurrency,reporttime,researchanddevelopment,retainedearnings,return_on_assets_ttm,return_on_equity_ttm,revenue_growth_yoy,revenue_per_share_ttm,sellinggeneralandadministrative,shortlongtermdebttotal,shorttermdebt,shortterminvestments,sma_200,sma_50,surprise_pct,totalassets,totalcurrentassets,totalcurrentliabilities,totalliabilities,totalnoncurrentassets,totalnoncurrentliabilities,totalrevenue,totalshareholderequity,trailing_pe,treasurystock,week_52_high,week_52_low
1996-03-31,AMGN,,,,,,,,,,,,,,,,,,,,,,,,,,,,,,,,,,,,,,0.0,,,0.13,,,,,,,,,,,,,,,,,,,,,,,,,,,,,,,,,,,,,,,,,,,,,,,,,1996-04-17,,0.13,,pre-market,,,,,,,,,,,,,0.0,,,,,,,,,,,,
1996-06-30,AMGN,,,,,,,,,,,,,,,,,,,,,,,,,,,,,,,,,,,,,,0.01,,,0.15,,,,,,,,,,,,,,,,,,,,,,,,,,,,,,,,,,,,,,,,,,,,,,,,,1996-07-18,,0.16,,pre-market,,,,,,,,,,,,,6.6667,,,,,,,,,,,,
1996-09-30,AMGN,,,,,,,,,,,,,,,,,,,,,,,,,,,,,,,,,,,,,,0.01,,,0.15,,,,,,,,,,,,,,,,,,,,,,,,,,,,,,,,,,,,,,,,,,,,,,,,,1996-10-15,,0.16,,pre-market,,,,,,,,,,,,,6.6667,,,,,,,,,,,,
1996-12-31,AMGN,,,,,,,,,,,,,,,,,,,,,,,,,,,,,,,,,,,,,,0.0,,,0.16,,,,,,,,,,,,,,,,,,,,,,,,,,,,,,,,,,,,,,,,,,,,,,,,,1997-01-23,,0.16,,pre-market,,,,,,,,,,,,,0.0,,,,,,,,,,,,
1997-03-31,AMGN,,,,,,,,,,,,,,,,,,,,,,,,,,,,,,,,,,,,,,0.0,,,0.16,,,,,,,,,,,,,,,,,,,,,,,,,,,,,,,,,,,,,,,,,,,,,,,,,1997-04-17,,0.16,,pre-market,,,,,,,,,,,,,0.0,,,,,,,,,,,,
1997-06-30,AMGN,,,,,,,,,,,,,,,,,,,,,,,,,,,,,,,,,,,,,,0.0,,,0.18,,,,,,,,,,,,,,,,,,,,,,,,,,,,,,,,,,,,,,,,,,,,,,,,,1997-07-15,,0.18,,pre-market,,,,,,,,,,,,,0.0,,,,,,,,,,,,
1997-09-30,AMGN,,,,,,,,,,,,,,,,,,,,,,,,,,,,,,,,,,,,,,0.0,,,0.17,,,,,,,,,,,,,,,,,,,,,,,,,,,,,,,,,,,,,,,,,,,,,,,,,1997-10-22,,0.17,,pre-market,,,,,,,,,,,,,0.0,,,,,,,,,,,,
1997-12-31,AMGN,,,,,,,,,,,,,,,,,,,,,,,,,,,,,,,,,,,,,,0.0,,,0.17,,,,,,,,,,,,,,,,,,,,,,,,,,,,,,,,,,,,,,,,,,,,,,,,,1998-01-22,,0.17,,pre-market,,,,,,,,,,,,,0.0,,,,,,,,,,,,
1998-03-31,AMGN,,,,,,,,,,,,,,,,,,,,,,,,,,,,,,,,,,,,,,0.01,,,0.17,,,,,,,,,,,,,,,,,,,,,,,,,,,,,,,,,,,,,,,,,,,,,,,,,1998-04-22,,0.18,,pre-market,,,,,,,,,,,,,5.8824,,,,,,,,,,,,
1998-06-30,AMGN,,,,,,,,,,,,,,,,,,,,,,,,,,,,,,,,,,,,,,0.03,,,0.18,,,,,,,,,,,,,,,,,,,,,,,,,,,,,,,,,,,,,,,,,,,,,,,,,1998-07-22,,0.21,,pre-market,,,,,,,,,,,,,16.6667,,,,,,,,,,,,
1998-09-30,AMGN,,,,,,,,,,,,,,,,,,,,,,,,,,,,,,,,,,,,,,0.01,,,0.2,,,,,,,,,,,,,,,,,,,,,,,,,,,,,,,,,,,,,,,,,,,,,,,,,1998-10-27,,0.21,,pre-market,,,,,,,,,,,,,5.0,,,,,,,,,,,,
1998-12-31,AMGN,,,,,,,,,,,,,,,,,,,,,,,,,,,,,,,,,,,,,,0.02,,,0.21,,,,,,,,,,,,,,,,,,,,,,,,,,,,,,,,,,,,,,,,,,,,,,,,,1999-01-28,,0.23,,pre-market,,,,,,,,,,,,,9.5238,,,,,,,,,,,,
1999-03-31,AMGN,,,,,,,,,,,,,,,,,,,,,,,,,,,,,,,,,,,,,,0.01,,,0.22,,,,,,,,,,,,,,,,,,,,,,,,,,,,,,,,,,,,,,,,,,,,,,,,,1999-04-20,,0.23,,pre-market,,,,,,,,,,,,,4.5455,,,,,,,,,,,,
1999-06-30,AMGN,,,,,,,,,,,,,,,,,,,,,,,,,,,,,,,,,,,,,,0.02,,,0.23,,,,,,,,,,,,,,,,,,,,,,,,,,,,,,,,,,,,,,,,,,,,,,,,,1999-07-12,,0.25,,pre-market,,,,,,,,,,,,,8.6957,,,,,,,,,,,,
1999-09-30,AMGN,,,,,,,,,,,,,,,,,,,,,,,,,,,,,,,,,,,,,,0.04,,,0.24,,,,,,,,,,,,,,,,,,,,,,,,,,,,,,,,,,,,,,,,,,,,,,,,,1999-10-20,,0.28,,pre-market,,,,,,,,,,,,,16.6667,,,,,,,,,,,,
1999-12-31,AMGN,,,,,,,,,,,,,,,,,,,,,,,,,,,,,,,,,,,,,,0.01,,,0.25,,,,,,,,,,,,,,,,,,,,,,,,,,,,,,,,,,,,,,,,,,,,,,,,,2000-01-25,,0.26,,pre-market,,,,,,,,,,,,,4.0,,,,,,,,,,,,
2000-03-31,AMGN,,,,,,,,,,,,,,,,,,,,,,,,,,,,,,,,,,,,,,0.0,,,0.25,,,,,,,,,,,,,,,,,,,,,,,,,,,,,,,,,,,,,,,,,,,,,,,,,2000-04-25,,0.25,,pre-market,,,,,,,,,,,,,0.0,,,,,,,,,,,,
2000-06-30,AMGN,,,,,,,,,,,,,,,,,,,,,,,,,,,,,,,,,,,,,,0.01,,,0.27,,,,,,,,,,,,,,,,,,,,,,,,,,,,,,,,,,,,,,,,,,,,,,,,,2000-07-26,,0.28,,pre-market,,,,,,,,,,,,,3.7037,,,,,,,,,,,,
2000-09-30,AMGN,,,,,,,,,,,,,,,,,,,,,,,,,,,,,,,,,,,,,,0.02,,,0.27,,,,,,,,,,,,,,,,,,,,,,,,,,,,,,,,,,,,,,,,,,,,,,,,,2000-10-26,,0.29,,pre-market,,,,,,,,,,,,,7.4074,,,,,,,,,,,,
2000-12-31,AMGN,,,,,,,,,,,,,,,,,,,,,,,,,,,,,,,,,,,,,,-0.01,,,0.25,,,,,,,,,,,,,,,,,,,,,,,,,,,,,,,,,,,,,,,,,,,,,,,,,2001-01-24,,0.24,,pre-market,,,,,,,,,,,,,-4.0,,,,,,,,,,,,
2001-03-31,AMGN,,,,,,,,,,,,,,,,,,,,,,,,,,,,,,,,,,,,,,0.01,,,0.27,,,,,,,,,,,,,,,,,,,,,,,,,,,,,,,,,,,,,,,,,,,,,,,,,2001-04-26,,0.28,,pre-market,,,,,,,,,,,,,3.7037,,,,,,,,,,,,
2001-06-30,AMGN,,,,,,,,,,,,,,,,,,,,,,,,,,,,,,,,,,,,,,0.02,,,0.28,,,,,,,,,,,,,,,,,,,,,,,,,,,,,,,,,,,,,,,,,,,,,,,,,2001-07-26,,0.3,,pre-market,,,,,,,,,,,,,7.1429,,,,,,,,,,,,
2001-09-30,AMGN,,,,,,,,,,,,,,,,,,,,,,,,,,,,,,,,,,,,,,0.01,,,0.29,,,,,,,,,,,,,,,,,,,,,,,,,,,,,,,,,,,,,,,,,,,,,,,,,2001-10-25,,0.3,,pre-market,,,,,,,,,,,,,3.4483,,,,,,,,,,,,
2001-12-31,AMGN,,,,,,,,,,,,,,,,,,,,,,,,,,,,,,,,,,,,,,-0.01,,,0.31,,,,,,,,,,,,,,,,,,,,,,,,,,,,,,,,,,,,,,,,,,,,,,,,,2002-01-23,,0.3,,pre-market,,,,,,,,,,,,,-3.2258,,,,,,,,,,,,
2002-03-31,AMGN,,,,,,,,,,,,,,,,,,,,,,,,,,,,,,,,,,,,,,0.0,,,0.32,,,,,,,,,,,,,,,,,,,,,,,,,,,,,,,,,,,,,,,,,,,,,,,,,2002-04-25,,0.32,,pre-market,,,,,,,,,,,,,0.0,,,,,,,,,,,,
2002-06-30,AMGN,,,,,,,,,,,,,,,,,,,,,,,,,,,,,,,,,,,,,,0.03,,,0.35,,,,,,,,,,,,,,,,,,,,,,,,,,,,,,,,,,,,,,,,,,,,,,,,,2002-07-24,,0.38,,pre-market,,,,,,,,,,,,,8.5714,,,,,,,,,,,,
2002-09-30,AMGN,,,,,,,,,,,,,,,,,,,,,,,,,,,,,,,,,,,,,,0.02,,,0.32,,,,,,,,,,,,,,,,,,,,,,,,,,,,,,,,,,,,,,,,,,,,,,,,,2002-10-23,,0.34,,pre-market,,,,,,,,,,,,,6.25,,,,,,,,,,,,
2002-12-31,AMGN,,,,,,,,,,,,,,,,,,,,,,,,,,,,,,,,,,,,,,0.0,,,0.35,,,,,,,,,,,,,,,,,,,,,,,,,,,,,,,,,,,,,,,,,,,,,,,,,2003-01-23,,0.35,,pre-market,,,,,,,,,,,,,0.0,,,,,,,,,,,,
2003-03-31,AMGN,,,,,,,,,,,,,,,,,,,,,,,,,,,,,,,,,,,,,,0.03,,,0.39,,,,,,,,,,,,,,,,,,,,,,,,,,,,,,,,,,,,,,,,,,,,,,,,,2003-04-22,,0.42,,pre-market,,,,,,,,,,,,,7.6923,,,,,,,,,,,,
2003-06-30,AMGN,,,,,,,,,,,,,,,,,,,,,,,,,,,,,,,,,,,,,,0.03,,,0.46,,,,,,,,,,,,,,,,,,,,,,,,,,,,,,,,,,,,,,,,,,,,,,,,,2003-07-22,,0.49,,pre-market,,,,,,,,,,,,,6.5217,,,,,,,,,,,,
2003-09-30,AMGN,,,,,,,,,,,,,,,,,,,,,,,,,,,,,,,,,,,,,,0.02,,,0.51,,,,,,,,,,,,,,,,,,,,,,,,,,,,,,,,,,,,,,,,,,,,,,,,,2003-10-21,,0.53,,pre-market,,,,,,,,,,,,,3.9216,,,,,,,,,,,,
2003-12-31,AMGN,,,,,,,,,,,,,,,,,,,,,,,,,,,,,,,,,,,,,,-0.02,,,0.48,,,,,,,,,,,,,,,,,,,,,,,,,,,,,,,,,,,,,,,,,,,,,,,,,2004-01-22,,0.46,,pre-market,,,,,,,,,,,,,-4.1667,,,,,,,,,,,,
2004-03-31,AMGN,,,,,,,,,,,,,,,,,,,,,,,,,,,,,,,,,,,,,,0.02,,,0.55,,,,,,,,,,,,,,,,,,,,,,,,,,,,,,,,,,,,,,,,,,,,,,,,,2004-04-22,,0.57,,pre-market,,,,,,,,,,,,,3.6364,,,,,,,,,,,,
2004-06-30,AMGN,,,,,,,,,,,,,,,,,,,,,,,,,,,,,,,,,,,,,,0.02,,,0.6,,,,,,,,,,,,,,,,,,,,,,,,,,,,,,,,,,,,,,,,,,,,,,,,,2004-07-22,,0.62,,pre-market,,,,,,,,,,,,,3.3333,,,,,,,,,,,,
2004-09-30,AMGN,,,,,,,,,,,,,,,,,,,,,,,,,,,,,,,,,,,,,,0.02,,,0.62,,,,,,,,,,,,,,,,,,,,,,,,,,,,,,,,,,,,,,,,,,,,,,,,,2004-10-20,,0.64,,pre-market,,,,,,,,,,,,,3.2258,,,,,,,,,,,,
2004-12-31,AMGN,,,,,,,,,,,,,,,,,,,,,,,,,,,,,,,,,,,,,,-0.03,,,0.61,,,,,,,,,,,,,,,,,,,,,,,,,,,,,,,,,,,,,,,,,,,,,,,,,2005-01-27,,0.58,,pre-market,,,,,,,,,,,,,-4.918,,,,,,,,,,,,
2005-03-31,AMGN,,,,,,,,,,,,,,,,,,,,,,,,,,,,,,,,,,,,,,0.05,,,0.67,,,,,,,,,,,,,,,,,,,,,,,,,,,,,,,,,,,,,,,,,,,,,,,,,2005-04-21,,0.72,,pre-market,,,,,,,,,,,,,7.4627,,,,,,,,,,,,
2005-06-30,AMGN,,,,,,,,,,,,,,,,,,,,,,,,,,,,,,,,,,,,,,0.16,,,0.72,,,,,,,,,,,,,,,,,,,,,,,,,,,,,,,,,,,,,,,,,,,,,,,,,2005-07-19,,0.88,,pre-market,,,,,,,,,,,,,22.2222,,,,,,,,,,,,
2005-09-30,AMGN,,,,,,,,,,,,,,,,,,,,,,,,,,,,,,,,,,,,,,0.03,,,0.82,,,,,,,,,,,,,,,,,,,,,,,,,,,,,,,,,,,,,,,,,,,,,,,,,2005-10-19,,0.85,,pre-market,,,,,,,,,,,,,3.6585,,,,,,,,,,,,
2005-12-31,AMGN,,,,,,,,,,,,,,,,,,,,,,,,,,,,,,,,,,,,,,-0.01,,,0.76,,,,,,,,,,,,,,,,,,,,,,,,,,,,,,,,,,,,,,,,,,,,,,,,,2006-01-26,,0.75,,pre-market,,,,,,,,,,,,,-1.3158,,,,,,,,,,,,
2006-03-31,AMGN,,,,,,,,,,,,,,,,,,,,,,,,,,,,,,,,,,,,,,0.02,,,0.89,,,,,,,,,,,,,,,,,,,,,,,,,,,,,,,,,,,,,,,,,,,,,,,,,2006-04-18,,0.91,,pre-market,,,,,,,,,,,,,2.2472,,,,,,,,,,,,
2006-06-30,AMGN,,,,,,,,,,,,,,,,,,,,,,,,,,,,,,,,,,,,,,0.11,,,0.94,,,,,,,,,,,,,,,,,,,,,,,,,,,,,,,,,,,,,,,,,,,,,,,,,2006-07-20,,1.05,,pre-market,,,,,,,,,,,,,11.7021,,,,,,,,,,,,
2006-09-30,AMGN,,,,,,,,,,,,,,,,,,,,,,,,,,,,,,,,,,,,,,0.06,,,0.98,,,,,,,,,,,,,,,,,,,,,,,,,,,,,,,,,,,,,,,,,,,,,,,,,2006-10-23,,1.04,,pre-market,,,,,,,,,,,,,6.1224,,,,,,,,,,,,
2006-12-31,AMGN,,,,,,,,,,,,,,,,,,,,,,,,,,,,,,,,,,,,,,-0.05,,,0.95,,,,,,,,,,,,,,,,,,,,,,,,,,,,,,,,,,,,,,,,,,,,,,,,,2007-01-25,,0.9,,pre-market,,,,,,,,,,,,,-5.2632,,,,,,,,,,,,
2007-03-31,AMGN,,,,,,,,,,,,,,,,,,,,,,,,,,,,,,,,,,,,,,0.0,,,1.08,,,,,,,,,,,,,,,,,,,,,,,,,,,,,,,,,,,,,,,,,,,,,,,,,2007-04-23,,1.08,,pre-market,,,,,,,,,,,,,0.0,,,,,,,,,,,,
2007-06-30,AMGN,,,,,,,,,,,,,,,,,,,,,,,,,,,,,,,,,,,,,,0.06,,,1.06,,,,,,,,,,,,,,,,,,,,,,,,,,,,,,,,,,,,,,,,,,,,,,,,,2007-07-26,,1.12,,pre-market,,,,,,,,,,,,,5.6604,,,,,,,,,,,,
2007-09-30,AMGN,,,,,,,,,,,,,,,,,,,,,,,,,,,,,,,,,,,,,,0.05,,,1.03,,,,,,,,,,,,,,,,,,,,,,,,,,,,,,,,,,,,,,,,,,,,,,,,,2007-10-24,,1.08,,pre-market,,,,,,,,,,,,,4.8544,,,,,,,,,,,,
2007-12-31,AMGN,,,,,,,,,,,,,,,,,,,,,,,,,,,,,,,,,,,,,,0.03,,,0.97,,,,,,,,,,,,,,,,,,,,,,,,,,,,,,,,,,,,,,,,,,,,,,,,,2008-01-24,,1.0,,pre-market,,,,,,,,,,,,,3.0928,,,,,,,,,,,,
2008-03-31,AMGN,,,,,,,,,,,,,,,,,,,,,,,,,,,,,,,,,,,,,,0.08,,,1.04,,,,,,,,,,,,,,,,,,,,,,,,,,,,,,,,,,,,,,,,,,,,,,,,,2008-04-24,,1.12,,pre-market,,,,,,,,,,,,,7.6923,,,,,,,,,,,,
2008-06-30,AMGN,,,,,,,,,,,,,,,,,,,,,,,,,,,,,,,,,,,,,,0.12,,,1.02,,,,,,,,,,,,,,,,,,,,,,,,,,,,,,,,,,,,,,,,,,,,,,,,,2008-07-28,,1.14,,pre-market,,,,,,,,,,,,,11.7647,,,,,,,,,,,,
2008-09-30,AMGN,,,,,,,,,,,,,,,,,,,,,,,,,,,,,,,,,,,,,,0.15,,,1.08,,,,,,,,,,,,,,,,,,,,,,,,,,,,,,,,,,,,,,,,,,,,,,,,,2008-10-22,,1.23,,pre-market,,,,,,,,,,,,,13.8889,,,,,,,,,,,,
2008-12-31,AMGN,,,,,,,,,,,,,,,,,,,,,,,,,,,,,,,,,,,,,,-0.01,,,1.07,,,,,,,,,,,,,,,,,,,,,,,,,,,,,,,,,,,,,,,,,,,,,,,,,2009-01-26,,1.06,,pre-market,,,,,,,,,,,,,-0.9346,,,,,,,,,,,,
2009-03-31,AMGN,,,,,,,,,,,,,,,,,,,,,,,,,,,,,,,,,,,,,,-0.07,,,1.15,,,,,,,,,,,,,,,,,,,,,,,,,,,,,,,,,,,,,,,,,,,,,,,,,2009-04-23,,1.08,,pre-market,,,,,,,,,,,,,-6.087,,,,,,,,,,,,
2009-06-30,AMGN,,,,,,,,,,,,,,,,,,,,,,,,,,,,,,,,,,,,,,0.13,,,1.16,,,,,,,,,,,,,,,,,,,,,,,,,,,,,,,,,,,,,,,,,,,,,,,,,2009-07-27,,1.29,,pre-market,,,,,,,,,,,,,11.2069,,,,,,,,,,,,
2009-09-30,AMGN,,,,,,,,,,,,,,,,,,,,,,,,,,,,,,,,,,,,,,0.22,,,1.27,,,,,,,,,,,,,,,,,,,,,,,,,,,,,,,,,,,,,,,,,,,,,,,,,2009-10-21,,1.49,,pre-market,,,,,,,,,,,,,17.3228,,,,,,,,,,,,
2009-12-31,AMGN,,,,,,,,,,,,,,,,,,,,,,,,,,,,,,,,,,,,,,-0.07,,,1.12,,,,,,,,,,,,,,,,,,,,,,,,,,,,,,,,,,,,,,,,,,,,,,,,,2010-01-25,,1.05,,pre-market,,,,,,,,,,,,,-6.25,,,,,,,,,,,,
2010-03-31,AMGN,,,,,,,,,,,,,,,,,,,,,,,,,,,,,,,,,,,,,,0.07,,,1.23,,,,,,,,,,,,,,,,,,,,,,,,,,,,,,,,,,,,,,,,,,,,,,,,,2010-04-21,,1.3,,pre-market,,,,,,,,,,,,,5.6911,,,,,,,,,,,,
2010-06-30,AMGN,,,,,,,,,,,,,,,,,,,,,,,,,,,,,,,,,,,,,,0.08,,,1.3,,,,,,,,,,,,,,,,,,,,,,,,,,,,,,,,,,,,,,,,,,,,,,,,,2010-07-29,,1.38,,pre-market,,,,,,,,,,,,,6.1538,,,,,,,,,,,,
2010-09-30,AMGN,,,,,,,,,,,,,,,,,,,,,,,,,,,,,,,,,,,,,,0.09,,,1.27,,,,,,,,,,,,,,,,,,,,,,,,,,,,,,,,,,,,,,,,,,,,,,,,,2010-10-25,,1.36,,pre-market,,,,,,,,,,,,,7.0866,,,,,,,,,,,,
2010-12-31,AMGN,,,,,,,,,,,,,,,,,,,,,,,,,,,,,,,,,,,,,,0.06,,,1.11,,,,,,,,,,,,,,,,,,,,,,,,,,,,,,,,,,,,,,,,,,,,,,,,,2011-01-24,,1.17,,pre-market,,,,,,,,,,,,,5.4054,,,,,,,,,,,,
2011-03-31,AMGN,,,,,,,,,,,,,,,,,,,,,,,,,,,,,,,,,,,,,,0.05,,,1.29,,,,,,,,,,,,,,,,,,,,,,,,,,,,,,,,,,,,,,,,,,,,,,,,,2011-04-20,,1.34,,pre-market,,,,,,,,,,,,,3.876,,,,,,,,,,,,
2011-06-30,AMGN,,,,,,,,,,,,,,,,,,,,,,,,,,,,,,,,,,,,,,0.09,,,1.28,,,,,,,,,,,,,,,,,,,,,,,,,,,,,,,,,,,,,,,,,,,,,,,,,2011-07-29,,1.37,,pre-market,,,,,,,,,,,,,7.0313,,,,,,,,,,,,
2011-09-30,AMGN,,,,,,,,,,,,,,,,,,,,,,,,,,,,,,,,,,,,,,0.11,,,1.29,,,,,,,,,,,,,,,,,,,,,,,,,,,,,,,,,,,,,,,,,,,,,,,,,2011-10-24,,1.4,,pre-market,,,,,,,,,,,,,8.5271,,,,,,,,,,,,
2011-12-31,AMGN,,,,,,,,,,,,,,,,,,,,,,,,,,,,,,,,,,,,,,-0.01,,,1.22,,,,,,,,,,,,,,,,,,,,,,,,,,,,,,,,,,,,,,,,,,,,,,,,,2012-01-26,,1.21,,pre-market,,,,,,,,,,,,,-0.8197,,,,,,,,,,,,
2012-03-31,AMGN,,,,,,,,,,,,,,,,,,,,,,,,,,,,,,,,,,,,,,0.16,,,1.45,,,,,,,,,,,,,,,,,,,,,,,,,,,,,,,,,,,,,,,,,,,,,,,,,2012-04-24,,1.61,,pre-market,,,,,,,,,,,,,11.0345,,,,,,,,,,,,
2012-06-30,AMGN,,,,,,,,,,,,,,,,,,,,,,,,,,,,,,,,,,,,,,0.29,,,1.54,,,,,,,,,,,,,,,,,,,,,,,,,,,,,,,,,,,,,,,,,,,,,,,,,2012-07-26,,1.83,,pre-market,,,,,,,,,,,,,18.8312,,,,,,,,,,,,
2012-09-30,AMGN,,,,,,,,,,,,,,,,,,,,,,,,,,,,,,,,,,,,,,0.2,,,1.47,,,,,,,,,,,,,,,,,,,,,,,,,,,,,,,,,,,,,,,,,,,,,,,,,2012-10-23,,1.67,,pre-market,,,,,,,,,,,,,13.6054,,,,,,,,,,,,
2012-12-31,AMGN,,,,,,,,,,,,,,,,,,,,,,,,,,,,,,,,,,,,,,0.02,,,1.38,,,,,,,,,,,,,,,,,,,,,,,,,,,,,,,,,,,,,,,,,,,,,,,,,2013-01-23,,1.4,,pre-market,,,,,,,,,,,,,1.4493,,,,,,,,,,,,
2013-03-31,AMGN,,,,,,,,,,,,,,,,,,,,,,,,,,,,,,,,,,,,,,0.12,,,1.84,,,,,,,,,,,,,,,,,,,,,,,,,,,,,,,,,,,,,,,,,,,,,,,,,2013-04-23,,1.96,,pre-market,,,,,,,,,,,,,6.5217,,,,,,,,,,,,
2013-06-30,AMGN,,,,,,,,,,,,,,,,,,,,,,,,,,,,,,,,,,,,,,0.15,,,1.74,,,,,,,,,,,,,,,,,,,,,,,,,,,,,,,,,,,,,,,,,,,,,,,,,2013-07-30,,1.89,,pre-market,,,,,,,,,,,,,8.6207,,,,,,,,,,,,
2013-09-30,AMGN,,,,,,,,,,,,,,,,,,,,,,,,,,,,,,,,,,,,,,0.17,,,1.77,,,,,,,,,,,,,,,,,,,,,,,,,,,,,,,,,,,,,,,,,,,,,,,,,2013-10-22,,1.94,,pre-market,,,,,,,,,,,,,9.6045,,,,,,,,,,,,
2013-12-31,AMGN,,,,,,,,,,,,,,,,,,,,,,,,,,,,,,,,,,,,,,0.14,,,1.68,,,,,,,,,,,,,,,,,,,,,,,,,,,,,,,,,,,,,,,,,,,,,,,,,2014-01-28,,1.82,,pre-market,,,,,,,,,,,,,8.3333,,,,,,,,,,,,
2014-03-31,AMGN,,,,,,,,,,,,,,,,,,,,,,,,,,,,,,,,,,,,,,-0.07,,,1.94,,,,,,,,,,,,,,,,,,,,,,,,,,,,,,,,,,,,,,,,,,,,,,,,,2014-04-22,,1.87,,pre-market,,,,,,,,,,,,,-3.6082,,,,,,,,,,,,
2014-06-30,AMGN,,,,,,,,,,,,,,,,,,,,,,,,,,,,,,,,,,,,,,0.3,,,2.07,,,,,,,,,,,,,,,,,,,,,,,,,,,,,,,,,,,,,,,,,,,,,,,,,2014-07-29,,2.37,,pre-market,,,,,,,,,,,,,14.4928,,,,,,,,,,,,
2014-09-30,AMGN,,,,,,,,,,,,,,,,,,,,,,,,,,,,,,,,,,,,,,0.19,,,2.11,,,,,,,,,,,,,,,,,,,,,,,,,,,,,,,,,,,,,,,,,,,,,,,,,2014-10-27,,2.3,,post-market,,,,,,,,,,,,,9.0047,,,,,,,,,,,,
2014-12-31,AMGN,,,,,,,,,,,,,,,,,,,,,,,,,,,,,,,,,,,,,,0.11,,,2.05,,,,,,,,,,,,,,,,,,,,,,,,,,,,,,,,,,,,,,,,,,,,,,,,,2015-01-27,,2.16,,post-market,,,,,,,,,,,,,5.3659,,,,,,,,,,,,
2015-03-31,AMGN,,,,,,,,,,,,,,,,,,,,,,,,,,,,,,,,,,,,,,0.38,,,2.1,,,,,,,,,,,,,,,,,,,,,,,,,,,,,,,,,,,,,,,,,,,,,,,,,2015-04-21,,2.48,,post-market,,,,,,,,,,,,,18.0952,,,,,,,,,,,,
2015-06-30,AMGN,,,,,,,,,,,,,,,,,,,,,,,,,,,,,,,,,,,,,,0.14,,,2.43,,,,,,,,,,,,,,,,,,,,,,,,,,,,,,,,,,,,,,,,,,,,,,,,,2015-07-30,,2.57,,post-market,,,,,,,,,,,,,5.7613,,,,,,,,,,,,
2015-09-30,AMGN,,,,,,,,,,,,,,,,,,,,,,,,,,,,,,,,,,,,,,0.34,,,2.38,,,,,,,,,,,,,,,,,,,,,,,,,,,,,,,,,,,,,,,,,,,,,,,,,2015-10-28,,2.72,,post-market,,,,,,,,,,,,,14.2857,,,,,,,,,,,,
2015-12-31,AMGN,,,,,,,,,,,,,,,,,,,,,,,,,,,,,,,,,,,,,,0.32,,,2.29,,,,,,,,,,,,,,,,,,,,,,,,,,,,,,,,,,,,,,,,,,,,,,,,,2016-01-28,,2.61,,post-market,,,,,,,,,,,,,13.9738,,,,,,,,,,,,
2016-03-31,AMGN,,,,,,,,,,,,,,,,,,,,,,,,,,,,,,,,,,,,,,0.3,,,2.6,,,,,,,,,,,,,,,,,,,,,,,,,,,,,,,,,,,,,,,,,,,,,,,,,2016-04-28,,2.9,,post-market,,,,,,,,,,,,,11.5385,,,,,,,,,,,,
2016-06-30,AMGN,,,,,,,,,,,,,,,,,,,,,,,,,,,,,,,,,,,,,,0.1,,,2.74,,,,,,,,,,,,,,,,,,,,,,,,,,,,,,,,,,,,,,,,,,,,,,,,,2016-07-27,,2.84,,post-market,,,,,,,,,,,,,3.6496,,,,,,,,,,,,
2016-09-30,AMGN,,,,,,,,,,,,,,,,,,,,,,,,,,,,,,,,,,,,,,0.23,,,2.79,,,,,,,,,,,,,,,,,,,,,,,,,,,,,,,,,,,,,,,,,,,,,,,,,2016-10-27,,3.02,,post-market,,,,,,,,,,,,,8.2437,,,,,,,,,,,,
2016-12-31,AMGN,,,,,,,,,,,,,,,,,,,,,,,,,,,,,,,,,,,,,,0.1,,,2.79,,,,,,,,,,,,,,,,,,,,,,,,,,,,,,,,,,,,,,,,,,,,,,,,,2017-02-02,,2.89,,post-market,,,,,,,,,,,,,3.5842,,,,,,,,,,,,
2017-03-31,AMGN,,,,,,,,,,,,,,,,,,,,,,,,,,,,,,,,,,,,,,0.15,,,3.0,,,,,,,,,,,,,,,,,,,,,,,,,,,,,,,,,,,,,,,,,,,,,,,,,2017-04-26,,3.15,,post-market,,,,,,,,,,,,,5.0,,,,,,,,,,,,
2017-06-30,AMGN,,,,,,,,,,,,,,,,,,,,,,,,,,,,,,,,,,,,,,0.16,,,3.11,,,,,,,,,,,,,,,,,,,,,,,,,,,,,,,,,,,,,,,,,,,,,,,,,2017-07-25,,3.27,,post-market,,,,,,,,,,,,,5.1447,,,,,,,,,,,,
2017-09-30,AMGN,,,,,,,,,,,,,,,,,,,,,,,,,,,,,,,,,,,,,,0.16,,,3.11,,,,,,,,,,,,,,,,,,,,,,,,,,,,,,,,,,,,,,,,,,,,,,,,,2017-10-25,,3.27,,post-market,,,,,,,,,,,,,5.1447,,,,,,,,,,,,
2017-12-31,AMGN,,,,,,,,,,,,,,,,,,,,,,,,,,,,,,,,,,,,,,-0.14,,,3.03,,,,,,,,,,,,,,,,,,,,,,,,,,,,,,,,,,,,,,,,,,,,,,,,,2018-02-01,,2.89,,post-market,,,,,,,,,,,,,-4.6205,,,,,,,,,,,,
2018-03-31,AMGN,,,,,,,,,,,,,,,,,,,,,,,,,,,,,,,,,,,,,,0.24,,,3.23,,,,,,,,,,,,,,,,,,,,,,,,,,,,,,,,,,,,,,,,,,,,,,,,,2018-04-24,,3.47,,post-market,,,,,,,,,,,,,7.4303,,,,,,,,,,,,
2018-06-30,AMGN,,,,,,,,,,,,,,,,,,,,,,,,,,,,,,,,,,,,,,0.29,,,3.54,,,,,,,,,,,,,,,,,,,,,,,,,,,,,,,,,,,,,,,,,,,,,,,,,2018-07-26,,3.83,,post-market,,,,,,,,,,,,,8.1921,,,,,,,,,,,,
2018-09-30,AMGN,,,,,,,,,,,,,,,,,,,,,,,,,,,,,,,,,,,,,,0.24,,,3.45,,,,,,,,,,,,,,,,,,,,,,,,,,,,,,,,,,,,,,,,,,,,,,,,,2018-10-30,,3.69,,post-market,,,,,,,,,,,,,6.9565,,,,,,,,,,,,
2018-12-31,AMGN,,,,,,,,,,,,,,,,,,,,,,,,,,,,,,,,,,,,,,0.15,,,3.27,,,,,,,,,,,,,,,,,,,,,,,,,,,,,,,,,,,,,,,,,,,,,,,,,2019-01-29,,3.42,,post-market,,,,,,,,,,,,,4.5872,,,,,,,,,,,,
2019-03-31,AMGN,,,,,,,,,,,,,,,,,,,,,,,,,,,,,,,,,,,,,,0.08,,,3.48,,,,,,,,,,,,,,,,,,,,,,,,,,,,,,,,,,,,,,,,,,,,,,,,,2019-04-30,,3.56,,post-market,,,,,,,,,,,,,2.2989,,,,,,,,,,,,
2019-06-30,AMGN,,,,,,,,,,,,,,,,,,,,,,,,,,,,,,,,,,,,,,0.38,,,3.59,,,,,,,,,,,,,,,,,,,,,,,,,,,,,,,,,,,,,,,,,,,,,,,,,2019-07-30,,3.97,,post-market,,,,,,,,,,,,,10.585,,,,,,,,,,,,
2019-09-30,AMGN,,,,,,,,,,,,,,,,,,,,,,,,,,,,,,,,,,,,,,0.13,,,3.53,,,,,,,,,,,,,,,,,,,,,,,,,,,,,,,,,,,,,,,,,,,,,,,,,2019-10-29,,3.66,,post-market,,,,,,,,,,,,,3.6827,,,,,,,,,,,,
2019-12-31,AMGN,,,,,,,,,,,,,,,,,,,,,,,,,,,,,,,,,,,,,,0.17,,,3.47,,,,,,,,,,,,,,,,,,,,,,,,,,,,,,,,,,,,,,,,,,,,,,,,,2020-01-30,,3.64,,post-market,,,,,,,,,,,,,4.8991,,,,,,,,,,,,
2020-03-31,AMGN,,,,,,,,,,,,,,,,,,,,,,,,,,,,,,,,,,,,,,0.41,,,3.76,,,,,,,,,,,,,,,,,,,,,,,,,,,,,,,,,,,,,,,,,,,,,,,,,2020-04-30,,4.17,,post-market,,,,,,,,,,,,,10.9043,,,,,,,,,,,,
2020-06-30,AMGN,,,,,,,,,,,,,,,,,,,,,,,,,,,,,,,,,,,,,,0.43,,,3.82,,,,,,,,,,,,,,,,,,,,,,,,,,,,,,,,,,,,,,,,,,,,,,,,,2020-07-28,,4.25,,post-market,,,,,,,,,,,,,11.2565,,,,,,,,,,,,
2020-09-30,AMGN,,,,,,,,,,,,,,,,,,,,,,,,,,,,,,,,,,,,,,0.56,,,3.81,,,,,,,,,,,,,,,,,,,,,,,,,,,,,,,,,,,,,,,,,,,,,,,,,2020-10-28,,4.37,,post-market,,,,,,,,,,,,,14.6982,,,,,,,,,,,,
2020-12-31,AMGN,,,,,,,,,,,,,,,,,,,,,,,,,,,,,,,,,,,,,,0.42,,,3.39,,,,,,,,,,,,,,,,,,,,,,,,,,,,,,,,,,,,,,,,,,,,,,,,,2021-02-02,,3.81,,post-market,,,,,,,,,,,,,12.3894,,,,,,,,,,,,
2021-03-31,AMGN,,,,,,,,,,,,,,,,,,,,,,,,,,,,,,,,,,,,,,-0.35,,,4.05,,,,,,,,,,,,,,,,,,,,,,,,,,,,,,,,,,,,,,,,,,,,,,,,,2021-04-27,,3.7,,post-market,,,,,,,,,,,,,-8.642,,,,,,,,,,,,
2021-06-30,AMGN,,,,,,,,,,,,,,,,,,,,,,,,,,,,,,,,,,,,,,0.29,,,4.09,,,,,,,,,,,,,,,,,,,,,,,,,,,,,,,,,,,,,,,,,,,,,,,,,2021-08-03,,4.38,,post-market,,,,,,,,,,,,,7.0905,,,,,,,,,,,,
2021-09-30,AMGN,,,,,,,,,,,,,,,,,,,,,,,,,,,,,,,,,,,,,,0.4,,,4.27,,,,,,,,,,,,,,,,,,,,,,,,,,,,,,,,,,,,,,,,,,,,,,,,,2021-11-02,,4.67,,post-market,,,,,,,,,,,,,9.3677,,,,,,,,,,,,
2021-12-31,AMGN,,,,,,,,,,,,,,,,,,,,,,,,,,,,,,,,,,,,,,0.28,,,4.08,,,,,,,,,,,,,,,,,,,,,,,,,,,,,,,,,,,,,,,,,,,,,,,,,2022-02-07,,4.36,,post-market,,,,,,,,,,,,,6.8627,,,,,,,,,,,,
2022-03-31,AMGN,,,,,,,,,,,,,,,,,,,,,,,,,,,,,,,,,,,,,,0.16,,,4.09,,,,,,,,,,,,,,,,,,,,,,,,,,,,,,,,,,,,,,,,,,,,,,,,,2022-04-27,,4.25,,post-market,,,,,,,,,,,,,3.912,,,,,,,,,,,,
2022-06-30,AMGN,,,,,,,,,,,,,,,,,,,,,,,,,,,,,,,,,,,,,,0.25,,,4.4,,,,,,,,,,,,,,,,,,,,,,,,,,,,,,,,,,,,,,,,,,,,,,,,,2022-08-04,,4.65,,post-market,,,,,,,,,,,,,5.6818,,,,,,,,,,,,
2022-09-30,AMGN,,,,,,,,,,,,,,,,,,,,,,,,,,,,,,,,,,,,,,0.26,,,4.44,,,,,,,,,,,,,,,,,,,,,,,,,,,,,,,,,,,,,,,,,,,,,,,,,2022-11-03,,4.7,,post-market,,,,,,,,,,,,,5.8559,,,,,,,,,,,,
2022-12-31,AMGN,,,,,,,,,,,,,,,,,,,,,,,,,,,,,,,,,,,,,,-0.01,,,4.1,,,,,,,,,,,,,,,,,,,,,,,,,,,,,,,,,,,,,,,,,,,,,,,,,2023-01-31,,4.09,,post-market,,,,,,,,,,,,,-0.2439,,,,,,,,,,,,
2023-03-31,AMGN,,,,,,,,,,,,,,,,,,,,,,,,,,,,,,,,,,,,,,0.13,,,3.85,,,,,,,,,,,,,,,,,,,,,,,,,,,,,,,,,,,,,,,,,,,,,,,,,2023-04-27,,3.98,,post-market,,,,,,,,,,,,,3.3766,,,,,,,,,,,,
2023-06-30,AMGN,,,,,,,,,,,,,,,,,,,,,,,,,,,,,,,,,,,,,,0.51,,,4.49,,,,,,,,,,,,,,,,,,,,,,,,,,,,,,,,,,,,,,,,,,,,,,,,,2023-08-03,,5.0,,post-market,,,,,,,,,,,,,11.3586,,,,,,,,,,,,
2023-09-30,AMGN,,,,,,,,,,,,,,,,,,,,,,,,,,,,,,,,,,,,,,0.29,,,4.67,,,,,,,,,,,,,,,,,,,,,,,,,,,,,,,,,,,,,,,,,,,,,,,,,2023-10-31,,4.96,,pre-market,,,,,,,,,,,,,6.2099,,,,,,,,,,,,
2023-12-31,AMGN,,,,,,,,,,,,,,,,,,,,,,,,,,,,,,,,,,,,,,0.1,,,4.61,,,,,,,,,,,,,,,,,,,,,,,,,,,,,,,,,,,,,,,,,,,,,,,,,2024-02-06,,4.71,,post-market,,,,,,,,,,,,,2.1692,,,,,,,,,,,,
2024-03-31,AMGN,,,,,,,,,,,,,,,,,,,,,,,,,,,,,,,,,,,,,,0.09,,,3.87,,,,,,,,,,,,,,,,,,,,,,,,,,,,,,,,,,,,,,,,,,,,,,,,,2024-05-02,,3.96,,post-market,,,,,,,,,,,,,2.3256,,,,,,,,,,,,
2024-06-30,AMGN,,,,,,,,,,,,,,,,,,,,,,,,,,,,,,,,,,,,,,-0.04,,,5.01,,,,,,,,,,,,,,,,,,,,,,,,,,,,,,,,,,,,,,,,,,,,,,,,,2024-08-06,,4.97,,post-market,,,,,,,,,,,,,-0.7984,,,,,,,,,,,,
2024-09-30,AMGN,,,,,,,,,,,,,,,,,,,,,,,,,,,,,,,,,,,,,,0.47,,,5.11,,,,,,,,,,,,,,,,,,,,,,,,,,,,,,,,,,,,,,,,,,,,,,,,,2024-10-30,,5.58,,post-market,,,,,,,,,,,,,9.1977,,,,,,,,,,,,
2024-12-31,AMGN,,,,,,,,,,,,,,,,,,,,,,,,,,,,,,,,,,,,,,0.23,,,5.08,,,,,,,,,,,,,,,,,,,,,,,,,,,,,,,,,,,,,,,,,,,,,,,,,2025-02-04,,5.31,,post-market,,,,,,,,,,,,,4.5276,,,,,,,,,,,,
2025-03-31,AMGN,,,,,,,,,,,,,,,,,,,,,,,,,,,,,,,,,,,,,,0.64,,,4.26,,,,,,,,,,,,,,,,,,,,,,,,,,,,,,,,,,,,,,,,,,,,,,,,,2025-05-01,,4.9,,post-market,,,,,,,,,,,,,15.0235,,,,,,,,,,,,
2025-06-30,AMGN,,,,,,,,,,,,,,,,,,,,,,,,,,,,,,,,,,,,,,0.74,,,5.28,,,,,,,,,,,,,,,,,,,,,,,,,,,,,,,,,,,,,,,,,,,,,,,,,2025-08-05,,6.02,,post-market,,,,,,,,,,,,,14.0152,,,,,,,,,,,,
2025-09-30,AMGN,,,,,,,,,,,,,,,,,,,,,,,,,,,,,,,,,,,,,,0.62,,,5.02,,,,,,,,,,,,,,,,,,,,,,,,,,,,,,,,,,,,,,,,,,,,,,,,,2025-10-29,,5.64,,post-market,,,,,,,,,,,,,12.3506,,,,,,,,,,,,
2025-12-28,AMGN,12.92,35970998000.0,25.77,,0.447,17.86,,,,,,,,,,,,,,,,,,,,,,,,,,9.39,0.0281,,,,0.136,0.62,,,5.02,,15.17,,25198000000.0,,,,,,,,,,,,,,,,,,,0.342,,,,,,,,,,,,,1.05,18.7,4.984,,,,,,,,0.195,,,2025-10-29,,5.64,,post-market,,,0.0771,0.817,0.124,66.89,,,,,297.4,320.66,12.3506,,,,,,,,,25.77,,346.38,248.95
2025-12-28,AMGN,12.92,35970998000.0,25.77,,0.447,17.86,,,,,,,,,,,,,,,None,3082000000,3082000000,,,,,,None,1307000000,,9.39,0.0281,,,,0.136,0.62,4606000000,5913000000,5.02,2025-09-30,15.17,,25198000000.0,6475000000,3921000000,705000000,,,None,685000000,None,,None,,,,,3216000000,3216000000,-685000000,None,0.342,,3949000000,2526000000,,,,,None,,,,,1.05,18.7,4.984,,,,,,,,0.195,,,2025-10-29,quarterly,5.64,USD,post-market,1900000000,,0.0771,0.817,0.124,66.89,1720000000,,,,297.4,320.66,12.3506,,,,,,,9557000000,,25.77,,346.38,248.95
2025-12-28,AMGN,12.92,35970998000.0,25.77,,0.447,17.86,,,,,,,,,,,,,,,None,3011000000,3011000000,,,,,,None,1341000000,,9.39,0.0281,,,,0.136,0.62,2276000000,3617000000,5.02,2025-06-30,15.17,,25198000000.0,6156000000,1568000000,136000000,,,None,708000000,None,,None,,,,,1432000000,1432000000,-694000000,None,0.342,,3512000000,2644000000,,,,,None,,,,,1.05,18.7,4.984,,,,,,,,0.195,,,2025-10-29,quarterly,5.64,USD,post-market,1744000000,,0.0771,0.817,0.124,66.89,1691000000,,,,297.4,320.66,12.3506,,,,,,,9167000000,,25.77,,346.38,248.95
2025-12-28,AMGN,12.92,35970998000.0,25.77,,0.447,17.86,,,,,,,,,,,,,,,None,2968000000,2968000000,,,,,,None,1387000000,,9.39,0.0281,,,,0.136,0.62,2696000000,4083000000,5.02,2025-03-31,15.17,,25198000000.0,5181000000,1973000000,243000000,,,None,723000000,None,,None,,,,,1730000000,1730000000,-723000000,None,0.342,,4003000000,1178000000,,,,,None,,,,,1.05,18.7,4.984,,,,,,,,0.195,,,2025-10-29,quarterly,5.64,USD,post-market,1486000000,,0.0771,0.817,0.124,66.89,1687000000,,,,297.4,320.66,12.3506,,,,,,,8149000000,,25.77,,346.38,248.95
2025-12-28,AMGN,12.92,35970998000.0,25.77,,0.447,17.86,,,,,,,,,,,,,,,None,3112000000,3112000000,,,,,,None,1397000000,,9.39,0.0281,,,,0.136,0.62,1529000000,2926000000,5.02,2024-12-31,15.17,,25198000000.0,5974000000,782000000,155000000,,,None,747000000,None,,None,,,,,627000000,627000000,-747000000,None,0.342,,3663000000,2311000000,,,,,None,,,,,1.05,18.7,4.984,,,,,,,,0.195,,,2025-10-29,quarterly,5.64,USD,post-market,1724000000,,0.0771,0.817,0.124,66.89,1878000000,,,,297.4,320.66,12.3506,,,,,,,9086000000,,25.77,,346.38,248.95
2025-12-28,AMGN,12.92,35970998000.0,25.77,,0.447,17.86,,,,,,,,,,,,,,,None,3310000000,3310000000,,,,,,None,1396000000,,9.39,0.0281,,,,0.136,0.62,3877000000,5273000000,5.02,2024-09-30,15.17,,25198000000.0,5193000000,3101000000,271000000,,,None,776000000,None,,None,,,,,2830000000,2830000000,-776000000,None,0.342,,3146000000,2047000000,,,,,None,,,,,1.05,18.7,4.984,,,,,,,,0.195,,,2025-10-29,quarterly,5.64,USD,post-market,1450000000,,0.0771,0.817,0.124,66.89,1625000000,,,,297.4,320.66,12.3506,,,,,,,8503000000,,25.77,,346.38,248.95
2025-12-28,AMGN,12.92,35970998000.0,25.77,,0.447,17.86,,,,,,,,,,,,,,,None,3236000000,3236000000,,,,,,None,1400000000,,9.39,0.0281,,,,0.136,0.62,1602000000,3002000000,5.02,2024-06-30,15.17,,25198000000.0,5152000000,794000000,48000000,,,None,808000000,None,,None,,,,,746000000,746000000,-808000000,None,0.342,,3243000000,1909000000,,,,,None,,,,,1.05,18.7,4.984,,,,,,,,0.195,,,2025-10-29,quarterly,5.64,USD,post-market,1447000000,,0.0771,0.817,0.124,66.89,1785000000,,,,297.4,320.66,12.3506,,,,,,,8388000000,,25.77,,346.38,248.95
2025-12-28,AMGN,12.92,35970998000.0,25.77,,0.447,17.86,,,,,,,,,,,,,,,None,3200000000,3200000000,,,,,,None,1399000000,,9.39,0.0281,,,,0.136,0.62,756000000,2155000000,5.02,2024-03-31,15.17,,25198000000.0,4247000000,-68000000,45000000,,,None,824000000,None,,None,,,,,-113000000,-113000000,-824000000,None,0.342,,3256000000,991000000,,,,,None,,,,,1.05,18.7,4.984,,,,,,,,0.195,,,2025-10-29,quarterly,5.64,USD,post-market,1343000000,,0.0771,0.817,0.124,66.89,1808000000,,,,297.4,320.66,12.3506,,,,,,,7447000000,,25.77,,346.38,248.95
2025-12-28,AMGN,12.92,35970998000.0,25.77,,0.447,17.86,,,,,,,,,,,,,,,None,3112000000,3112000000,,,,,,None,1380000000,,9.39,0.0281,,,,0.136,0.62,1673000000,3053000000,5.02,2023-12-31,15.17,,25198000000.0,5084000000,852000000,85000000,,,None,821000000,None,,None,,,,,767000000,767000000,-821000000,None,0.342,,3813000000,1271000000,,,,,None,,,,,1.05,18.7,4.984,,,,,,,,0.195,,,2025-10-29,quarterly,5.64,USD,post-market,1534000000,,0.0771,0.817,0.124,66.89,1627000000,,,,297.4,320.66,12.3506,,,,,,,8196000000,,25.77,,346.38,248.95
2025-12-28,AMGN,12.92,35970998000.0,25.77,,0.447,17.86,,,,,,,,,,,,,,,None,1806000000,1806000000,,,,,,None,895000000,,9.39,0.0281,,,,0.136,0.62,2706000000,3601000000,5.02,2023-09-30,15.17,,25198000000.0,5097000000,1947000000,217000000,,,None,759000000,None,,None,,,,,1730000000,1730000000,-759000000,None,0.342,,3076000000,2021000000,,,,,None,,,,,1.05,18.7,4.984,,,,,,,,0.195,,,2025-10-29,quarterly,5.64,USD,post-market,1079000000,,0.0771,0.817,0.124,66.89,1353000000,,,,297.4,320.66,12.3506,,,,,,,6903000000,,25.77,,346.38,248.95
2025-12-28,AMGN,12.92,35970998000.0,25.77,,0.447,17.86,,,,,,,,,,,,,,,None,1813000000,1813000000,,,,,,None,896000000,,9.39,0.0281,,,,0.136,0.62,2366000000,3262000000,5.02,2023-06-30,15.17,,25198000000.0,5173000000,1614000000,235000000,,,None,752000000,None,,None,,,,,1379000000,1379000000,-752000000,None,0.342,,2489000000,2684000000,,,,,-318000000,,,,,1.05,18.7,4.984,,,,,,,,0.195,,,2025-10-29,quarterly,5.64,USD,post-market,1113000000,,0.0771,0.817,0.124,66.89,1294000000,,,,297.4,320.66,12.3506,,,,,,,6986000000,,25.77,,346.38,248.95
2025-12-28,AMGN,12.92,35970998000.0,25.77,,0.447,17.86,,,,,,,,,,,,,,,None,1720000000,1720000000,,,,,,None,900000000,,9.39,0.0281,,,,0.136,0.62,3985000000,4885000000,5.02,2023-03-31,15.17,,25198000000.0,4385000000,3442000000,601000000,,,None,543000000,None,,None,,,,,2841000000,2841000000,-543000000,None,0.342,,2464000000,1921000000,,,,,2064000000,,,,,1.05,18.7,4.984,,,,,,,,0.195,,,2025-10-29,quarterly,5.64,USD,post-market,1058000000,,0.0771,0.817,0.124,66.89,1258000000,,,,297.4,320.66,12.3506,,,,,,,6105000000,,25.77,,346.38,248.95
2025-12-28,AMGN,12.92,35970998000.0,25.77,,0.447,17.86,,,,,,,,,,,,,,,None,1747000000,1747000000,,,,,,None,911000000,,9.39,0.0281,,,,0.136,0.62,2163000000,3074000000,5.02,2022-12-31,15.17,,25198000000.0,5092000000,1748000000,132000000,,,None,415000000,None,,None,,,,,1616000000,1616000000,-415000000,None,0.342,,2862000000,2230000000,,,,,-67000000,,,,,1.05,18.7,4.984,,,,,,,,0.195,,,2025-10-29,quarterly,5.64,USD,post-market,1324000000,,0.0771,0.817,0.124,66.89,731000000,,,,297.4,320.66,12.3506,,,,,,,6839000000,,25.77,,346.38,248.95
2025-12-28,AMGN,12.92,35970998000.0,25.77,,0.447,17.86,,,,,,,,,,,,,,,None,1588000000,1588000000,,,,,,None,837000000,,9.39,0.0281,,,,0.136,0.62,2760000000,3597000000,5.02,2022-09-30,15.17,,25198000000.0,5064000000,2392000000,249000000,,,None,368000000,None,,None,,,,,2143000000,2143000000,-368000000,None,0.342,,2404000000,2660000000,,,,,100000000,,,,,1.05,18.7,4.984,,,,,,,,0.195,,,2025-10-29,quarterly,5.64,USD,post-market,1112000000,,0.0771,0.817,0.124,66.89,1287000000,,,,297.4,320.66,12.3506,,,,,,,6652000000,,25.77,,346.38,248.95
2025-12-28,AMGN,12.92,35970998000.0,25.77,,0.447,17.86,,,,,,,,,,,,,,,None,1510000000,1510000000,,,,,,None,828000000,,9.39,0.0281,,,,0.136,0.62,1859000000,2687000000,5.02,2022-06-30,15.17,,25198000000.0,5084000000,1531000000,214000000,,,None,328000000,None,,None,,,,,1317000000,1317000000,-328000000,None,0.342,,2908000000,2176000000,,,,,-317000000,,,,,1.05,18.7,4.984,,,,,,,,0.195,,,2025-10-29,quarterly,5.64,USD,post-market,1039000000,,0.0771,0.817,0.124,66.89,1327000000,,,,297.4,320.66,12.3506,,,,,,,6594000000,,25.77,,346.38,248.95
2025-12-28,AMGN,12.92,35970998000.0,25.77,,0.447,17.86,,,,,,,,,,,,,,,None,1561000000,1561000000,,,,,,None,841000000,,9.39,0.0281,,,,0.136,0.62,1970000000,2811000000,5.02,2022-03-31,15.17,,25198000000.0,4677000000,1675000000,199000000,,,None,295000000,None,,None,,,,,1476000000,1476000000,-295000000,None,0.342,,2177000000,2500000000,,,,,-530000000,,,,,1.05,18.7,4.984,,,,,,,,0.195,,,2025-10-29,quarterly,5.64,USD,post-market,959000000,,0.0771,0.817,0.124,66.89,1228000000,,,,297.4,320.66,12.3506,,,,,,,6238000000,,25.77,,346.38,248.95
2025-12-28,AMGN,12.92,35970998000.0,25.77,,0.447,17.86,,,,,,,,,,,,,,,None,1718000000,1718000000,,,,,,None,852000000,,9.39,0.0281,,,,0.136,0.62,2466000000,3318000000,5.02,2021-12-31,15.17,,25198000000.0,5128000000,2131000000,232000000,,,None,335000000,None,,None,,,,,1899000000,1899000000,-335000000,None,0.342,,2824000000,2304000000,,,,,162000000,,,,,1.05,18.7,4.984,,,,,,,,0.195,,,2025-10-29,quarterly,5.64,USD,post-market,1348000000,,0.0771,0.817,0.124,66.89,582000000,,,,297.4,320.66,12.3506,,,,,,,6846000000,,25.77,,346.38,248.95
2025-12-28,AMGN,12.92,35970998000.0,25.77,,0.447,17.86,,,,,,,,,,,,,,,None,1609000000,1609000000,,,,,,None,850000000,,9.39,0.0281,,,,0.136,0.62,2451000000,3301000000,5.02,2021-09-30,15.17,,25198000000.0,5097000000,2155000000,271000000,,,None,296000000,None,,None,,,,,1884000000,1884000000,-296000000,None,0.342,,2719000000,2378000000,,,,,73000000,,,,,1.05,18.7,4.984,,,,,,,,0.195,,,2025-10-29,quarterly,5.64,USD,post-market,1422000000,,0.0771,0.817,0.124,66.89,1305000000,,,,297.4,320.66,12.3506,,,,,,,6706000000,,25.77,,346.38,248.95
2025-12-28,AMGN,12.92,35970998000.0,25.77,,0.447,17.86,,,,,,,,,,,,,,,None,1637000000,1637000000,,,,,,None,855000000,,9.39,0.0281,,,,0.136,0.62,839000000,1694000000,5.02,2021-06-30,15.17,,25198000000.0,4889000000,558000000,94000000,,,None,281000000,None,,None,,,,,464000000,464000000,-281000000,None,0.342,,4061000000,828000000,,,,,11000000,,,,,1.05,18.7,4.984,,,,,,,,0.195,,,2025-10-29,quarterly,5.64,USD,post-market,1082000000,,0.0771,0.817,0.124,66.89,1384000000,,,,297.4,320.66,12.3506,,,,,,,6526000000,,25.77,,346.38,248.95
2025-12-28,AMGN,12.92,35970998000.0,25.77,,0.447,17.86,,,,,,,,,,,,,,,None,1490000000,1490000000,,,,,,None,841000000,,9.39,0.0281,,,,0.136,0.62,2142000000,2983000000,5.02,2021-03-31,15.17,,25198000000.0,4411000000,1857000000,211000000,,,None,285000000,None,,None,,,,,1646000000,1646000000,-285000000,None,0.342,,2282000000,2129000000,,,,,13000000,,,,,1.05,18.7,4.984,,,,,,,,0.195,,,2025-10-29,quarterly,5.64,USD,post-market,967000000,,0.0771,0.817,0.124,66.89,1315000000,,,,297.4,320.66,12.3506,,,,,,,5901000000,,25.77,,346.38,248.95
2025-12-28,AMGN,12.92,35970998000.0,25.77,,0.447,17.86,,,,,,,,,,,,,,,None,1597000000,1597000000,,,,,,None,873000000,,9.39,0.0281,,,,0.136,0.62,2195000000,3068000000,5.02,2020-12-31,15.17,,25198000000.0,5037000000,1877000000,262000000,,,None,318000000,187000000,,None,,,,,1615000000,1615000000,-131000000,None,0.342,,3029000000,2008000000,,,,,187000000,,,,,1.05,18.7,4.984,,,,,,,,0.195,,,2025-10-29,quarterly,5.64,USD,post-market,1229000000,,0.0771,0.817,0.124,66.89,811000000,,,,297.4,320.66,12.3506,,,,,,,6634000000,,25.77,,346.38,248.95
2025-12-28,AMGN,12.92,35970998000.0,25.77,,0.447,17.86,,,,,,,,,,,,,,,None,1561000000,1561000000,,,,,,None,901000000,,9.39,0.0281,,,,0.136,0.62,2508000000,3409000000,5.02,2020-09-30,15.17,,25198000000.0,4862000000,2206000000,185000000,,,None,302000000,55000000,,None,,,,,2021000000,2021000000,-247000000,None,0.342,,2409000000,2453000000,,,,,55000000,,,,,1.05,18.7,4.984,,,,,,,,0.195,,,2025-10-29,quarterly,5.64,USD,post-market,1062000000,,0.0771,0.817,0.124,66.89,1346000000,,,,297.4,320.66,12.3506,,,,,,,6423000000,,25.77,,346.38,248.95
2025-12-28,AMGN,12.92,35970998000.0,25.77,,0.447,17.86,,,,,,,,,,,,,,,None,1488000000,1488000000,,,,,,None,930000000,,9.39,0.0281,,,,0.136,0.62,2326000000,3256000000,5.02,2020-06-30,15.17,,25198000000.0,4718000000,2030000000,227000000,,,None,296000000,3000000,,None,,,,,1803000000,1803000000,-293000000,None,0.342,,2395000000,2323000000,,,,,3000000,,,,,1.05,18.7,4.984,,,,,,,,0.195,,,2025-10-29,quarterly,5.64,USD,post-market,964000000,,0.0771,0.817,0.124,66.89,1295000000,,,,297.4,320.66,12.3506,,,,,,,6206000000,,25.77,,346.38,248.95
2025-12-28,AMGN,12.92,35970998000.0,25.77,,0.447,17.86,,,,,,,,,,,,,,,None,1513000000,1513000000,,,,,,None,897000000,,9.39,0.0281,,,,0.136,0.62,2366000000,3263000000,5.02,2020-03-31,15.17,,25198000000.0,4648000000,2020000000,195000000,,,None,346000000,11000000,,None,,,,,1825000000,1825000000,-335000000,None,0.342,,2293000000,2355000000,,,,,11000000,,,,,1.05,18.7,4.984,,,,,,,,0.195,,,2025-10-29,quarterly,5.64,USD,post-market,952000000,,0.0771,0.817,0.124,66.89,1316000000,,,,297.4,320.66,12.3506,,,,,,,6161000000,,25.77,,346.38,248.95
2025-12-28,AMGN,12.92,35970998000.0,25.77,,0.447,17.86,,,,,,,,,,,,,,,None,1253000000,1253000000,,,,,,None,702000000,,9.39,0.0281,,,,0.136,0.62,2284000000,2986000000,5.02,2019-12-31,15.17,,25198000000.0,4944000000,1983000000,280000000,,,None,301000000,236000000,,None,,,,,1703000000,1703000000,-65000000,None,0.342,,2896000000,2048000000,,,,,236000000,,,,,1.05,18.7,4.984,,,,,,,,0.195,,,2025-10-29,quarterly,5.64,USD,post-market,1312000000,,0.0771,0.817,0.124,66.89,724000000,,,,297.4,320.66,12.3506,,,,,,,6197000000,,25.77,,346.38,248.95
2025-12-28,AMGN,12.92,35970998000.0,25.77,,0.447,17.86,,,,,,,,,,,,,,,None,1036000000,1036000000,,,,,,None,508000000,,9.39,0.0281,,,,0.136,0.62,2590000000,3098000000,5.02,2019-09-30,15.17,,25198000000.0,4701000000,2277000000,309000000,,,None,313000000,114000000,,None,,,,,1968000000,1968000000,-199000000,None,0.342,,2225000000,2476000000,,,,,114000000,,,,,1.05,18.7,4.984,,,,,,,,0.195,,,2025-10-29,quarterly,5.64,USD,post-market,1001000000,,0.0771,0.817,0.124,66.89,1223000000,,,,297.4,320.66,12.3506,,,,,,,5737000000,,25.77,,346.38,248.95
2025-12-28,AMGN,12.92,35970998000.0,25.77,,0.447,17.86,,,,,,,,,,,,,,,None,1012000000,1012000000,,,,,,None,501000000,,9.39,0.0281,,,,0.136,0.62,2896000000,3397000000,5.02,2019-06-30,15.17,,25198000000.0,4859000000,2564000000,385000000,,,None,332000000,218000000,,None,,,,,2179000000,2179000000,-114000000,None,0.342,,2181000000,2678000000,,,,,218000000,,,,,1.05,18.7,4.984,,,,,,,,0.195,,,2025-10-29,quarterly,5.64,USD,post-market,924000000,,0.0771,0.817,0.124,66.89,1260000000,,,,297.4,320.66,12.3506,,,,,,,5871000000,,25.77,,346.38,248.95
2025-12-28,AMGN,12.92,35970998000.0,25.77,,0.447,17.86,,,,,,,,,,,,,,,None,1055000000,1055000000,,,,,,None,495000000,,9.39,0.0281,,,,0.136,0.62,2657000000,3152000000,5.02,2019-03-31,15.17,,25198000000.0,4502000000,2314000000,322000000,,,None,343000000,185000000,,None,,,,,1992000000,1992000000,-158000000,None,0.342,,2030000000,2472000000,,,,,185000000,,,,,1.05,18.7,4.984,,,,,,,,0.195,,,2025-10-29,quarterly,5.64,USD,post-market,879000000,,0.0771,0.817,0.124,66.89,1154000000,,,,297.4,320.66,12.3506,,,,,,,5557000000,,25.77,,346.38,248.95
2025-12-28,AMGN,12.92,35970998000.0,25.77,,0.447,17.86,,,,,,,,,,,,,,,None,1096000000,1096000000,,,,,,None,490000000,,9.39,0.0281,,,,0.136,0.62,2537000000,3027000000,5.02,2018-12-31,15.17,,25198000000.0,5134000000,2185000000,257000000,,,None,352000000,None,,None,,,,,1928000000,1928000000,None,None,0.342,,2752000000,2382000000,,,,,155000000,,,,,1.05,18.7,4.984,,,,,,,,0.195,,,2025-10-29,quarterly,5.64,USD,post-market,1182000000,,0.0771,0.817,0.124,66.89,885000000,,,,297.4,320.66,12.3506,,,,,,,6230000000,,25.77,,346.38,248.95
2025-12-28,AMGN,12.92,35970998000.0,25.77,,0.447,17.86,,,,,,,,,,,,,,,None,1037000000,1037000000,,,,,,None,501000000,,9.39,0.0281,,,,0.136,0.62,2449000000,2950000000,5.02,2018-09-30,15.17,,25198000000.0,4867000000,2094000000,235000000,,,None,355000000,None,,None,,,,,1859000000,1859000000,None,None,0.342,,2544000000,2323000000,,,,,126000000,,,,,1.05,18.7,4.984,,,,,,,,0.195,,,2025-10-29,quarterly,5.64,USD,post-market,926000000,,0.0771,0.817,0.124,66.89,1293000000,,,,297.4,320.66,12.3506,,,,,,,5904000000,,25.77,,346.38,248.95
2025-12-28,AMGN,12.92,35970998000.0,25.77,,0.447,17.86,,,,,,,,,,,,,,,None,1024000000,1024000000,,,,,,None,484000000,,9.39,0.0281,,,,0.136,0.62,2994000000,3478000000,5.02,2018-06-30,15.17,,25198000000.0,5035000000,2647000000,351000000,,,None,347000000,None,,None,,,,,2296000000,2296000000,None,None,0.342,,2203000000,2832000000,,,,,162000000,,,,,1.05,18.7,4.984,,,,,,,,0.195,,,2025-10-29,quarterly,5.64,USD,post-market,869000000,,0.0771,0.817,0.124,66.89,1353000000,,,,297.4,320.66,12.3506,,,,,,,6059000000,,25.77,,346.38,248.95
2025-12-28,AMGN,12.92,35970998000.0,25.77,,0.447,17.86,,,,,,,,,,,,,,,None,944000000,944000000,,,,,,None,471000000,,9.39,0.0281,,,,0.136,0.62,2957000000,3428000000,5.02,2018-03-31,15.17,,25198000000.0,4610000000,2619000000,308000000,,,None,338000000,None,,None,,,,,2311000000,2311000000,None,None,0.342,,1884000000,2726000000,,,,,231000000,,,,,1.05,18.7,4.984,,,,,,,,0.195,,,2025-10-29,quarterly,5.64,USD,post-market,760000000,,0.0771,0.817,0.124,66.89,1127000000,,,,297.4,320.66,12.3506,,,,,,,5554000000,,25.77,,346.38,248.95
2025-12-28,AMGN,12.92,35970998000.0,25.77,,0.447,17.86,,,,,,,,,,,,,,,None,1059000000,1059000000,,,,,,None,449000000,,9.39,0.0281,,,,0.136,0.62,2546000000,2995000000,5.02,2017-12-31,15.17,,25198000000.0,4743000000,2214000000,6478000000,,,None,332000000,None,,None,,,,,-4264000000,-4264000000,None,None,0.342,,2498000000,2245000000,,,,,301000000,,,,,1.05,18.7,4.984,,,,,,,,0.195,,,2025-10-29,quarterly,5.64,USD,post-market,1043000000,,0.0771,0.817,0.124,66.89,875000000,,,,297.4,320.66,12.3506,,,,,,,5802000000,,25.77,,346.38,248.95
2025-12-28,AMGN,12.92,35970998000.0,25.77,,0.447,17.86,,,,,,,,,,,,,,,None,990000000,990000000,,,,,,None,464000000,,9.39,0.0281,,,,0.136,0.62,2706000000,3170000000,5.02,2017-09-30,15.17,,25198000000.0,4783000000,2381000000,360000000,,,None,325000000,None,,None,,,,,2021000000,2021000000,None,None,0.342,,2344000000,2439000000,,,,,267000000,,,,,1.05,18.7,4.984,,,,,,,,0.195,,,2025-10-29,quarterly,5.64,USD,post-market,877000000,,0.0771,0.817,0.124,66.89,1170000000,,,,297.4,320.66,12.3506,,,,,,,5773000000,,25.77,,346.38,248.95
2025-12-28,AMGN,12.92,35970998000.0,25.77,,0.447,17.86,,,,,,,,,,,,,,,None,1024000000,1024000000,,,,,,None,518000000,,9.39,0.0281,,,,0.136,0.62,2863000000,3381000000,5.02,2017-06-30,15.17,,25198000000.0,4786000000,2542000000,391000000,,,None,321000000,None,,None,,,,,2151000000,2151000000,None,None,0.342,,2088000000,2698000000,,,,,165000000,,,,,1.05,18.7,4.984,,,,,,,,0.195,,,2025-10-29,quarterly,5.64,USD,post-market,873000000,,0.0771,0.817,0.124,66.89,1209000000,,,,297.4,320.66,12.3506,,,,,,,5810000000,,25.77,,346.38,248.95
2025-12-28,AMGN,12.92,35970998000.0,25.77,,0.447,17.86,,,,,,,,,,,,,,,None,996000000,996000000,,,,,,None,524000000,,9.39,0.0281,,,,0.136,0.62,2786000000,3310000000,5.02,2017-03-31,15.17,,25198000000.0,4468000000,2460000000,389000000,,,None,326000000,None,,None,,,,,2071000000,2071000000,None,None,0.342,,1877000000,2591000000,,,,,195000000,,,,,1.05,18.7,4.984,,,,,,,,0.195,,,2025-10-29,quarterly,5.64,USD,post-market,769000000,,0.0771,0.817,0.124,66.89,1064000000,,,,297.4,320.66,12.3506,,,,,,,5464000000,,25.77,,346.38,248.95
2025-12-28,AMGN,12.92,35970998000.0,25.77,,0.447,17.86,,,,,,,,,,,,,,,None,1067000000,1067000000,,,,,,None,559000000,,9.39,0.0281,,,,0.136,0.62,2611000000,3170000000,5.02,2016-12-31,15.17,,25198000000.0,4898000000,2283000000,348000000,,,None,328000000,None,,None,,,,,1935000000,1935000000,None,None,0.342,,2413000000,2485000000,,,,,126000000,,,,,1.05,18.7,4.984,,,,,,,,0.195,,,2025-10-29,quarterly,5.64,USD,post-market,1078000000,,0.0771,0.817,0.124,66.89,892000000,,,,297.4,320.66,12.3506,,,,,,,5965000000,,25.77,,346.38,248.95
2025-12-28,AMGN,12.92,35970998000.0,25.77,,0.447,17.86,,,,,,,,,,,,,,,None,1027000000,1027000000,,,,,,None,503000000,,9.39,0.0281,,,,0.136,0.62,2743000000,3246000000,5.02,2016-09-30,15.17,,25198000000.0,4784000000,2418000000,401000000,,,None,325000000,None,,None,,,,,2017000000,2017000000,None,None,0.342,,2257000000,2527000000,,,,,216000000,,,,,1.05,18.7,4.984,,,,,,,,0.195,,,2025-10-29,quarterly,5.64,USD,post-market,990000000,,0.0771,0.817,0.124,66.89,1244000000,,,,297.4,320.66,12.3506,,,,,,,5811000000,,25.77,,346.38,248.95
2025-12-28,AMGN,12.92,35970998000.0,25.77,,0.447,17.86,,,,,,,,,,,,,,,None,1050000000,1050000000,,,,,,None,522000000,,9.39,0.0281,,,,0.136,0.62,2517000000,3039000000,5.02,2016-06-30,15.17,,25198000000.0,4638000000,2204000000,334000000,,,None,313000000,None,,None,,,,,1870000000,1870000000,None,None,0.342,,2258000000,2380000000,,,,,137000000,,,,,1.05,18.7,4.984,,,,,,,,0.195,,,2025-10-29,quarterly,5.64,USD,post-market,900000000,,0.0771,0.817,0.124,66.89,1292000000,,,,297.4,320.66,12.3506,,,,,,,5688000000,,25.77,,346.38,248.95
2025-12-28,AMGN,12.92,35970998000.0,25.77,,0.447,17.86,,,,,,,,,,,,,,,None,1018000000,1018000000,,,,,,None,521000000,,9.39,0.0281,,,,0.136,0.62,2552000000,3073000000,5.02,2016-03-31,15.17,,25198000000.0,4509000000,2258000000,358000000,,,None,294000000,None,,None,,,,,1900000000,1900000000,None,None,0.342,,2107000000,2402000000,,,,,150000000,,,,,1.05,18.7,4.984,,,,,,,,0.195,,,2025-10-29,quarterly,5.64,USD,post-market,872000000,,0.0771,0.817,0.124,66.89,1203000000,,,,297.4,320.66,12.3506,,,,,,,5527000000,,25.77,,346.38,248.95
2025-12-28,AMGN,12.92,35970998000.0,25.77,,0.447,17.86,,,,,,,,,,,,,,,None,1071000000,1071000000,,,,,,None,542000000,,9.39,0.0281,,,,0.136,0.62,2197000000,2739000000,5.02,2015-12-31,15.17,,25198000000.0,4465000000,1913000000,113000000,,,None,284000000,None,,None,,,,,1800000000,1800000000,None,None,0.342,,2432000000,2033000000,,,,,164000000,,,,,1.05,18.7,4.984,,,,,,,,0.195,,,2025-10-29,quarterly,5.64,USD,post-market,1093000000,,0.0771,0.817,0.124,66.89,1416000000,,,,297.4,320.66,12.3506,,,,,,,5536000000,,25.77,,346.38,248.95
2025-12-28,AMGN,12.92,35970998000.0,25.77,,0.447,17.86,,,,,,,,,,,,,,,None,1034000000,1034000000,,,,,,None,523000000,,9.39,0.0281,,,,0.136,0.62,2474000000,2997000000,5.02,2015-09-30,15.17,,25198000000.0,4689000000,2192000000,329000000,,,None,282000000,None,,None,,,,,1863000000,1863000000,None,None,0.342,,2350000000,2339000000,,,,,135000000,,,,,1.05,18.7,4.984,,,,,,,,0.195,,,2025-10-29,quarterly,5.64,USD,post-market,1119000000,,0.0771,0.817,0.124,66.89,1244000000,,,,297.4,320.66,12.3506,,,,,,,5723000000,,25.77,,346.38,248.95
2025-12-28,AMGN,12.92,35970998000.0,25.77,,0.447,17.86,,,,,,,,,,,,,,,None,1089000000,1089000000,,,,,,None,519000000,,9.39,0.0281,,,,0.136,0.62,2274000000,2793000000,5.02,2015-06-30,15.17,,25198000000.0,4281000000,1997000000,344000000,,,None,277000000,None,,None,,,,,1653000000,1653000000,None,None,0.342,,2205000000,2076000000,,,,,198000000,,,,,1.05,18.7,4.984,,,,,,,,0.195,,,2025-10-29,quarterly,5.64,USD,post-market,964000000,,0.0771,0.817,0.124,66.89,1160000000,,,,297.4,320.66,12.3506,,,,,,,5370000000,,25.77,,346.38,248.95
2025-12-28,AMGN,12.92,35970998000.0,25.77,,0.447,17.86,,,,,,,,,,,,,,,None,1033000000,1033000000,,,,,,None,524000000,,9.39,0.0281,,,,0.136,0.62,2128000000,2652000000,5.02,2015-03-31,15.17,,25198000000.0,4000000000,1876000000,253000000,,,None,252000000,None,,None,,,,,1623000000,1623000000,None,None,0.342,,1978000000,2022000000,,,,,106000000,,,,,1.05,18.7,4.984,,,,,,,,0.195,,,2025-10-29,quarterly,5.64,USD,post-market,894000000,,0.0771,0.817,0.124,66.89,1026000000,,,,297.4,320.66,12.3506,,,,,,,5033000000,,25.77,,346.38,248.95
2025-12-28,AMGN,12.92,35970998000.0,25.77,,0.447,17.86,,,,,,,,,,,,,,,None,1183000000,1183000000,,,,,,None,525000000,,9.39,0.0281,,,,0.136,0.62,1547000000,2072000000,5.02,2014-12-31,15.17,,25198000000.0,4148000000,1286000000,-8000000,,,None,261000000,None,,None,,,,,1294000000,1294000000,None,None,0.342,,2689000000,1459000000,,,,,88000000,,,,,1.05,18.7,4.984,,,,,,,,0.195,,,2025-10-29,quarterly,5.64,USD,post-market,1234000000,,0.0771,0.817,0.124,66.89,1327000000,,,,297.4,320.66,12.3506,,,,,,,5331000000,,25.77,,346.38,248.95
2025-12-28,AMGN,12.92,35970998000.0,25.77,,0.447,17.86,,,,,,,,,,,,,,,None,1068000000,1068000000,,,,,,None,543000000,,9.39,0.0281,,,,0.136,0.62,1606000000,2149000000,5.02,2014-09-30,15.17,,25198000000.0,3963000000,1337000000,93000000,,,None,269000000,None,,None,,,,,1244000000,1244000000,None,None,0.342,,2497000000,1466000000,,,,,140000000,,,,,1.05,18.7,4.984,,,,,,,,0.195,,,2025-10-29,quarterly,5.64,USD,post-market,1018000000,,0.0771,0.817,0.124,66.89,1213000000,,,,297.4,320.66,12.3506,,,,,,,5031000000,,25.77,,346.38,248.95
2025-12-28,AMGN,12.92,35970998000.0,25.77,,0.447,17.86,,,,,,,,,,,,,,,None,1081000000,1081000000,,,,,,None,506000000,,9.39,0.0281,,,,0.136,0.62,2040000000,2546000000,5.02,2014-06-30,15.17,,25198000000.0,4099000000,1758000000,211000000,,,None,282000000,None,,None,,,,,1547000000,1547000000,None,None,0.342,,2197000000,1902000000,,,,,138000000,,,,,1.05,18.7,4.984,,,,,,,,0.195,,,2025-10-29,quarterly,5.64,USD,post-market,1018000000,,0.0771,0.817,0.124,66.89,1136000000,,,,297.4,320.66,12.3506,,,,,,,5180000000,,25.77,,346.38,248.95
2025-12-28,AMGN,12.92,35970998000.0,25.77,,0.447,17.86,,,,,,,,,,,,,,,None,1090000000,1090000000,,,,,,None,518000000,,9.39,0.0281,,,,0.136,0.62,1463000000,1981000000,5.02,2014-03-31,15.17,,25198000000.0,3431000000,1204000000,131000000,,,None,259000000,None,,None,,,,,1073000000,1073000000,None,None,0.342,,2067000000,1364000000,,,,,99000000,,,,,1.05,18.7,4.984,,,,,,,,0.195,,,2025-10-29,quarterly,5.64,USD,post-market,1027000000,,0.0771,0.817,0.124,66.89,1023000000,,,,297.4,320.66,12.3506,,,,,,,4521000000,,25.77,,346.38,248.95
2025-12-28,AMGN,12.92,35970998000.0,25.77,,0.447,17.86,,,,,,,,,,,,,,,None,1029000000,1029000000,,,,,,None,444000000,,9.39,0.0281,,,,0.136,0.62,1275000000,1719000000,5.02,2013-12-31,15.17,,25198000000.0,3982000000,1014000000,-7000000,,,None,261000000,None,,None,,,,,1021000000,1021000000,None,None,0.342,,2795000000,1187000000,,,,,88000000,,,,,1.05,18.7,4.984,,,,,,,,0.195,,,2025-10-29,quarterly,5.64,USD,post-market,1249000000,,0.0771,0.817,0.124,66.89,1521000000,,,,297.4,320.66,12.3506,,,,,,,5011000000,,25.77,,346.38,248.95
2025-12-28,AMGN,12.92,35970998000.0,25.77,,0.447,17.86,,,,,,,,,,,,,,,None,788000000,788000000,,,,,,None,288000000,,9.39,0.0281,,,,0.136,0.62,1760000000,2048000000,5.02,2013-09-30,15.17,,25198000000.0,3960000000,1503000000,135000000,,,None,257000000,None,,None,,,,,1368000000,1368000000,None,None,0.342,,2272000000,1688000000,,,,,72000000,,,,,1.05,18.7,4.984,,,,,,,,0.195,,,2025-10-29,quarterly,5.64,USD,post-market,989000000,,0.0771,0.817,0.124,66.89,1249000000,,,,297.4,320.66,12.3506,,,,,,,4748000000,,25.77,,346.38,248.95
2025-12-28,AMGN,12.92,35970998000.0,25.77,,0.447,17.86,,,,,,,,,,,,,,,None,785000000,785000000,,,,,,None,277000000,,9.39,0.0281,,,,0.136,0.62,1646000000,1923000000,5.02,2013-06-30,15.17,,25198000000.0,3894000000,1405000000,147000000,,,None,241000000,None,,None,,,,,1258000000,1258000000,None,None,0.342,,2344000000,1550000000,,,,,96000000,,,,,1.05,18.7,4.984,,,,,,,,0.195,,,2025-10-29,quarterly,5.64,USD,post-market,967000000,,0.0771,0.817,0.124,66.89,1256000000,,,,297.4,320.66,12.3506,,,,,,,4679000000,,25.77,,346.38,248.95
2025-12-28,AMGN,12.92,35970998000.0,25.77,,0.447,17.86,,,,,,,,,,,,,,,None,744000000,744000000,,,,,,None,277000000,,9.39,0.0281,,,,0.136,0.62,1606000000,1883000000,5.02,2013-03-31,15.17,,25198000000.0,3494000000,1343000000,-91000000,,,None,263000000,None,,None,,,,,1434000000,1434000000,None,None,0.342,,2052000000,1442000000,,,,,164000000,,,,,1.05,18.7,4.984,,,,,,,,0.195,,,2025-10-29,quarterly,5.64,USD,post-market,878000000,,0.0771,0.817,0.124,66.89,1158000000,,,,297.4,320.66,12.3506,,,,,,,4238000000,,25.77,,346.38,248.95
2025-12-28,AMGN,12.92,35970998000.0,25.77,,0.447,17.86,,,,,,,,,,,,,,,None,852000000,852000000,,,,,,None,273000000,,9.39,0.0281,,,,0.136,0.62,1214000000,1487000000,5.02,2012-12-31,15.17,,25198000000.0,3569000000,923000000,135000000,,,None,291000000,None,,None,,,,,788000000,788000000,None,None,0.342,,2481000000,1088000000,,,,,126000000,,,,,1.05,18.7,4.984,,,,,,,,0.195,,,2025-10-29,quarterly,5.64,USD,post-market,938000000,,0.0771,0.817,0.124,66.89,1370000000,,,,297.4,320.66,12.3506,,,,,,,4421000000,,25.77,,346.38,248.95
2025-12-28,AMGN,12.92,35970998000.0,25.77,,0.447,17.86,,,,,,,,,,,,,,,None,705000000,705000000,,,,,,None,287000000,,9.39,0.0281,,,,0.136,0.62,1534000000,1821000000,5.02,2012-09-30,15.17,,25198000000.0,3614000000,1263000000,156000000,,,None,271000000,None,,None,,,,,1107000000,1107000000,None,None,0.342,,2121000000,1423000000,,,,,111000000,,,,,1.05,18.7,4.984,,,,,,,,0.195,,,2025-10-29,quarterly,5.64,USD,post-market,880000000,,0.0771,0.817,0.124,66.89,1127000000,,,,297.4,320.66,12.3506,,,,,,,4319000000,,25.77,,346.38,248.95
2025-12-28,AMGN,12.92,35970998000.0,25.77,,0.447,17.86,,,,,,,,,,,,,,,None,682000000,682000000,,,,,,None,269000000,,9.39,0.0281,,,,0.136,0.62,1713000000,1982000000,5.02,2012-06-30,15.17,,25198000000.0,3795000000,1457000000,191000000,,,None,256000000,None,,None,,,,,1266000000,1266000000,None,None,0.342,,2136000000,1589000000,,,,,124000000,,,,,1.05,18.7,4.984,,,,,,,,0.195,,,2025-10-29,quarterly,5.64,USD,post-market,826000000,,0.0771,0.817,0.124,66.89,1228000000,,,,297.4,320.66,12.3506,,,,,,,4477000000,,25.77,,346.38,248.95
2025-12-28,AMGN,12.92,35970998000.0,25.77,,0.447,17.86,,,,,,,,,,,,,,,None,679000000,679000000,,,,,,None,259000000,,9.39,0.0281,,,,0.136,0.62,1601000000,1860000000,5.02,2012-03-31,15.17,,25198000000.0,3369000000,1366000000,182000000,,,None,235000000,None,,None,,,,,1184000000,1184000000,None,None,0.342,,1821000000,1477000000,,,,,124000000,,,,,1.05,18.7,4.984,,,,,,,,0.195,,,2025-10-29,quarterly,5.64,USD,post-market,736000000,,0.0771,0.817,0.124,66.89,1076000000,,,,297.4,320.66,12.3506,,,,,,,4048000000,,25.77,,346.38,248.95
2025-12-28,AMGN,12.92,35970998000.0,25.77,,0.447,17.86,,,,,,,,,,,,,,,None,656000000,656000000,,,,,,None,261000000,,9.39,0.0281,,,,0.136,0.62,1246000000,1507000000,5.02,2011-12-31,15.17,,25198000000.0,3317000000,1051000000,117000000,,,None,195000000,None,,None,,,,,934000000,934000000,None,None,0.342,,2155000000,1162000000,,,,,84000000,,,,,1.05,18.7,4.984,,,,,,,,0.195,,,2025-10-29,quarterly,5.64,USD,post-market,851000000,,0.0771,0.817,0.124,66.89,1208000000,,,,297.4,320.66,12.3506,,,,,,,3973000000,,25.77,,346.38,248.95
2025-12-28,AMGN,12.92,35970998000.0,25.77,,0.447,17.86,,,,,,,,,,,,,,,None,605000000,605000000,,,,,,None,265000000,,9.39,0.0281,,,,0.136,0.62,612000000,877000000,5.02,2011-09-30,15.17,,25198000000.0,3339000000,454000000,71000000,,,None,158000000,None,,None,,,,,454000000,454000000,None,None,0.342,,2814000000,525000000,,,,,87000000,,,,,1.05,18.7,4.984,,,,,,,,0.195,,,2025-10-29,quarterly,5.64,USD,post-market,761000000,,0.0771,0.817,0.124,66.89,1125000000,,,,297.4,320.66,12.3506,,,,,,,3944000000,,25.77,,346.38,248.95
2025-12-28,AMGN,12.92,35970998000.0,25.77,,0.447,17.86,,,,,,,,,,,,,,,None,602000000,602000000,,,,,,None,261000000,,9.39,0.0281,,,,0.136,0.62,1461000000,1722000000,5.02,2011-06-30,15.17,,25198000000.0,3357000000,1339000000,169000000,,,None,122000000,None,,None,,,,,1170000000,1170000000,None,None,0.342,,2025000000,1332000000,,,,,129000000,,,,,1.05,18.7,4.984,,,,,,,,0.195,,,2025-10-29,quarterly,5.64,USD,post-market,819000000,,0.0771,0.817,0.124,66.89,1130000000,,,,297.4,320.66,12.3506,,,,,,,3959000000,,25.77,,346.38,248.95
2025-12-28,AMGN,12.92,35970998000.0,25.77,,0.447,17.86,,,,,,,,,,,,,,,None,564000000,564000000,,,,,,None,273000000,,9.39,0.0281,,,,0.136,0.62,1441000000,1714000000,5.02,2011-03-31,15.17,,25198000000.0,3142000000,1306000000,181000000,,,None,135000000,None,,None,,,,,1125000000,1125000000,None,None,0.342,,1849000000,1293000000,,,,,148000000,,,,,1.05,18.7,4.984,,,,,,,,0.195,,,2025-10-29,quarterly,5.64,USD,post-market,736000000,,0.0771,0.817,0.124,66.89,1023000000,,,,297.4,320.66,12.3506,,,,,,,3706000000,,25.77,,346.38,248.95
2025-12-28,AMGN,12.92,35970998000.0,25.77,,0.447,17.86,,,,,,,,,,,,,,,None,572000000,572000000,,,,,,None,261000000,,9.39,0.0281,,,,0.136,0.62,1161000000,1422000000,5.02,2010-12-31,15.17,,25198000000.0,3269000000,999000000,-23000000,,,None,162000000,None,,None,,,,,1022000000,1022000000,None,None,0.342,,2201000000,1068000000,,,,,93000000,,,,,1.05,18.7,4.984,,,,,,,,0.195,,,2025-10-29,quarterly,5.64,USD,post-market,854000000,,0.0771,0.817,0.124,66.89,1156000000,,,,297.4,320.66,12.3506,,,,,,,3841000000,,25.77,,346.38,248.95
2025-12-28,AMGN,12.92,35970998000.0,25.77,,0.447,17.86,,,,,,,,,,,,,,,None,587000000,587000000,,,,,,None,253000000,,9.39,0.0281,,,,0.136,0.62,1584000000,1837000000,5.02,2010-09-30,15.17,,25198000000.0,3229000000,1434000000,198000000,,,None,150000000,None,,None,,,,,1236000000,1236000000,None,None,0.342,,1750000000,1479000000,,,,,105000000,,,,,1.05,18.7,4.984,,,,,,,,0.195,,,2025-10-29,quarterly,5.64,USD,post-market,719000000,,0.0771,0.817,0.124,66.89,957000000,,,,297.4,320.66,12.3506,,,,,,,3816000000,,25.77,,346.38,248.95
2025-12-28,AMGN,12.92,35970998000.0,25.77,,0.447,17.86,,,,,,,,,,,,,,,None,553000000,553000000,,,,,,None,251000000,,9.39,0.0281,,,,0.136,0.62,1611000000,1862000000,5.02,2010-06-30,15.17,,25198000000.0,3251000000,1464000000,262000000,,,None,147000000,None,,None,,,,,1202000000,1202000000,None,None,0.342,,1734000000,1517000000,,,,,94000000,,,,,1.05,18.7,4.984,,,,,,,,0.195,,,2025-10-29,quarterly,5.64,USD,post-market,675000000,,0.0771,0.817,0.124,66.89,986000000,,,,297.4,320.66,12.3506,,,,,,,3804000000,,25.77,,346.38,248.95
2025-12-28,AMGN,12.92,35970998000.0,25.77,,0.447,17.86,,,,,,,,,,,,,,,None,508000000,508000000,,,,,,None,252000000,,9.39,0.0281,,,,0.136,0.62,1481000000,1733000000,5.02,2010-03-31,15.17,,25198000000.0,3084000000,1420000000,253000000,,,None,145000000,None,,None,,,,,1167000000,1167000000,None,None,0.342,,1603000000,1481000000,,,,,84000000,,,,,1.05,18.7,4.984,,,,,,,,0.195,,,2025-10-29,quarterly,5.64,USD,post-market,646000000,,0.0771,0.817,0.124,66.89,884000000,,,,297.4,320.66,12.3506,,,,,,,3592000000,,25.77,,346.38,248.95
2025-12-28,AMGN,12.92,35970998000.0,25.77,,0.447,17.86,,,,,,,,,,,,,,,None,538000000,538000000,,,,,,None,257000000,,9.39,0.0281,,,,0.136,0.62,1217000000,1474000000,5.02,2009-12-31,15.17,,25198000000.0,3271000000,1075000000,144000000,,,None,142000000,None,,None,,,,,931000000,0,None,None,0.342,,2148000000,1123000000,,,,,None,,,,,1.05,18.7,4.984,,,,,,,,0.195,,,2025-10-29,quarterly,5.64,USD,post-market,891000000,,0.0771,0.817,0.124,66.89,1180000000,,,,297.4,320.66,12.3506,,,,,,,3809000000,,25.77,,346.38,248.95
2025-12-28,AMGN,12.92,35970998000.0,25.77,,0.447,17.86,,,,,,,,,,,,,,,None,545000000,545000000,,,,,,None,272000000,,9.39,0.0281,,,,0.136,0.62,1679000000,1951000000,5.02,2009-09-30,15.17,,25198000000.0,3267000000,1540000000,154000000,,,None,139000000,None,,None,,,,,1386000000,1386000000,None,None,0.342,,1662000000,1605000000,,,,,74000000,,,,,1.05,18.7,4.984,,,,,,,,0.195,,,2025-10-29,quarterly,5.64,USD,post-market,647000000,,0.0771,0.817,0.124,66.89,932000000,,,,297.4,320.66,12.3506,,,,,,,3812000000,,25.77,,346.38,248.95
2025-12-28,AMGN,12.92,35970998000.0,25.77,,0.447,17.86,,,,,,,,,,,,,,,None,531000000,531000000,,,,,,None,253000000,,9.39,0.0281,,,,0.136,0.62,1507000000,1760000000,5.02,2009-06-30,15.17,,25198000000.0,3182000000,1357000000,88000000,,,None,150000000,None,,None,,,,,1269000000,1269000000,None,None,0.342,,1725000000,1457000000,,,,,50000000,,,,,1.05,18.7,4.984,,,,,,,,0.195,,,2025-10-29,quarterly,5.64,USD,post-market,693000000,,0.0771,0.817,0.124,66.89,910000000,,,,297.4,320.66,12.3506,,,,,,,3713000000,,25.77,,346.38,248.95
2025-12-28,AMGN,12.92,35970998000.0,25.77,,0.447,17.86,,,,,,,,,,,,,,,None,477000000,477000000,,,,,,None,267000000,,9.39,0.0281,,,,0.136,0.62,1379000000,1646000000,5.02,2009-03-31,15.17,,25198000000.0,2831000000,1232000000,213000000,,,None,147000000,None,,None,,,,,1019000000,0,None,None,0.342,,1510000000,1321000000,,,,,None,,,,,1.05,18.7,4.984,,,,,,,,0.195,,,2025-10-29,quarterly,5.64,USD,post-market,633000000,,0.0771,0.817,0.124,66.89,798000000,,,,297.4,320.66,12.3506,,,,,,,3308000000,,25.77,,346.38,248.95
2025-12-28,AMGN,12.92,35970998000.0,25.77,,0.447,17.86,,,,,,,,,,,,,,,None,558000000,558000000,,,,,,None,274000000,,9.39,0.0281,,,,0.136,0.62,1137000000,1411000000,5.02,2008-12-31,15.17,,25198000000.0,3193000000,1154000000,193000000,,,None,57000000,None,,None,,,,,961000000,0,None,None,0.342,,2056000000,1137000000,,,,,None,,,,,1.05,18.7,4.984,,,,,,,,0.195,,,2025-10-29,quarterly,5.64,USD,post-market,798000000,,0.0771,0.817,0.124,66.89,1111000000,,,,297.4,320.66,12.3506,,,,,,,3751000000,,25.77,,346.38,248.95
2025-12-28,AMGN,12.92,35970998000.0,25.77,,0.447,17.86,,,,,,,,,,,,,,,None,677000000,677000000,,,,,,None,268000000,,9.39,0.0281,,,,0.136,0.62,1483000000,1751000000,5.02,2008-09-30,15.17,,25198000000.0,3198000000,1471000000,313000000,,,None,24000000,None,,None,,,,,1158000000,0,None,None,0.342,,1715000000,1483000000,,,,,None,,,,,1.05,18.7,4.984,,,,,,,,0.195,,,2025-10-29,quarterly,5.64,USD,post-market,729000000,,0.0771,0.817,0.124,66.89,900000000,,,,297.4,320.66,12.3506,,,,,,,3875000000,,25.77,,346.38,248.95
2025-12-28,AMGN,12.92,35970998000.0,25.77,,0.447,17.86,,,,,,,,,,,,,,,None,515000000,515000000,,,,,,None,265000000,,9.39,0.0281,,,,0.136,0.62,1179000000,1444000000,5.02,2008-06-30,15.17,,25198000000.0,3249000000,1188000000,247000000,,,None,275000000,None,,None,,,,,941000000,0,None,None,0.342,,2070000000,1179000000,,,,,None,,,,,1.05,18.7,4.984,,,,,,,,0.195,,,2025-10-29,quarterly,5.64,USD,post-market,809000000,,0.0771,0.817,0.124,66.89,904000000,,,,297.4,320.66,12.3506,,,,,,,3764000000,,25.77,,346.38,248.95
2025-12-28,AMGN,12.92,35970998000.0,25.77,,0.447,17.86,,,,,,,,,,,,,,,None,546000000,546000000,,,,,,None,266000000,,9.39,0.0281,,,,0.136,0.62,1415000000,1681000000,5.02,2008-03-31,15.17,,25198000000.0,3067000000,1437000000,301000000,,,None,12000000,None,,None,,,,,1136000000,0,None,None,0.342,,1652000000,1415000000,,,,,None,,,,,1.05,18.7,4.984,,,,,,,,0.195,,,2025-10-29,quarterly,5.64,USD,post-market,694000000,,0.0771,0.817,0.124,66.89,874000000,,,,297.4,320.66,12.3506,,,,,,,3613000000,,25.77,,346.38,248.95
2025-12-28,AMGN,12.92,35970998000.0,25.77,,0.447,17.86,,,,,,,,,,,,,,,None,606000000,606000000,,,,,,None,302000000,,9.39,0.0281,,,,0.136,0.62,1266000000,1568000000,5.02,2007-12-31,15.17,,25198000000.0,3139000000,1058000000,223000000,,,None,393000000,None,,None,,,,,835000000,0,None,None,0.342,,2082000000,1057000000,,,,,None,,,,,1.05,18.7,4.984,,,,,,,,0.195,,,2025-10-29,quarterly,5.64,USD,post-market,822000000,,0.0771,0.817,0.124,66.89,1001000000,,,,297.4,320.66,12.3506,,,,,,,3745000000,,25.77,,346.38,248.95
2025-12-28,AMGN,12.92,35970998000.0,25.77,,0.447,17.86,,,,,,,,,,,,,,,None,792000000,792000000,,,,,,None,374000000,,9.39,0.0281,,,,0.136,0.62,983000000,1357000000,5.02,2007-09-30,15.17,,25198000000.0,2819000000,372000000,171000000,,,None,1455000000,None,,None,,,,,201000000,0,None,None,0.342,,2426000000,393000000,,,,,None,,,,,1.05,18.7,4.984,,,,,,,,0.195,,,2025-10-29,quarterly,5.64,USD,post-market,776000000,,0.0771,0.817,0.124,66.89,730000000,,,,297.4,320.66,12.3506,,,,,,,3611000000,,25.77,,346.38,248.95
2025-12-28,AMGN,12.92,35970998000.0,25.77,,0.447,17.86,,,,,,,,,,,,,,,None,558000000,558000000,,,,,,None,282000000,,9.39,0.0281,,,,0.136,0.62,1130000000,1412000000,5.02,2007-06-30,15.17,,25198000000.0,3170000000,1137000000,118000000,,,None,282000000,None,,None,,,,,1019000000,0,None,None,0.342,,2040000000,1130000000,,,,,None,,,,,1.05,18.7,4.984,,,,,,,,0.195,,,2025-10-29,quarterly,5.64,USD,post-market,817000000,,0.0771,0.817,0.124,66.89,860000000,,,,297.4,320.66,12.3506,,,,,,,3728000000,,25.77,,346.38,248.95
2025-12-28,AMGN,12.92,35970998000.0,25.77,,0.447,17.86,,,,,,,,,,,,,,,None,592000000,592000000,,,,,,None,244000000,,9.39,0.0281,,,,0.136,0.62,1400000000,1644000000,5.02,2007-03-31,15.17,,25198000000.0,3095000000,1394000000,283000000,,,None,6000000,None,,None,,,,,1111000000,0,None,None,0.342,,1695000000,1400000000,,,,,None,,,,,1.05,18.7,4.984,,,,,,,,0.195,,,2025-10-29,quarterly,5.64,USD,post-market,851000000,,0.0771,0.817,0.124,66.89,770000000,,,,297.4,320.66,12.3506,,,,,,,3687000000,,25.77,,346.38,248.95
2025-12-28,AMGN,12.92,35970998000.0,25.77,,0.447,17.86,,,,,,,,,,,,,,,None,561000000,561000000,,,,,,None,200000000,,9.39,0.0281,,,,0.136,0.62,2220000000,2420000000,5.02,2006-12-31,15.17,,25198000000.0,3274000000,1029000000,196000000,,,None,1321000000,None,,None,,,,,833000000,0,None,None,0.342,,2285000000,989000000,,,,,None,,,,,1.05,18.7,4.984,,,,,,,,0.195,,,2025-10-29,quarterly,5.64,USD,post-market,1051000000,,0.0771,0.817,0.124,66.89,1030000000,,,,297.4,320.66,12.3506,,,,,,,3835000000,,25.77,,346.38,248.95
2025-12-28,AMGN,12.92,35970998000.0,25.77,,0.447,17.86,,,,,,,,,,,,,,,None,489000000,489000000,,,,,,None,287000000,,9.39,0.0281,,,,0.136,0.62,1322000000,1609000000,5.02,2006-09-30,15.17,,25198000000.0,3123000000,1361000000,259000000,,,None,39000000,None,,None,,,,,1102000000,0,None,None,0.342,,1801000000,1322000000,,,,,None,,,,,1.05,18.7,4.984,,,,,,,,0.195,,,2025-10-29,quarterly,5.64,USD,post-market,872000000,,0.0771,0.817,0.124,66.89,807000000,,,,297.4,320.66,12.3506,,,,,,,3612000000,,25.77,,346.38,248.95
2025-12-28,AMGN,12.92,35970998000.0,25.77,,0.447,17.86,,,,,,,,,,,,,,,None,493000000,493000000,,,,,,None,257000000,,9.39,0.0281,,,,0.136,0.62,1396000000,1653000000,5.02,2006-06-30,15.17,,25198000000.0,3111000000,316000000,302000000,,,None,2068000000,None,,None,,,,,14000000,0,None,None,0.342,,2816000000,295000000,,,,,None,,,,,1.05,18.7,4.984,,,,,,,,0.195,,,2025-10-29,quarterly,5.64,USD,post-market,788000000,,0.0771,0.817,0.124,66.89,840000000,,,,297.4,320.66,12.3506,,,,,,,3604000000,,25.77,,346.38,248.95
2025-12-28,AMGN,12.92,35970998000.0,25.77,,0.447,17.86,,,,,,,,,,,,,,,None,552000000,552000000,,,,,,None,219000000,,9.39,0.0281,,,,0.136,0.62,1234000000,1453000000,5.02,2006-03-31,15.17,,25198000000.0,2665000000,1314000000,313000000,,,None,170000000,None,,None,,,,,1001000000,0,None,None,0.342,,1431000000,1234000000,,,,,None,,,,,1.05,18.7,4.984,,,,,,,,0.195,,,2025-10-29,quarterly,5.64,USD,post-market,655000000,,0.0771,0.817,0.124,66.89,689000000,,,,297.4,320.66,12.3506,,,,,,,3217000000,,25.77,,346.38,248.95
2025-12-28,AMGN,12.92,35970998000.0,25.77,,0.447,17.86,,,,,,,,,,,,,,,None,511000000,511000000,,,,,,None,218000000,,9.39,0.0281,,,,0.136,0.62,1101000000,1319000000,5.02,2005-12-31,15.17,,25198000000.0,2760000000,1111000000,287000000,,,None,10000000,None,,None,,,,,824000000,0,None,None,0.342,,1659000000,1101000000,,,,,None,,,,,1.05,18.7,4.984,,,,,,,,0.195,,,2025-10-29,quarterly,5.64,USD,post-market,661000000,,0.0771,0.817,0.124,66.89,911000000,,,,297.4,320.66,12.3506,,,,,,,3271000000,,25.77,,346.38,248.95
2025-12-28,AMGN,12.92,35970998000.0,25.77,,0.447,17.86,,,,,,,,,,,,,,,None,552000000,552000000,,,,,,None,204000000,,9.39,0.0281,,,,0.136,0.62,1298000000,1502000000,5.02,2005-09-30,15.17,,25198000000.0,2602000000,1312000000,345000000,,,None,14000000,None,,None,,,,,967000000,0,None,None,0.342,,1304000000,1298000000,,,,,None,,,,,1.05,18.7,4.984,,,,,,,,0.195,,,2025-10-29,quarterly,5.64,USD,post-market,562000000,,0.0771,0.817,0.124,66.89,656000000,,,,297.4,320.66,12.3506,,,,,,,3154000000,,25.77,,346.38,248.95
2025-12-28,AMGN,12.92,35970998000.0,25.77,,0.447,17.86,,,,,,,,,,,,,,,None,12858000000,12858000000,,,,,,None,5592000000,,9.39,0.0281,,,,0.136,0.62,7764000000,13356000000,5.02,2024-12-31,15.17,,25198000000.0,20566000000,4609000000,519000000,,,None,3155000000,None,,None,,,,,4090000000,4090000000,-3155000000,None,0.342,,13308000000,7258000000,,,,,None,,,,,1.05,18.7,4.984,,,,,,,,0.195,,,2025-10-29,annual,5.64,USD,post-market,5964000000,,0.0771,0.817,0.124,66.89,2383000000,,,,297.4,320.66,12.3506,,,,,,,33424000000,,25.77,,346.38,248.95
2025-12-28,AMGN,12.92,35970998000.0,25.77,,0.447,17.86,,,,,,,,,,,,,,,None,8451000000,8451000000,,,,,,None,4071000000,,9.39,0.0281,,,,0.136,0.62,7897000000,7897000000,5.02,2023-12-31,15.17,,25198000000.0,19739000000,7855000000,1138000000,,,None,2875000000,None,,None,,,,,6717000000,7566000000,-2469000000,None,0.342,,11842000000,7897000000,,,,,None,,,,,1.05,18.7,4.984,,,,,,,,0.195,,,2025-10-29,annual,5.64,USD,post-market,4784000000,,0.0771,0.817,0.124,66.89,5477000000,,,,297.4,320.66,12.3506,,,,,,,28190000000,,25.77,,346.38,248.95
2025-12-28,AMGN,12.92,35970998000.0,25.77,,0.447,17.86,,,,,,,,,,,,,,,None,6406000000,6406000000,,,,,,None,3417000000,,9.39,0.0281,,,,0.136,0.62,8752000000,12169000000,5.02,2022-12-31,15.17,,25198000000.0,19917000000,7346000000,794000000,,,None,1406000000,None,,None,,,,,6552000000,6552000000,-1406000000,None,0.342,,10351000000,9566000000,,,,,-814000000,,,,,1.05,18.7,4.984,,,,,,,,0.195,,,2025-10-29,annual,5.64,USD,post-market,4434000000,,0.0771,0.817,0.124,66.89,4573000000,,,,297.4,320.66,12.3506,,,,,,,26323000000,,25.77,,346.38,248.95
2025-12-28,AMGN,12.92,35970998000.0,25.77,,0.447,17.86,,,,,,,,,,,,,,,None,6454000000,6454000000,,,,,,None,3398000000,,9.39,0.0281,,,,0.136,0.62,7898000000,11296000000,5.02,2021-12-31,15.17,,25198000000.0,19525000000,6701000000,808000000,,,None,1197000000,None,,None,,,,,5893000000,5893000000,-1197000000,None,0.342,,11886000000,7639000000,,,,,259000000,,,,,1.05,18.7,4.984,,,,,,,,0.195,,,2025-10-29,annual,5.64,USD,post-market,6324000000,,0.0771,0.817,0.124,66.89,4525000000,,,,297.4,320.66,12.3506,,,,,,,25979000000,,25.77,,346.38,248.95
2025-12-28,AMGN,12.92,35970998000.0,25.77,,0.447,17.86,,,,,,,,,,,,,,,None,6159000000,6159000000,,,,,,None,3601000000,,9.39,0.0281,,,,0.136,0.62,9395000000,12996000000,5.02,2020-12-31,15.17,,25198000000.0,19265000000,8133000000,869000000,,,None,1262000000,256000000,,None,,,,,7264000000,7264000000,-1006000000,None,0.342,,10126000000,9139000000,,,,,256000000,,,,,1.05,18.7,4.984,,,,,,,,0.195,,,2025-10-29,annual,5.64,USD,post-market,4207000000,,0.0771,0.817,0.124,66.89,4768000000,,,,297.4,320.66,12.3506,,,,,,,25424000000,,25.77,,346.38,248.95
2025-12-28,AMGN,12.92,35970998000.0,25.77,,0.447,17.86,,,,,,,,,,,,,,,None,4356000000,4356000000,,,,,,None,2206000000,,9.39,0.0281,,,,0.136,0.62,10427000000,12633000000,5.02,2019-12-31,15.17,,25198000000.0,19006000000,9138000000,1296000000,,,None,1289000000,753000000,,None,,,,,7842000000,7842000000,-536000000,None,0.342,,9332000000,9674000000,,,,,753000000,,,,,1.05,18.7,4.984,,,,,,,,0.195,,,2025-10-29,annual,5.64,USD,post-market,4116000000,,0.0771,0.817,0.124,66.89,4361000000,,,,297.4,320.66,12.3506,,,,,,,23362000000,,25.77,,346.38,248.95
2025-12-28,AMGN,12.92,35970998000.0,25.77,,0.447,17.86,,,,,,,,,,,,,,,None,4101000000,4101000000,,,,,,None,1946000000,,9.39,0.0281,,,,0.136,0.62,10937000000,12883000000,5.02,2018-12-31,15.17,,25198000000.0,19646000000,9545000000,1151000000,,,None,1392000000,674000000,,None,,,,,8394000000,8394000000,-718000000,None,0.342,,9383000000,10263000000,,,,,674000000,,,,,1.05,18.7,4.984,,,,,,,,0.195,,,2025-10-29,annual,5.64,USD,post-market,3737000000,,0.0771,0.817,0.124,66.89,4658000000,,,,297.4,320.66,12.3506,,,,,,,23747000000,,25.77,,346.38,248.95
2025-12-28,AMGN,12.92,35970998000.0,25.77,,0.447,17.86,,,,,,,,,,,,,,,None,4069000000,4069000000,,,,,,None,1955000000,,9.39,0.0281,,,,0.136,0.62,10901000000,12856000000,5.02,2017-12-31,15.17,,25198000000.0,18780000000,9597000000,7618000000,,,None,1304000000,928000000,,None,,,,,1979000000,1979000000,-376000000,None,0.342,,8807000000,9973000000,,,,,928000000,,,,,1.05,18.7,4.984,,,,,,,,0.195,,,2025-10-29,annual,5.64,USD,post-market,3562000000,,0.0771,0.817,0.124,66.89,4250000000,,,,297.4,320.66,12.3506,,,,,,,22849000000,,25.77,,346.38,248.95
2025-12-28,AMGN,12.92,35970998000.0,25.77,,0.447,17.86,,,,,,,,,,,,,,,None,4162000000,4162000000,,,,,,None,2105000000,,9.39,0.0281,,,,0.136,0.62,10423000000,12528000000,5.02,2016-12-31,15.17,,25198000000.0,18829000000,9163000000,1441000000,,,None,1260000000,629000000,,None,,,,,7722000000,7722000000,-631000000,None,0.342,,9035000000,9794000000,,,,,629000000,,,,,1.05,18.7,4.984,,,,,,,,0.195,,,2025-10-29,annual,5.64,USD,post-market,3840000000,,0.0771,0.817,0.124,66.89,4631000000,,,,297.4,320.66,12.3506,,,,,,,22991000000,,25.77,,346.38,248.95
2025-12-28,AMGN,12.92,35970998000.0,25.77,,0.447,17.86,,,,,,,,,,,,,,,None,4227000000,4227000000,,,,,,None,2108000000,,9.39,0.0281,,,,0.136,0.62,9073000000,11181000000,5.02,2015-12-31,15.17,,25198000000.0,17435000000,7978000000,1039000000,,,None,1095000000,492000000,,None,,,,,6939000000,6939000000,None,None,0.342,,8965000000,8470000000,,,,,603000000,,,,,1.05,18.7,4.984,,,,,,,,0.195,,,2025-10-29,annual,5.64,USD,post-market,4070000000,,0.0771,0.817,0.124,66.89,4509000000,,,,297.4,320.66,12.3506,,,,,,,21662000000,,25.77,,346.38,248.95
2025-12-28,AMGN,12.92,35970998000.0,25.77,,0.447,17.86,,,,,,,,,,,,,,,None,4422000000,4422000000,,,,,,None,2092000000,,9.39,0.0281,,,,0.136,0.62,6656000000,8748000000,5.02,2014-12-31,15.17,,25198000000.0,15641000000,5585000000,427000000,,,None,1071000000,None,,None,,,,,5158000000,5158000000,None,None,0.342,,9450000000,6191000000,,,,,465000000,,,,,1.05,18.7,4.984,,,,,,,,0.195,,,2025-10-29,annual,5.64,USD,post-market,4297000000,,0.0771,0.817,0.124,66.89,4699000000,,,,297.4,320.66,12.3506,,,,,,,20063000000,,25.77,,346.38,248.95
2025-12-28,AMGN,12.92,35970998000.0,25.77,,0.447,17.86,,,,,,,,,,,,,,,None,3346000000,3346000000,,,,,,None,1286000000,,9.39,0.0281,,,,0.136,0.62,6287000000,7573000000,5.02,2013-12-31,15.17,,25198000000.0,15330000000,5265000000,184000000,,,None,1022000000,None,,None,,,,,5081000000,5081000000,None,None,0.342,,9463000000,5867000000,,,,,420000000,,,,,1.05,18.7,4.984,,,,,,,,0.195,,,2025-10-29,annual,5.64,USD,post-market,4083000000,,0.0771,0.817,0.124,66.89,5184000000,,,,297.4,320.66,12.3506,,,,,,,18676000000,,25.77,,346.38,248.95
2025-12-28,AMGN,12.92,35970998000.0,25.77,,0.447,17.86,,,,,,,,,,,,,,,None,2918000000,2918000000,,,,,,None,1088000000,,9.39,0.0281,,,,0.136,0.62,6062000000,7150000000,5.02,2012-12-31,15.17,,25198000000.0,14347000000,5009000000,664000000,,,None,1053000000,None,,None,,,,,4345000000,4345000000,None,None,0.342,,8489000000,5577000000,,,,,485000000,,,,,1.05,18.7,4.984,,,,,,,,0.195,,,2025-10-29,annual,5.64,USD,post-market,3380000000,,0.0771,0.817,0.124,66.89,4801000000,,,,297.4,320.66,12.3506,,,,,,,17265000000,,25.77,,346.38,248.95
2025-12-28,AMGN,12.92,35970998000.0,25.77,,0.447,17.86,,,,,,,,,,,,,,,None,2427000000,2427000000,,,,,,None,1060000000,,9.39,0.0281,,,,0.136,0.62,4760000000,5820000000,5.02,2011-12-31,15.17,,25198000000.0,13155000000,4150000000,467000000,,,None,610000000,None,,None,,,,,3683000000,3683000000,None,None,0.342,,8562000000,4312000000,,,,,448000000,,,,,1.05,18.7,4.984,,,,,,,,0.195,,,2025-10-29,annual,5.64,USD,post-market,3167000000,,0.0771,0.817,0.124,66.89,4486000000,,,,297.4,320.66,12.3506,,,,,,,15582000000,,25.77,,346.38,248.95
2025-12-28,AMGN,12.92,35970998000.0,25.77,,0.447,17.86,,,,,,,,,,,,,,,None,2220000000,2220000000,,,,,,None,1017000000,,9.39,0.0281,,,,0.136,0.62,5921000000,6938000000,5.02,2010-12-31,15.17,,25198000000.0,12833000000,5317000000,690000000,,,None,604000000,None,,None,,,,,4627000000,4627000000,None,None,0.342,,7288000000,5545000000,,,,,376000000,,,,,1.05,18.7,4.984,,,,,,,,0.195,,,2025-10-29,annual,5.64,USD,post-market,2894000000,,0.0771,0.817,0.124,66.89,3983000000,,,,297.4,320.66,12.3506,,,,,,,15053000000,,25.77,,346.38,248.95
2025-12-28,AMGN,12.92,35970998000.0,25.77,,0.447,17.86,,,,,,,,,,,,,,,None,2091000000,2091000000,,,,,,None,1049000000,,9.39,0.0281,,,,0.136,0.62,5782000000,6831000000,5.02,2009-12-31,15.17,,25198000000.0,12551000000,5204000000,599000000,,,None,578000000,None,,None,,,,,4605000000,4605000000,None,None,0.342,,7045000000,5506000000,,,,,276000000,,,,,1.05,18.7,4.984,,,,,,,,0.195,,,2025-10-29,annual,5.64,USD,post-market,2864000000,,0.0771,0.817,0.124,66.89,3820000000,,,,297.4,320.66,12.3506,,,,,,,14642000000,,25.77,,346.38,248.95
2025-12-28,AMGN,12.92,35970998000.0,25.77,,0.447,17.86,,,,,,,,,,,,,,,None,2296000000,2296000000,,,,,,None,1073000000,,9.39,0.0281,,,,0.136,0.62,5566000000,6639000000,5.02,2008-12-31,15.17,,25198000000.0,12707000000,5250000000,1054000000,,,None,551000000,None,,None,,,,,4196000000,None,None,None,0.342,,7493000000,5214000000,,,,,None,,,,,1.05,18.7,4.984,,,,,,,,0.195,,,2025-10-29,annual,5.64,USD,post-market,3030000000,,0.0771,0.817,0.124,66.89,3789000000,,,,297.4,320.66,12.3506,,,,,,,15003000000,,25.77,,346.38,248.95
2025-12-28,AMGN,12.92,35970998000.0,25.77,,0.447,17.86,,,,,,,,,,,,,,,None,2548000000,2548000000,,,,,,None,1202000000,,9.39,0.0281,,,,0.136,0.62,4779000000,5981000000,5.02,2007-12-31,15.17,,25198000000.0,12223000000,3961000000,795000000,,,None,2136000000,None,,None,,,,,3166000000,None,None,None,0.342,,8243000000,3980000000,,,,,None,,,,,1.05,18.7,4.984,,,,,,,,0.195,,,2025-10-29,annual,5.64,USD,post-market,3266000000,,0.0771,0.817,0.124,66.89,3361000000,,,,297.4,320.66,12.3506,,,,,,,14771000000,,25.77,,346.38,248.95
2025-12-28,AMGN,12.92,35970998000.0,25.77,,0.447,17.86,,,,,,,,,,,,,,,None,2095000000,2095000000,,,,,,None,963000000,,9.39,0.0281,,,,0.136,0.62,5071000000,6034000000,5.02,2006-12-31,15.17,,25198000000.0,12173000000,4020000000,1070000000,,,None,2282000000,None,,None,,,,,2950000000,None,None,None,0.342,,8333000000,3840000000,,,,,None,,,,,1.05,18.7,4.984,,,,,,,,0.195,,,2025-10-29,annual,5.64,USD,post-market,3366000000,,0.0771,0.817,0.124,66.89,3366000000,,,,297.4,320.66,12.3506,,,,,,,14268000000,,25.77,,346.38,248.95
2025-12-28,AMGN,12.92,35970998000.0,25.77,,0.447,17.86,,,,,,,,,,,,,,,None,2082000000,2082000000,,,,,,None,841000000,,9.39,0.0281,,,,0.136,0.62,4848000000,5689000000,5.02,2005-12-31,15.17,,25198000000.0,10348000000,4868000000,1194000000,,,None,29000000,None,,None,,,,,3674000000,None,None,None,0.342,,5500000000,4848000000,,,,,None,,,,,1.05,18.7,4.984,,,,,,,,0.195,,,2025-10-29,annual,5.64,USD,post-market,2314000000,,0.0771,0.817,0.124,66.89,2790000000,,,,297.4,320.66,12.3506,,,,,,,12430000000,,25.77,,346.38,248.95
2025-12-28,AMGN,12.92,35970998000.0,25.77,None,0.447,17.86,,None,9445000000,9445000000,,,,,,,,,33841000000,542000000,None,2082000000,2082000000,2838000000,None,2153000000,8490000000,None,None,841000000,,9.39,0.0281,,,,0.136,0.62,4848000000,5689000000,5.02,2025-09-30,15.17,18676000000,25198000000.0,10348000000,4868000000,1194000000,23139000000,23139000000,None,29000000,None,6346000000,None,None,52434000000,None,None,3674000000,None,None,None,0.342,,5500000000,4848000000,3604000000,16800000000,None,2223000000,None,,,,,1.05,18.7,4.984,,,,,,,,0.195,,None,2025-10-29,quarterly,5.64,USD,post-market,2314000000,-23800000000,0.0771,0.817,0.124,66.89,2790000000,54587000000,2153000000,None,297.4,320.66,12.3506,90141000000,27885000000,21791000000,80522000000,62256000000,58731000000,12430000000,9619000000,25.77,None,346.38,248.95
2025-12-28,AMGN,12.92,35970998000.0,25.77,None,0.447,17.86,,None,8028000000,8028000000,,,,,,,,,33680000000,541000000,None,2082000000,2082000000,3010000000,None,2444000000,8701000000,None,None,841000000,,9.39,0.0281,,,,0.136,0.62,4848000000,5689000000,5.02,2025-06-30,15.17,18674000000,25198000000.0,10348000000,4868000000,1194000000,24614000000,24614000000,None,29000000,None,6583000000,None,None,53760000000,None,None,3674000000,None,None,None,0.342,,5500000000,4848000000,3422000000,15022000000,None,2336000000,None,,,,,1.05,18.7,4.984,,,,,,,,0.195,,None,2025-10-29,quarterly,5.64,USD,post-market,2314000000,-25708000000,0.0771,0.817,0.124,66.89,2790000000,56204000000,2444000000,None,297.4,320.66,12.3506,87897000000,26734000000,20476000000,80469000000,61163000000,59993000000,12430000000,7428000000,25.77,None,346.38,248.95
2025-12-28,AMGN,12.92,35970998000.0,25.77,None,0.447,17.86,,None,8810000000,8810000000,,,,,,,,,33578000000,541000000,None,2082000000,2082000000,2406000000,None,3368000000,8132000000,None,None,841000000,,9.39,0.0281,,,,0.136,0.62,4848000000,5689000000,5.02,2025-03-31,15.17,18645000000,25198000000.0,10348000000,4868000000,1194000000,25724000000,25724000000,None,29000000,None,6729000000,None,None,54013000000,None,None,3674000000,None,None,None,0.342,,5500000000,4848000000,3258000000,17234000000,None,2210000000,None,,,,,1.05,18.7,4.984,,,,,,,,0.195,,None,2025-10-29,quarterly,5.64,USD,post-market,2314000000,-27140000000,0.0771,0.817,0.124,66.89,2790000000,57381000000,3368000000,None,297.4,320.66,12.3506,89367000000,26929000000,23008000000,83160000000,62438000000,60152000000,12430000000,6207000000,25.77,None,346.38,248.95
2025-12-28,AMGN,12.92,35970998000.0,25.77,None,0.447,17.86,,None,11973000000,11973000000,,,,,,,,,33533000000,542000000,None,2082000000,2082000000,1908000000,None,3550000000,7501000000,None,None,841000000,,9.39,0.0281,,,,0.136,0.62,4848000000,5689000000,5.02,2024-12-31,15.17,18637000000,25198000000.0,10348000000,4868000000,1194000000,27699000000,27699000000,None,29000000,None,6998000000,None,None,56549000000,None,None,3674000000,None,None,None,0.342,,5500000000,4848000000,2558000000,17641000000,None,2349000000,None,,,,,1.05,18.7,4.984,,,,,,,,0.195,,None,2025-10-29,quarterly,5.64,USD,post-market,2314000000,-27590000000,0.0771,0.817,0.124,66.89,2790000000,60099000000,3550000000,None,297.4,320.66,12.3506,91839000000,29030000000,23099000000,85962000000,62809000000,62863000000,12430000000,5877000000,25.77,None,346.38,248.95
2025-12-28,AMGN,12.92,35970998000.0,25.77,None,0.447,17.86,,None,9011000000,9011000000,,,,,,,,,33393000000,542000000,None,2082000000,2082000000,2147000000,None,3544000000,7317000000,None,None,841000000,,9.39,0.0281,,,,0.136,0.62,4848000000,5689000000,5.02,2024-09-30,15.17,18658000000,25198000000.0,10348000000,4868000000,1194000000,28920000000,28920000000,None,29000000,None,7362000000,None,None,56854000000,None,None,3674000000,None,None,None,0.342,,5500000000,4848000000,3076000000,14621000000,None,2199000000,None,,,,,1.05,18.7,4.984,,,,,,,,0.195,,None,2025-10-29,quarterly,5.64,USD,post-market,2314000000,-25530000000,0.0771,0.817,0.124,66.89,2790000000,60398000000,3544000000,None,297.4,320.66,12.3506,90883000000,26766000000,20312000000,83356000000,64117000000,63044000000,12430000000,7527000000,25.77,None,346.38,248.95
2025-12-28,AMGN,12.92,35970998000.0,25.77,None,0.447,17.86,,None,9301000000,9301000000,,,,,,,,,33204000000,541000000,None,2082000000,2082000000,2267000000,None,5528000000,6934000000,None,None,841000000,,9.39,0.0281,,,,0.136,0.62,4848000000,5689000000,5.02,2024-06-30,15.17,18616000000,25198000000.0,10348000000,4868000000,1194000000,30172000000,30172000000,None,29000000,None,7995000000,None,None,57117000000,None,None,3674000000,None,None,None,0.342,,5500000000,4848000000,2976000000,13722000000,None,2363000000,None,,,,,1.05,18.7,4.984,,,,,,,,0.195,,None,2025-10-29,quarterly,5.64,USD,post-market,2314000000,-27124000000,0.0771,0.817,0.124,66.89,2790000000,62645000000,5528000000,None,297.4,320.66,12.3506,90907000000,27206000000,21517000000,84982000000,63701000000,63465000000,12430000000,5925000000,25.77,None,346.38,248.95
2025-12-28,AMGN,12.92,35970998000.0,25.77,None,0.447,17.86,,None,9708000000,9708000000,,,,,,,,,33082000000,536000000,None,2082000000,2082000000,1628000000,None,3959000000,6776000000,None,None,841000000,,9.39,0.0281,,,,0.136,0.62,4848000000,5689000000,5.02,2024-03-31,15.17,18570000000,25198000000.0,10348000000,4868000000,1194000000,31372000000,31372000000,None,29000000,None,8724000000,None,None,60061000000,None,None,3674000000,None,None,None,0.342,,5500000000,4848000000,2821000000,14127000000,None,2357000000,None,,,,,1.05,18.7,4.984,,,,,,,,0.195,,None,2025-10-29,quarterly,5.64,USD,post-market,2314000000,-27870000000,0.0771,0.817,0.124,66.89,2790000000,64020000000,3959000000,None,297.4,320.66,12.3506,92980000000,28029000000,19714000000,87958000000,64951000000,68244000000,12430000000,5022000000,25.77,None,346.38,248.95
2025-12-28,AMGN,12.92,35970998000.0,25.77,None,0.447,17.86,,None,10944000000,10944000000,,,,,,,,,33070000000,540000000,None,2082000000,2082000000,1590000000,None,1443000000,7942000000,None,None,841000000,,9.39,0.0281,,,,0.136,0.62,4848000000,5689000000,5.02,2023-12-31,15.17,18629000000,25198000000.0,10348000000,4868000000,1194000000,32641000000,32641000000,None,29000000,None,9518000000,None,None,63170000000,None,None,3674000000,None,None,None,0.342,,5500000000,4848000000,1928000000,13695000000,None,2326000000,None,,,,,1.05,18.7,4.984,,,,,,,,0.195,,None,2025-10-29,quarterly,5.64,USD,post-market,2314000000,-26549000000,0.0771,0.817,0.124,66.89,2790000000,64613000000,1443000000,10944000000,297.4,320.66,12.3506,97154000000,30332000000,18392000000,90922000000,66822000000,72530000000,12430000000,6232000000,25.77,0,346.38,248.95
2025-12-28,AMGN,12.92,35970998000.0,25.77,None,0.447,17.86,,None,34741000000,34741000000,,,,,,,,,32753000000,538000000,None,2082000000,2082000000,1358000000,None,1428000000,6145000000,None,None,841000000,,9.39,0.0281,,,,0.136,0.62,4848000000,5689000000,5.02,2023-09-30,15.17,15509000000,25198000000.0,10348000000,4868000000,1194000000,13150000000,13150000000,None,29000000,None,5026000000,None,None,59040000000,None,None,3674000000,None,None,None,0.342,,5500000000,4848000000,2565000000,14168000000,None,2305000000,None,,,,,1.05,18.7,4.984,,,,,,,,0.195,,None,2025-10-29,quarterly,5.64,USD,post-market,2314000000,-24971000000,0.0771,0.817,0.124,66.89,2790000000,60468000000,1428000000,0,297.4,320.66,12.3506,90534000000,48477000000,16954000000,82878000000,42057000000,65924000000,12430000000,7656000000,25.77,0,346.38,248.95
2025-12-28,AMGN,12.92,35970998000.0,25.77,None,0.447,17.86,,None,34248000000,34248000000,,,,,,,,,32601000000,537000000,None,2082000000,2082000000,1212000000,None,2167000000,5830000000,None,None,841000000,,9.39,0.0281,,,,0.136,0.62,4848000000,5689000000,5.02,2023-06-30,15.17,15531000000,25198000000.0,10348000000,4868000000,1194000000,14633000000,14633000000,None,29000000,None,4978000000,None,None,59377000000,None,None,3674000000,None,None,None,0.342,,5500000000,4848000000,2324000000,13718000000,None,7014000000,None,,,,,1.05,18.7,4.984,,,,,,,,0.195,,5532000000,2025-10-29,quarterly,5.64,USD,post-market,2314000000,-25540000000,0.0771,0.817,0.124,66.89,2790000000,61544000000,2167000000,0,297.4,320.66,12.3506,90269000000,47380000000,17097000000,83488000000,42889000000,66391000000,12430000000,6781000000,25.77,0,346.38,248.95
2025-12-28,AMGN,12.92,35970998000.0,25.77,None,0.447,17.86,,None,31560000000,31560000000,,,,,,,,,32535000000,538000000,None,2082000000,2082000000,1320000000,None,834000000,5736000000,None,None,841000000,,9.39,0.0281,,,,0.136,0.62,4848000000,5689000000,5.02,2023-03-31,15.17,15531000000,25198000000.0,10348000000,4868000000,1194000000,15393000000,15393000000,None,29000000,None,5011000000,None,None,60761000000,None,None,3674000000,None,None,None,0.342,,5500000000,4848000000,2395000000,12061000000,None,8396000000,None,,,,,1.05,18.7,4.984,,,,,,,,0.195,,5460000000,2025-10-29,quarterly,5.64,USD,post-market,2314000000,-26919000000,0.0771,0.817,0.124,66.89,2790000000,61595000000,834000000,1000000,297.4,320.66,12.3506,88720000000,44703000000,14215000000,83372000000,44017000000,69157000000,12430000000,5348000000,25.77,0,346.38,248.95
2025-12-28,AMGN,12.92,35970998000.0,25.77,None,0.447,17.86,,None,7629000000,7629000000,,,,,,,,,32514000000,539000000,None,2082000000,2082000000,1572000000,None,1591000000,6392000000,None,None,841000000,,9.39,0.0281,,,,0.136,0.62,4848000000,5689000000,5.02,2022-12-31,15.17,15529000000,25198000000.0,10348000000,4868000000,1194000000,16080000000,16080000000,None,29000000,None,4930000000,None,None,37354000000,None,None,3674000000,None,None,None,0.342,,5500000000,4848000000,1559000000,11329000000,None,2662000000,None,,,,,1.05,18.7,4.984,,,,,,,,0.195,,5427000000,2025-10-29,quarterly,5.64,USD,post-market,2314000000,-28622000000,0.0771,0.817,0.124,66.89,2790000000,38945000000,1591000000,1676000000,297.4,320.66,12.3506,65121000000,22186000000,15687000000,61460000000,42935000000,45773000000,12430000000,3661000000,25.77,0,346.38,248.95
2025-12-28,AMGN,12.92,35970998000.0,25.77,None,0.447,17.86,,None,9502000000,9502000000,,,,,,,,,32371000000,538000000,None,2082000000,2082000000,1204000000,None,1543000000,5326000000,None,None,841000000,,9.39,0.0281,,,,0.136,0.62,4848000000,5689000000,5.02,2022-09-30,15.17,14845000000,25198000000.0,10348000000,4868000000,1194000000,13266000000,13266000000,None,29000000,None,4757000000,None,None,37161000000,None,None,3674000000,None,None,None,0.342,,5500000000,4848000000,2501000000,11584000000,None,8555000000,None,,,,,1.05,18.7,4.984,,,,,,,,0.195,,5188000000,2025-10-29,quarterly,5.64,USD,post-market,2314000000,-28066000000,0.0771,0.817,0.124,66.89,2790000000,38704000000,1543000000,1976000000,297.4,320.66,12.3506,63700000000,24062000000,14331000000,60047000000,39638000000,45716000000,12430000000,3653000000,25.77,0,346.38,248.95
2025-12-28,AMGN,12.92,35970998000.0,25.77,None,0.447,17.86,,None,5203000000,5203000000,,,,,,,,,31343000000,537000000,None,2082000000,2082000000,1256000000,None,817000000,5327000000,None,None,841000000,,9.39,0.0281,,,,0.136,0.62,4848000000,5689000000,5.02,2022-06-30,15.17,14865000000,25198000000.0,10348000000,4868000000,1194000000,13927000000,13927000000,None,29000000,None,4554000000,None,None,35705000000,None,None,3674000000,None,None,None,0.342,,5500000000,4848000000,2258000000,10545000000,None,8552000000,None,,,,,1.05,18.7,4.984,,,,,,,,0.195,,5158000000,2025-10-29,quarterly,5.64,USD,post-market,2314000000,-28252000000,0.0771,0.817,0.124,66.89,2790000000,36522000000,817000000,1980000000,297.4,320.66,12.3506,59294000000,19322000000,12618000000,56875000000,39972000000,44257000000,12430000000,2419000000,25.77,0,346.38,248.95
2025-12-28,AMGN,12.92,35970998000.0,25.77,None,0.447,17.86,,None,6528000000,6528000000,,,,,,,,,31247000000,551000000,None,2082000000,2082000000,1403000000,None,844000000,5077000000,None,None,841000000,,9.39,0.0281,,,,0.136,0.62,4848000000,5689000000,5.02,2022-03-31,15.17,14897000000,25198000000.0,10348000000,4868000000,1194000000,14567000000,14567000000,None,29000000,None,4411000000,None,None,36010000000,None,None,3674000000,None,None,None,0.342,,5500000000,4848000000,2488000000,10639000000,None,9384000000,None,,,,,1.05,18.7,4.984,,,,,,,,0.195,,5142000000,2025-10-29,quarterly,5.64,USD,post-market,2314000000,-29568000000,0.0771,0.817,0.124,66.89,2790000000,36854000000,844000000,16000000,297.4,320.66,12.3506,59196000000,18520000000,12886000000,58280000000,40676000000,45394000000,12430000000,916000000,25.77,0,346.38,248.95
2025-12-28,AMGN,12.92,35970998000.0,25.77,None,0.447,17.86,,None,7989000000,7989000000,,,,,,,,,32096000000,565000000,None,2082000000,2082000000,1366000000,None,87000000,5839000000,None,None,841000000,,9.39,0.0281,,,,0.136,0.62,4848000000,5689000000,5.02,2021-12-31,15.17,14890000000,25198000000.0,10348000000,4868000000,1194000000,15182000000,15182000000,None,29000000,None,4086000000,None,None,33222000000,None,None,3674000000,None,None,None,0.342,,5500000000,4848000000,1423000000,10030000000,None,2465000000,None,,,,,1.05,18.7,4.984,,,,,,,,0.195,,5184000000,2025-10-29,quarterly,5.64,USD,post-market,2314000000,-24600000000,0.0771,0.817,0.124,66.89,2790000000,33309000000,87000000,48000000,297.4,320.66,12.3506,61165000000,19385000000,12184000000,54465000000,41780000000,42281000000,12430000000,6700000000,25.77,0,346.38,248.95
2025-12-28,AMGN,12.92,35970998000.0,25.77,None,0.447,17.86,,None,11969000000,11969000000,,,,,,,,,31989000000,570000000,None,2082000000,2082000000,1171000000,None,4288000000,4765000000,None,None,841000000,,9.39,0.0281,,,,0.136,0.62,4848000000,5689000000,5.02,2021-09-30,15.17,14665000000,25198000000.0,10348000000,4868000000,1194000000,14659000000,14659000000,None,29000000,None,4152000000,None,None,33291000000,None,None,3674000000,None,None,None,0.342,,5500000000,4848000000,2542000000,9383000000,None,2160000000,None,,,,,1.05,18.7,4.984,,,,,,,,0.195,,4982000000,2025-10-29,quarterly,5.64,USD,post-market,2314000000,-22964000000,0.0771,0.817,0.124,66.89,2790000000,37579000000,4288000000,952000000,297.4,320.66,12.3506,64993000000,24380000000,14842000000,56776000000,40613000000,41934000000,12430000000,8217000000,25.77,None,346.38,248.95
2025-12-28,AMGN,12.92,35970998000.0,25.77,None,0.447,17.86,,None,6630000000,6630000000,,,,,,,,,31877000000,576000000,None,2082000000,2082000000,1277000000,None,4324000000,4479000000,None,None,841000000,,9.39,0.0281,,,,0.136,0.62,4848000000,5689000000,5.02,2021-06-30,15.17,14676000000,25198000000.0,10348000000,4868000000,1194000000,15308000000,15308000000,None,29000000,None,4115000000,None,None,28458000000,None,None,3674000000,None,None,None,0.342,,5500000000,4848000000,2423000000,8984000000,None,2055000000,None,,,,,1.05,18.7,4.984,,,,,,,,0.195,,4906000000,2025-10-29,quarterly,5.64,USD,post-market,2314000000,-22762000000,0.0771,0.817,0.124,66.89,2790000000,32782000000,4324000000,1452000000,297.4,320.66,12.3506,59773000000,19099000000,14585000000,51526000000,40674000000,36941000000,12430000000,8247000000,25.77,None,346.38,248.95
2025-12-28,AMGN,12.92,35970998000.0,25.77,None,0.447,17.86,,None,6112000000,6112000000,,,,,,,,,31806000000,581000000,None,2082000000,2082000000,1396000000,None,1556000000,4423000000,None,None,841000000,,9.39,0.0281,,,,0.136,0.62,4848000000,5689000000,5.02,2021-03-31,15.17,14673000000,25198000000.0,10348000000,4868000000,1194000000,15947000000,15947000000,None,29000000,None,4017000000,None,None,31129000000,None,None,3674000000,None,None,None,0.342,,5500000000,4848000000,2293000000,9917000000,None,9207000000,None,,,,,1.05,18.7,4.984,,,,,,,,0.195,,4855000000,2025-10-29,quarterly,5.64,USD,post-market,2314000000,-21639000000,0.0771,0.817,0.124,66.89,2790000000,32685000000,1556000000,4454000000,297.4,320.66,12.3506,62539000000,21299000000,12869000000,53205000000,41240000000,40336000000,12430000000,9334000000,25.77,None,346.38,248.95
2025-12-28,AMGN,12.92,35970998000.0,25.77,None,0.447,17.86,,None,6266000000,6266000000,,,,,,,,,31802000000,585000000,None,2082000000,2082000000,1421000000,None,91000000,4525000000,None,None,841000000,,9.39,0.0281,,,,0.136,0.62,4848000000,5689000000,5.02,2020-12-31,15.17,14689000000,25198000000.0,10348000000,4868000000,1194000000,16587000000,16587000000,None,29000000,None,3893000000,None,None,32895000000,None,None,3674000000,None,None,None,0.342,,5500000000,4848000000,2079000000,9313000000,None,8991000000,None,,,,,1.05,18.7,4.984,,,,,,,,0.195,,4889000000,2025-10-29,quarterly,5.64,USD,post-market,2314000000,-21408000000,0.0771,0.817,0.124,66.89,2790000000,32986000000,91000000,4381000000,297.4,320.66,12.3506,62948000000,21144000000,11653000000,53539000000,41804000000,41886000000,12430000000,9409000000,25.77,None,346.38,248.95
2025-12-28,AMGN,12.92,35970998000.0,25.77,None,0.447,17.86,,None,9087000000,9087000000,,,,,,,,,31713000000,589000000,None,2082000000,2082000000,1161000000,None,91000000,4094000000,None,None,841000000,,9.39,0.0281,,,,0.136,0.62,4848000000,5689000000,5.02,2020-09-30,15.17,14674000000,25198000000.0,10348000000,4868000000,1194000000,17254000000,17254000000,None,29000000,None,3942000000,None,None,34196000000,None,None,3674000000,None,None,None,0.342,,5500000000,4848000000,2265000000,8701000000,None,9319000000,None,,,,,1.05,18.7,4.984,,,,,,,,0.195,,4816000000,2025-10-29,quarterly,5.64,USD,post-market,2314000000,-19851000000,0.0771,0.817,0.124,66.89,2790000000,34287000000,91000000,3273000000,297.4,320.66,12.3506,64637000000,22661000000,9953000000,53678000000,41976000000,43725000000,12430000000,10959000000,25.77,None,346.38,248.95
2025-12-28,AMGN,12.92,35970998000.0,25.77,None,0.447,17.86,,None,9145000000,9145000000,,,,,,,,,31610000000,592000000,None,2082000000,2082000000,1150000000,None,91000000,5366000000,None,None,841000000,,9.39,0.0281,,,,0.136,0.62,4848000000,5689000000,5.02,2020-06-30,15.17,14678000000,25198000000.0,10348000000,4868000000,1194000000,17948000000,17948000000,None,29000000,None,3840000000,None,None,34133000000,None,None,3674000000,None,None,None,0.342,,5500000000,4848000000,2268000000,9282000000,None,9437000000,None,,,,,1.05,18.7,4.984,,,,,,,,0.195,,4843000000,2025-10-29,quarterly,5.64,USD,post-market,2314000000,-20168000000,0.0771,0.817,0.124,66.89,2790000000,34224000000,91000000,2276000000,297.4,320.66,12.3506,65011000000,22895000000,10523000000,54352000000,42116000000,43829000000,12430000000,10659000000,25.77,None,346.38,248.95
2025-12-28,AMGN,12.92,35970998000.0,25.77,None,0.447,17.86,,None,7687000000,7687000000,,,,,,,,,31525000000,594000000,None,2082000000,2082000000,1338000000,None,1840000000,5009000000,None,None,841000000,,9.39,0.0281,,,,0.136,0.62,4848000000,5689000000,5.02,2020-03-31,15.17,14683000000,25198000000.0,10348000000,4868000000,1194000000,18653000000,18653000000,None,29000000,None,3682000000,None,None,30008000000,None,None,3674000000,None,None,None,0.342,,5500000000,4848000000,2110000000,8649000000,None,9922000000,None,,,,,1.05,18.7,4.984,,,,,,,,0.195,,4879000000,2025-10-29,quarterly,5.64,USD,post-market,2314000000,-21378000000,0.0771,0.817,0.124,66.89,2790000000,31848000000,1840000000,325000000,297.4,320.66,12.3506,61669000000,18813000000,11827000000,52184000000,42856000000,40357000000,12430000000,9485000000,25.77,None,346.38,248.95
2025-12-28,AMGN,12.92,35970998000.0,25.77,None,0.447,17.86,,None,6037000000,6037000000,,,,,,,,,31531000000,598000000,None,2082000000,2082000000,1371000000,None,2953000000,4057000000,None,None,841000000,,9.39,0.0281,,,,0.136,0.62,4848000000,5689000000,5.02,2019-12-31,15.17,14703000000,25198000000.0,10348000000,4868000000,1194000000,19413000000,19413000000,None,29000000,None,3584000000,None,None,26950000000,None,799000000,3674000000,None,None,None,0.342,,5500000000,4848000000,1888000000,8511000000,None,9643000000,None,,,,,1.05,18.7,4.984,,,,,,,,0.195,,4928000000,2025-10-29,quarterly,5.64,USD,post-market,2314000000,-21330000000,0.0771,0.817,0.124,66.89,2790000000,29903000000,2953000000,2874000000,297.4,320.66,12.3506,59707000000,18440000000,12835000000,50034000000,41267000000,37199000000,12430000000,9673000000,25.77,None,346.38,248.95
2025-12-28,AMGN,12.92,35970998000.0,25.77,None,0.447,17.86,,None,11415000000,11415000000,,,,,,,,,31451000000,602000000,None,2082000000,2082000000,1005000000,None,2049000000,3606000000,None,None,841000000,,9.39,0.0281,,,,0.136,0.62,4848000000,5689000000,5.02,2019-09-30,15.17,14705000000,25198000000.0,10348000000,4868000000,1194000000,6702000000,6702000000,None,29000000,None,3243000000,None,None,27742000000,None,766000000,3674000000,None,None,None,0.342,,5500000000,4848000000,3349000000,7683000000,None,9464000000,None,,,,,1.05,18.7,4.984,,,,,,,,0.195,,4901000000,2025-10-29,quarterly,5.64,USD,post-market,2314000000,-20136000000,0.0771,0.817,0.124,66.89,2790000000,29791000000,2049000000,9438000000,297.4,320.66,12.3506,59535000000,31051000000,10737000000,48608000000,28484000000,37871000000,12430000000,10927000000,25.77,None,346.38,248.95
2025-12-28,AMGN,12.92,35970998000.0,25.77,None,0.447,17.86,,None,5525000000,5525000000,,,,,,,,,31313000000,610000000,None,2082000000,2082000000,1001000000,None,2816000000,3801000000,None,None,841000000,,9.39,0.0281,,,,0.136,0.62,4848000000,5689000000,5.02,2019-06-30,15.17,14689000000,25198000000.0,10348000000,4868000000,1194000000,6813000000,6813000000,None,29000000,None,3176000000,None,None,27798000000,None,768000000,3674000000,None,None,None,0.342,,5500000000,4848000000,2011000000,6805000000,None,9396000000,None,,,,,1.05,18.7,4.984,,,,,,,,0.195,,4882000000,2025-10-29,quarterly,5.64,USD,post-market,2314000000,-20054000000,0.0771,0.817,0.124,66.89,2790000000,30614000000,2816000000,16233000000,297.4,320.66,12.3506,59373000000,30746000000,10622000000,48579000000,28627000000,37957000000,12430000000,10794000000,25.77,None,346.38,248.95
2025-12-28,AMGN,12.92,35970998000.0,25.77,None,0.447,17.86,,None,7358000000,7358000000,,,,,,,,,31243000000,626000000,None,2082000000,2082000000,1091000000,None,3705000000,3771000000,None,None,841000000,,9.39,0.0281,,,,0.136,0.62,4848000000,5689000000,5.02,2019-03-31,15.17,14692000000,25198000000.0,10348000000,4868000000,1194000000,7124000000,7124000000,None,29000000,None,3016000000,None,None,29319000000,None,706000000,3674000000,None,None,None,0.342,,5500000000,4848000000,2063000000,7910000000,None,10329000000,None,,,,,1.05,18.7,4.984,,,,,,,,0.195,,4892000000,2025-10-29,quarterly,5.64,USD,post-market,2314000000,-19895000000,0.0771,0.817,0.124,66.89,2790000000,33024000000,3705000000,18943000000,297.4,320.66,12.3506,63997000000,35151000000,12706000000,53165000000,28846000000,40459000000,12430000000,10832000000,25.77,None,346.38,248.95
2025-12-28,AMGN,12.92,35970998000.0,25.77,None,0.447,17.86,,None,6945000000,6945000000,,,,,,,,,31246000000,640000000,None,2082000000,2082000000,1207000000,None,4419000000,3580000000,None,None,841000000,,9.39,0.0281,,,,0.136,0.62,4848000000,5689000000,5.02,2018-12-31,15.17,14699000000,25198000000.0,10348000000,4868000000,1194000000,7443000000,7443000000,None,29000000,None,2940000000,None,None,29510000000,None,683000000,3674000000,None,None,None,0.342,,5500000000,4848000000,1794000000,7862000000,None,10054000000,None,,,,,1.05,18.7,4.984,,,,,,,,0.195,,4958000000,2025-10-29,quarterly,5.64,USD,post-market,2314000000,-17977000000,0.0771,0.817,0.124,66.89,2790000000,33929000000,4419000000,22359000000,297.4,320.66,12.3506,66416000000,37618000000,13488000000,53916000000,28798000000,40428000000,12430000000,12500000000,25.77,None,346.38,248.95
2025-12-28,AMGN,12.92,35970998000.0,25.77,None,0.447,17.86,,None,11956000000,11956000000,,,,,,,,,31145000000,649000000,None,2082000000,2082000000,1042000000,None,5077000000,3441000000,None,None,841000000,,9.39,0.0281,,,,0.136,0.62,4848000000,5689000000,5.02,2018-09-30,15.17,14684000000,25198000000.0,10348000000,4868000000,1194000000,7782000000,7782000000,None,29000000,None,3017000000,None,None,29350000000,None,509000000,3674000000,None,None,None,0.342,,5500000000,4848000000,1941000000,6313000000,None,10224000000,None,,,,,1.05,18.7,4.984,,,,,,,,0.195,,4899000000,2025-10-29,quarterly,5.64,USD,post-market,2314000000,-15987000000,0.0771,0.817,0.124,66.89,2790000000,34427000000,5077000000,17965000000,297.4,320.66,12.3506,67333000000,38320000000,12432000000,52984000000,29013000000,40552000000,12430000000,14349000000,25.77,0,346.38,248.95
2025-12-28,AMGN,12.92,35970998000.0,25.77,None,0.447,17.86,,None,10131000000,10131000000,,,,,,,,,31048000000,660000000,None,2082000000,2082000000,1026000000,None,4288000000,3504000000,None,None,841000000,,9.39,0.0281,,,,0.136,0.62,4848000000,5689000000,5.02,2018-06-30,15.17,14724000000,25198000000.0,10348000000,4868000000,1194000000,8443000000,8443000000,None,29000000,None,3063000000,None,None,30209000000,None,466000000,3674000000,None,None,None,0.342,,5500000000,4848000000,2008000000,5891000000,None,10206000000,None,,,,,1.05,18.7,4.984,,,,,,,,0.195,,4922000000,2025-10-29,quarterly,5.64,USD,post-market,2314000000,-15266000000,0.0771,0.817,0.124,66.89,2790000000,34497000000,4288000000,19264000000,297.4,320.66,12.3506,67684000000,37970000000,11205000000,52775000000,29714000000,41570000000,12430000000,14909000000,25.77,0,346.38,248.95
2025-12-28,AMGN,12.92,35970998000.0,25.77,None,0.447,17.86,,None,9741000000,9741000000,,,,,,,,,31001000000,711000000,None,2082000000,2082000000,1089000000,None,2183000000,3633000000,None,None,841000000,,9.39,0.0281,,,,0.136,0.62,4848000000,5689000000,5.02,2018-03-31,15.17,14771000000,25198000000.0,10348000000,4868000000,1194000000,8779000000,8779000000,None,29000000,None,2952000000,None,None,33358000000,None,409000000,3674000000,None,None,None,0.342,,5500000000,4848000000,1932000000,7207000000,None,10492000000,None,,,,,1.05,18.7,4.984,,,,,,,,0.195,,4943000000,2025-10-29,quarterly,5.64,USD,post-market,2314000000,-14387000000,0.0771,0.817,0.124,66.89,2790000000,35541000000,2183000000,22431000000,297.4,320.66,12.3506,71164000000,40689000000,10479000000,55544000000,30475000000,45065000000,12430000000,15620000000,25.77,0,346.38,248.95
2025-12-28,AMGN,12.92,35970998000.0,25.77,None,0.447,17.86,,None,3800000000,3800000000,,,,,,,,,30992000000,724000000,None,2082000000,2082000000,1352000000,None,1152000000,3237000000,None,None,841000000,,9.39,0.0281,,,,0.136,0.62,4848000000,5689000000,5.02,2017-12-31,15.17,14761000000,25198000000.0,10348000000,4868000000,1194000000,8609000000,8609000000,None,29000000,None,2834000000,None,None,34190000000,None,1027000000,3674000000,None,None,None,0.342,,5500000000,4848000000,1727000000,6516000000,None,10337000000,None,,,,,1.05,18.7,4.984,,,,,,,,0.195,,4989000000,2025-10-29,quarterly,5.64,USD,post-market,2314000000,-5072000000,0.0771,0.817,0.124,66.89,2790000000,35342000000,1152000000,37878000000,297.4,320.66,12.3506,79954000000,49476000000,9020000000,54713000000,30478000000,45693000000,12430000000,25241000000,25.77,0,346.38,248.95
2025-12-28,AMGN,12.92,35970998000.0,25.77,None,0.447,17.86,,None,3000000000,3000000000,,,,,,,,,30898000000,733000000,None,2082000000,2082000000,879000000,None,35776000000,3404000000,None,None,841000000,,9.39,0.0281,,,,0.136,0.62,4848000000,5689000000,5.02,2017-09-30,15.17,14776000000,25198000000.0,10348000000,4868000000,1194000000,8873000000,8873000000,None,29000000,None,2927000000,None,None,33777000000,None,None,3674000000,None,None,None,0.342,,5500000000,4848000000,2070000000,5315000000,None,4001000000,None,,,,,1.05,18.7,4.984,,,,,,,,0.195,,4914000000,2025-10-29,quarterly,5.64,USD,post-market,2314000000,1774000000,0.0771,0.817,0.124,66.89,2790000000,35776000000,1999000000,38351000000,297.4,320.66,12.3506,80331000000,49752000000,8193000000,48102000000,30579000000,39909000000,12430000000,32229000000,25.77,0,346.38,248.95
2025-12-28,AMGN,12.92,35970998000.0,25.77,None,0.447,17.86,,None,2629000000,2629000000,,,,,,,,,30793000000,738000000,None,2082000000,2082000000,883000000,None,35062000000,3560000000,None,None,841000000,,9.39,0.0281,,,,0.136,0.62,4848000000,5689000000,5.02,2017-06-30,15.17,14766000000,25198000000.0,10348000000,4868000000,1194000000,9561000000,9561000000,None,29000000,None,2961000000,None,None,33603000000,None,None,3674000000,None,None,None,0.342,,5500000000,4848000000,2694000000,5473000000,None,4148000000,None,,,,,1.05,18.7,4.984,,,,,,,,0.195,,4980000000,2025-10-29,quarterly,5.64,USD,post-market,2314000000,1378000000,0.0771,0.817,0.124,66.89,2790000000,35062000000,1459000000,36598000000,297.4,320.66,12.3506,79587000000,48442000000,7815000000,47865000000,31145000000,40050000000,12430000000,31722000000,25.77,0,346.38,248.95
2025-12-28,AMGN,12.92,35970998000.0,25.77,None,0.447,17.86,,None,3358000000,3358000000,,,,,,,,,30766000000,741000000,None,2082000000,2082000000,902000000,None,3799000000,3248000000,None,None,841000000,,9.39,0.0281,,,,0.136,0.62,4848000000,5689000000,5.02,2017-03-31,15.17,14757000000,25198000000.0,10348000000,4868000000,1194000000,9922000000,9922000000,None,29000000,None,2871000000,None,None,30293000000,None,None,3674000000,None,None,None,0.342,,5500000000,4848000000,1939000000,5822000000,None,4039000000,None,,,,,1.05,18.7,4.984,,,,,,,,0.195,,4960000000,2025-10-29,quarterly,5.64,USD,post-market,2314000000,233000000,0.0771,0.817,0.124,66.89,2790000000,34092000000,3799000000,35040000000,297.4,320.66,12.3506,77862000000,46456000000,10523000000,47225000000,31406000000,36702000000,12430000000,30637000000,25.77,0,346.38,248.95
2025-12-28,AMGN,12.92,35970998000.0,25.77,None,0.447,17.86,,None,3241000000,3241000000,,,,,,,,,30784000000,748000000,None,2082000000,2082000000,917000000,None,34596000000,3165000000,None,None,841000000,,9.39,0.0281,,,,0.136,0.62,4848000000,5689000000,5.02,2016-12-31,15.17,14751000000,25198000000.0,10348000000,4868000000,1194000000,10279000000,10279000000,None,29000000,None,2745000000,None,None,30193000000,None,813000000,3674000000,None,None,None,0.342,,5500000000,4848000000,2015000000,5884000000,None,3918000000,None,,,,,1.05,18.7,4.984,,,,,,,,0.195,,4961000000,2025-10-29,quarterly,5.64,USD,post-market,2314000000,-438000000,0.0771,0.817,0.124,66.89,2790000000,34596000000,4403000000,34844000000,297.4,320.66,12.3506,77626000000,46010000000,11204000000,47751000000,31616000000,36547000000,12430000000,29875000000,25.77,0,346.38,248.95
2025-12-28,AMGN,12.92,35970998000.0,25.77,None,0.447,17.86,,None,3485000000,3485000000,,,,,,,,,30691000000,753000000,None,2082000000,2082000000,825000000,None,4797000000,3186000000,None,None,841000000,,9.39,0.0281,,,,0.136,0.62,4848000000,5689000000,5.02,2016-09-30,15.17,14802000000,25198000000.0,10348000000,4868000000,1194000000,10690000000,10690000000,None,29000000,None,2681000000,None,None,30526000000,None,None,3674000000,None,None,None,0.342,,5500000000,4848000000,1997000000,4920000000,None,3897000000,None,,,,,1.05,18.7,4.984,,,,,,,,0.195,,4912000000,2025-10-29,quarterly,5.64,USD,post-market,2314000000,221000000,0.0771,0.817,0.124,66.89,2790000000,35323000000,4797000000,34495000000,297.4,320.66,12.3506,78150000000,45844000000,10542000000,47377000000,32306000000,36835000000,12430000000,30773000000,25.77,0,346.38,248.95
2025-12-28,AMGN,12.92,35970998000.0,25.77,None,0.447,17.86,,None,2630000000,2630000000,,,,,,,,,30595000000,756000000,None,2082000000,2082000000,870000000,None,5294000000,3078000000,None,None,841000000,,9.39,0.0281,,,,0.136,0.62,4848000000,5689000000,5.02,2016-06-30,15.17,14799000000,25198000000.0,10348000000,4868000000,1194000000,11068000000,11068000000,None,29000000,None,2671000000,None,None,27928000000,None,None,3674000000,None,None,None,0.342,,5500000000,4848000000,2164000000,4666000000,None,3982000000,None,,,,,1.05,18.7,4.984,,,,,,,,0.195,,4884000000,2025-10-29,quarterly,5.64,USD,post-market,2314000000,-356000000,0.0771,0.817,0.124,66.89,2790000000,33222000000,5294000000,32404000000,297.4,320.66,12.3506,75471000000,42947000000,10830000000,45338000000,32524000000,34508000000,12430000000,30133000000,25.77,0,346.38,248.95
2025-12-28,AMGN,12.92,35970998000.0,25.77,None,0.447,17.86,,None,2896000000,2896000000,,,,,,,,,30588000000,760000000,None,2082000000,2082000000,818000000,None,None,3078000000,None,None,841000000,,9.39,0.0281,,,,0.136,0.62,4848000000,5689000000,5.02,2016-03-31,15.17,14804000000,25198000000.0,10348000000,4868000000,1194000000,11448000000,11448000000,None,29000000,None,2572000000,None,None,32060000000,None,None,3674000000,None,None,None,0.342,,5500000000,4848000000,1816000000,5458000000,None,3649000000,None,,,,,1.05,18.7,4.984,,,,,,,,0.195,,4885000000,2025-10-29,quarterly,5.64,USD,post-market,2314000000,-1638000000,0.0771,0.817,0.124,66.89,2790000000,34307000000,2247000000,31844000000,297.4,320.66,12.3506,75116000000,42206000000,8523000000,46434000000,32910000000,37911000000,12430000000,28682000000,25.77,0,346.38,248.95
2025-12-28,AMGN,12.92,35970998000.0,25.77,None,0.447,17.86,,None,4144000000,4144000000,,,,,,,,,30649000000,761000000,None,2082000000,2082000000,965000000,None,2247000000,2995000000,None,None,841000000,,9.39,0.0281,,,,0.136,0.62,4848000000,5689000000,5.02,2015-12-31,15.17,14787000000,25198000000.0,10348000000,4868000000,1194000000,11641000000,11641000000,None,29000000,None,2435000000,None,None,29306000000,None,579000000,3674000000,None,None,None,0.342,,5500000000,4848000000,1703000000,5452000000,None,3281000000,None,,,,,1.05,18.7,4.984,,,,,,,,0.195,,4907000000,2025-10-29,quarterly,5.64,USD,post-market,2314000000,-2086000000,0.0771,0.817,0.124,66.89,2790000000,31429000000,2247000000,27238000000,297.4,320.66,12.3506,71576000000,38515000000,8664000000,43366000000,32934000000,34702000000,12430000000,28083000000,25.77,0,346.38,248.95
2025-12-28,AMGN,12.92,35970998000.0,25.77,None,0.447,17.86,,None,3226000000,3226000000,,,,,,,,,30556000000,764000000,None,2082000000,2082000000,1067000000,None,None,2901000000,None,None,841000000,,9.39,0.0281,,,,0.136,0.62,4848000000,5689000000,5.02,2015-09-30,15.17,14674000000,25198000000.0,10348000000,4868000000,1194000000,11613000000,11613000000,None,29000000,None,2531000000,None,None,30511000000,None,None,3674000000,None,None,None,0.342,,5500000000,4848000000,2292000000,4848000000,None,3117000000,None,,,,,1.05,18.7,4.984,,,,,,,,0.195,,4988000000,2025-10-29,quarterly,5.64,USD,post-market,2314000000,-2352000000,0.0771,0.817,0.124,66.89,2790000000,31761000000,1250000000,27894000000,297.4,320.66,12.3506,71869000000,38844000000,7165000000,43902000000,33025000000,36737000000,12430000000,27967000000,25.77,0,346.38,248.95
2025-12-28,AMGN,12.92,35970998000.0,25.77,None,0.447,17.86,,None,3795000000,3795000000,,,,,,,,,30464000000,768000000,None,2082000000,2082000000,934000000,None,None,2779000000,None,None,841000000,,9.39,0.0281,,,,0.136,0.62,4848000000,5689000000,5.02,2015-06-30,15.17,14723000000,25198000000.0,10348000000,4868000000,1194000000,11988000000,11988000000,None,29000000,None,2567000000,None,None,30702000000,None,None,3674000000,None,None,None,0.342,,5500000000,4848000000,2397000000,4707000000,None,2905000000,None,,,,,1.05,18.7,4.984,,,,,,,,0.195,,5050000000,2025-10-29,quarterly,5.64,USD,post-market,2314000000,-2912000000,0.0771,0.817,0.124,66.89,2790000000,31952000000,1250000000,26198000000,297.4,320.66,12.3506,71209000000,37736000000,6891000000,43725000000,33473000000,36834000000,12430000000,27484000000,25.77,0,346.38,248.95
2025-12-28,AMGN,12.92,35970998000.0,25.77,None,0.447,17.86,,None,2864000000,2864000000,,,,,,,,,30420000000,770000000,None,2082000000,2082000000,888000000,None,None,2548000000,None,None,841000000,,9.39,0.0281,,,,0.136,0.62,4848000000,5689000000,5.02,2015-03-31,15.17,14721000000,25198000000.0,10348000000,4868000000,1194000000,12265000000,12265000000,None,29000000,None,2686000000,None,None,29841000000,None,None,3674000000,None,None,None,0.342,,5500000000,4848000000,2712000000,4948000000,None,2939000000,None,,,,,1.05,18.7,4.984,,,,,,,,0.195,,5123000000,2025-10-29,quarterly,5.64,USD,post-market,2314000000,-4051000000,0.0771,0.817,0.124,66.89,2790000000,30341000000,500000000,24254000000,297.4,320.66,12.3506,68952000000,35064000000,6336000000,42446000000,33888000000,36110000000,12430000000,26506000000,25.77,0,346.38,248.95
2025-12-28,AMGN,12.92,35970998000.0,25.77,None,0.447,17.86,,None,3731000000,3731000000,,,,,,,,,30410000000,772000000,None,2082000000,2082000000,995000000,None,500000000,2546000000,None,None,841000000,,9.39,0.0281,,,,0.136,0.62,4848000000,5689000000,5.02,2014-12-31,15.17,14788000000,25198000000.0,10348000000,4868000000,1194000000,12693000000,12693000000,None,29000000,None,2647000000,None,None,30215000000,None,522000000,3674000000,None,None,None,0.342,,5500000000,4848000000,2494000000,5513000000,None,2547000000,None,,,,,1.05,18.7,4.984,,,,,,,,0.195,,5223000000,2025-10-29,quarterly,5.64,USD,post-market,2314000000,-4624000000,0.0771,0.817,0.124,66.89,2790000000,30715000000,500000000,23295000000,297.4,320.66,12.3506,69009000000,34713000000,7008000000,43231000000,34296000000,36223000000,12430000000,25778000000,25.77,0,346.38,248.95
2025-12-28,AMGN,12.92,35970998000.0,25.77,None,0.447,17.86,,None,3677000000,3677000000,,,,,,,,,30127000000,771000000,None,2082000000,2082000000,955000000,None,None,2355000000,None,None,841000000,,9.39,0.0281,,,,0.136,0.62,4848000000,5689000000,5.02,2014-09-30,15.17,14815000000,25198000000.0,10348000000,4868000000,1194000000,13100000000,13100000000,None,29000000,None,2885000000,None,None,30480000000,None,None,3674000000,None,None,None,0.342,,5500000000,4848000000,2733000000,5096000000,None,6419000000,None,,,,,1.05,18.7,4.984,,,,,,,,0.195,,5267000000,2025-10-29,quarterly,5.64,USD,post-market,2314000000,-4698000000,0.0771,0.817,0.124,66.89,2790000000,32980000000,2500000000,24398000000,297.4,320.66,12.3506,70775000000,36048000000,8551000000,45450000000,34727000000,36899000000,12430000000,25325000000,25.77,0,346.38,248.95
2025-12-28,AMGN,12.92,35970998000.0,25.77,None,0.447,17.86,,None,4352000000,4352000000,,,,,,,,,29981000000,768000000,None,2082000000,2082000000,982000000,None,None,2697000000,None,None,841000000,,9.39,0.0281,,,,0.136,0.62,4848000000,5689000000,5.02,2014-06-30,15.17,14844000000,25198000000.0,10348000000,4868000000,1194000000,13499000000,13499000000,None,29000000,None,2954000000,None,None,30828000000,None,None,3674000000,None,None,None,0.342,,5500000000,4848000000,2489000000,4384000000,None,6458000000,None,,,,,1.05,18.7,4.984,,,,,,,,0.195,,5371000000,2025-10-29,quarterly,5.64,USD,post-market,2314000000,-5476000000,0.0771,0.817,0.124,66.89,2790000000,33328000000,2500000000,21836000000,297.4,320.66,12.3506,69534000000,34328000000,7866000000,45152000000,35206000000,37286000000,12430000000,24382000000,25.77,0,346.38,248.95
2025-12-28,AMGN,12.92,35970998000.0,25.77,None,0.447,17.86,,None,3687000000,3687000000,,,,,,,,,29890000000,768000000,None,2082000000,2082000000,949000000,None,None,2514000000,None,None,841000000,,9.39,0.0281,,,,0.136,0.62,4848000000,5689000000,5.02,2014-03-31,15.17,14832000000,25198000000.0,10348000000,4868000000,1194000000,13566000000,13566000000,None,29000000,None,2966000000,None,None,29519000000,None,None,3674000000,None,None,None,0.342,,5500000000,4848000000,3020000000,4749000000,None,6541000000,None,,,,,1.05,18.7,4.984,,,,,,,,0.195,,5365000000,2025-10-29,quarterly,5.64,USD,post-market,2314000000,-7023000000,0.0771,0.817,0.124,66.89,2790000000,32024000000,2505000000,16115000000,297.4,320.66,12.3506,67004000000,28302000000,8203000000,44263000000,38702000000,36060000000,12430000000,22741000000,25.77,0,346.38,248.95
2025-12-28,AMGN,12.92,35970998000.0,25.77,None,0.447,17.86,,None,3805000000,3805000000,,,,,,,,,29891000000,766000000,None,2082000000,2082000000,787000000,None,None,2697000000,None,None,841000000,,9.39,0.0281,,,,0.136,0.62,4848000000,5689000000,5.02,2013-12-31,15.17,14968000000,25198000000.0,10348000000,4868000000,1194000000,13262000000,13262000000,None,29000000,None,3019000000,None,None,29623000000,None,None,3674000000,None,None,None,0.342,,5500000000,4848000000,2250000000,4655000000,None,6459000000,None,,,,,1.05,18.7,4.984,,,,,,,,0.195,,5349000000,2025-10-29,quarterly,5.64,USD,post-market,2314000000,-7634000000,0.0771,0.817,0.124,66.89,2790000000,32128000000,2505000000,15596000000,297.4,320.66,12.3506,66125000000,27367000000,7947000000,44029000000,38758000000,36082000000,12430000000,22096000000,25.77,0,346.38,248.95
2025-12-28,AMGN,12.92,35970998000.0,25.77,None,0.447,17.86,,None,8281000000,8281000000,,,,,,,,,29665000000,766000000,None,2082000000,2082000000,895000000,None,None,3230000000,None,None,841000000,,9.39,0.0281,,,,0.136,0.62,4848000000,5689000000,5.02,2013-09-30,15.17,12572000000,25198000000.0,10348000000,4868000000,1194000000,3682000000,3682000000,None,29000000,None,2838000000,None,None,27178000000,None,None,3674000000,None,None,None,0.342,,5500000000,4848000000,2049000000,3937000000,None,3324000000,None,,,,,1.05,18.7,4.984,,,,,,,,0.195,,5283000000,2025-10-29,quarterly,5.64,USD,post-market,2314000000,-7840000000,0.0771,0.817,0.124,66.89,2790000000,27189000000,11000000,14277000000,297.4,320.66,12.3506,57073000000,30675000000,4843000000,35345000000,26398000000,30502000000,12430000000,21728000000,25.77,0,346.38,248.95
2025-12-28,AMGN,12.92,35970998000.0,25.77,None,0.447,17.86,,None,5806000000,5806000000,,,,,,,,,29519000000,764000000,None,2082000000,2082000000,1006000000,None,None,2674000000,None,None,841000000,,9.39,0.0281,,,,0.136,0.62,4848000000,5689000000,5.02,2013-06-30,15.17,12578000000,25198000000.0,10348000000,4868000000,1194000000,3776000000,3776000000,None,29000000,None,2773000000,None,None,23908000000,None,None,3674000000,None,None,None,0.342,,5500000000,4848000000,2208000000,3771000000,None,3324000000,None,,,,,1.05,18.7,4.984,,,,,,,,0.195,,5293000000,2025-10-29,quarterly,5.64,USD,post-market,2314000000,-8854000000,0.0771,0.817,0.124,66.89,2790000000,23915000000,7000000,16212000000,297.4,320.66,12.3506,52610000000,29673000000,4784000000,32016000000,22937000000,27232000000,12430000000,20594000000,25.77,0,346.38,248.95
2025-12-28,AMGN,12.92,35970998000.0,25.77,None,0.447,17.86,,None,2530000000,2530000000,,,,,,,,,29465000000,764000000,None,2082000000,2082000000,940000000,None,None,2528000000,None,None,841000000,,9.39,0.0281,,,,0.136,0.62,4848000000,5689000000,5.02,2013-03-31,15.17,12604000000,25198000000.0,10348000000,4868000000,1194000000,3897000000,3897000000,None,29000000,None,2737000000,None,None,23885000000,None,None,3674000000,None,None,None,0.342,,5500000000,4848000000,2159000000,4195000000,None,3122000000,None,,,,,1.05,18.7,4.984,,,,,,,,0.195,,5296000000,2025-10-29,quarterly,5.64,USD,post-market,2314000000,-10111000000,0.0771,0.817,0.124,66.89,2790000000,23892000000,7000000,18741000000,297.4,320.66,12.3506,51640000000,28695000000,5142000000,32149000000,22945000000,27007000000,12430000000,19491000000,25.77,0,346.38,248.95
2025-12-28,AMGN,12.92,35970998000.0,25.77,None,0.447,17.86,,None,3257000000,3257000000,,,,,,,,,29337000000,778000000,None,2082000000,2082000000,905000000,None,None,2518000000,None,None,841000000,,9.39,0.0281,,,,0.136,0.62,4848000000,5689000000,5.02,2012-12-31,15.17,12662000000,25198000000.0,10348000000,4868000000,1194000000,3968000000,3968000000,None,29000000,None,2744000000,None,None,24034000000,None,None,3674000000,None,None,None,0.342,,5500000000,4848000000,1886000000,4791000000,None,3013000000,None,,,,,1.05,18.7,4.984,,,,,,,,0.195,,5326000000,2025-10-29,quarterly,5.64,USD,post-market,2314000000,-10423000000,0.0771,0.817,0.124,66.89,2790000000,26529000000,2495000000,20804000000,297.4,320.66,12.3506,54298000000,31209000000,8191000000,35238000000,23089000000,27047000000,12430000000,19060000000,25.77,0,346.38,248.95
2025-12-28,AMGN,12.92,35970998000.0,25.77,None,0.447,17.86,,None,5823000000,5823000000,,,,,,,,,29103000000,783000000,None,2082000000,2082000000,878000000,None,None,2696000000,None,None,841000000,,9.39,0.0281,,,,0.136,0.62,4848000000,5689000000,5.02,2012-09-30,15.17,12589000000,25198000000.0,10348000000,4868000000,1194000000,3680000000,3680000000,None,29000000,None,2769000000,None,None,24020000000,None,None,3674000000,None,None,None,0.342,,5500000000,4848000000,1766000000,5031000000,None,3159000000,None,,,,,1.05,18.7,4.984,,,,,,,,0.195,,5381000000,2025-10-29,quarterly,5.64,USD,post-market,2314000000,-9348000000,0.0771,0.817,0.124,66.89,2790000000,26478000000,2458000000,19551000000,297.4,320.66,12.3506,55448000000,32605000000,8367000000,35546000000,22843000000,27179000000,12430000000,19902000000,25.77,0,346.38,248.95
2025-12-28,AMGN,12.92,35970998000.0,25.77,None,0.447,17.86,,None,5849000000,5849000000,,,,,,,,,28468000000,785000000,None,2082000000,2082000000,884000000,None,None,2708000000,None,None,841000000,,9.39,0.0281,,,,0.136,0.62,4848000000,5689000000,5.02,2012-06-30,15.17,12428000000,25198000000.0,10348000000,4868000000,1194000000,10666000000,10666000000,None,29000000,None,2592000000,None,None,21962000000,None,None,3674000000,None,None,None,0.342,,5500000000,4848000000,1787000000,4732000000,None,2993000000,None,,,,,1.05,18.7,4.984,,,,,,,,0.195,,5437000000,2025-10-29,quarterly,5.64,USD,post-market,2314000000,-9380000000,0.0771,0.817,0.124,66.89,2790000000,24378000000,2416000000,16626000000,297.4,320.66,12.3506,52226000000,29562000000,8032000000,32987000000,22664000000,24955000000,12430000000,19239000000,25.77,0,346.38,248.95
2025-12-28,AMGN,12.92,35970998000.0,25.77,None,0.447,17.86,,None,4207000000,4207000000,,,,,,,,,28212000000,800000000,None,2082000000,2082000000,891000000,None,None,2988000000,None,None,841000000,,9.39,0.0281,,,,0.136,0.62,4848000000,5689000000,5.02,2012-03-31,15.17,12121000000,25198000000.0,10348000000,4868000000,1194000000,10518000000,10518000000,None,29000000,None,2499000000,None,None,19028000000,None,None,3674000000,None,None,None,0.342,,5500000000,4848000000,1994000000,5026000000,None,3050000000,None,,,,,1.05,18.7,4.984,,,,,,,,0.195,,5392000000,2025-10-29,quarterly,5.64,USD,post-market,2314000000,-9444000000,0.0771,0.817,0.124,66.89,2790000000,21409000000,2381000000,15167000000,297.4,320.66,12.3506,49250000000,26855000000,8298000000,30376000000,22395000000,22078000000,12430000000,18874000000,25.77,0,346.38,248.95
2025-12-28,AMGN,12.92,35970998000.0,25.77,None,0.447,17.86,,None,6946000000,6946000000,,,,,,,,,27777000000,800000000,None,2082000000,2082000000,642000000,None,None,2896000000,None,None,841000000,,9.39,0.0281,,,,0.136,0.62,4848000000,5689000000,5.02,2011-12-31,15.17,11750000000,25198000000.0,10348000000,4868000000,1194000000,2584000000,2584000000,None,29000000,None,2484000000,None,None,21344000000,None,None,3674000000,None,None,None,0.342,,5500000000,4848000000,1572000000,5028000000,None,2744000000,None,,,,,1.05,18.7,4.984,,,,,,,,0.195,,5420000000,2025-10-29,quarterly,5.64,USD,post-market,2314000000,-8919000000,0.0771,0.817,0.124,66.89,2790000000,21428000000,84000000,13695000000,297.4,320.66,12.3506,48871000000,27593000000,5754000000,29842000000,21278000000,24088000000,12430000000,19029000000,25.77,0,346.38,248.95
2025-12-28,AMGN,12.92,35970998000.0,25.77,None,0.447,17.86,,None,3891000000,3891000000,,,,,,,,,27602000000,914000000,None,2082000000,2082000000,734000000,None,None,2725000000,None,None,841000000,,9.39,0.0281,,,,0.136,0.62,4848000000,5689000000,5.02,2011-09-30,15.17,11768000000,25198000000.0,10348000000,4868000000,1194000000,2683000000,2683000000,None,29000000,None,2357000000,None,None,13881000000,None,None,3674000000,None,None,None,0.342,,5500000000,4848000000,1672000000,4197000000,None,3016000000,None,,,,,1.05,18.7,4.984,,,,,,,,0.195,,5391000000,2025-10-29,quarterly,5.64,USD,post-market,2314000000,-4167000000,0.0771,0.817,0.124,66.89,2790000000,14265000000,384000000,13785000000,297.4,320.66,12.3506,45765000000,24430000000,5315000000,22212000000,21335000000,16897000000,12430000000,23553000000,25.77,0,346.38,248.95
2025-12-28,AMGN,12.92,35970998000.0,25.77,None,0.447,17.86,,None,5998000000,5998000000,,,,,,,,,27514000000,935000000,None,2082000000,2082000000,870000000,None,None,2713000000,None,None,841000000,,9.39,0.0281,,,,0.136,0.62,4848000000,5689000000,5.02,2011-06-30,15.17,11794000000,25198000000.0,10348000000,4868000000,1194000000,2782000000,2782000000,None,29000000,None,2230000000,None,None,13847000000,None,None,3674000000,None,None,None,0.342,,5500000000,4848000000,1366000000,3629000000,None,2893000000,None,,,,,1.05,18.7,4.984,,,,,,,,0.195,,5516000000,2025-10-29,quarterly,5.64,USD,post-market,2314000000,-1945000000,0.0771,0.817,0.124,66.89,2790000000,13930000000,83000000,13174000000,297.4,320.66,12.3506,46936000000,25481000000,4582000000,21322000000,21455000000,16740000000,12430000000,25614000000,25.77,0,346.38,248.95
2025-12-28,AMGN,12.92,35970998000.0,25.77,None,0.447,17.86,,None,1266000000,1266000000,,,,,,,,,27376000000,941000000,None,2082000000,2082000000,832000000,None,None,2517000000,None,None,841000000,,9.39,0.0281,,,,0.136,0.62,4848000000,5689000000,5.02,2011-03-31,15.17,11504000000,25198000000.0,10348000000,4868000000,1194000000,2808000000,2808000000,None,29000000,None,2098000000,None,None,10824000000,None,None,3674000000,None,None,None,0.342,,5500000000,4848000000,1716000000,3334000000,None,2657000000,None,,,,,1.05,18.7,4.984,,,,,,,,0.195,,5455000000,2025-10-29,quarterly,5.64,USD,post-market,2314000000,-2383000000,0.0771,0.817,0.124,66.89,2790000000,10907000000,83000000,14092000000,297.4,320.66,12.3506,42714000000,21689000000,4249000000,17730000000,21025000000,13481000000,12430000000,24984000000,25.77,0,346.38,248.95
2025-12-28,AMGN,12.92,35970998000.0,25.77,None,0.447,17.86,,None,3287000000,3287000000,,,,,,,,,27299000000,941000000,None,2082000000,2082000000,716000000,None,None,2335000000,None,None,841000000,,9.39,0.0281,,,,0.136,0.62,4848000000,5689000000,5.02,2010-12-31,15.17,11334000000,25198000000.0,10348000000,4868000000,1194000000,2230000000,2230000000,None,29000000,None,2022000000,None,None,10874000000,None,None,3674000000,None,None,None,0.342,,5500000000,4848000000,1350000000,3366000000,None,2098000000,None,,,,,1.05,18.7,4.984,,,,,,,,0.195,,5522000000,2025-10-29,quarterly,5.64,USD,post-market,2314000000,-3508000000,0.0771,0.817,0.124,66.89,2790000000,13362000000,2488000000,14135000000,297.4,320.66,12.3506,43486000000,23129000000,6570000000,19542000000,20357000000,12972000000,12430000000,23944000000,25.77,0,346.38,248.95
2025-12-28,AMGN,12.92,35970998000.0,25.77,None,0.447,17.86,,None,2951000000,2951000000,,,,,,,,,27210000000,962000000,None,2082000000,2082000000,759000000,None,None,2443000000,None,None,841000000,,9.39,0.0281,,,,0.136,0.62,4848000000,5689000000,5.02,2010-09-30,15.17,11334000000,25198000000.0,10348000000,4868000000,1194000000,2315000000,2315000000,None,29000000,None,2044000000,None,None,10841000000,None,None,3674000000,None,None,None,0.342,,5500000000,4848000000,18443000000,3809000000,None,2362000000,None,,,,,1.05,18.7,4.984,,,,,,,,0.195,,5643000000,2025-10-29,quarterly,5.64,USD,post-market,2314000000,-3394000000,0.0771,0.817,0.124,66.89,2790000000,13292000000,2451000000,14098000000,297.4,320.66,12.3506,43534000000,22930000000,6260000000,19463000000,20604000000,13203000000,12430000000,24071000000,25.77,0,346.38,248.95
2025-12-28,AMGN,12.92,35970998000.0,25.77,None,0.447,17.86,,None,1712000000,1712000000,,,,,,,,,27119000000,964000000,None,2082000000,2082000000,722000000,None,None,2208000000,None,None,841000000,,9.39,0.0281,,,,0.136,0.62,4848000000,5689000000,5.02,2010-06-30,15.17,11334000000,25198000000.0,10348000000,4868000000,1194000000,2421000000,2421000000,None,29000000,None,2112000000,None,None,9318000000,None,None,3674000000,None,None,None,0.342,,5500000000,4848000000,1321000000,2856000000,None,2320000000,None,,,,,1.05,18.7,4.984,,,,,,,,0.195,,5630000000,2025-10-29,quarterly,5.64,USD,post-market,2314000000,-4266000000,0.0771,0.817,0.124,66.89,2790000000,11732000000,2414000000,12811000000,297.4,320.66,12.3506,40800000000,20164000000,5992000000,17630000000,20636000000,11638000000,12430000000,23170000000,25.77,0,346.38,248.95
2025-12-28,AMGN,12.92,35970998000.0,25.77,None,0.447,17.86,,None,2266000000,2266000000,,,,,,,,,27031000000,988000000,None,2082000000,2082000000,882000000,None,None,2271000000,None,None,841000000,,9.39,0.0281,,,,0.136,0.62,4848000000,5689000000,5.02,2010-03-31,15.17,11335000000,25198000000.0,10348000000,4868000000,1194000000,2462000000,2462000000,None,29000000,None,2202000000,None,None,9286000000,None,None,3674000000,None,None,None,0.342,,5500000000,4848000000,15336000000,2378000000,None,2179000000,None,,,,,1.05,18.7,4.984,,,,,,,,0.195,,5619000000,2025-10-29,quarterly,5.64,USD,post-market,2314000000,-4852000000,0.0771,0.817,0.124,66.89,2790000000,11664000000,2378000000,11851000000,297.4,320.66,12.3506,40366000000,19809000000,6562000000,18027000000,20557000000,11465000000,12430000000,22339000000,25.77,0,346.38,248.95
2025-12-28,AMGN,12.92,35970998000.0,25.77,None,0.447,17.86,,None,2884000000,2884000000,,,,,,,,,26944000000,988000000,None,2082000000,2082000000,574000000,None,None,2109000000,None,None,841000000,,9.39,0.0281,,,,0.136,0.62,4848000000,5689000000,5.02,2009-12-31,15.17,11335000000,25198000000.0,10348000000,4868000000,1194000000,7868000000,7868000000,None,29000000,None,2220000000,None,None,10601000000,None,None,3674000000,None,None,None,0.342,,5500000000,4848000000,1161000000,3299000000,None,2488000000,None,,,,,1.05,18.7,4.984,,,,,,,,0.195,,5738000000,2025-10-29,quarterly,5.64,USD,post-market,2314000000,-4322000000,0.0771,0.817,0.124,66.89,2790000000,10601000000,None,10558000000,297.4,320.66,12.3506,39629000000,18932000000,3873000000,16962000000,20697000000,13089000000,12430000000,22667000000,25.77,0,346.38,248.95
2025-12-28,AMGN,12.92,35970998000.0,25.77,None,0.447,17.86,,None,3577000000,3577000000,,,,,,,,,26853000000,1022000000,None,2082000000,2082000000,613000000,None,None,2331000000,None,None,841000000,,9.39,0.0281,,,,0.136,0.62,4848000000,5689000000,5.02,2009-09-30,15.17,11335000000,25198000000.0,10348000000,4868000000,1194000000,2674000000,2674000000,None,29000000,None,2155000000,None,None,10536000000,None,None,3674000000,None,None,None,0.342,,5500000000,4848000000,1475000000,3290000000,None,2643000000,None,,,,,1.05,18.7,4.984,,,,,,,,0.195,,5743000000,2025-10-29,quarterly,5.64,USD,post-market,2314000000,-4042000000,0.0771,0.817,0.124,66.89,2790000000,11536000000,1000000000,10436000000,297.4,320.66,12.3506,40940000000,19974000000,4903000000,18082000000,20966000000,13179000000,12430000000,22858000000,25.77,0,346.38,248.95
2025-12-28,AMGN,12.92,35970998000.0,25.77,None,0.447,17.86,,None,2968000000,2968000000,,,,,,,,,26720000000,1017000000,None,2082000000,2082000000,635000000,None,None,2182000000,None,None,841000000,,9.39,0.0281,,,,0.136,0.62,4848000000,5689000000,5.02,2009-06-30,15.17,11339000000,25198000000.0,10348000000,4868000000,1194000000,2780000000,2780000000,None,29000000,None,2061000000,None,None,10471000000,None,None,3674000000,None,None,None,0.342,,5500000000,4848000000,1488000000,2913000000,None,2461000000,None,,,,,1.05,18.7,4.984,,,,,,,,0.195,,5800000000,2025-10-29,quarterly,5.64,USD,post-market,2314000000,-5423000000,0.0771,0.817,0.124,66.89,2790000000,11471000000,1000000000,8997000000,297.4,320.66,12.3506,38840000000,17696000000,4548000000,17480000000,21144000000,12932000000,12430000000,21360000000,25.77,0,346.38,248.95
2025-12-28,AMGN,12.92,35970998000.0,25.77,None,0.447,17.86,,None,2777000000,2777000000,,,,,,,,,26526000000,1037000000,None,2082000000,2082000000,687000000,None,None,2009000000,None,None,841000000,,9.39,0.0281,,,,0.136,0.62,4848000000,5689000000,5.02,2009-03-31,15.17,11336000000,25198000000.0,10348000000,4868000000,1194000000,2882000000,2882000000,None,29000000,None,2080000000,None,None,10408000000,None,None,3674000000,None,None,None,0.342,,5500000000,4848000000,1609000000,2986000000,None,None,None,,,,,1.05,18.7,4.984,,,,,,,,0.195,,5804000000,2025-10-29,quarterly,5.64,USD,post-market,2314000000,-6659000000,0.0771,0.817,0.124,66.89,2790000000,11408000000,1000000000,7601000000,297.4,320.66,12.3506,37380000000,16076000000,4673000000,17413000000,21304000000,12740000000,12430000000,19967000000,25.77,None,346.38,248.95
2025-12-28,AMGN,12.92,35970998000.0,25.77,None,0.447,17.86,,None,1774000000,1774000000,,,,,,,,,25527000000,1037000000,None,2082000000,2082000000,504000000,None,None,2073000000,None,None,841000000,,9.39,0.0281,,,,0.136,0.62,4848000000,5689000000,5.02,2008-12-31,15.17,11339000000,25198000000.0,10348000000,4868000000,1194000000,2988000000,2988000000,None,29000000,None,2075000000,None,None,9176000000,None,None,3674000000,None,None,None,0.342,,5500000000,4848000000,1521000000,3382000000,None,None,None,,,,,1.05,18.7,4.984,,,,,,,,0.195,,5879000000,2025-10-29,quarterly,5.64,USD,post-market,2314000000,-5258000000,0.0771,0.817,0.124,66.89,2790000000,10176000000,1000000000,7778000000,297.4,320.66,12.3506,36443000000,15221000000,4886000000,16057000000,21222000000,11171000000,12430000000,20386000000,25.77,None,346.38,248.95
2025-12-28,AMGN,12.92,35970998000.0,25.77,None,0.447,17.86,,None,2522000000,2522000000,,,,,,,,,25348000000,1064000000,None,2082000000,2082000000,538000000,None,None,2114000000,None,None,841000000,,9.39,0.0281,,,,0.136,0.62,4848000000,5689000000,5.02,2008-09-30,15.17,11340000000,25198000000.0,10348000000,4868000000,1194000000,3095000000,3095000000,None,29000000,None,2004000000,None,None,10176000000,None,None,3674000000,None,None,None,0.342,,5500000000,4848000000,1745000000,3413000000,None,None,None,,,,,1.05,18.7,4.984,,,,,,,,0.195,,5972000000,2025-10-29,quarterly,5.64,USD,post-market,2314000000,-5519000000,0.0771,0.817,0.124,66.89,2790000000,11176000000,1000000000,7235000000,297.4,320.66,12.3506,36998000000,15620000000,4951000000,17166000000,21378000000,12215000000,12430000000,19832000000,25.77,None,346.38,248.95
2025-12-28,AMGN,12.92,35970998000.0,25.77,None,0.447,17.86,,None,3392000000,3392000000,,,,,,,,,25199000000,1081000000,None,2082000000,2082000000,764000000,None,None,2331000000,None,None,841000000,,9.39,0.0281,,,,0.136,0.62,4848000000,5689000000,5.02,2008-06-30,15.17,11338000000,25198000000.0,10348000000,4868000000,1194000000,3176000000,3176000000,None,29000000,None,2134000000,None,None,10175000000,None,None,3674000000,None,None,None,0.342,,5500000000,4848000000,1579000000,3665000000,None,None,None,,,,,1.05,18.7,4.984,,,,,,,,0.195,,5968000000,2025-10-29,quarterly,5.64,USD,post-market,2314000000,-6653000000,0.0771,0.817,0.124,66.89,2790000000,11175000000,1000000000,5091000000,297.4,320.66,12.3506,36061000000,14527000000,5429000000,17528000000,21534000000,12099000000,12430000000,18533000000,25.77,None,346.38,248.95
2025-12-28,AMGN,12.92,35970998000.0,25.77,None,0.447,17.86,,None,4324000000,4324000000,,,,,,,,,25088000000,1092000000,None,2082000000,2082000000,522000000,None,None,2224000000,None,None,841000000,,9.39,0.0281,,,,0.136,0.62,4848000000,5689000000,5.02,2008-03-31,15.17,11347000000,25198000000.0,10348000000,4868000000,1194000000,3271000000,3271000000,None,29000000,None,2091000000,None,None,9177000000,None,None,3674000000,None,None,None,0.342,,5500000000,4848000000,1565000000,3432000000,None,None,None,,,,,1.05,18.7,4.984,,,,,,,,0.195,,5949000000,2025-10-29,quarterly,5.64,USD,post-market,2314000000,-6031000000,0.0771,0.817,0.124,66.89,2790000000,11177000000,2000000000,4323000000,297.4,320.66,12.3506,36128000000,14527000000,5954000000,17041000000,21601000000,11087000000,12430000000,19087000000,25.77,None,346.38,248.95
2025-12-28,AMGN,12.92,35970998000.0,25.77,None,0.447,17.86,,None,2024000000,2024000000,,,,,,,,,24976000000,1092000000,None,2082000000,2082000000,378000000,None,None,2101000000,None,None,841000000,,9.39,0.0281,,,,0.136,0.62,4848000000,5689000000,5.02,2007-12-31,15.17,11240000000,25198000000.0,10348000000,4868000000,1194000000,3332000000,3332000000,None,29000000,None,2091000000,None,None,9177000000,None,None,3674000000,None,None,None,0.342,,5500000000,4848000000,1698000000,3801000000,None,None,None,,,,,1.05,18.7,4.984,,,,,,,,0.195,,5941000000,2025-10-29,quarterly,5.64,USD,post-market,2314000000,-7160000000,0.0771,0.817,0.124,66.89,2790000000,11177000000,2000000000,5127000000,297.4,320.66,12.3506,34639000000,13041000000,6179000000,16770000000,21598000000,10591000000,12430000000,17869000000,25.77,None,346.38,248.95
2025-12-28,AMGN,12.92,35970998000.0,25.77,None,0.447,17.86,,None,1389000000,1389000000,,,,,,,,,24806000000,1090000000,None,2082000000,2082000000,438000000,None,None,2154000000,None,None,841000000,,9.39,0.0281,,,,0.136,0.62,4848000000,5689000000,5.02,2007-09-30,15.17,11314000000,25198000000.0,10348000000,4868000000,1194000000,3445000000,3445000000,None,29000000,None,2076000000,None,None,11177000000,None,None,3674000000,None,None,None,0.342,,5500000000,4848000000,1526000000,3654000000,None,None,None,,,,,1.05,18.7,4.984,,,,,,,,0.195,,5922000000,2025-10-29,quarterly,5.64,USD,post-market,2314000000,-7894000000,0.0771,0.817,0.124,66.89,2790000000,11313000000,136000000,4561000000,297.4,320.66,12.3506,33452000000,11706000000,4228000000,16547000000,21746000000,12319000000,12430000000,16905000000,25.77,None,346.38,248.95
2025-12-28,AMGN,12.92,35970998000.0,25.77,None,0.447,17.86,,None,1727000000,1727000000,,,,,,,,,24576000000,1134000000,None,2082000000,2082000000,542000000,None,None,2163000000,None,None,841000000,,9.39,0.0281,,,,0.136,0.62,4848000000,5689000000,5.02,2007-06-30,15.17,11265000000,25198000000.0,10348000000,4868000000,1194000000,3539000000,3539000000,None,29000000,None,2206000000,None,None,11212000000,None,None,3674000000,None,None,None,0.342,,5500000000,4848000000,1521000000,3587000000,None,None,None,,,,,1.05,18.7,4.984,,,,,,,,0.195,,5970000000,2025-10-29,quarterly,5.64,USD,post-market,2314000000,-8093000000,0.0771,0.817,0.124,66.89,2790000000,11312000000,100000000,3579000000,297.4,320.66,12.3506,32971000000,11196000000,4229000000,16502000000,21775000000,12273000000,12430000000,16469000000,25.77,None,346.38,248.95
2025-12-28,AMGN,12.92,35970998000.0,25.77,None,0.447,17.86,,None,1067000000,1067000000,,,,,,,,,24335000000,1177000000,None,2082000000,2082000000,601000000,None,None,2157000000,None,None,841000000,,9.39,0.0281,,,,0.136,0.62,4848000000,5689000000,5.02,2007-03-31,15.17,11269000000,25198000000.0,10348000000,4868000000,1194000000,3643000000,3643000000,None,29000000,None,2115000000,None,None,7214000000,None,None,3674000000,None,None,None,0.342,,5500000000,4848000000,1418000000,3906000000,None,None,None,,,,,1.05,18.7,4.984,,,,,,,,0.195,,6027000000,2025-10-29,quarterly,5.64,USD,post-market,2314000000,-4638000000,0.0771,0.817,0.124,66.89,2790000000,7314000000,100000000,3770000000,297.4,320.66,12.3506,32570000000,10527000000,4607000000,12855000000,22043000000,8248000000,12430000000,19715000000,25.77,None,346.38,248.95
2025-12-28,AMGN,12.92,35970998000.0,25.77,None,0.447,17.86,,None,1283000000,1283000000,,,,,,,,,24155000000,1177000000,None,2082000000,2082000000,555000000,None,None,2124000000,None,None,841000000,,9.39,0.0281,,,,0.136,0.62,4848000000,5689000000,5.02,2006-12-31,15.17,11302000000,25198000000.0,10348000000,4868000000,1194000000,3747000000,3747000000,None,29000000,None,1903000000,None,None,7134000000,None,None,3674000000,None,None,None,0.342,,5500000000,4848000000,1408000000,4589000000,None,None,None,,,,,1.05,18.7,4.984,,,,,,,,0.195,,5921000000,2025-10-29,quarterly,5.64,USD,post-market,2314000000,-5203000000,0.0771,0.817,0.124,66.89,2790000000,9012000000,1878000000,4994000000,297.4,320.66,12.3506,33788000000,11712000000,7022000000,14824000000,22076000000,7802000000,12430000000,18964000000,25.77,None,346.38,248.95
2025-12-28,AMGN,12.92,35970998000.0,25.77,None,0.447,17.86,,None,1291000000,1291000000,,,,,,,,,23500000000,1178000000,None,2082000000,2082000000,569000000,None,None,2124000000,None,None,841000000,,9.39,0.0281,,,,0.136,0.62,4848000000,5689000000,5.02,2006-09-30,15.17,11206000000,25198000000.0,10348000000,4868000000,1194000000,3819000000,3819000000,None,29000000,None,1711000000,None,None,7233000000,None,None,3674000000,None,None,None,0.342,,5500000000,4848000000,1040000000,3946000000,None,None,None,,,,,1.05,18.7,4.984,,,,,,,,0.195,,5673000000,2025-10-29,quarterly,5.64,USD,post-market,2314000000,-5789000000,0.0771,0.817,0.124,66.89,2790000000,9006000000,1773000000,4490000000,297.4,320.66,12.3506,32586000000,10656000000,6288000000,14865000000,21930000000,8577000000,12430000000,17721000000,25.77,None,346.38,248.95
2025-12-28,AMGN,12.92,35970998000.0,25.77,None,0.447,17.86,,None,1947000000,1947000000,,,,,,,,,23240000000,1185000000,None,2082000000,2082000000,668000000,None,None,2018000000,None,None,841000000,,9.39,0.0281,,,,0.136,0.62,4848000000,5689000000,5.02,2006-06-30,15.17,11210000000,25198000000.0,10348000000,4868000000,1194000000,3965000000,3965000000,None,29000000,None,1520000000,None,None,7232000000,None,None,3674000000,None,None,None,0.342,,5500000000,4848000000,995000000,3477000000,None,None,None,,,,,1.05,18.7,4.984,,,,,,,,0.195,,5438000000,2025-10-29,quarterly,5.64,USD,post-market,2314000000,-6385000000,0.0771,0.817,0.124,66.89,2790000000,9000000000,1768000000,3023000000,297.4,320.66,12.3506,31288000000,9503000000,5913000000,14449000000,21785000000,8536000000,12430000000,16839000000,25.77,None,346.38,248.95
2025-12-28,AMGN,12.92,35970998000.0,25.77,None,0.447,17.86,,None,1747000000,1747000000,,,,,,,,,22915000000,1218000000,None,2082000000,2082000000,442000000,None,None,1794000000,None,None,841000000,,9.39,0.0281,,,,0.136,0.62,4848000000,5689000000,5.02,2006-03-31,15.17,10492000000,25198000000.0,10348000000,4868000000,1194000000,3646000000,3646000000,None,29000000,None,1273000000,None,None,7198000000,None,None,3674000000,None,None,None,0.342,,5500000000,4848000000,3043000000,3178000000,None,None,None,,,,,1.05,18.7,4.984,,,,,,,,0.195,,5122000000,2025-10-29,quarterly,5.64,USD,post-market,2314000000,-5517000000,0.0771,0.817,0.124,66.89,2790000000,8961000000,1763000000,3300000000,297.4,320.66,12.3506,31315000000,11157000000,5383000000,13924000000,20158000000,8541000000,12430000000,17391000000,25.77,None,346.38,248.95
2025-12-28,AMGN,12.92,35970998000.0,25.77,None,0.447,17.86,,None,1840000000,1840000000,,,,,,,,,23561000000,1218000000,None,2082000000,2082000000,596000000,None,None,1769000000,None,None,841000000,,9.39,0.0281,,,,0.136,0.62,4848000000,5689000000,5.02,2005-12-31,15.17,10495000000,25198000000.0,10348000000,4868000000,1194000000,14237000000,14237000000,None,29000000,None,1258000000,None,None,3957000000,None,None,3674000000,None,None,None,0.342,,5500000000,4848000000,953000000,2999000000,None,None,None,,,,,1.05,18.7,4.984,,,,,,,,0.195,,5038000000,2025-10-29,quarterly,5.64,USD,post-market,2314000000,-3132000000,0.0771,0.817,0.124,66.89,2790000000,3957000000,None,3415000000,297.4,320.66,12.3506,29297000000,9235000000,3595000000,8846000000,20062000000,5251000000,12430000000,20451000000,25.77,None,346.38,248.95
2025-12-28,AMGN,12.92,35970998000.0,25.77,None,0.447,17.86,,None,2151000000,2151000000,,,,,,,,,23233000000,1249000000,None,2082000000,2082000000,497000000,None,None,1664000000,None,None,841000000,,9.39,0.0281,,,,0.136,0.62,4848000000,5689000000,5.02,2005-09-30,15.17,10496000000,25198000000.0,10348000000,4868000000,1194000000,14275000000,14275000000,None,29000000,None,1059000000,None,None,2198000000,None,None,3674000000,None,None,None,0.342,,5500000000,4848000000,919000000,2855000000,None,None,None,,,,,1.05,18.7,4.984,,,,,,,,0.195,,4894000000,2025-10-29,quarterly,5.64,USD,post-market,2314000000,-2720000000,0.0771,0.817,0.124,66.89,2790000000,3952000000,1754000000,3400000000,297.4,320.66,12.3506,29132000000,9193000000,5106000000,8602000000,19939000000,3496000000,12430000000,20530000000,25.77,None,346.38,248.95
2025-12-28,AMGN,12.92,35970998000.0,25.77,None,0.447,17.86,,None,11973000000,11973000000,,,,,,,,,33533000000,541000000,None,2082000000,2082000000,1908000000,None,3550000000,7501000000,None,None,841000000,,9.39,0.0281,,,,0.136,0.62,4848000000,5689000000,5.02,2024-12-31,15.17,18637000000,25198000000.0,10348000000,4868000000,1194000000,27699000000,27699000000,None,29000000,None,6998000000,None,None,56549000000,None,None,3674000000,None,None,None,0.342,,5500000000,4848000000,2558000000,17641000000,None,2349000000,None,,,,,1.05,18.7,4.984,,,,,,,,0.195,,None,2025-10-29,annual,5.64,USD,post-market,2314000000,-27590000000,0.0771,0.817,0.124,66.89,2790000000,60099000000,3550000000,None,297.4,320.66,12.3506,91839000000,29030000000,23099000000,85962000000,62809000000,62863000000,12430000000,5877000000,25.77,None,346.38,248.95
2025-12-28,AMGN,12.92,35970998000.0,25.77,None,0.447,17.86,,None,10944000000,10944000000,,,,,,,,,33070000000,538000000,None,2082000000,2082000000,1590000000,None,1443000000,7942000000,None,None,841000000,,9.39,0.0281,,,,0.136,0.62,4848000000,5689000000,5.02,2023-12-31,15.17,18629000000,25198000000.0,10348000000,4868000000,1194000000,32641000000,32641000000,None,29000000,None,9518000000,None,None,63170000000,None,None,3674000000,None,None,None,0.342,,5500000000,4848000000,1928000000,13695000000,None,2326000000,None,,,,,1.05,18.7,4.984,,,,,,,,0.195,,None,2025-10-29,annual,5.64,USD,post-market,2314000000,-26549000000,0.0771,0.817,0.124,66.89,2790000000,64613000000,1443000000,10944000000,297.4,320.66,12.3506,97154000000,30332000000,18392000000,90922000000,66822000000,72530000000,12430000000,6232000000,25.77,0,346.38,248.95
2025-12-28,AMGN,12.92,35970998000.0,25.77,None,0.447,17.86,,None,7629000000,7629000000,,,,,,,,,32514000000,541000000,None,2082000000,2082000000,1572000000,None,1591000000,6392000000,None,None,841000000,,9.39,0.0281,,,,0.136,0.62,4848000000,5689000000,5.02,2022-12-31,15.17,15529000000,25198000000.0,10348000000,4868000000,1194000000,16080000000,16080000000,None,29000000,None,4930000000,None,None,37354000000,None,None,3674000000,None,None,None,0.342,,5500000000,4848000000,1559000000,11329000000,None,2662000000,None,,,,,1.05,18.7,4.984,,,,,,,,0.195,,5427000000,2025-10-29,annual,5.64,USD,post-market,2314000000,-28622000000,0.0771,0.817,0.124,66.89,2790000000,38945000000,1591000000,1676000000,297.4,320.66,12.3506,65121000000,22186000000,15687000000,61460000000,42935000000,45773000000,12430000000,3661000000,25.77,0,346.38,248.95
2025-12-28,AMGN,12.92,35970998000.0,25.77,None,0.447,17.86,,None,7989000000,7989000000,,,,,,,,,32096000000,573000000,None,2082000000,2082000000,1366000000,None,87000000,5839000000,None,None,841000000,,9.39,0.0281,,,,0.136,0.62,4848000000,5689000000,5.02,2021-12-31,15.17,14890000000,25198000000.0,10348000000,4868000000,1194000000,15182000000,15182000000,None,29000000,None,4086000000,None,None,33222000000,None,None,3674000000,None,None,None,0.342,,5500000000,4848000000,1423000000,10030000000,None,2465000000,None,,,,,1.05,18.7,4.984,,,,,,,,0.195,,5184000000,2025-10-29,annual,5.64,USD,post-market,2314000000,-24600000000,0.0771,0.817,0.124,66.89,2790000000,33309000000,87000000,48000000,297.4,320.66,12.3506,61165000000,19385000000,12184000000,54465000000,41780000000,42281000000,12430000000,6700000000,25.77,0,346.38,248.95
2025-12-28,AMGN,12.92,35970998000.0,25.77,None,0.447,17.86,,None,6266000000,6266000000,,,,,,,,,31802000000,590000000,None,2082000000,2082000000,1421000000,None,91000000,4525000000,None,None,841000000,,9.39,0.0281,,,,0.136,0.62,4848000000,5689000000,5.02,2020-12-31,15.17,14689000000,25198000000.0,10348000000,4868000000,1194000000,16587000000,16587000000,None,29000000,None,3893000000,None,None,32895000000,None,None,3674000000,None,None,None,0.342,,5500000000,4848000000,2079000000,9313000000,None,8991000000,None,,,,,1.05,18.7,4.984,,,,,,,,0.195,,4889000000,2025-10-29,annual,5.64,USD,post-market,2314000000,-21408000000,0.0771,0.817,0.124,66.89,2790000000,32986000000,91000000,4381000000,297.4,320.66,12.3506,62948000000,21144000000,11653000000,53539000000,41804000000,41886000000,12430000000,9409000000,25.77,0,346.38,248.95
2025-12-28,AMGN,12.92,35970998000.0,25.77,None,0.447,17.86,,None,6037000000,6037000000,,,,,,,,,31531000000,609000000,None,2082000000,2082000000,1371000000,None,2953000000,4057000000,None,None,841000000,,9.39,0.0281,,,,0.136,0.62,4848000000,5689000000,5.02,2019-12-31,15.17,14703000000,25198000000.0,10348000000,4868000000,1194000000,19413000000,19413000000,None,29000000,None,3584000000,None,None,26950000000,None,799000000,3674000000,None,None,None,0.342,,5500000000,4848000000,1888000000,8511000000,None,9643000000,None,,,,,1.05,18.7,4.984,,,,,,,,0.195,,4928000000,2025-10-29,annual,5.64,USD,post-market,2314000000,-21330000000,0.0771,0.817,0.124,66.89,2790000000,29903000000,2953000000,2874000000,297.4,320.66,12.3506,59707000000,18440000000,12835000000,50034000000,41267000000,37199000000,12430000000,9673000000,25.77,0,346.38,248.95
2025-12-28,AMGN,12.92,35970998000.0,25.77,None,0.447,17.86,,None,6945000000,6945000000,,,,,,,,,31246000000,665000000,None,2082000000,2082000000,1207000000,None,4419000000,3580000000,None,None,841000000,,9.39,0.0281,,,,0.136,0.62,4848000000,5689000000,5.02,2018-12-31,15.17,14699000000,25198000000.0,10348000000,4868000000,1194000000,7443000000,7443000000,None,29000000,None,2940000000,None,None,29510000000,None,683000000,3674000000,None,None,None,0.342,,5500000000,4848000000,1794000000,7862000000,None,10054000000,None,,,,,1.05,18.7,4.984,,,,,,,,0.195,,4958000000,2025-10-29,annual,5.64,USD,post-market,2314000000,-17977000000,0.0771,0.817,0.124,66.89,2790000000,33929000000,4419000000,22359000000,297.4,320.66,12.3506,66416000000,37618000000,13488000000,53916000000,28798000000,40428000000,12430000000,12500000000,25.77,0,346.38,248.95
2025-12-28,AMGN,12.92,35970998000.0,25.77,None,0.447,17.86,,None,3800000000,3800000000,,,,,,,,,30992000000,735000000,None,2082000000,2082000000,1352000000,None,1152000000,3237000000,None,None,841000000,,9.39,0.0281,,,,0.136,0.62,4848000000,5689000000,5.02,2017-12-31,15.17,14761000000,25198000000.0,10348000000,4868000000,1194000000,8609000000,8609000000,None,29000000,None,2834000000,None,None,34190000000,None,1027000000,3674000000,None,None,None,0.342,,5500000000,4848000000,1727000000,6516000000,None,10337000000,None,,,,,1.05,18.7,4.984,,,,,,,,0.195,,4989000000,2025-10-29,annual,5.64,USD,post-market,2314000000,-5072000000,0.0771,0.817,0.124,66.89,2790000000,35342000000,1152000000,37878000000,297.4,320.66,12.3506,79954000000,49476000000,9020000000,54713000000,30478000000,45693000000,12430000000,25241000000,25.77,0,346.38,248.95
2025-12-28,AMGN,12.92,35970998000.0,25.77,None,0.447,17.86,,None,3241000000,3241000000,,,,,,,,,30784000000,754000000,None,2082000000,2082000000,917000000,None,4403000000,3165000000,None,None,841000000,,9.39,0.0281,,,,0.136,0.62,4848000000,5689000000,5.02,2016-12-31,15.17,14751000000,25198000000.0,10348000000,4868000000,1194000000,10279000000,10279000000,None,29000000,None,2745000000,None,None,30193000000,None,813000000,3674000000,None,None,None,0.342,,5500000000,4848000000,2015000000,5884000000,None,3918000000,None,,,,,1.05,18.7,4.984,,,,,,,,0.195,,4961000000,2025-10-29,annual,5.64,USD,post-market,2314000000,-438000000,0.0771,0.817,0.124,66.89,2790000000,34596000000,4403000000,34844000000,297.4,320.66,12.3506,77626000000,46010000000,11204000000,47751000000,31616000000,36547000000,12430000000,29875000000,25.77,0,346.38,248.95
2025-12-28,AMGN,12.92,35970998000.0,25.77,None,0.447,17.86,,None,4144000000,4144000000,,,,,,,,,30649000000,766000000,None,2082000000,2082000000,965000000,None,2247000000,2995000000,None,None,841000000,,9.39,0.0281,,,,0.136,0.62,4848000000,5689000000,5.02,2015-12-31,15.17,14787000000,25198000000.0,10348000000,4868000000,1194000000,11641000000,11641000000,None,29000000,None,2435000000,None,None,29306000000,None,579000000,3674000000,None,None,None,0.342,,5500000000,4848000000,1703000000,5452000000,None,3281000000,None,,,,,1.05,18.7,4.984,,,,,,,,0.195,,4907000000,2025-10-29,annual,5.64,USD,post-market,2314000000,-2086000000,0.0771,0.817,0.124,66.89,2790000000,31429000000,2247000000,27238000000,297.4,320.66,12.3506,71576000000,38515000000,8664000000,43366000000,32934000000,34702000000,12430000000,28083000000,25.77,0,346.38,248.95
2025-12-28,AMGN,12.92,35970998000.0,25.77,None,0.447,17.86,,None,3731000000,3731000000,,,,,,,,,30410000000,770000000,None,2082000000,2082000000,995000000,None,500000000,2546000000,None,None,841000000,,9.39,0.0281,,,,0.136,0.62,4848000000,5689000000,5.02,2014-12-31,15.17,14788000000,25198000000.0,10348000000,4868000000,1194000000,12693000000,12693000000,None,29000000,None,2647000000,None,None,30215000000,None,522000000,3674000000,None,None,None,0.342,,5500000000,4848000000,2494000000,5513000000,None,2547000000,None,,,,,1.05,18.7,4.984,,,,,,,,0.195,,5223000000,2025-10-29,annual,5.64,USD,post-market,2314000000,-4624000000,0.0771,0.817,0.124,66.89,2790000000,30715000000,500000000,23295000000,297.4,320.66,12.3506,69009000000,34713000000,7008000000,43231000000,34296000000,36223000000,12430000000,25778000000,25.77,0,346.38,248.95
2025-12-28,AMGN,12.92,35970998000.0,25.77,None,0.447,17.86,,None,3805000000,3805000000,,,,,,,,,29891000000,765000000,None,2082000000,2082000000,787000000,None,None,2697000000,None,None,841000000,,9.39,0.0281,,,,0.136,0.62,4848000000,5689000000,5.02,2013-12-31,15.17,14968000000,25198000000.0,10348000000,4868000000,1194000000,13262000000,13262000000,None,29000000,None,3019000000,None,None,29623000000,None,None,3674000000,None,None,None,0.342,,5500000000,4848000000,2250000000,4655000000,None,6459000000,None,,,,,1.05,18.7,4.984,,,,,,,,0.195,,5349000000,2025-10-29,annual,5.64,USD,post-market,2314000000,-7634000000,0.0771,0.817,0.124,66.89,2790000000,32128000000,2505000000,15596000000,297.4,320.66,12.3506,66125000000,27367000000,7947000000,44029000000,38758000000,36082000000,12430000000,22096000000,25.77,0,346.38,248.95
2025-12-28,AMGN,12.92,35970998000.0,25.77,None,0.447,17.86,,None,3257000000,3257000000,,,,,,,,,29337000000,787000000,None,2082000000,2082000000,905000000,None,None,2518000000,None,None,841000000,,9.39,0.0281,,,,0.136,0.62,4848000000,5689000000,5.02,2012-12-31,15.17,12662000000,25198000000.0,10348000000,4868000000,1194000000,3968000000,3968000000,None,29000000,None,2744000000,None,None,24034000000,None,None,3674000000,None,None,None,0.342,,5500000000,4848000000,1886000000,4791000000,None,3013000000,None,,,,,1.05,18.7,4.984,,,,,,,,0.195,,5326000000,2025-10-29,annual,5.64,USD,post-market,2314000000,-10423000000,0.0771,0.817,0.124,66.89,2790000000,26529000000,2495000000,20804000000,297.4,320.66,12.3506,54298000000,31209000000,8191000000,35238000000,23089000000,27047000000,12430000000,19060000000,25.77,0,346.38,248.95
2025-12-28,AMGN,12.92,35970998000.0,25.77,None,0.447,17.86,,None,6946000000,6946000000,,,,,,,,,27777000000,912000000,None,2082000000,2082000000,642000000,None,None,2896000000,None,None,841000000,,9.39,0.0281,,,,0.136,0.62,4848000000,5689000000,5.02,2011-12-31,15.17,11750000000,25198000000.0,10348000000,4868000000,1194000000,2584000000,2584000000,None,29000000,None,2484000000,None,None,21344000000,None,None,3674000000,None,None,None,0.342,,5500000000,4848000000,1572000000,5028000000,None,2744000000,None,,,,,1.05,18.7,4.984,,,,,,,,0.195,,5420000000,2025-10-29,annual,5.64,USD,post-market,2314000000,-8919000000,0.0771,0.817,0.124,66.89,2790000000,21428000000,84000000,13695000000,297.4,320.66,12.3506,48871000000,27593000000,5754000000,29842000000,21278000000,24088000000,12430000000,19029000000,25.77,0,346.38,248.95
2025-12-28,AMGN,12.92,35970998000.0,25.77,None,0.447,17.86,,None,3287000000,3287000000,,,,,,,,,27299000000,965000000,None,2082000000,2082000000,716000000,None,None,2335000000,None,None,841000000,,9.39,0.0281,,,,0.136,0.62,4848000000,5689000000,5.02,2010-12-31,15.17,11334000000,25198000000.0,10348000000,4868000000,1194000000,2230000000,2230000000,None,29000000,None,2022000000,None,None,10874000000,None,None,3674000000,None,None,None,0.342,,5500000000,4848000000,1350000000,3366000000,None,2098000000,None,,,,,1.05,18.7,4.984,,,,,,,,0.195,,5522000000,2025-10-29,annual,5.64,USD,post-market,2314000000,-3508000000,0.0771,0.817,0.124,66.89,2790000000,13362000000,2488000000,14135000000,297.4,320.66,12.3506,43486000000,23129000000,6570000000,19542000000,20357000000,12972000000,12430000000,23944000000,25.77,0,346.38,248.95
2025-12-28,AMGN,12.92,35970998000.0,25.77,None,0.447,17.86,,None,2884000000,2884000000,,,,,,,,,26944000000,1021000000,None,2082000000,2082000000,574000000,None,None,2109000000,None,None,841000000,,9.39,0.0281,,,,0.136,0.62,4848000000,5689000000,5.02,2009-12-31,15.17,11335000000,25198000000.0,10348000000,4868000000,1194000000,7868000000,7868000000,None,29000000,None,2220000000,None,None,10601000000,None,None,3674000000,None,None,None,0.342,,5500000000,4848000000,1161000000,3299000000,None,2488000000,None,,,,,1.05,18.7,4.984,,,,,,,,0.195,,5738000000,2025-10-29,annual,5.64,USD,post-market,2314000000,-4322000000,0.0771,0.817,0.124,66.89,2790000000,10601000000,None,10558000000,297.4,320.66,12.3506,39629000000,18932000000,3873000000,16962000000,20697000000,13089000000,12430000000,22667000000,25.77,0,346.38,248.95
2025-12-28,AMGN,12.92,35970998000.0,25.77,None,0.447,17.86,,None,1774000000,1774000000,,,,,,,,,25527000000,1075000000,None,2082000000,2082000000,504000000,None,None,2073000000,None,None,841000000,,9.39,0.0281,,,,0.136,0.62,4848000000,5689000000,5.02,2008-12-31,15.17,11339000000,25198000000.0,10348000000,4868000000,1194000000,2988000000,2988000000,None,29000000,None,2075000000,None,None,9176000000,None,None,3674000000,None,None,None,0.342,,5500000000,4848000000,1521000000,3382000000,None,None,None,,,,,1.05,18.7,4.984,,,,,,,,0.195,,5879000000,2025-10-29,annual,5.64,USD,post-market,2314000000,-5258000000,0.0771,0.817,0.124,66.89,2790000000,10176000000,1000000000,7778000000,297.4,320.66,12.3506,36443000000,15221000000,4886000000,16057000000,21222000000,11171000000,12430000000,20386000000,25.77,None,346.38,248.95
2025-12-28,AMGN,12.92,35970998000.0,25.77,None,0.447,17.86,,None,2024000000,2024000000,,,,,,,,,24976000000,1123000000,None,2082000000,2082000000,378000000,None,None,2101000000,None,None,841000000,,9.39,0.0281,,,,0.136,0.62,4848000000,5689000000,5.02,2007-12-31,15.17,11240000000,25198000000.0,10348000000,4868000000,1194000000,3332000000,3332000000,None,29000000,None,2091000000,None,None,9177000000,None,None,3674000000,None,None,None,0.342,,5500000000,4848000000,1698000000,3801000000,None,None,None,,,,,1.05,18.7,4.984,,,,,,,,0.195,,5941000000,2025-10-29,annual,5.64,USD,post-market,2314000000,-7160000000,0.0771,0.817,0.124,66.89,2790000000,11177000000,2000000000,5127000000,297.4,320.66,12.3506,34639000000,13041000000,6179000000,16770000000,21598000000,10591000000,12430000000,17869000000,25.77,None,346.38,248.95
2025-12-28,AMGN,12.92,35970998000.0,25.77,None,0.447,17.86,,None,1283000000,1283000000,,,,,,,,,24155000000,1190000000,None,2082000000,2082000000,555000000,None,None,2124000000,None,None,841000000,,9.39,0.0281,,,,0.136,0.62,4848000000,5689000000,5.02,2006-12-31,15.17,11302000000,25198000000.0,10348000000,4868000000,1194000000,3747000000,3747000000,None,29000000,None,1903000000,None,None,7134000000,None,None,3674000000,None,None,None,0.342,,5500000000,4848000000,1408000000,4589000000,None,None,None,,,,,1.05,18.7,4.984,,,,,,,,0.195,,5921000000,2025-10-29,annual,5.64,USD,post-market,2314000000,-5203000000,0.0771,0.817,0.124,66.89,2790000000,9012000000,1878000000,4994000000,297.4,320.66,12.3506,33788000000,11712000000,7022000000,14824000000,22076000000,7802000000,12430000000,18964000000,25.77,None,346.38,248.95
2025-12-28,AMGN,12.92,35970998000.0,25.77,None,0.447,17.86,,None,1840000000,1840000000,,,,,,,,,23561000000,1258000000,None,2082000000,2082000000,596000000,None,None,1769000000,None,None,841000000,,9.39,0.0281,,,,0.136,0.62,4848000000,5689000000,5.02,2005-12-31,15.17,10495000000,25198000000.0,10348000000,4868000000,1194000000,14237000000,14237000000,None,29000000,None,1258000000,None,None,3957000000,None,None,3674000000,None,None,None,0.342,,5500000000,4848000000,953000000,2999000000,None,None,None,,,,,1.05,18.7,4.984,,,,,,,,0.195,,5038000000,2025-10-29,annual,5.64,USD,post-market,2314000000,-3132000000,0.0771,0.817,0.124,66.89,2790000000,3957000000,None,3415000000,297.4,320.66,12.3506,29297000000,9235000000,3595000000,8846000000,20062000000,5251000000,12430000000,20451000000,25.77,None,346.38,248.95
2025-12-28,AMGN,12.92,35970998000.0,25.77,None,0.447,17.86,436000000,None,1840000000,1840000000,-2853000000,-414000000,None,None,240000000,None,None,None,23561000000,1258000000,None,2082000000,2082000000,596000000,None,None,1769000000,None,None,841000000,1307000000,9.39,0.0281,1282000000,1282000000,None,0.136,0.62,4848000000,5689000000,5.02,2025-09-30,15.17,10495000000,25198000000.0,10348000000,4868000000,1194000000,14237000000,14237000000,None,29000000,None,1258000000,None,None,3957000000,None,None,3216000000,None,None,None,0.342,4684000000,5500000000,4848000000,953000000,2999000000,None,None,None,None,None,None,None,1.05,18.7,4.984,None,None,None,None,None,None,None,0.195,None,5038000000,2025-10-29,quarterly,5.64,USD,post-market,2314000000,-3132000000,0.0771,0.817,0.124,66.89,2790000000,3957000000,None,3415000000,297.4,320.66,12.3506,29297000000,9235000000,3595000000,8846000000,20062000000,5251000000,12430000000,20451000000,25.77,None,346.38,248.95
2025-12-28,AMGN,12.92,35970998000.0,25.77,None,0.447,17.86,369000000,None,1840000000,1840000000,-2673000000,-389000000,None,None,239000000,None,None,None,23561000000,1258000000,None,2082000000,2082000000,596000000,None,None,1769000000,None,None,841000000,1341000000,9.39,0.0281,1280000000,1280000000,None,0.136,0.62,4848000000,5689000000,5.02,2025-06-30,15.17,10495000000,25198000000.0,10348000000,4868000000,1194000000,14237000000,14237000000,None,29000000,None,1258000000,None,None,3957000000,None,None,1432000000,None,None,None,0.342,2280000000,5500000000,4848000000,953000000,2999000000,None,None,None,None,None,None,None,1.05,18.7,4.984,None,None,None,None,None,None,None,0.195,None,5038000000,2025-10-29,quarterly,5.64,USD,post-market,2314000000,-3132000000,0.0771,0.817,0.124,66.89,2790000000,3957000000,None,3415000000,297.4,320.66,12.3506,29297000000,9235000000,3595000000,8846000000,20062000000,5251000000,12430000000,20451000000,25.77,None,346.38,248.95
2025-12-28,AMGN,12.92,35970998000.0,25.77,None,0.447,17.86,411000000,None,1840000000,1840000000,-4107000000,-447000000,None,None,288000000,None,None,None,23561000000,1258000000,None,2082000000,2082000000,596000000,None,None,1769000000,None,None,841000000,1387000000,9.39,0.0281,1279000000,1279000000,None,0.136,0.62,4848000000,5689000000,5.02,2025-03-31,15.17,10495000000,25198000000.0,10348000000,4868000000,1194000000,14237000000,14237000000,None,29000000,None,1258000000,None,None,3957000000,None,None,1730000000,None,None,None,0.342,1391000000,5500000000,4848000000,953000000,2999000000,None,None,None,None,None,None,None,1.05,18.7,4.984,None,None,None,None,None,None,None,0.195,None,5038000000,2025-10-29,quarterly,5.64,USD,post-market,2314000000,-3132000000,0.0771,0.817,0.124,66.89,2790000000,3957000000,None,3415000000,297.4,320.66,12.3506,29297000000,9235000000,3595000000,8846000000,20062000000,5251000000,12430000000,20451000000,25.77,None,346.38,248.95
2025-12-28,AMGN,12.92,35970998000.0,25.77,None,0.447,17.86,371000000,None,1840000000,1840000000,-1407000000,-402000000,None,None,323000000,None,None,None,23561000000,1258000000,None,2082000000,2082000000,596000000,None,None,1769000000,None,None,841000000,1397000000,9.39,0.0281,1205000000,1205000000,None,0.136,0.62,4848000000,5689000000,5.02,2024-12-31,15.17,10495000000,25198000000.0,10348000000,4868000000,1194000000,14237000000,14237000000,None,29000000,None,1258000000,None,None,3957000000,None,None,627000000,None,None,None,0.342,4771000000,5500000000,4848000000,953000000,2999000000,None,None,None,None,None,None,None,1.05,18.7,4.984,None,None,None,None,None,-200000000,None,0.195,None,5038000000,2025-10-29,quarterly,5.64,USD,post-market,2314000000,-3132000000,0.0771,0.817,0.124,66.89,2790000000,3957000000,None,3415000000,297.4,320.66,12.3506,29297000000,9235000000,3595000000,8846000000,20062000000,5251000000,12430000000,20451000000,25.77,None,346.38,248.95
2025-12-28,AMGN,12.92,35970998000.0,25.77,None,0.447,17.86,257000000,None,1840000000,1840000000,-3651000000,-210000000,None,None,681000000,None,None,None,23561000000,1258000000,None,2082000000,2082000000,596000000,None,None,1769000000,None,None,841000000,1396000000,9.39,0.0281,1210000000,1210000000,None,0.136,0.62,4848000000,5689000000,5.02,2024-09-30,15.17,10495000000,25198000000.0,10348000000,4868000000,1194000000,14237000000,14237000000,None,29000000,None,1258000000,None,None,3957000000,None,None,2830000000,None,None,None,0.342,3571000000,5500000000,4848000000,953000000,2999000000,None,None,None,None,None,None,None,1.05,18.7,4.984,None,None,None,None,None,None,None,0.195,None,5038000000,2025-10-29,quarterly,5.64,USD,post-market,2314000000,-3132000000,0.0771,0.817,0.124,66.89,2790000000,3957000000,None,3415000000,297.4,320.66,12.3506,29297000000,9235000000,3595000000,8846000000,20062000000,5251000000,12430000000,20451000000,25.77,None,346.38,248.95
2025-12-28,AMGN,12.92,35970998000.0,25.77,None,0.447,17.86,238000000,None,1840000000,1840000000,-2649000000,-217000000,None,None,722000000,None,None,None,23561000000,1258000000,None,2082000000,2082000000,596000000,None,None,1769000000,None,None,841000000,1400000000,9.39,0.0281,1209000000,1209000000,None,0.136,0.62,4848000000,5689000000,5.02,2024-06-30,15.17,10495000000,25198000000.0,10348000000,4868000000,1194000000,14237000000,14237000000,None,29000000,None,1258000000,None,None,3957000000,None,None,746000000,None,None,None,0.342,2459000000,5500000000,4848000000,953000000,2999000000,None,None,None,None,None,None,None,1.05,18.7,4.984,None,None,None,None,None,None,None,0.195,None,5038000000,2025-10-29,quarterly,5.64,USD,post-market,2314000000,-3132000000,0.0771,0.817,0.124,66.89,2790000000,3957000000,None,3415000000,297.4,320.66,12.3506,29297000000,9235000000,3595000000,8846000000,20062000000,5251000000,12430000000,20451000000,25.77,None,346.38,248.95
2025-12-28,AMGN,12.92,35970998000.0,25.77,None,0.447,17.86,230000000,None,1840000000,1840000000,-1708000000,-217000000,None,None,806000000,None,None,None,23561000000,1258000000,None,2082000000,2082000000,596000000,None,None,1769000000,None,None,841000000,1399000000,9.39,0.0281,1208000000,1208000000,None,0.136,0.62,4848000000,5689000000,5.02,2024-03-31,15.17,10495000000,25198000000.0,10348000000,4868000000,1194000000,14237000000,14237000000,None,29000000,None,1258000000,None,None,3957000000,None,None,-113000000,None,None,None,0.342,689000000,5500000000,4848000000,953000000,2999000000,None,None,None,None,None,None,None,1.05,18.7,4.984,None,None,None,None,None,None,None,0.195,None,5038000000,2025-10-29,quarterly,5.64,USD,post-market,2314000000,-3132000000,0.0771,0.817,0.124,66.89,2790000000,3957000000,None,3415000000,297.4,320.66,12.3506,29297000000,9235000000,3595000000,8846000000,20062000000,5251000000,12430000000,20451000000,25.77,None,346.38,248.95
2025-12-28,AMGN,12.92,35970998000.0,25.77,None,0.447,17.86,249000000,None,1840000000,1840000000,2754000000,-27089000000,None,None,573000000,None,None,None,23561000000,1258000000,None,2082000000,2082000000,596000000,None,None,1769000000,None,None,841000000,1380000000,9.39,0.0281,1140000000,1140000000,None,0.136,0.62,4848000000,5689000000,5.02,2023-12-31,15.17,10495000000,25198000000.0,10348000000,4868000000,1194000000,14237000000,14237000000,None,29000000,None,1258000000,None,None,3957000000,None,None,767000000,None,None,None,0.342,538000000,5500000000,4848000000,953000000,2999000000,None,None,None,None,None,None,None,1.05,18.7,4.984,None,None,None,None,None,0,None,0.195,None,5038000000,2025-10-29,quarterly,5.64,USD,post-market,2314000000,-3132000000,0.0771,0.817,0.124,66.89,2790000000,3957000000,None,3415000000,297.4,320.66,12.3506,29297000000,9235000000,3595000000,8846000000,20062000000,5251000000,12430000000,20451000000,25.77,None,346.38,248.95
2025-12-28,AMGN,12.92,35970998000.0,25.77,None,0.447,17.86,248000000,None,1840000000,1840000000,-2005000000,-262000000,None,None,-54000000,None,None,None,23561000000,1258000000,None,2082000000,2082000000,596000000,None,None,1769000000,None,None,841000000,895000000,9.39,0.0281,1140000000,1140000000,None,0.136,0.62,4848000000,5689000000,5.02,2023-09-30,15.17,10495000000,25198000000.0,10348000000,4868000000,1194000000,14237000000,14237000000,None,29000000,None,1258000000,None,None,3957000000,None,None,1730000000,None,None,None,0.342,2760000000,5500000000,4848000000,953000000,2999000000,None,None,None,None,None,None,None,1.05,18.7,4.984,None,None,None,None,None,0,None,0.195,None,5038000000,2025-10-29,quarterly,5.64,USD,post-market,2314000000,-3132000000,0.0771,0.817,0.124,66.89,2790000000,3957000000,None,3415000000,297.4,320.66,12.3506,29297000000,9235000000,3595000000,8846000000,20062000000,5251000000,12430000000,20451000000,25.77,None,346.38,248.95
2025-12-28,AMGN,12.92,35970998000.0,25.77,None,0.447,17.86,271000000,None,1840000000,1840000000,-1210000000,-211000000,2688000000,None,30000000,None,None,-96000000,23561000000,1258000000,None,2082000000,2082000000,596000000,None,None,1769000000,None,None,841000000,896000000,9.39,0.0281,1139000000,1139000000,None,0.136,0.62,4848000000,5689000000,5.02,2023-06-30,15.17,10495000000,25198000000.0,10348000000,4868000000,1194000000,14237000000,14237000000,None,29000000,None,1258000000,None,None,3957000000,None,None,1379000000,None,None,None,0.342,4109000000,5500000000,4848000000,953000000,2999000000,None,None,None,None,None,None,None,1.05,18.7,4.984,None,None,None,None,None,0,None,0.195,None,5038000000,2025-10-29,quarterly,5.64,USD,post-market,2314000000,-3132000000,0.0771,0.817,0.124,66.89,2790000000,3957000000,None,3415000000,297.4,320.66,12.3506,29297000000,9235000000,3595000000,8846000000,20062000000,5251000000,12430000000,20451000000,25.77,None,346.38,248.95
2025-12-28,AMGN,12.92,35970998000.0,25.77,None,0.447,17.86,344000000,None,1840000000,1840000000,21509000000,1358000000,23931000000,None,-58000000,None,None,-144000000,23561000000,1258000000,None,2082000000,2082000000,596000000,None,None,1769000000,None,None,841000000,900000000,9.39,0.0281,1137000000,1137000000,None,0.136,0.62,4848000000,5689000000,5.02,2023-03-31,15.17,10495000000,25198000000.0,10348000000,4868000000,1194000000,14237000000,14237000000,None,29000000,None,1258000000,None,None,3957000000,None,None,2841000000,None,None,None,0.342,1064000000,5500000000,4848000000,953000000,2999000000,None,None,None,None,None,None,None,1.05,18.7,4.984,None,None,None,None,None,0,None,0.195,None,5038000000,2025-10-29,quarterly,5.64,USD,post-market,2314000000,-3132000000,0.0771,0.817,0.124,66.89,2790000000,3957000000,None,3415000000,297.4,320.66,12.3506,29297000000,9235000000,3595000000,8846000000,20062000000,5251000000,12430000000,20451000000,25.77,None,346.38,248.95
2025-12-28,AMGN,12.92,35970998000.0,25.77,None,0.447,17.86,340000000,None,1840000000,1840000000,-1049000000,-3473000000,-1873000000,None,-91000000,None,None,-180000000,23561000000,1258000000,None,2082000000,2082000000,596000000,None,None,1769000000,None,None,841000000,911000000,9.39,0.0281,1040000000,1040000000,None,0.136,0.62,4848000000,5689000000,5.02,2022-12-31,15.17,10495000000,25198000000.0,10348000000,4868000000,1194000000,14237000000,14237000000,None,29000000,None,1258000000,None,None,3957000000,None,None,1616000000,None,None,None,0.342,2649000000,5500000000,4848000000,953000000,2999000000,None,None,None,None,None,None,None,1.05,18.7,4.984,None,None,None,None,None,6360000000,None,0.195,None,5038000000,2025-10-29,quarterly,5.64,USD,post-market,2314000000,-3132000000,0.0771,0.817,0.124,66.89,2790000000,3957000000,None,3415000000,297.4,320.66,12.3506,29297000000,9235000000,3595000000,8846000000,20062000000,5251000000,12430000000,20451000000,25.77,None,346.38,248.95
2025-12-28,AMGN,12.92,35970998000.0,25.77,None,0.447,17.86,160000000,None,1840000000,1840000000,1588000000,-267000000,4299000000,None,-241000000,None,None,-62000000,23561000000,1258000000,None,2082000000,2082000000,596000000,None,None,1769000000,None,None,841000000,837000000,9.39,0.0281,1038000000,1038000000,None,0.136,0.62,4848000000,5689000000,5.02,2022-09-30,15.17,10495000000,25198000000.0,10348000000,4868000000,1194000000,14237000000,14237000000,None,29000000,None,1258000000,None,None,3957000000,None,None,2143000000,None,None,None,0.342,2978000000,5500000000,4848000000,953000000,2999000000,None,None,None,None,None,None,None,1.05,18.7,4.984,None,None,None,None,None,0,None,0.195,None,5038000000,2025-10-29,quarterly,5.64,USD,post-market,2314000000,-3132000000,0.0771,0.817,0.124,66.89,2790000000,3957000000,None,3415000000,297.4,320.66,12.3506,29297000000,9235000000,3595000000,8846000000,20062000000,5251000000,12430000000,20451000000,25.77,None,346.38,248.95
2025-12-28,AMGN,12.92,35970998000.0,25.77,None,0.447,17.86,246000000,None,1840000000,1840000000,-1062000000,-2193000000,-1325000000,None,-180000000,None,None,-309000000,23561000000,1258000000,None,2082000000,2082000000,596000000,None,None,1769000000,None,None,841000000,828000000,9.39,0.0281,1038000000,1038000000,None,0.136,0.62,4848000000,5689000000,5.02,2022-06-30,15.17,10495000000,25198000000.0,10348000000,4868000000,1194000000,14237000000,14237000000,None,29000000,None,1258000000,None,None,3957000000,None,None,1317000000,None,None,None,0.342,1930000000,5500000000,4848000000,953000000,2999000000,None,None,None,None,None,None,None,1.05,18.7,4.984,None,None,None,None,None,0,None,0.195,None,5038000000,2025-10-29,quarterly,5.64,USD,post-market,2314000000,-3132000000,0.0771,0.817,0.124,66.89,2790000000,3957000000,None,3415000000,297.4,320.66,12.3506,29297000000,9235000000,3595000000,8846000000,20062000000,5251000000,12430000000,20451000000,25.77,None,346.38,248.95
2025-12-28,AMGN,12.92,35970998000.0,25.77,None,0.447,17.86,190000000,None,1840000000,1840000000,-3514000000,-111000000,-1461000000,None,-230000000,None,None,-195000000,23561000000,1258000000,None,2082000000,2082000000,596000000,None,None,1769000000,None,None,841000000,841000000,9.39,0.0281,1080000000,1080000000,None,0.136,0.62,4848000000,5689000000,5.02,2022-03-31,15.17,10495000000,25198000000.0,10348000000,4868000000,1194000000,14237000000,14237000000,None,29000000,None,1258000000,None,None,3957000000,None,None,1476000000,None,None,None,0.342,2164000000,5500000000,4848000000,953000000,2999000000,None,None,None,None,None,None,None,1.05,18.7,4.984,None,None,None,None,None,-6360000000,None,0.195,None,5038000000,2025-10-29,quarterly,5.64,USD,post-market,2314000000,-3132000000,0.0771,0.817,0.124,66.89,2790000000,3957000000,None,3415000000,297.4,320.66,12.3506,29297000000,9235000000,3595000000,8846000000,20062000000,5251000000,12430000000,20451000000,25.77,None,346.38,248.95
2025-12-28,AMGN,12.92,35970998000.0,25.77,None,0.447,17.86,287000000,None,1840000000,1840000000,-6558000000,-230000000,-3980000000,None,50000000,None,None,-160000000,23561000000,1258000000,None,2082000000,2082000000,596000000,None,None,1769000000,None,None,841000000,852000000,9.39,0.0281,990000000,990000000,None,0.136,0.62,4848000000,5689000000,5.02,2021-12-31,15.17,10495000000,25198000000.0,10348000000,4868000000,1194000000,14237000000,14237000000,None,29000000,None,1258000000,None,None,3957000000,None,None,1899000000,None,None,None,0.342,2808000000,5500000000,4848000000,953000000,2999000000,None,None,None,None,None,None,None,1.05,18.7,4.984,None,None,None,None,None,-1443000000,None,0.195,None,5038000000,2025-10-29,quarterly,5.64,USD,post-market,2314000000,-3132000000,0.0771,0.817,0.124,66.89,2790000000,3957000000,None,3415000000,297.4,320.66,12.3506,29297000000,9235000000,3595000000,8846000000,20062000000,5251000000,12430000000,20451000000,25.77,None,346.38,248.95
2025-12-28,AMGN,12.92,35970998000.0,25.77,None,0.447,17.86,242000000,None,1840000000,1840000000,2848000000,73000000,5339000000,None,-48000000,None,None,-304000000,23561000000,1258000000,None,2082000000,2082000000,596000000,None,None,1769000000,None,None,841000000,850000000,9.39,0.0281,999000000,999000000,None,0.136,0.62,4848000000,5689000000,5.02,2021-09-30,15.17,10495000000,25198000000.0,10348000000,4868000000,1194000000,14237000000,14237000000,None,29000000,None,1258000000,None,None,3957000000,None,None,1884000000,None,None,None,0.342,2418000000,5500000000,4848000000,953000000,2999000000,None,None,None,None,None,None,None,1.05,18.7,4.984,None,None,None,None,None,-1080000000,None,0.195,None,5038000000,2025-10-29,quarterly,5.64,USD,post-market,2314000000,-3132000000,0.0771,0.817,0.124,66.89,2790000000,3957000000,None,3415000000,297.4,320.66,12.3506,29297000000,9235000000,3595000000,8846000000,20062000000,5251000000,12430000000,20451000000,25.77,None,346.38,248.95
2025-12-28,AMGN,12.92,35970998000.0,25.77,None,0.447,17.86,185000000,None,1840000000,1840000000,-2622000000,1209000000,518000000,None,-41000000,None,None,-56000000,23561000000,1258000000,None,2082000000,2082000000,596000000,None,None,1769000000,None,None,841000000,855000000,9.39,0.0281,1008000000,1008000000,None,0.136,0.62,4848000000,5689000000,5.02,2021-06-30,15.17,10495000000,25198000000.0,10348000000,4868000000,1194000000,14237000000,14237000000,None,29000000,None,1258000000,None,None,3957000000,None,None,464000000,None,None,None,0.342,1931000000,5500000000,4848000000,953000000,2999000000,None,None,None,None,None,None,None,1.05,18.7,4.984,None,None,None,None,None,-1581000000,None,0.195,None,5038000000,2025-10-29,quarterly,5.64,USD,post-market,2314000000,-3132000000,0.0771,0.817,0.124,66.89,2790000000,3957000000,None,3415000000,297.4,320.66,12.3506,29297000000,9235000000,3595000000,8846000000,20062000000,5251000000,12430000000,20451000000,25.77,None,346.38,248.95
2025-12-28,AMGN,12.92,35970998000.0,25.77,None,0.447,17.86,166000000,None,1840000000,1840000000,-1939000000,-319000000,-154000000,None,-126000000,None,None,91000000,23561000000,1258000000,None,2082000000,2082000000,596000000,None,None,1769000000,None,None,841000000,841000000,9.39,0.0281,1016000000,1016000000,None,0.136,0.62,4848000000,5689000000,5.02,2021-03-31,15.17,10495000000,25198000000.0,10348000000,4868000000,1194000000,14237000000,14237000000,None,29000000,None,1258000000,None,None,3957000000,None,None,1646000000,None,None,None,0.342,2104000000,5500000000,4848000000,953000000,2999000000,None,None,None,None,None,None,None,1.05,18.7,4.984,None,None,None,None,None,-871000000,None,0.195,None,5038000000,2025-10-29,quarterly,5.64,USD,post-market,2314000000,-3132000000,0.0771,0.817,0.124,66.89,2790000000,3957000000,None,3415000000,297.4,320.66,12.3506,29297000000,9235000000,3595000000,8846000000,20062000000,5251000000,12430000000,20451000000,25.77,None,346.38,248.95
2025-12-28,AMGN,12.92,35970998000.0,25.77,None,0.447,17.86,173000000,None,1840000000,1840000000,-3590000000,-1384000000,-2821000000,None,101000000,None,None,-396000000,23561000000,1258000000,None,2082000000,2082000000,596000000,None,None,1769000000,None,None,841000000,873000000,9.39,0.0281,932000000,932000000,None,0.136,0.62,4848000000,5689000000,5.02,2020-12-31,15.17,10495000000,25198000000.0,10348000000,4868000000,1194000000,14237000000,14237000000,None,29000000,None,1258000000,None,None,3957000000,None,None,1615000000,None,None,None,0.342,2153000000,5500000000,4848000000,953000000,2999000000,None,None,None,None,None,None,None,1.05,18.7,4.984,None,None,None,None,None,-1205000000,None,0.195,None,5038000000,2025-10-29,quarterly,5.64,USD,post-market,2314000000,-3132000000,0.0771,0.817,0.124,66.89,2790000000,3957000000,None,3415000000,297.4,320.66,12.3506,29297000000,9235000000,3595000000,8846000000,20062000000,5251000000,12430000000,20451000000,25.77,None,346.38,248.95
2025-12-28,AMGN,12.92,35970998000.0,25.77,None,0.447,17.86,135000000,None,1840000000,1840000000,-1798000000,-1628000000,-58000000,None,-90000000,None,None,1146000000,23561000000,1258000000,None,2082000000,2082000000,596000000,None,None,1769000000,None,None,841000000,901000000,9.39,0.0281,936000000,936000000,None,0.136,0.62,4848000000,5689000000,5.02,2020-09-30,15.17,10495000000,25198000000.0,10348000000,4868000000,1194000000,14237000000,14237000000,None,29000000,None,1258000000,None,None,3957000000,None,None,2021000000,None,None,None,0.342,3368000000,5500000000,4848000000,953000000,2999000000,None,None,None,None,None,None,None,1.05,18.7,4.984,None,None,None,None,None,-765000000,None,0.195,None,5038000000,2025-10-29,quarterly,5.64,USD,post-market,2314000000,-3132000000,0.0771,0.817,0.124,66.89,2790000000,3957000000,None,3415000000,297.4,320.66,12.3506,29297000000,9235000000,3595000000,8846000000,20062000000,5251000000,12430000000,20451000000,25.77,None,346.38,248.95
2025-12-28,AMGN,12.92,35970998000.0,25.77,None,0.447,17.86,158000000,None,1840000000,1840000000,775000000,-2159000000,1458000000,None,-113000000,None,None,-222000000,23561000000,1258000000,None,2082000000,2082000000,596000000,None,None,1769000000,None,None,841000000,930000000,9.39,0.0281,942000000,942000000,None,0.136,0.62,4848000000,5689000000,5.02,2020-06-30,15.17,10495000000,25198000000.0,10348000000,4868000000,1194000000,14237000000,14237000000,None,29000000,None,1258000000,None,None,3957000000,None,None,1803000000,None,None,None,0.342,2842000000,5500000000,4848000000,953000000,2999000000,None,None,None,None,None,None,None,1.05,18.7,4.984,None,None,None,None,None,-555000000,None,0.195,None,5038000000,2025-10-29,quarterly,5.64,USD,post-market,2314000000,-3132000000,0.0771,0.817,0.124,66.89,2790000000,3957000000,None,3415000000,297.4,320.66,12.3506,29297000000,9235000000,3595000000,8846000000,20062000000,5251000000,12430000000,20451000000,25.77,None,346.38,248.95
2025-12-28,AMGN,12.92,35970998000.0,25.77,None,0.447,17.86,142000000,None,1840000000,1840000000,-254000000,-230000000,1650000000,None,-113000000,None,None,-955000000,23561000000,1258000000,None,2082000000,2082000000,596000000,None,None,1769000000,None,None,841000000,897000000,9.39,0.0281,945000000,945000000,None,0.136,0.62,4848000000,5689000000,5.02,2020-03-31,15.17,10495000000,25198000000.0,10348000000,4868000000,1194000000,14237000000,14237000000,None,29000000,None,1258000000,None,None,3957000000,None,None,1825000000,None,None,None,0.342,2134000000,5500000000,4848000000,953000000,2999000000,None,None,None,None,None,None,None,1.05,18.7,4.984,None,None,None,None,None,-961000000,None,0.195,None,5038000000,2025-10-29,quarterly,5.64,USD,post-market,2314000000,-3132000000,0.0771,0.817,0.124,66.89,2790000000,3957000000,None,3415000000,297.4,320.66,12.3506,29297000000,9235000000,3595000000,8846000000,20062000000,5251000000,12430000000,20451000000,25.77,None,346.38,248.95
2025-12-28,AMGN,12.92,35970998000.0,25.77,None,0.447,17.86,188000000,None,1840000000,1840000000,-1929000000,-5963000000,-5378000000,None,35000000,None,None,-441000000,23561000000,1258000000,None,2082000000,2082000000,596000000,None,None,1769000000,None,None,841000000,702000000,9.39,0.0281,860000000,860000000,None,0.136,0.62,4848000000,5689000000,5.02,2019-12-31,15.17,10495000000,25198000000.0,10348000000,4868000000,1194000000,14237000000,14237000000,None,29000000,None,1258000000,None,None,3957000000,None,None,1703000000,None,None,None,0.342,2514000000,5500000000,4848000000,953000000,2999000000,None,None,None,None,None,None,None,1.05,18.7,4.984,None,None,None,None,None,-1094000000,None,0.195,None,5038000000,2025-10-29,quarterly,5.64,USD,post-market,2314000000,-3132000000,0.0771,0.817,0.124,66.89,2790000000,3957000000,None,3415000000,297.4,320.66,12.3506,29297000000,9235000000,3595000000,8846000000,20062000000,5251000000,12430000000,20451000000,25.77,None,346.38,248.95
2025-12-28,AMGN,12.92,35970998000.0,25.77,None,0.447,17.86,170000000,None,1840000000,1840000000,-2859000000,5372000000,5890000000,None,17000000,None,None,165000000,23561000000,1258000000,None,2082000000,2082000000,596000000,None,None,1769000000,None,None,841000000,508000000,9.39,0.0281,868000000,868000000,None,0.136,0.62,4848000000,5689000000,5.02,2019-09-30,15.17,10495000000,25198000000.0,10348000000,4868000000,1194000000,14237000000,14237000000,None,29000000,None,1258000000,None,None,3957000000,None,None,1968000000,None,None,None,0.342,3377000000,5500000000,4848000000,953000000,2999000000,None,None,None,None,None,None,None,1.05,18.7,4.984,None,None,None,None,None,-1161000000,None,0.195,None,5038000000,2025-10-29,quarterly,5.64,USD,post-market,2314000000,-3132000000,0.0771,0.817,0.124,66.89,2790000000,3957000000,None,3415000000,297.4,320.66,12.3506,29297000000,9235000000,3595000000,8846000000,20062000000,5251000000,12430000000,20451000000,25.77,None,346.38,248.95
2025-12-28,AMGN,12.92,35970998000.0,25.77,None,0.447,17.86,144000000,None,1840000000,1840000000,-5992000000,2745000000,-1833000000,None,-90000000,None,None,-21000000,23561000000,1258000000,None,2082000000,2082000000,596000000,None,None,1769000000,None,None,841000000,501000000,9.39,0.0281,880000000,880000000,None,0.136,0.62,4848000000,5689000000,5.02,2019-06-30,15.17,10495000000,25198000000.0,10348000000,4868000000,1194000000,14237000000,14237000000,None,29000000,None,1258000000,None,None,3957000000,None,None,2179000000,None,None,None,0.342,1414000000,5500000000,4848000000,953000000,2999000000,None,None,None,None,None,None,None,1.05,18.7,4.984,None,None,None,None,None,-2415000000,None,0.195,None,5038000000,2025-10-29,quarterly,5.64,USD,post-market,2314000000,-3132000000,0.0771,0.817,0.124,66.89,2790000000,3957000000,None,3415000000,297.4,320.66,12.3506,29297000000,9235000000,3595000000,8846000000,20062000000,5251000000,12430000000,20451000000,25.77,None,346.38,248.95
2025-12-28,AMGN,12.92,35970998000.0,25.77,None,0.447,17.86,116000000,None,1840000000,1840000000,-4987000000,3555000000,413000000,None,-28000000,None,None,-207000000,23561000000,1258000000,None,2082000000,2082000000,596000000,None,None,1769000000,None,None,841000000,495000000,9.39,0.0281,901000000,901000000,None,0.136,0.62,4848000000,5689000000,5.02,2019-03-31,15.17,10495000000,25198000000.0,10348000000,4868000000,1194000000,14237000000,14237000000,None,29000000,None,1258000000,None,None,3957000000,None,None,1992000000,None,None,None,0.342,1845000000,5500000000,4848000000,953000000,2999000000,None,None,None,None,None,None,None,1.05,18.7,4.984,None,None,None,None,None,-3032000000,None,0.195,None,5038000000,2025-10-29,quarterly,5.64,USD,post-market,2314000000,-3132000000,0.0771,0.817,0.124,66.89,2790000000,3957000000,None,3415000000,297.4,320.66,12.3506,29297000000,9235000000,3595000000,8846000000,20062000000,5251000000,12430000000,20451000000,25.77,None,346.38,248.95
2025-12-28,AMGN,12.92,35970998000.0,25.77,None,0.447,17.86,225000000,None,1840000000,1840000000,-3568000000,-4637000000,-5011000000,None,90000000,None,None,-144000000,23561000000,1258000000,None,2082000000,2082000000,596000000,None,None,1769000000,None,None,841000000,490000000,9.39,0.0281,840000000,840000000,None,0.136,0.62,4848000000,5689000000,5.02,2018-12-31,15.17,10495000000,25198000000.0,10348000000,4868000000,1194000000,14237000000,14237000000,None,29000000,None,1258000000,None,None,3957000000,None,None,1928000000,None,None,None,0.342,3194000000,5500000000,4848000000,953000000,2999000000,None,None,None,None,None,None,None,1.05,18.7,4.984,None,None,None,None,None,-2124000000,None,0.195,None,5038000000,2025-10-29,quarterly,5.64,USD,post-market,2314000000,-3132000000,0.0771,0.817,0.124,66.89,2790000000,3957000000,None,3415000000,297.4,320.66,12.3506,29297000000,9235000000,3595000000,8846000000,20062000000,5251000000,12430000000,20451000000,25.77,None,346.38,248.95
2025-12-28,AMGN,12.92,35970998000.0,25.77,None,0.447,17.86,171000000,None,1840000000,1840000000,-2580000000,1132000000,1825000000,None,42000000,None,None,114000000,23561000000,1258000000,None,2082000000,2082000000,596000000,None,None,1769000000,None,None,841000000,501000000,9.39,0.0281,851000000,851000000,None,0.136,0.62,4848000000,5689000000,5.02,2018-09-30,15.17,10495000000,25198000000.0,10348000000,4868000000,1194000000,14237000000,14237000000,None,29000000,None,1258000000,None,None,3957000000,None,None,1859000000,None,None,None,0.342,3273000000,5500000000,4848000000,953000000,2999000000,None,None,None,None,None,None,None,1.05,18.7,4.984,None,None,None,None,None,-1729000000,None,0.195,None,5038000000,2025-10-29,quarterly,5.64,USD,post-market,2314000000,-3132000000,0.0771,0.817,0.124,66.89,2790000000,3957000000,None,3415000000,297.4,320.66,12.3506,29297000000,9235000000,3595000000,8846000000,20062000000,5251000000,12430000000,20451000000,25.77,None,346.38,248.95
2025-12-28,AMGN,12.92,35970998000.0,25.77,None,0.447,17.86,187000000,None,1840000000,1840000000,-4650000000,2938000000,390000000,None,-28000000,None,None,36000000,23561000000,1258000000,None,2082000000,2082000000,596000000,None,None,1769000000,None,None,841000000,484000000,9.39,0.0281,865000000,865000000,None,0.136,0.62,4848000000,5689000000,5.02,2018-06-30,15.17,10495000000,25198000000.0,10348000000,4868000000,1194000000,14237000000,14237000000,None,29000000,None,1258000000,None,None,3957000000,None,None,2296000000,None,None,None,0.342,2102000000,5500000000,4848000000,953000000,2999000000,None,None,None,None,None,None,None,1.05,18.7,4.984,None,None,None,None,None,-3244000000,None,0.195,None,5038000000,2025-10-29,quarterly,5.64,USD,post-market,2314000000,-3132000000,0.0771,0.817,0.124,66.89,2790000000,3957000000,None,3415000000,297.4,320.66,12.3506,29297000000,9235000000,3595000000,8846000000,20062000000,5251000000,12430000000,20451000000,25.77,None,346.38,248.95
2025-12-28,AMGN,12.92,35970998000.0,25.77,None,0.447,17.86,155000000,None,1840000000,1840000000,-11692000000,14906000000,5941000000,None,-107000000,None,None,-384000000,23561000000,1258000000,None,2082000000,2082000000,596000000,None,None,1769000000,None,None,841000000,471000000,9.39,0.0281,951000000,951000000,None,0.136,0.62,4848000000,5689000000,5.02,2018-03-31,15.17,10495000000,25198000000.0,10348000000,4868000000,1194000000,14237000000,14237000000,None,29000000,None,1258000000,None,None,3957000000,None,None,2311000000,None,None,None,0.342,2727000000,5500000000,4848000000,953000000,2999000000,None,None,None,None,None,None,None,1.05,18.7,4.984,None,None,None,None,None,-10697000000,None,0.195,None,5038000000,2025-10-29,quarterly,5.64,USD,post-market,2314000000,-3132000000,0.0771,0.817,0.124,66.89,2790000000,3957000000,None,3415000000,297.4,320.66,12.3506,29297000000,9235000000,3595000000,8846000000,20062000000,5251000000,12430000000,20451000000,25.77,None,346.38,248.95
2025-12-28,AMGN,12.92,35970998000.0,25.77,None,0.447,17.86,153000000,None,1840000000,1840000000,-2134000000,-78000000,800000000,None,187000000,None,None,171000000,23561000000,1258000000,None,2082000000,2082000000,596000000,None,None,1769000000,None,None,841000000,449000000,9.39,0.0281,834000000,834000000,None,0.136,0.62,4848000000,5689000000,5.02,2017-12-31,15.17,10495000000,25198000000.0,10348000000,4868000000,1194000000,14237000000,14237000000,None,29000000,None,1258000000,None,None,3957000000,None,None,-4264000000,None,None,None,0.342,3012000000,5500000000,4848000000,953000000,2999000000,None,None,None,None,None,None,None,1.05,18.7,4.984,None,None,None,None,None,-789000000,None,0.195,None,5038000000,2025-10-29,quarterly,5.64,USD,post-market,2314000000,-3132000000,0.0771,0.817,0.124,66.89,2790000000,3957000000,None,3415000000,297.4,320.66,12.3506,29297000000,9235000000,3595000000,8846000000,20062000000,5251000000,12430000000,20451000000,25.77,None,346.38,248.95
2025-12-28,AMGN,12.92,35970998000.0,25.77,None,0.447,17.86,158000000,None,1840000000,1840000000,-1107000000,-1976000000,371000000,None,36000000,None,None,162000000,23561000000,1258000000,None,2082000000,2082000000,596000000,None,None,1769000000,None,None,841000000,464000000,9.39,0.0281,838000000,838000000,None,0.136,0.62,4848000000,5689000000,5.02,2017-09-30,15.17,10495000000,25198000000.0,10348000000,4868000000,1194000000,14237000000,14237000000,None,29000000,None,1258000000,None,None,3957000000,None,None,2021000000,None,None,None,0.342,3454000000,5500000000,4848000000,953000000,2999000000,None,None,None,None,None,None,None,1.05,18.7,4.984,None,None,None,None,None,-809000000,None,0.195,None,5038000000,2025-10-29,quarterly,5.64,USD,post-market,2314000000,-3132000000,0.0771,0.817,0.124,66.89,2790000000,3957000000,None,3415000000,297.4,320.66,12.3506,29297000000,9235000000,3595000000,8846000000,20062000000,5251000000,12430000000,20451000000,25.77,None,346.38,248.95
2025-12-28,AMGN,12.92,35970998000.0,25.77,None,0.447,17.86,185000000,None,1840000000,1840000000,-1242000000,-1813000000,-729000000,None,35000000,None,None,-344000000,23561000000,1258000000,None,2082000000,2082000000,596000000,None,None,1769000000,None,None,841000000,518000000,9.39,0.0281,846000000,846000000,None,0.136,0.62,4848000000,5689000000,5.02,2017-06-30,15.17,10495000000,25198000000.0,10348000000,4868000000,1194000000,14237000000,14237000000,None,29000000,None,1258000000,None,None,3957000000,None,None,2151000000,None,None,None,0.342,2326000000,5500000000,4848000000,953000000,2999000000,None,None,None,None,None,None,None,1.05,18.7,4.984,None,None,None,None,None,-976000000,None,0.195,None,5038000000,2025-10-29,quarterly,5.64,USD,post-market,2314000000,-3132000000,0.0771,0.817,0.124,66.89,2790000000,3957000000,None,3415000000,297.4,320.66,12.3506,29297000000,9235000000,3595000000,8846000000,20062000000,5251000000,12430000000,20451000000,25.77,None,346.38,248.95
2025-12-28,AMGN,12.92,35970998000.0,25.77,None,0.447,17.86,168000000,None,1840000000,1840000000,-2111000000,-157000000,117000000,None,-125000000,None,None,-47000000,23561000000,1258000000,None,2082000000,2082000000,596000000,None,None,1769000000,None,None,841000000,524000000,9.39,0.0281,847000000,847000000,None,0.136,0.62,4848000000,5689000000,5.02,2017-03-31,15.17,10495000000,25198000000.0,10348000000,4868000000,1194000000,14237000000,14237000000,None,29000000,None,1258000000,None,None,3957000000,None,None,2071000000,None,None,None,0.342,2385000000,5500000000,4848000000,953000000,2999000000,None,None,None,None,None,None,None,1.05,18.7,4.984,None,None,None,None,None,-586000000,None,0.195,None,5038000000,2025-10-29,quarterly,5.64,USD,post-market,2314000000,-3132000000,0.0771,0.817,0.124,66.89,2790000000,3957000000,None,3415000000,297.4,320.66,12.3506,29297000000,9235000000,3595000000,8846000000,20062000000,5251000000,12430000000,20451000000,25.77,None,346.38,248.95
2025-12-28,AMGN,12.92,35970998000.0,25.77,None,0.447,17.86,326000000,None,1840000000,1840000000,-2122000000,-1222000000,-244000000,None,45000000,None,None,-22000000,23561000000,1258000000,None,2082000000,2082000000,596000000,None,None,1769000000,None,None,841000000,559000000,9.39,0.0281,747000000,747000000,None,0.136,0.62,4848000000,5689000000,5.02,2016-12-31,15.17,10495000000,25198000000.0,10348000000,4868000000,1194000000,14237000000,14237000000,None,29000000,None,1258000000,None,None,3957000000,None,None,1935000000,None,None,None,0.342,3100000000,5500000000,4848000000,953000000,2999000000,None,None,None,None,None,None,None,1.05,18.7,4.984,None,None,None,None,None,-983000000,None,0.195,None,5038000000,2025-10-29,quarterly,5.64,USD,post-market,2314000000,-3132000000,0.0771,0.817,0.124,66.89,2790000000,3957000000,None,3415000000,297.4,320.66,12.3506,29297000000,9235000000,3595000000,8846000000,20062000000,5251000000,12430000000,20451000000,25.77,None,346.38,248.95
2025-12-28,AMGN,12.92,35970998000.0,25.77,None,0.447,17.86,68000000,None,1840000000,1840000000,582000000,-2389000000,855000000,None,31000000,None,None,-73000000,23561000000,1258000000,None,2082000000,2082000000,596000000,None,None,1769000000,None,None,841000000,503000000,9.39,0.0281,747000000,747000000,None,0.136,0.62,4848000000,5689000000,5.02,2016-09-30,15.17,10495000000,25198000000.0,10348000000,4868000000,1194000000,14237000000,14237000000,None,29000000,None,1258000000,None,None,3957000000,None,None,2017000000,None,None,None,0.342,2662000000,5500000000,4848000000,953000000,2999000000,None,None,None,None,None,None,None,1.05,18.7,4.984,None,None,None,None,None,-764000000,None,0.195,None,5038000000,2025-10-29,quarterly,5.64,USD,post-market,2314000000,-3132000000,0.0771,0.817,0.124,66.89,2790000000,3957000000,None,3415000000,297.4,320.66,12.3506,29297000000,9235000000,3595000000,8846000000,20062000000,5251000000,12430000000,20451000000,25.77,None,346.38,248.95
2025-12-28,AMGN,12.92,35970998000.0,25.77,None,0.447,17.86,287000000,None,1840000000,1840000000,-2286000000,-657000000,-266000000,None,-23000000,None,None,-21000000,23561000000,1258000000,None,2082000000,2082000000,596000000,None,None,1769000000,None,None,841000000,522000000,9.39,0.0281,752000000,752000000,None,0.136,0.62,4848000000,5689000000,5.02,2016-06-30,15.17,10495000000,25198000000.0,10348000000,4868000000,1194000000,14237000000,14237000000,None,29000000,None,1258000000,None,None,3957000000,None,None,1870000000,None,None,None,0.342,2677000000,5500000000,4848000000,953000000,2999000000,None,None,None,None,None,None,None,1.05,18.7,4.984,None,None,None,None,None,-542000000,None,0.195,None,5038000000,2025-10-29,quarterly,5.64,USD,post-market,2314000000,-3132000000,0.0771,0.817,0.124,66.89,2790000000,3957000000,None,3415000000,297.4,320.66,12.3506,29297000000,9235000000,3595000000,8846000000,20062000000,5251000000,12430000000,20451000000,25.77,None,346.38,248.95
2025-12-28,AMGN,12.92,35970998000.0,25.77,None,0.447,17.86,156000000,None,1840000000,1840000000,1227000000,-4390000000,-1248000000,None,-133000000,None,None,-98000000,23561000000,1258000000,None,2082000000,2082000000,596000000,None,None,1769000000,None,None,841000000,521000000,9.39,0.0281,752000000,752000000,None,0.136,0.62,4848000000,5689000000,5.02,2016-03-31,15.17,10495000000,25198000000.0,10348000000,4868000000,1194000000,14237000000,14237000000,None,29000000,None,1258000000,None,None,3957000000,None,None,1900000000,None,None,None,0.342,1915000000,5500000000,4848000000,953000000,2999000000,None,None,None,None,None,None,None,1.05,18.7,4.984,None,None,None,None,None,-676000000,None,0.195,None,5038000000,2025-10-29,quarterly,5.64,USD,post-market,2314000000,-3132000000,0.0771,0.817,0.124,66.89,2790000000,3957000000,None,3415000000,297.4,320.66,12.3506,29297000000,9235000000,3595000000,8846000000,20062000000,5251000000,12430000000,20451000000,25.77,None,346.38,248.95
2025-12-28,AMGN,12.92,35970998000.0,25.77,None,0.447,17.86,205000000,None,1840000000,1840000000,-909000000,-233000000,918000000,None,197000000,None,None,-118000000,23561000000,1258000000,None,2082000000,2082000000,596000000,None,None,1769000000,None,None,841000000,542000000,9.39,0.0281,596000000,596000000,None,0.136,0.62,4848000000,5689000000,5.02,2015-12-31,15.17,10495000000,25198000000.0,10348000000,4868000000,1194000000,14237000000,14237000000,None,29000000,None,1258000000,None,None,3957000000,None,None,1800000000,None,None,None,0.342,2060000000,5500000000,4848000000,953000000,2999000000,None,None,None,None,None,None,None,1.05,18.7,4.984,None,None,None,None,None,-190000000,None,0.195,None,5038000000,2025-10-29,quarterly,5.64,USD,post-market,2314000000,-3132000000,0.0771,0.817,0.124,66.89,2790000000,3957000000,None,3415000000,297.4,320.66,12.3506,29297000000,9235000000,3595000000,8846000000,20062000000,5251000000,12430000000,20451000000,25.77,None,346.38,248.95
2025-12-28,AMGN,12.92,35970998000.0,25.77,None,0.447,17.86,193000000,None,1840000000,1840000000,-1440000000,-2003000000,-569000000,None,88000000,None,None,-103000000,23561000000,1258000000,None,2082000000,2082000000,596000000,None,None,1769000000,None,None,841000000,523000000,9.39,0.0281,599000000,599000000,None,0.136,0.62,4848000000,5689000000,5.02,2015-09-30,15.17,10495000000,25198000000.0,10348000000,4868000000,1194000000,14237000000,14237000000,None,29000000,None,1258000000,None,None,3957000000,None,None,1863000000,None,None,None,0.342,2874000000,5500000000,4848000000,953000000,2999000000,None,None,None,None,None,None,None,1.05,18.7,4.984,None,None,None,None,None,-748000000,None,0.195,None,5038000000,2025-10-29,quarterly,5.64,USD,post-market,2314000000,-3132000000,0.0771,0.817,0.124,66.89,2790000000,3957000000,None,3415000000,297.4,320.66,12.3506,29297000000,9235000000,3595000000,8846000000,20062000000,5251000000,12430000000,20451000000,25.77,None,346.38,248.95
2025-12-28,AMGN,12.92,35970998000.0,25.77,None,0.447,17.86,133000000,None,1840000000,1840000000,476000000,-2359000000,931000000,None,145000000,None,None,-190000000,23561000000,1258000000,None,2082000000,2082000000,596000000,None,None,1769000000,None,None,841000000,519000000,9.39,0.0281,602000000,602000000,None,0.136,0.62,4848000000,5689000000,5.02,2015-06-30,15.17,10495000000,25198000000.0,10348000000,4868000000,1194000000,14237000000,14237000000,None,29000000,None,1258000000,None,None,3957000000,None,None,1653000000,None,None,None,0.342,2814000000,5500000000,4848000000,953000000,2999000000,None,None,None,None,None,None,None,1.05,18.7,4.984,None,None,None,None,None,-476000000,None,0.195,None,5038000000,2025-10-29,quarterly,5.64,USD,post-market,2314000000,-3132000000,0.0771,0.817,0.124,66.89,2790000000,3957000000,None,3415000000,297.4,320.66,12.3506,29297000000,9235000000,3595000000,8846000000,20062000000,5251000000,12430000000,20451000000,25.77,None,346.38,248.95
2025-12-28,AMGN,12.92,35970998000.0,25.77,None,0.447,17.86,118000000,None,1840000000,1840000000,-1244000000,-952000000,-867000000,None,51000000,None,None,-9000000,23561000000,1258000000,None,2082000000,2082000000,596000000,None,None,1769000000,None,None,841000000,524000000,9.39,0.0281,599000000,599000000,None,0.136,0.62,4848000000,5689000000,5.02,2015-03-31,15.17,10495000000,25198000000.0,10348000000,4868000000,1194000000,14237000000,14237000000,None,29000000,None,1258000000,None,None,3957000000,None,None,1623000000,None,None,None,0.342,1329000000,5500000000,4848000000,953000000,2999000000,None,None,None,None,None,None,None,1.05,18.7,4.984,None,None,None,None,None,-464000000,None,0.195,None,5038000000,2025-10-29,quarterly,5.64,USD,post-market,2314000000,-3132000000,0.0771,0.817,0.124,66.89,2790000000,3957000000,None,3415000000,297.4,320.66,12.3506,29297000000,9235000000,3595000000,8846000000,20062000000,5251000000,12430000000,20451000000,25.77,None,346.38,248.95
2025-12-28,AMGN,12.92,35970998000.0,25.77,None,0.447,17.86,338000000,None,1840000000,1840000000,-2765000000,374000000,54000000,None,228000000,None,None,-209000000,23561000000,1258000000,None,2082000000,2082000000,596000000,None,None,1769000000,None,None,841000000,525000000,9.39,0.0281,464000000,464000000,None,0.136,0.62,4848000000,5689000000,5.02,2014-12-31,15.17,10495000000,25198000000.0,10348000000,4868000000,1194000000,14237000000,14237000000,None,29000000,None,1258000000,None,None,3957000000,None,None,1294000000,None,None,None,0.342,2445000000,5500000000,4848000000,953000000,2999000000,None,None,None,None,None,None,None,1.05,18.7,4.984,None,None,None,None,None,-138000000,None,0.195,None,5038000000,2025-10-29,quarterly,5.64,USD,post-market,2314000000,-3132000000,0.0771,0.817,0.124,66.89,2790000000,3957000000,None,3415000000,297.4,320.66,12.3506,29297000000,9235000000,3595000000,8846000000,20062000000,5251000000,12430000000,20451000000,25.77,None,346.38,248.95
2025-12-28,AMGN,12.92,35970998000.0,25.77,None,0.447,17.86,320000000,None,1840000000,1840000000,-513000000,-2903000000,-675000000,None,59000000,None,None,165000000,23561000000,1258000000,None,2082000000,2082000000,596000000,None,None,1769000000,None,None,841000000,543000000,9.39,0.0281,464000000,464000000,None,0.136,0.62,4848000000,5689000000,5.02,2014-09-30,15.17,10495000000,25198000000.0,10348000000,4868000000,1194000000,14237000000,14237000000,None,29000000,None,1258000000,None,None,3957000000,None,None,1244000000,None,None,None,0.342,2741000000,5500000000,4848000000,953000000,2999000000,None,None,None,None,None,None,None,1.05,18.7,4.984,None,None,None,None,None,54000000,None,0.195,None,5038000000,2025-10-29,quarterly,5.64,USD,post-market,2314000000,-3132000000,0.0771,0.817,0.124,66.89,2790000000,3957000000,None,3415000000,297.4,320.66,12.3506,29297000000,9235000000,3595000000,8846000000,20062000000,5251000000,12430000000,20451000000,25.77,None,346.38,248.95
2025-12-28,AMGN,12.92,35970998000.0,25.77,None,0.447,17.86,173000000,None,1840000000,1840000000,896000000,-2458000000,665000000,None,43000000,None,None,None,23561000000,1258000000,None,2082000000,2082000000,596000000,None,None,1769000000,None,None,841000000,506000000,9.39,0.0281,463000000,463000000,None,0.136,0.62,4848000000,5689000000,5.02,2014-06-30,15.17,10495000000,25198000000.0,10348000000,4868000000,1194000000,14237000000,14237000000,None,29000000,None,1258000000,None,None,3957000000,None,None,1547000000,None,None,None,0.342,2227000000,5500000000,4848000000,953000000,2999000000,None,None,None,None,None,None,None,1.05,18.7,4.984,None,None,None,None,None,4476000000,None,0.195,None,5038000000,2025-10-29,quarterly,5.64,USD,post-market,2314000000,-3132000000,0.0771,0.817,0.124,66.89,2790000000,3957000000,None,3415000000,297.4,320.66,12.3506,29297000000,9235000000,3595000000,8846000000,20062000000,5251000000,12430000000,20451000000,25.77,None,346.38,248.95
2025-12-28,AMGN,12.92,35970998000.0,25.77,None,0.447,17.86,172000000,None,1840000000,1840000000,-495000000,-765000000,-118000000,None,-3000000,None,None,180000000,23561000000,1258000000,None,2082000000,2082000000,596000000,None,None,1769000000,None,None,841000000,518000000,9.39,0.0281,460000000,460000000,None,0.136,0.62,4848000000,5689000000,5.02,2014-03-31,15.17,10495000000,25198000000.0,10348000000,4868000000,1194000000,14237000000,14237000000,None,29000000,None,1258000000,None,None,3957000000,None,None,1073000000,None,None,None,0.342,1142000000,5500000000,4848000000,953000000,2999000000,None,None,None,None,None,None,None,1.05,18.7,4.984,None,None,None,None,None,38000000,None,0.195,None,5038000000,2025-10-29,quarterly,5.64,USD,post-market,2314000000,-3132000000,0.0771,0.817,0.124,66.89,2790000000,3957000000,None,3415000000,297.4,320.66,12.3506,29297000000,9235000000,3595000000,8846000000,20062000000,5251000000,12430000000,20451000000,25.77,None,346.38,248.95
2025-12-28,AMGN,12.92,35970998000.0,25.77,None,0.447,17.86,201000000,None,1840000000,1840000000,3807000000,-10118000000,-4476000000,None,64000000,None,None,94000000,23561000000,1258000000,None,2082000000,2082000000,596000000,None,None,1769000000,None,None,841000000,444000000,9.39,0.0281,354000000,354000000,None,0.136,0.62,4848000000,5689000000,5.02,2013-12-31,15.17,10495000000,25198000000.0,10348000000,4868000000,1194000000,14237000000,14237000000,None,29000000,None,1258000000,None,None,3957000000,None,None,1021000000,None,None,None,0.342,1835000000,5500000000,4848000000,953000000,2999000000,None,None,None,None,None,None,None,1.05,18.7,4.984,None,None,None,None,None,4980000000,None,0.195,None,5038000000,2025-10-29,quarterly,5.64,USD,post-market,2314000000,-3132000000,0.0771,0.817,0.124,66.89,2790000000,3957000000,None,3415000000,297.4,320.66,12.3506,29297000000,9235000000,3595000000,8846000000,20062000000,5251000000,12430000000,20451000000,25.77,None,346.38,248.95
2025-12-28,AMGN,12.92,35970998000.0,25.77,None,0.447,17.86,175000000,None,1840000000,1840000000,2787000000,-2119000000,2475000000,None,-37000000,None,None,1000000,23561000000,1258000000,None,2082000000,2082000000,596000000,None,None,1769000000,None,None,841000000,288000000,9.39,0.0281,354000000,354000000,None,0.136,0.62,4848000000,5689000000,5.02,2013-09-30,15.17,10495000000,25198000000.0,10348000000,4868000000,1194000000,14237000000,14237000000,None,29000000,None,1258000000,None,None,3957000000,None,None,1368000000,None,None,None,0.342,1807000000,5500000000,4848000000,953000000,2999000000,None,None,None,None,None,None,None,1.05,18.7,4.984,None,None,None,None,None,56000000,None,0.195,None,5038000000,2025-10-29,quarterly,5.64,USD,post-market,2314000000,-3132000000,0.0771,0.817,0.124,66.89,2790000000,3957000000,None,3415000000,297.4,320.66,12.3506,29297000000,9235000000,3595000000,8846000000,20062000000,5251000000,12430000000,20451000000,25.77,None,346.38,248.95
2025-12-28,AMGN,12.92,35970998000.0,25.77,None,0.447,17.86,159000000,None,1840000000,1840000000,-283000000,1959000000,3276000000,None,-22000000,None,None,-152000000,23561000000,1258000000,None,2082000000,2082000000,596000000,None,None,1769000000,None,None,841000000,277000000,9.39,0.0281,354000000,354000000,None,0.136,0.62,4848000000,5689000000,5.02,2013-06-30,15.17,10495000000,25198000000.0,10348000000,4868000000,1194000000,14237000000,14237000000,None,29000000,None,1258000000,None,None,3957000000,None,None,1258000000,None,None,None,0.342,1600000000,5500000000,4848000000,953000000,2999000000,None,None,None,None,None,None,None,1.05,18.7,4.984,None,None,None,None,None,119000000,None,0.195,None,5038000000,2025-10-29,quarterly,5.64,USD,post-market,2314000000,-3132000000,0.0771,0.817,0.124,66.89,2790000000,3957000000,None,3415000000,297.4,320.66,12.3506,29297000000,9235000000,3595000000,8846000000,20062000000,5251000000,12430000000,20451000000,25.77,None,346.38,248.95
2025-12-28,AMGN,12.92,35970998000.0,25.77,None,0.447,17.86,158000000,None,1840000000,1840000000,-3585000000,1809000000,-727000000,None,-12000000,None,None,19000000,23561000000,1258000000,None,2082000000,2082000000,596000000,None,None,1769000000,None,None,841000000,277000000,9.39,0.0281,353000000,353000000,None,0.136,0.62,4848000000,5689000000,5.02,2013-03-31,15.17,10495000000,25198000000.0,10348000000,4868000000,1194000000,14237000000,14237000000,None,29000000,None,1258000000,None,None,3957000000,None,None,1434000000,None,None,None,0.342,1049000000,5500000000,4848000000,953000000,2999000000,None,None,None,None,None,None,None,1.05,18.7,4.984,None,None,None,None,None,-832000000,None,0.195,None,5038000000,2025-10-29,quarterly,5.64,USD,post-market,2314000000,-3132000000,0.0771,0.817,0.124,66.89,2790000000,3957000000,None,3415000000,297.4,320.66,12.3506,29297000000,9235000000,3595000000,8846000000,20062000000,5251000000,12430000000,20451000000,25.77,None,346.38,248.95
2025-12-28,AMGN,12.92,35970998000.0,25.77,None,0.447,17.86,200000000,None,1840000000,1840000000,-1347000000,-2031000000,-2566000000,None,25000000,None,None,150000000,23561000000,1258000000,None,2082000000,2082000000,596000000,None,None,1769000000,None,None,841000000,273000000,9.39,0.0281,274000000,274000000,None,0.136,0.62,4848000000,5689000000,5.02,2012-12-31,15.17,10495000000,25198000000.0,10348000000,4868000000,1194000000,14237000000,14237000000,None,29000000,None,1258000000,None,None,3957000000,None,None,788000000,None,None,None,0.342,812000000,5500000000,4848000000,953000000,2999000000,None,None,None,None,None,None,None,1.05,18.7,4.984,None,None,None,None,None,-1217000000,None,0.195,None,5038000000,2025-10-29,quarterly,5.64,USD,post-market,2314000000,-3132000000,0.0771,0.817,0.124,66.89,2790000000,3957000000,None,3415000000,297.4,320.66,12.3506,29297000000,9235000000,3595000000,8846000000,20062000000,5251000000,12430000000,20451000000,25.77,None,346.38,248.95
2025-12-28,AMGN,12.92,35970998000.0,25.77,None,0.447,17.86,173000000,None,1840000000,1840000000,1424000000,-3173000000,-26000000,None,-107000000,None,None,11000000,23561000000,1258000000,None,2082000000,2082000000,596000000,None,None,1769000000,None,None,841000000,287000000,9.39,0.0281,279000000,279000000,None,0.136,0.62,4848000000,5689000000,5.02,2012-09-30,15.17,10495000000,25198000000.0,10348000000,4868000000,1194000000,14237000000,14237000000,None,29000000,None,1258000000,None,None,3957000000,None,None,1107000000,None,None,None,0.342,1723000000,5500000000,4848000000,953000000,2999000000,None,None,None,None,None,None,None,1.05,18.7,4.984,None,None,None,None,None,-810000000,None,0.195,None,5038000000,2025-10-29,quarterly,5.64,USD,post-market,2314000000,-3132000000,0.0771,0.817,0.124,66.89,2790000000,3957000000,None,3415000000,297.4,320.66,12.3506,29297000000,9235000000,3595000000,8846000000,20062000000,5251000000,12430000000,20451000000,25.77,None,346.38,248.95
2025-12-28,AMGN,12.92,35970998000.0,25.77,None,0.447,17.86,172000000,None,1840000000,1840000000,1707000000,-2440000000,1642000000,None,-52000000,None,None,279000000,23561000000,1258000000,None,2082000000,2082000000,596000000,None,None,1769000000,None,None,841000000,269000000,9.39,0.0281,280000000,280000000,None,0.136,0.62,4848000000,5689000000,5.02,2012-06-30,15.17,10495000000,25198000000.0,10348000000,4868000000,1194000000,14237000000,14237000000,None,29000000,None,1258000000,None,None,3957000000,None,None,1266000000,None,None,None,0.342,2375000000,5500000000,4848000000,953000000,2999000000,None,None,None,None,None,None,None,1.05,18.7,4.984,None,None,None,None,None,-1205000000,None,0.195,None,5038000000,2025-10-29,quarterly,5.64,USD,post-market,2314000000,-3132000000,0.0771,0.817,0.124,66.89,2790000000,3957000000,None,3415000000,297.4,320.66,12.3506,29297000000,9235000000,3595000000,8846000000,20062000000,5251000000,12430000000,20451000000,25.77,None,346.38,248.95
2025-12-28,AMGN,12.92,35970998000.0,25.77,None,0.447,17.86,144000000,None,1840000000,1840000000,-1365000000,-2346000000,-2739000000,None,-16000000,None,None,-92000000,23561000000,1258000000,None,2082000000,2082000000,596000000,None,None,1769000000,None,None,841000000,259000000,9.39,0.0281,285000000,285000000,None,0.136,0.62,4848000000,5689000000,5.02,2012-03-31,15.17,10495000000,25198000000.0,10348000000,4868000000,1194000000,14237000000,14237000000,None,29000000,None,1258000000,None,None,3957000000,None,None,1184000000,None,None,None,0.342,972000000,5500000000,4848000000,953000000,2999000000,None,None,None,None,None,None,None,1.05,18.7,4.984,None,None,None,None,None,-1375000000,None,0.195,None,5038000000,2025-10-29,quarterly,5.64,USD,post-market,2314000000,-3132000000,0.0771,0.817,0.124,66.89,2790000000,3957000000,None,3415000000,297.4,320.66,12.3506,29297000000,9235000000,3595000000,8846000000,20062000000,5251000000,12430000000,20451000000,25.77,None,346.38,248.95
2025-12-28,AMGN,12.92,35970998000.0,25.77,None,0.447,17.86,224000000,None,1840000000,1840000000,1691000000,-220000000,3055000000,None,-110000000,None,None,-171000000,23561000000,1258000000,None,2082000000,2082000000,596000000,None,None,1769000000,None,None,841000000,261000000,9.39,0.0281,245000000,245000000,None,0.136,0.62,4848000000,5689000000,5.02,2011-12-31,15.17,10495000000,25198000000.0,10348000000,4868000000,1194000000,14237000000,14237000000,None,29000000,None,1258000000,None,None,3957000000,None,None,934000000,None,None,None,0.342,1584000000,5500000000,4848000000,953000000,2999000000,None,None,None,None,None,None,None,1.05,18.7,4.984,None,None,None,None,None,-5298000000,None,0.195,None,5038000000,2025-10-29,quarterly,5.64,USD,post-market,2314000000,-3132000000,0.0771,0.817,0.124,66.89,2790000000,3957000000,None,3415000000,297.4,320.66,12.3506,29297000000,9235000000,3595000000,8846000000,20062000000,5251000000,12430000000,20451000000,25.77,None,346.38,248.95
2025-12-28,AMGN,12.92,35970998000.0,25.77,None,0.447,17.86,120000000,None,1840000000,1840000000,-2219000000,-857000000,-2107000000,None,-79000000,None,None,-17000000,23561000000,1258000000,None,2082000000,2082000000,596000000,None,None,1769000000,None,None,841000000,265000000,9.39,0.0281,255000000,255000000,None,0.136,0.62,4848000000,5689000000,5.02,2011-09-30,15.17,10495000000,25198000000.0,10348000000,4868000000,1194000000,14237000000,14237000000,None,29000000,None,1258000000,None,None,3957000000,None,None,454000000,None,None,None,0.342,969000000,5500000000,4848000000,953000000,2999000000,None,None,None,None,None,None,None,1.05,18.7,4.984,None,None,None,None,None,-2272000000,None,0.195,None,5038000000,2025-10-29,quarterly,5.64,USD,post-market,2314000000,-3132000000,0.0771,0.817,0.124,66.89,2790000000,3957000000,None,3415000000,297.4,320.66,12.3506,29297000000,9235000000,3595000000,8846000000,20062000000,5251000000,12430000000,20451000000,25.77,None,346.38,248.95
2025-12-28,AMGN,12.92,35970998000.0,25.77,None,0.447,17.86,123000000,None,1840000000,1840000000,2350000000,846000000,4732000000,None,-116000000,None,None,-188000000,23561000000,1258000000,None,2082000000,2082000000,596000000,None,None,1769000000,None,None,841000000,261000000,9.39,0.0281,0,0,None,0.136,0.62,4848000000,5689000000,5.02,2011-06-30,15.17,10495000000,25198000000.0,10348000000,4868000000,1194000000,14237000000,14237000000,None,29000000,None,1258000000,None,None,3957000000,None,None,1170000000,None,None,None,0.342,1536000000,5500000000,4848000000,953000000,2999000000,None,None,None,None,None,None,None,1.05,18.7,4.984,None,None,None,None,None,-731000000,None,0.195,None,5038000000,2025-10-29,quarterly,5.64,USD,post-market,2314000000,-3132000000,0.0771,0.817,0.124,66.89,2790000000,3957000000,None,3415000000,297.4,320.66,12.3506,29297000000,9235000000,3595000000,8846000000,20062000000,5251000000,12430000000,20451000000,25.77,None,346.38,248.95
2025-12-28,AMGN,12.92,35970998000.0,25.77,None,0.447,17.86,100000000,None,1840000000,1840000000,-2496000000,-555000000,-2021000000,None,-78000000,None,None,-181000000,23561000000,1258000000,None,2082000000,2082000000,596000000,None,None,1769000000,None,None,841000000,273000000,9.39,0.0281,0,0,None,0.136,0.62,4848000000,5689000000,5.02,2011-03-31,15.17,10495000000,25198000000.0,10348000000,4868000000,1194000000,14237000000,14237000000,None,29000000,None,1258000000,None,None,3957000000,None,None,1125000000,None,None,None,0.342,1030000000,5500000000,4848000000,953000000,2999000000,None,None,None,None,None,None,None,1.05,18.7,4.984,None,None,None,None,None,-14000000,None,0.195,None,5038000000,2025-10-29,quarterly,5.64,USD,post-market,2314000000,-3132000000,0.0771,0.817,0.124,66.89,2790000000,3957000000,None,3415000000,297.4,320.66,12.3506,29297000000,9235000000,3595000000,8846000000,20062000000,5251000000,12430000000,20451000000,25.77,None,346.38,248.95
2025-12-28,AMGN,12.92,35970998000.0,25.77,None,0.447,17.86,182000000,None,1840000000,1840000000,-1181000000,-491000000,336000000,None,-11000000,None,None,107000000,23561000000,1258000000,None,2082000000,2082000000,596000000,None,None,1769000000,None,None,841000000,261000000,9.39,0.0281,0,0,None,0.136,0.62,4848000000,5689000000,5.02,2010-12-31,15.17,10495000000,25198000000.0,10348000000,4868000000,1194000000,14237000000,14237000000,None,29000000,None,1258000000,None,None,3957000000,None,None,1022000000,None,None,None,0.342,2008000000,5500000000,4848000000,953000000,2999000000,None,None,None,None,None,None,None,1.05,18.7,4.984,None,None,None,None,None,-1192000000,None,0.195,None,5038000000,2025-10-29,quarterly,5.64,USD,post-market,2314000000,-3132000000,0.0771,0.817,0.124,66.89,2790000000,3957000000,None,3415000000,297.4,320.66,12.3506,29297000000,9235000000,3595000000,8846000000,20062000000,5251000000,12430000000,20451000000,25.77,None,346.38,248.95
2025-12-28,AMGN,12.92,35970998000.0,25.77,None,0.447,17.86,127000000,None,1840000000,1840000000,1208000000,-1271000000,1239000000,None,44000000,None,None,-218000000,23561000000,1258000000,None,2082000000,2082000000,596000000,None,None,1769000000,None,None,841000000,253000000,9.39,0.0281,0,0,None,0.136,0.62,4848000000,5689000000,5.02,2010-09-30,15.17,10495000000,25198000000.0,10348000000,4868000000,1194000000,14237000000,14237000000,None,29000000,None,1258000000,None,None,3957000000,None,None,1236000000,None,None,None,0.342,1302000000,5500000000,4848000000,953000000,2999000000,None,None,None,None,None,None,None,1.05,18.7,4.984,None,None,None,None,None,-294000000,None,0.195,None,5038000000,2025-10-29,quarterly,5.64,USD,post-market,2314000000,-3132000000,0.0771,0.817,0.124,66.89,2790000000,3957000000,None,3415000000,297.4,320.66,12.3506,29297000000,9235000000,3595000000,8846000000,20062000000,5251000000,12430000000,20451000000,25.77,None,346.38,248.95
2025-12-28,AMGN,12.92,35970998000.0,25.77,None,0.447,17.86,177000000,None,1840000000,1840000000,-683000000,-1435000000,-554000000,None,99000000,None,None,63000000,23561000000,1258000000,None,2082000000,2082000000,596000000,None,None,1769000000,None,None,841000000,251000000,9.39,0.0281,0,0,None,0.136,0.62,4848000000,5689000000,5.02,2010-06-30,15.17,10495000000,25198000000.0,10348000000,4868000000,1194000000,14237000000,14237000000,None,29000000,None,1258000000,None,None,3957000000,None,None,1202000000,None,None,None,0.342,1564000000,5500000000,4848000000,953000000,2999000000,None,None,None,None,None,None,None,1.05,18.7,4.984,None,None,None,None,None,-713000000,None,0.195,None,5038000000,2025-10-29,quarterly,5.64,USD,post-market,2314000000,-3132000000,0.0771,0.817,0.124,66.89,2790000000,3957000000,None,3415000000,297.4,320.66,12.3506,29297000000,9235000000,3595000000,8846000000,20062000000,5251000000,12430000000,20451000000,25.77,None,346.38,248.95
2025-12-28,AMGN,12.92,35970998000.0,25.77,None,0.447,17.86,94000000,None,1840000000,1840000000,-576000000,-955000000,-618000000,None,21000000,None,None,-162000000,23561000000,1258000000,None,2082000000,2082000000,596000000,None,None,1769000000,None,None,841000000,252000000,9.39,0.0281,0,0,None,0.136,0.62,4848000000,5689000000,5.02,2010-03-31,15.17,10495000000,25198000000.0,10348000000,4868000000,1194000000,14237000000,14237000000,None,29000000,None,1258000000,None,None,3957000000,None,None,1167000000,None,None,None,0.342,913000000,5500000000,4848000000,953000000,2999000000,None,None,None,None,None,None,None,1.05,18.7,4.984,None,None,None,None,None,-1587000000,None,0.195,None,5038000000,2025-10-29,quarterly,5.64,USD,post-market,2314000000,-3132000000,0.0771,0.817,0.124,66.89,2790000000,3957000000,None,3415000000,297.4,320.66,12.3506,29297000000,9235000000,3595000000,8846000000,20062000000,5251000000,12430000000,20451000000,25.77,None,346.38,248.95
2025-12-28,AMGN,12.92,35970998000.0,25.77,None,0.447,17.86,144000000,None,1840000000,1840000000,-2177000000,-339000000,None,None,-74000000,None,None,None,23561000000,1258000000,None,2082000000,2082000000,596000000,None,None,1769000000,None,None,841000000,257000000,9.39,0.0281,0,0,None,0.136,0.62,4848000000,5689000000,5.02,2009-12-31,15.17,10495000000,25198000000.0,10348000000,4868000000,1194000000,14237000000,14237000000,None,29000000,None,1258000000,None,None,3957000000,None,None,931000000,None,None,None,0.342,1823000000,5500000000,4848000000,953000000,2999000000,None,None,None,None,None,None,None,1.05,18.7,4.984,None,None,None,None,None,-1211000000,None,0.195,None,5038000000,2025-10-29,quarterly,5.64,USD,post-market,2314000000,-3132000000,0.0771,0.817,0.124,66.89,2790000000,3957000000,None,3415000000,297.4,320.66,12.3506,29297000000,9235000000,3595000000,8846000000,20062000000,5251000000,12430000000,20451000000,25.77,None,346.38,248.95
2025-12-28,AMGN,12.92,35970998000.0,25.77,None,0.447,17.86,130000000,None,1840000000,1840000000,55000000,-1421000000,None,None,-110000000,None,None,None,23561000000,1258000000,None,2082000000,2082000000,596000000,None,None,1769000000,None,None,841000000,272000000,9.39,0.0281,0,0,None,0.136,0.62,4848000000,5689000000,5.02,2009-09-30,15.17,10495000000,25198000000.0,10348000000,4868000000,1194000000,14237000000,14237000000,None,29000000,None,1258000000,None,None,3957000000,None,None,1386000000,None,None,None,0.342,1975000000,5500000000,4848000000,953000000,2999000000,None,None,None,None,None,None,None,1.05,18.7,4.984,None,None,None,None,None,0,None,0.195,None,5038000000,2025-10-29,quarterly,5.64,USD,post-market,2314000000,-3132000000,0.0771,0.817,0.124,66.89,2790000000,3957000000,None,3415000000,297.4,320.66,12.3506,29297000000,9235000000,3595000000,8846000000,20062000000,5251000000,12430000000,20451000000,25.77,None,346.38,248.95
2025-12-28,AMGN,12.92,35970998000.0,25.77,None,0.447,17.86,139000000,None,1840000000,1840000000,93000000,-1581000000,None,None,28000000,None,None,None,23561000000,1258000000,None,2082000000,2082000000,596000000,None,None,1769000000,None,None,841000000,253000000,9.39,0.0281,0,0,None,0.136,0.62,4848000000,5689000000,5.02,2009-06-30,15.17,10495000000,25198000000.0,10348000000,4868000000,1194000000,14237000000,14237000000,None,29000000,None,1258000000,None,None,3957000000,None,None,1269000000,None,None,None,0.342,1679000000,5500000000,4848000000,953000000,2999000000,None,None,None,None,None,None,None,1.05,18.7,4.984,None,None,None,None,None,0,None,0.195,None,5038000000,2025-10-29,quarterly,5.64,USD,post-market,2314000000,-3132000000,0.0771,0.817,0.124,66.89,2790000000,3957000000,None,3415000000,297.4,320.66,12.3506,29297000000,9235000000,3595000000,8846000000,20062000000,5251000000,12430000000,20451000000,25.77,None,346.38,248.95
2025-12-28,AMGN,12.92,35970998000.0,25.77,None,0.447,17.86,117000000,None,1840000000,1840000000,5000000,139000000,None,None,22000000,None,None,None,23561000000,1258000000,None,2082000000,2082000000,596000000,None,None,1769000000,None,None,841000000,267000000,9.39,0.0281,None,None,None,0.136,0.62,4848000000,5689000000,5.02,2009-03-31,15.17,10495000000,25198000000.0,10348000000,4868000000,1194000000,14237000000,14237000000,None,29000000,None,1258000000,None,None,3957000000,None,None,1019000000,None,None,None,0.342,859000000,5500000000,4848000000,953000000,2999000000,None,None,None,None,None,None,None,1.05,18.7,4.984,None,None,None,None,None,-1997000000,None,0.195,None,5038000000,2025-10-29,quarterly,5.64,USD,post-market,2314000000,-3132000000,0.0771,0.817,0.124,66.89,2790000000,3957000000,None,3415000000,297.4,320.66,12.3506,29297000000,9235000000,3595000000,8846000000,20062000000,5251000000,12430000000,20451000000,25.77,None,346.38,248.95
2025-12-28,AMGN,12.92,35970998000.0,25.77,None,0.447,17.86,178000000,None,1840000000,1840000000,-1598000000,-547000000,None,None,-37000000,None,None,None,23561000000,1258000000,None,2082000000,2082000000,596000000,None,None,1769000000,None,None,841000000,274000000,9.39,0.0281,None,None,None,0.136,0.62,4848000000,5689000000,5.02,2008-12-31,15.17,10495000000,25198000000.0,10348000000,4868000000,1194000000,14237000000,14237000000,None,29000000,None,1258000000,None,None,3957000000,None,None,961000000,None,None,None,0.342,1397000000,5500000000,4848000000,953000000,2999000000,None,None,None,None,None,None,None,1.05,18.7,4.984,None,None,None,None,None,-700000000,None,0.195,None,5038000000,2025-10-29,quarterly,5.64,USD,post-market,2314000000,-3132000000,0.0771,0.817,0.124,66.89,2790000000,3957000000,None,3415000000,297.4,320.66,12.3506,29297000000,9235000000,3595000000,8846000000,20062000000,5251000000,12430000000,20451000000,25.77,None,346.38,248.95
2025-12-28,AMGN,12.92,35970998000.0,25.77,None,0.447,17.86,159000000,None,1840000000,1840000000,65000000,-2325000000,None,None,47000000,None,None,None,23561000000,1258000000,None,2082000000,2082000000,596000000,None,None,1769000000,None,None,841000000,268000000,9.39,0.0281,None,None,None,0.136,0.62,4848000000,5689000000,5.02,2008-09-30,15.17,10495000000,25198000000.0,10348000000,4868000000,1194000000,14237000000,14237000000,None,29000000,None,1258000000,None,None,3957000000,None,None,1158000000,None,None,None,0.342,1390000000,5500000000,4848000000,953000000,2999000000,None,None,None,None,None,None,None,1.05,18.7,4.984,None,None,None,None,None,-19000000,None,0.195,None,5038000000,2025-10-29,quarterly,5.64,USD,post-market,2314000000,-3132000000,0.0771,0.817,0.124,66.89,2790000000,3957000000,None,3415000000,297.4,320.66,12.3506,29297000000,9235000000,3595000000,8846000000,20062000000,5251000000,12430000000,20451000000,25.77,None,346.38,248.95
2025-12-28,AMGN,12.92,35970998000.0,25.77,None,0.447,17.86,165000000,None,1840000000,1840000000,-1561000000,-990000000,None,None,-87000000,None,None,None,23561000000,1258000000,None,2082000000,2082000000,596000000,None,None,1769000000,None,None,841000000,265000000,9.39,0.0281,None,None,None,0.136,0.62,4848000000,5689000000,5.02,2008-06-30,15.17,10495000000,25198000000.0,10348000000,4868000000,1194000000,14237000000,14237000000,None,29000000,None,1258000000,None,None,3957000000,None,None,941000000,None,None,None,0.342,1619000000,5500000000,4848000000,953000000,2999000000,None,None,None,None,None,None,None,1.05,18.7,4.984,None,None,None,None,None,None,None,0.195,None,5038000000,2025-10-29,quarterly,5.64,USD,post-market,2314000000,-3132000000,0.0771,0.817,0.124,66.89,2790000000,3957000000,None,3415000000,297.4,320.66,12.3506,29297000000,9235000000,3595000000,8846000000,20062000000,5251000000,12430000000,20451000000,25.77,None,346.38,248.95
2025-12-28,AMGN,12.92,35970998000.0,25.77,None,0.447,17.86,170000000,None,1840000000,1840000000,21000000,697000000,None,None,18000000,None,None,None,23561000000,1258000000,None,2082000000,2082000000,596000000,None,None,1769000000,None,None,841000000,266000000,9.39,0.0281,None,None,None,0.136,0.62,4848000000,5689000000,5.02,2008-03-31,15.17,10495000000,25198000000.0,10348000000,4868000000,1194000000,14237000000,14237000000,None,29000000,None,1258000000,None,None,3957000000,None,None,1136000000,None,None,None,0.342,1582000000,5500000000,4848000000,953000000,2999000000,None,None,None,None,None,None,None,1.05,18.7,4.984,None,None,None,None,None,None,None,0.195,None,5038000000,2025-10-29,quarterly,5.64,USD,post-market,2314000000,-3132000000,0.0771,0.817,0.124,66.89,2790000000,3957000000,None,3415000000,297.4,320.66,12.3506,29297000000,9235000000,3595000000,8846000000,20062000000,5251000000,12430000000,20451000000,25.77,None,346.38,248.95
2025-12-28,AMGN,12.92,35970998000.0,25.77,None,0.447,17.86,234000000,None,1840000000,1840000000,-198000000,-697000000,None,None,5000000,None,None,None,23561000000,1258000000,None,2082000000,2082000000,596000000,None,None,1769000000,None,None,841000000,302000000,9.39,0.0281,None,None,None,0.136,0.62,4848000000,5689000000,5.02,2007-12-31,15.17,10495000000,25198000000.0,10348000000,4868000000,1194000000,14237000000,14237000000,None,29000000,None,1258000000,None,None,3957000000,None,None,835000000,None,None,None,0.342,1530000000,5500000000,4848000000,953000000,2999000000,None,None,None,None,None,None,None,1.05,18.7,4.984,None,None,None,None,None,-100000000,None,0.195,None,5038000000,2025-10-29,quarterly,5.64,USD,post-market,2314000000,-3132000000,0.0771,0.817,0.124,66.89,2790000000,3957000000,None,3415000000,297.4,320.66,12.3506,29297000000,9235000000,3595000000,8846000000,20062000000,5251000000,12430000000,20451000000,25.77,None,346.38,248.95
2025-12-28,AMGN,12.92,35970998000.0,25.77,None,0.447,17.86,306000000,None,1840000000,1840000000,29000000,-1955000000,None,None,138000000,None,None,None,23561000000,1258000000,None,2082000000,2082000000,596000000,None,None,1769000000,None,None,841000000,374000000,9.39,0.0281,None,None,None,0.136,0.62,4848000000,5689000000,5.02,2007-09-30,15.17,10495000000,25198000000.0,10348000000,4868000000,1194000000,14237000000,14237000000,None,29000000,None,1258000000,None,None,3957000000,None,None,201000000,None,None,None,0.342,1588000000,5500000000,4848000000,953000000,2999000000,None,None,None,None,None,None,None,1.05,18.7,4.984,None,None,None,None,None,None,None,0.195,None,5038000000,2025-10-29,quarterly,5.64,USD,post-market,2314000000,-3132000000,0.0771,0.817,0.124,66.89,2790000000,3957000000,None,3415000000,297.4,320.66,12.3506,29297000000,9235000000,3595000000,8846000000,20062000000,5251000000,12430000000,20451000000,25.77,None,346.38,248.95
2025-12-28,AMGN,12.92,35970998000.0,25.77,None,0.447,17.86,402000000,None,1840000000,1840000000,-463000000,-267000000,None,None,-51000000,None,None,None,23561000000,1258000000,None,2082000000,2082000000,596000000,None,None,1769000000,None,None,841000000,282000000,9.39,0.0281,None,None,None,0.136,0.62,4848000000,5689000000,5.02,2007-06-30,15.17,10495000000,25198000000.0,10348000000,4868000000,1194000000,14237000000,14237000000,None,29000000,None,1258000000,None,None,3957000000,None,None,1019000000,None,None,None,0.342,1390000000,5500000000,4848000000,953000000,2999000000,None,None,None,None,None,None,None,1.05,18.7,4.984,None,None,None,None,None,-4463000000,None,0.195,None,5038000000,2025-10-29,quarterly,5.64,USD,post-market,2314000000,-3132000000,0.0771,0.817,0.124,66.89,2790000000,3957000000,None,3415000000,297.4,320.66,12.3506,29297000000,9235000000,3595000000,8846000000,20062000000,5251000000,12430000000,20451000000,25.77,None,346.38,248.95
2025-12-28,AMGN,12.92,35970998000.0,25.77,None,0.447,17.86,325000000,None,1840000000,1840000000,-2036000000,927000000,None,None,-201000000,None,None,None,23561000000,1258000000,None,2082000000,2082000000,596000000,None,None,1769000000,None,None,841000000,244000000,9.39,0.0281,None,None,None,0.136,0.62,4848000000,5689000000,5.02,2007-03-31,15.17,10495000000,25198000000.0,10348000000,4868000000,1194000000,14237000000,14237000000,None,29000000,None,1258000000,None,None,3957000000,None,None,1111000000,None,None,None,0.342,893000000,5500000000,4848000000,953000000,2999000000,None,None,None,None,None,None,None,1.05,18.7,4.984,None,None,None,None,None,-537000000,None,0.195,None,5038000000,2025-10-29,quarterly,5.64,USD,post-market,2314000000,-3132000000,0.0771,0.817,0.124,66.89,2790000000,3957000000,None,3415000000,297.4,320.66,12.3506,29297000000,9235000000,3595000000,8846000000,20062000000,5251000000,12430000000,20451000000,25.77,None,346.38,248.95
2025-12-28,AMGN,12.92,35970998000.0,25.77,None,0.447,17.86,384000000,None,1840000000,1840000000,-48000000,-1202000000,None,None,-183000000,None,None,None,23561000000,1258000000,None,2082000000,2082000000,596000000,None,None,1769000000,None,None,841000000,200000000,9.39,0.0281,None,None,None,0.136,0.62,4848000000,5689000000,5.02,2006-12-31,15.17,10495000000,25198000000.0,10348000000,4868000000,1194000000,14237000000,14237000000,None,29000000,None,1258000000,None,None,3957000000,None,None,833000000,None,None,None,0.342,1242000000,5500000000,4848000000,953000000,2999000000,None,None,None,None,None,None,None,1.05,18.7,4.984,None,None,None,None,None,-245000000,None,0.195,None,5038000000,2025-10-29,quarterly,5.64,USD,post-market,2314000000,-3132000000,0.0771,0.817,0.124,66.89,2790000000,3957000000,None,3415000000,297.4,320.66,12.3506,29297000000,9235000000,3595000000,8846000000,20062000000,5251000000,12430000000,20451000000,25.77,None,346.38,248.95
2025-12-28,AMGN,12.92,35970998000.0,25.77,None,0.447,17.86,376000000,None,1840000000,1840000000,-342000000,-1887000000,None,None,-185000000,None,None,None,23561000000,1258000000,None,2082000000,2082000000,596000000,None,None,1769000000,None,None,841000000,287000000,9.39,0.0281,None,None,None,0.136,0.62,4848000000,5689000000,5.02,2006-09-30,15.17,10495000000,25198000000.0,10348000000,4868000000,1194000000,14237000000,14237000000,None,29000000,None,1258000000,None,None,3957000000,None,None,1102000000,None,None,None,0.342,1573000000,5500000000,4848000000,953000000,2999000000,None,None,None,None,None,None,None,1.05,18.7,4.984,None,None,None,None,None,-505000000,None,0.195,None,5038000000,2025-10-29,quarterly,5.64,USD,post-market,2314000000,-3132000000,0.0771,0.817,0.124,66.89,2790000000,3957000000,None,3415000000,297.4,320.66,12.3506,29297000000,9235000000,3595000000,8846000000,20062000000,5251000000,12430000000,20451000000,25.77,None,346.38,248.95
2025-12-28,AMGN,12.92,35970998000.0,25.77,None,0.447,17.86,233000000,None,1840000000,1840000000,-1349000000,158000000,None,None,-191000000,None,None,None,23561000000,1258000000,None,2082000000,2082000000,596000000,None,None,1769000000,None,None,841000000,257000000,9.39,0.0281,None,None,None,0.136,0.62,4848000000,5689000000,5.02,2006-06-30,15.17,10495000000,25198000000.0,10348000000,4868000000,1194000000,14237000000,14237000000,None,29000000,None,1258000000,None,None,3957000000,None,None,14000000,None,None,None,0.342,1391000000,5500000000,4848000000,953000000,2999000000,None,None,None,None,None,None,None,1.05,18.7,4.984,None,None,None,None,None,-864000000,None,0.195,None,5038000000,2025-10-29,quarterly,5.64,USD,post-market,2314000000,-3132000000,0.0771,0.817,0.124,66.89,2790000000,3957000000,None,3415000000,297.4,320.66,12.3506,29297000000,9235000000,3595000000,8846000000,20062000000,5251000000,12430000000,20451000000,25.77,None,346.38,248.95
2025-12-28,AMGN,12.92,35970998000.0,25.77,None,0.447,17.86,225000000,None,1840000000,1840000000,924000000,-2200000000,None,None,-2000000,None,None,None,23561000000,1258000000,None,2082000000,2082000000,596000000,None,None,1769000000,None,None,841000000,219000000,9.39,0.0281,None,None,None,0.136,0.62,4848000000,5689000000,5.02,2006-03-31,15.17,10495000000,25198000000.0,10348000000,4868000000,1194000000,14237000000,14237000000,None,29000000,None,1258000000,None,None,3957000000,None,None,1001000000,None,None,None,0.342,1183000000,5500000000,4848000000,953000000,2999000000,None,None,None,None,None,None,None,1.05,18.7,4.984,None,None,None,None,None,-386000000,None,0.195,None,5038000000,2025-10-29,quarterly,5.64,USD,post-market,2314000000,-3132000000,0.0771,0.817,0.124,66.89,2790000000,3957000000,None,3415000000,297.4,320.66,12.3506,29297000000,9235000000,3595000000,8846000000,20062000000,5251000000,12430000000,20451000000,25.77,None,346.38,248.95
2025-12-28,AMGN,12.92,35970998000.0,25.77,None,0.447,17.86,265000000,None,1840000000,1840000000,-1078000000,-362000000,None,None,-199000000,None,None,None,23561000000,1258000000,None,2082000000,2082000000,596000000,None,None,1769000000,None,None,841000000,218000000,9.39,0.0281,None,None,None,0.136,0.62,4848000000,5689000000,5.02,2005-12-31,15.17,10495000000,25198000000.0,10348000000,4868000000,1194000000,14237000000,14237000000,None,29000000,None,1258000000,None,None,3957000000,None,None,824000000,None,None,None,0.342,1129000000,5500000000,4848000000,953000000,2999000000,None,None,None,None,None,None,None,1.05,18.7,4.984,None,None,None,None,None,-1236000000,None,0.195,None,5038000000,2025-10-29,quarterly,5.64,USD,post-market,2314000000,-3132000000,0.0771,0.817,0.124,66.89,2790000000,3957000000,None,3415000000,297.4,320.66,12.3506,29297000000,9235000000,3595000000,8846000000,20062000000,5251000000,12430000000,20451000000,25.77,None,346.38,248.95
2025-12-28,AMGN,12.92,35970998000.0,25.77,None,0.447,17.86,199000000,None,1840000000,1840000000,-111000000,-801000000,None,None,-75000000,None,None,None,23561000000,1258000000,None,2082000000,2082000000,596000000,None,None,1769000000,None,None,841000000,204000000,9.39,0.0281,None,None,None,0.136,0.62,4848000000,5689000000,5.02,2005-09-30,15.17,10495000000,25198000000.0,10348000000,4868000000,1194000000,14237000000,14237000000,None,29000000,None,1258000000,None,None,3957000000,None,None,967000000,None,None,None,0.342,1442000000,5500000000,4848000000,953000000,2999000000,None,None,None,None,None,None,None,1.05,18.7,4.984,None,None,None,None,None,-769000000,None,0.195,None,5038000000,2025-10-29,quarterly,5.64,USD,post-market,2314000000,-3132000000,0.0771,0.817,0.124,66.89,2790000000,3957000000,None,3415000000,297.4,320.66,12.3506,29297000000,9235000000,3595000000,8846000000,20062000000,5251000000,12430000000,20451000000,25.77,None,346.38,248.95
2025-12-28,AMGN,12.92,35970998000.0,25.77,None,0.447,17.86,1096000000,None,1840000000,1840000000,-9415000000,-1046000000,None,None,2532000000,None,None,None,23561000000,1258000000,None,2082000000,2082000000,596000000,None,None,1769000000,None,None,841000000,5592000000,9.39,0.0281,4832000000,4832000000,None,0.136,0.62,4848000000,5689000000,5.02,2024-12-31,15.17,10495000000,25198000000.0,10348000000,4868000000,1194000000,14237000000,14237000000,None,29000000,None,1258000000,None,None,3957000000,None,None,4090000000,None,None,None,0.342,11490000000,5500000000,4848000000,953000000,2999000000,None,None,None,None,None,None,None,1.05,18.7,4.984,None,None,None,None,None,-200000000,None,0.195,None,5038000000,2025-10-29,annual,5.64,USD,post-market,2314000000,-3132000000,0.0771,0.817,0.124,66.89,2790000000,3957000000,None,3415000000,297.4,320.66,12.3506,29297000000,9235000000,3595000000,8846000000,20062000000,5251000000,12430000000,20451000000,25.77,None,346.38,248.95
2025-12-28,AMGN,12.92,35970998000.0,25.77,None,0.447,17.86,1112000000,None,1840000000,1840000000,21048000000,-26204000000,None,None,491000000,None,None,None,23561000000,1258000000,None,2082000000,2082000000,596000000,None,None,1769000000,None,None,841000000,4071000000,9.39,0.0281,4556000000,4556000000,None,0.136,0.62,4848000000,5689000000,5.02,2023-12-31,15.17,10495000000,25198000000.0,10348000000,4868000000,1194000000,14237000000,14237000000,None,29000000,None,1258000000,None,None,3957000000,None,None,6717000000,None,None,None,0.342,8471000000,5500000000,4848000000,953000000,2999000000,None,None,None,None,None,None,None,1.05,18.7,4.984,None,None,None,None,None,0,None,0.195,None,5038000000,2025-10-29,annual,5.64,USD,post-market,2314000000,-3132000000,0.0771,0.817,0.124,66.89,2790000000,3957000000,None,3415000000,297.4,320.66,12.3506,29297000000,9235000000,3595000000,8846000000,20062000000,5251000000,12430000000,20451000000,25.77,None,346.38,248.95
2025-12-28,AMGN,12.92,35970998000.0,25.77,None,0.447,17.86,936000000,None,1840000000,1840000000,-4037000000,-6044000000,-360000000,None,-742000000,None,None,-746000000,23561000000,1258000000,None,2082000000,2082000000,596000000,None,None,1769000000,None,None,841000000,3417000000,9.39,0.0281,4196000000,4196000000,None,0.136,0.62,4848000000,5689000000,5.02,2022-12-31,15.17,10495000000,25198000000.0,10348000000,4868000000,1194000000,14237000000,14237000000,None,29000000,None,1258000000,None,None,3957000000,None,None,6552000000,None,None,None,0.342,9721000000,5500000000,4848000000,953000000,2999000000,None,None,None,None,None,None,None,1.05,18.7,4.984,None,None,None,None,None,-6360000000,None,0.195,None,5038000000,2025-10-29,annual,5.64,USD,post-market,2314000000,-3132000000,0.0771,0.817,0.124,66.89,2790000000,3957000000,None,3415000000,297.4,320.66,12.3506,29297000000,9235000000,3595000000,8846000000,20062000000,5251000000,12430000000,20451000000,25.77,None,346.38,248.95
2025-12-28,AMGN,12.92,35970998000.0,25.77,None,0.447,17.86,880000000,None,1840000000,1840000000,-8271000000,733000000,1723000000,None,-165000000,None,None,-429000000,23561000000,1258000000,None,2082000000,2082000000,596000000,None,None,1769000000,None,None,841000000,3398000000,9.39,0.0281,4013000000,4013000000,None,0.136,0.62,4848000000,5689000000,5.02,2021-12-31,15.17,10495000000,25198000000.0,10348000000,4868000000,1194000000,14237000000,14237000000,None,29000000,None,1258000000,None,None,3957000000,None,None,5893000000,None,None,None,0.342,9261000000,5500000000,4848000000,953000000,2999000000,None,None,None,None,None,None,None,1.05,18.7,4.984,None,None,None,None,None,-4975000000,None,0.195,None,5038000000,2025-10-29,annual,5.64,USD,post-market,2314000000,-3132000000,0.0771,0.817,0.124,66.89,2790000000,3957000000,None,3415000000,297.4,320.66,12.3506,29297000000,9235000000,3595000000,8846000000,20062000000,5251000000,12430000000,20451000000,25.77,None,346.38,248.95
2025-12-28,AMGN,12.92,35970998000.0,25.77,None,0.447,17.86,608000000,None,1840000000,1840000000,-4867000000,-5401000000,229000000,None,-215000000,None,None,-427000000,23561000000,1258000000,None,2082000000,2082000000,596000000,None,None,1769000000,None,None,841000000,3601000000,9.39,0.0281,3755000000,3755000000,None,0.136,0.62,4848000000,5689000000,5.02,2020-12-31,15.17,10495000000,25198000000.0,10348000000,4868000000,1194000000,14237000000,14237000000,None,29000000,None,1258000000,None,None,3957000000,None,None,7264000000,None,None,None,0.342,10497000000,5500000000,4848000000,953000000,2999000000,None,None,None,None,None,None,None,1.05,18.7,4.984,None,None,None,None,None,-3486000000,None,0.195,None,5038000000,2025-10-29,annual,5.64,USD,post-market,2314000000,-3132000000,0.0771,0.817,0.124,66.89,2790000000,3957000000,None,3415000000,297.4,320.66,12.3506,29297000000,9235000000,3595000000,8846000000,20062000000,5251000000,12430000000,20451000000,25.77,None,346.38,248.95
2025-12-28,AMGN,12.92,35970998000.0,25.77,None,0.447,17.86,618000000,None,1840000000,1840000000,-15767000000,5709000000,-908000000,None,-66000000,None,None,-504000000,23561000000,1258000000,None,2082000000,2082000000,596000000,None,None,1769000000,None,None,841000000,2206000000,9.39,0.0281,3509000000,3509000000,None,0.136,0.62,4848000000,5689000000,5.02,2019-12-31,15.17,10495000000,25198000000.0,10348000000,4868000000,1194000000,14237000000,14237000000,None,29000000,None,1258000000,None,None,3957000000,None,None,7842000000,None,None,None,0.342,9150000000,5500000000,4848000000,953000000,2999000000,None,None,None,None,None,None,None,1.05,18.7,4.984,None,None,None,None,None,-7702000000,None,0.195,None,5038000000,2025-10-29,annual,5.64,USD,post-market,2314000000,-3132000000,0.0771,0.817,0.124,66.89,2790000000,3957000000,None,3415000000,297.4,320.66,12.3506,29297000000,9235000000,3595000000,8846000000,20062000000,5251000000,12430000000,20451000000,25.77,None,346.38,248.95
2025-12-28,AMGN,12.92,35970998000.0,25.77,None,0.447,17.86,738000000,None,1840000000,1840000000,-22490000000,14339000000,3145000000,None,-3000000,None,None,-378000000,23561000000,1258000000,None,2082000000,2082000000,596000000,None,None,1769000000,None,None,841000000,1946000000,9.39,0.0281,3507000000,3507000000,None,0.136,0.62,4848000000,5689000000,5.02,2018-12-31,15.17,10495000000,25198000000.0,10348000000,4868000000,1194000000,14237000000,14237000000,None,29000000,None,1258000000,None,None,3957000000,None,None,8394000000,None,None,None,0.342,11296000000,5500000000,4848000000,953000000,2999000000,None,None,None,None,None,None,None,1.05,18.7,4.984,None,None,None,None,None,-17794000000,None,0.195,None,5038000000,2025-10-29,annual,5.64,USD,post-market,2314000000,-3132000000,0.0771,0.817,0.124,66.89,2790000000,3957000000,None,3415000000,297.4,320.66,12.3506,29297000000,9235000000,3595000000,8846000000,20062000000,5251000000,12430000000,20451000000,25.77,None,346.38,248.95
2025-12-28,AMGN,12.92,35970998000.0,25.77,None,0.447,17.86,664000000,None,1840000000,1840000000,-6594000000,-4024000000,559000000,None,133000000,None,None,-58000000,23561000000,1258000000,None,2082000000,2082000000,596000000,None,None,1769000000,None,None,841000000,1955000000,9.39,0.0281,3365000000,3365000000,None,0.136,0.62,4848000000,5689000000,5.02,2017-12-31,15.17,10495000000,25198000000.0,10348000000,4868000000,1194000000,14237000000,14237000000,None,29000000,None,1258000000,None,None,3957000000,None,None,1979000000,None,None,None,0.342,11177000000,5500000000,4848000000,953000000,2999000000,None,None,None,None,None,None,None,1.05,18.7,4.984,None,None,None,None,None,-3160000000,None,0.195,None,5038000000,2025-10-29,annual,5.64,USD,post-market,2314000000,-3132000000,0.0771,0.817,0.124,66.89,2790000000,3957000000,None,3415000000,297.4,320.66,12.3506,29297000000,9235000000,3595000000,8846000000,20062000000,5251000000,12430000000,20451000000,25.77,None,346.38,248.95
2025-12-28,AMGN,12.92,35970998000.0,25.77,None,0.447,17.86,837000000,None,1840000000,1840000000,-2599000000,-8658000000,-903000000,None,-80000000,None,None,-214000000,23561000000,1258000000,None,2082000000,2082000000,596000000,None,None,1769000000,None,None,841000000,2105000000,9.39,0.0281,2998000000,2998000000,None,0.136,0.62,4848000000,5689000000,5.02,2016-12-31,15.17,10495000000,25198000000.0,10348000000,4868000000,1194000000,14237000000,14237000000,None,29000000,None,1258000000,None,None,3957000000,None,None,7722000000,None,None,None,0.342,10354000000,5500000000,4848000000,953000000,2999000000,None,None,None,None,None,None,None,1.05,18.7,4.984,None,None,None,None,None,-2965000000,None,0.195,None,5038000000,2025-10-29,annual,5.64,USD,post-market,2314000000,-3132000000,0.0771,0.817,0.124,66.89,2790000000,3957000000,None,3415000000,297.4,320.66,12.3506,29297000000,9235000000,3595000000,8846000000,20062000000,5251000000,12430000000,20451000000,25.77,None,346.38,248.95
2025-12-28,AMGN,12.92,35970998000.0,25.77,None,0.447,17.86,649000000,None,1840000000,1840000000,-3117000000,-5547000000,413000000,None,481000000,None,None,-420000000,23561000000,1258000000,None,2082000000,2082000000,596000000,None,None,1769000000,None,None,841000000,2108000000,9.39,0.0281,2396000000,2396000000,None,0.136,0.62,4848000000,5689000000,5.02,2015-12-31,15.17,10495000000,25198000000.0,10348000000,4868000000,1194000000,14237000000,14237000000,None,29000000,None,1258000000,None,None,3957000000,None,None,6939000000,None,None,None,0.342,9077000000,5500000000,4848000000,953000000,2999000000,None,None,None,None,None,None,None,1.05,18.7,4.984,None,None,None,None,None,-1867000000,None,0.195,None,5038000000,2025-10-29,annual,5.64,USD,post-market,2314000000,-3132000000,0.0771,0.817,0.124,66.89,2790000000,3957000000,None,3415000000,297.4,320.66,12.3506,29297000000,9235000000,3595000000,8846000000,20062000000,5251000000,12430000000,20451000000,25.77,None,346.38,248.95
2025-12-28,AMGN,12.92,35970998000.0,25.77,None,0.447,17.86,1003000000,None,1840000000,1840000000,-2877000000,-5752000000,-74000000,None,327000000,None,None,136000000,23561000000,1258000000,None,2082000000,2082000000,596000000,None,None,1769000000,None,None,841000000,2092000000,9.39,0.0281,1851000000,1851000000,None,0.136,0.62,4848000000,5689000000,5.02,2014-12-31,15.17,10495000000,25198000000.0,10348000000,4868000000,1194000000,14237000000,14237000000,None,29000000,None,1258000000,None,None,3957000000,None,None,5158000000,None,None,None,0.342,8555000000,5500000000,4848000000,953000000,2999000000,None,None,None,None,None,None,None,1.05,18.7,4.984,None,None,None,None,None,-138000000,None,0.195,None,5038000000,2025-10-29,annual,5.64,USD,post-market,2314000000,-3132000000,0.0771,0.817,0.124,66.89,2790000000,3957000000,None,3415000000,297.4,320.66,12.3506,29297000000,9235000000,3595000000,8846000000,20062000000,5251000000,12430000000,20451000000,25.77,None,346.38,248.95
2025-12-28,AMGN,12.92,35970998000.0,25.77,None,0.447,17.86,693000000,None,1840000000,1840000000,2726000000,-8469000000,548000000,None,-7000000,None,None,-38000000,23561000000,1258000000,None,2082000000,2082000000,596000000,None,None,1769000000,None,None,841000000,1286000000,9.39,0.0281,1415000000,1415000000,None,0.136,0.62,4848000000,5689000000,5.02,2013-12-31,15.17,10495000000,25198000000.0,10348000000,4868000000,1194000000,14237000000,14237000000,None,29000000,None,1258000000,None,None,3957000000,None,None,5081000000,None,None,None,0.342,6291000000,5500000000,4848000000,953000000,2999000000,None,None,None,None,None,None,None,1.05,18.7,4.984,None,None,None,None,None,-832000000,None,0.195,None,5038000000,2025-10-29,annual,5.64,USD,post-market,2314000000,-3132000000,0.0771,0.817,0.124,66.89,2790000000,3957000000,None,3415000000,297.4,320.66,12.3506,29297000000,9235000000,3595000000,8846000000,20062000000,5251000000,12430000000,20451000000,25.77,None,346.38,248.95
2025-12-28,AMGN,12.92,35970998000.0,25.77,None,0.447,17.86,689000000,None,1840000000,1840000000,419000000,-9990000000,-3689000000,None,-150000000,None,None,348000000,23561000000,1258000000,None,2082000000,2082000000,596000000,None,None,1769000000,None,None,841000000,1088000000,9.39,0.0281,1118000000,1118000000,None,0.136,0.62,4848000000,5689000000,5.02,2012-12-31,15.17,10495000000,25198000000.0,10348000000,4868000000,1194000000,14237000000,14237000000,None,29000000,None,1258000000,None,None,3957000000,None,None,4345000000,None,None,None,0.342,5882000000,5500000000,4848000000,953000000,2999000000,None,None,None,None,None,None,None,1.05,18.7,4.984,None,None,None,None,None,-4607000000,None,0.195,None,5038000000,2025-10-29,annual,5.64,USD,post-market,2314000000,-3132000000,0.0771,0.817,0.124,66.89,2790000000,3957000000,None,3415000000,297.4,320.66,12.3506,29297000000,9235000000,3595000000,8846000000,20062000000,5251000000,12430000000,20451000000,25.77,None,346.38,248.95
2025-12-28,AMGN,12.92,35970998000.0,25.77,None,0.447,17.86,567000000,None,1840000000,1840000000,-674000000,-786000000,3659000000,None,-383000000,None,None,-557000000,23561000000,1258000000,None,2082000000,2082000000,596000000,None,None,1769000000,None,None,841000000,1060000000,9.39,0.0281,500000000,500000000,None,0.136,0.62,4848000000,5689000000,5.02,2011-12-31,15.17,10495000000,25198000000.0,10348000000,4868000000,1194000000,14237000000,14237000000,None,29000000,None,1258000000,None,None,3957000000,None,None,3683000000,None,None,None,0.342,5119000000,5500000000,4848000000,953000000,2999000000,None,None,None,None,None,None,None,1.05,18.7,4.984,None,None,None,None,None,-8315000000,None,0.195,None,5038000000,2025-10-29,annual,5.64,USD,post-market,2314000000,-3132000000,0.0771,0.817,0.124,66.89,2790000000,3957000000,None,3415000000,297.4,320.66,12.3506,29297000000,9235000000,3595000000,8846000000,20062000000,5251000000,12430000000,20451000000,25.77,None,346.38,248.95
2025-12-28,AMGN,12.92,35970998000.0,25.77,None,0.447,17.86,580000000,None,1840000000,1840000000,-1232000000,-4152000000,403000000,None,153000000,None,None,-210000000,23561000000,1258000000,None,2082000000,2082000000,596000000,None,None,1769000000,None,None,841000000,1017000000,9.39,0.0281,0,0,None,0.136,0.62,4848000000,5689000000,5.02,2010-12-31,15.17,10495000000,25198000000.0,10348000000,4868000000,1194000000,14237000000,14237000000,None,29000000,None,1258000000,None,None,3957000000,None,None,4627000000,None,None,None,0.342,5787000000,5500000000,4848000000,953000000,2999000000,None,None,None,None,None,None,None,1.05,18.7,4.984,None,None,None,None,None,-3786000000,None,0.195,None,5038000000,2025-10-29,annual,5.64,USD,post-market,2314000000,-3132000000,0.0771,0.817,0.124,66.89,2790000000,3957000000,None,3415000000,297.4,320.66,12.3506,29297000000,9235000000,3595000000,8846000000,20062000000,5251000000,12430000000,20451000000,25.77,None,346.38,248.95
2025-12-28,AMGN,12.92,35970998000.0,25.77,None,0.447,17.86,530000000,None,1840000000,1840000000,-2024000000,-3202000000,1110000000,None,-134000000,None,None,-36000000,23561000000,1258000000,None,2082000000,2082000000,596000000,None,None,1769000000,None,None,841000000,1049000000,9.39,0.0281,1980000000,1980000000,None,0.136,0.62,4848000000,5689000000,5.02,2009-12-31,15.17,10495000000,25198000000.0,10348000000,4868000000,1194000000,14237000000,14237000000,None,29000000,None,1258000000,None,None,3957000000,None,None,4605000000,None,None,None,0.342,6336000000,5500000000,4848000000,953000000,2999000000,None,None,None,None,None,None,None,1.05,18.7,4.984,None,None,None,None,None,-3208000000,None,0.195,None,5038000000,2025-10-29,annual,5.64,USD,post-market,2314000000,-3132000000,0.0771,0.817,0.124,66.89,2790000000,3957000000,None,3415000000,297.4,320.66,12.3506,29297000000,9235000000,3595000000,8846000000,20062000000,5251000000,12430000000,20451000000,25.77,None,346.38,248.95
2025-12-28,AMGN,12.92,35970998000.0,25.77,None,0.447,17.86,672000000,None,1840000000,1840000000,-3073000000,-3165000000,None,None,-59000000,None,None,None,23561000000,1258000000,None,2082000000,2082000000,596000000,None,None,1769000000,None,None,841000000,1073000000,9.39,0.0281,None,None,None,0.136,0.62,4848000000,5689000000,5.02,2008-12-31,15.17,10495000000,25198000000.0,10348000000,4868000000,1194000000,14237000000,14237000000,None,29000000,None,1258000000,None,None,3957000000,None,None,4196000000,None,None,None,0.342,5988000000,5500000000,4848000000,953000000,2999000000,None,None,None,None,None,None,None,1.05,18.7,4.984,None,None,None,None,None,-2268000000,None,0.195,None,5038000000,2025-10-29,annual,5.64,USD,post-market,2314000000,-3132000000,0.0771,0.817,0.124,66.89,2790000000,3957000000,None,3415000000,297.4,320.66,12.3506,29297000000,9235000000,3595000000,8846000000,20062000000,5251000000,12430000000,20451000000,25.77,None,346.38,248.95
2025-12-28,AMGN,12.92,35970998000.0,25.77,None,0.447,17.86,1267000000,None,1840000000,1840000000,-2668000000,-1992000000,None,None,-109000000,None,None,None,23561000000,1258000000,None,2082000000,2082000000,596000000,None,None,1769000000,None,None,841000000,1202000000,9.39,0.0281,None,None,None,0.136,0.62,4848000000,5689000000,5.02,2007-12-31,15.17,10495000000,25198000000.0,10348000000,4868000000,1194000000,14237000000,14237000000,None,29000000,None,1258000000,None,None,3957000000,None,None,3166000000,None,None,None,0.342,5401000000,5500000000,4848000000,953000000,2999000000,None,None,None,None,None,None,None,1.05,18.7,4.984,None,None,None,None,None,-5100000000,None,0.195,None,5038000000,2025-10-29,annual,5.64,USD,post-market,2314000000,-3132000000,0.0771,0.817,0.124,66.89,2790000000,3957000000,None,3415000000,297.4,320.66,12.3506,29297000000,9235000000,3595000000,8846000000,20062000000,5251000000,12430000000,20451000000,25.77,None,346.38,248.95
2025-12-28,AMGN,12.92,35970998000.0,25.77,None,0.447,17.86,1218000000,None,1840000000,1840000000,-815000000,-5131000000,None,None,-561000000,None,None,None,23561000000,1258000000,None,2082000000,2082000000,596000000,None,None,1769000000,None,None,841000000,963000000,9.39,0.0281,None,None,None,0.136,0.62,4848000000,5689000000,5.02,2006-12-31,15.17,10495000000,25198000000.0,10348000000,4868000000,1194000000,14237000000,14237000000,None,29000000,None,1258000000,None,None,3957000000,None,None,2950000000,None,None,None,0.342,5389000000,5500000000,4848000000,953000000,2999000000,None,None,None,None,None,None,None,1.05,18.7,4.984,None,None,None,None,None,-2000000000,None,0.195,None,5038000000,2025-10-29,annual,5.64,USD,post-market,2314000000,-3132000000,0.0771,0.817,0.124,66.89,2790000000,3957000000,None,3415000000,297.4,320.66,12.3506,29297000000,9235000000,3595000000,8846000000,20062000000,5251000000,12430000000,20451000000,25.77,None,346.38,248.95
2025-12-28,AMGN,12.92,35970998000.0,25.77,None,0.447,17.86,867000000,None,1840000000,1840000000,-4538000000,-59000000,None,None,-370000000,None,None,None,23561000000,1258000000,None,2082000000,2082000000,596000000,None,None,1769000000,None,None,841000000,841000000,9.39,0.0281,None,None,None,0.136,0.62,4848000000,5689000000,5.02,2005-12-31,15.17,10495000000,25198000000.0,10348000000,4868000000,1194000000,14237000000,14237000000,None,29000000,None,1258000000,None,None,3957000000,None,None,3674000000,None,None,None,0.342,4911000000,5500000000,4848000000,953000000,2999000000,None,None,None,None,None,None,None,1.05,18.7,4.984,None,None,None,None,None,-4430000000,None,0.195,None,5038000000,2025-10-29,annual,5.64,USD,post-market,2314000000,-3132000000,0.0771,0.817,0.124,66.89,2790000000,3957000000,None,3415000000,297.4,320.66,12.3506,29297000000,9235000000,3595000000,8846000000,20062000000,5251000000,12430000000,20451000000,25.77,None,346.38,248.95
