date,symbol,eps,revenue_ttm,pe_ratio,accumulateddepreciationamortizationppe,beta,book_value,capitalexpenditures,capitalleaseobligations,cashandcashequivalentsatcarryingvalue,cashandshortterminvestments,cashflowfromfinancing,cashflowfrominvestment,changeincashandcashequivalents,changeinexchangerate,changeininventory,changeinoperatingassets,changeinoperatingliabilities,changeinreceivables,commonstock,commonstocksharesoutstanding,comprehensiveincomenetoftax,costofgoodsandservicessold,costofrevenue,currentaccountspayable,currentdebt,currentlongtermdebt,currentnetreceivables,deferredrevenue,depreciation,depreciationandamortization,depreciationdepletionandamortization,dividend_per_share,dividend_yield,dividendpayout,dividendpayoutcommonstock,dividendpayoutpreferredstock,earnings_growth_yoy,earnings_surprise,ebit,ebitda,estimated_eps,fiscaldateending,forward_pe,goodwill,gross_profit_ttm,grossprofit,incomebeforetax,incometaxexpense,intangibleassets,intangibleassetsexcludinggoodwill,interestanddebtexpense,interestexpense,interestincome,inventory,investmentincomenet,investments,longtermdebt,longtermdebtnoncurrent,longterminvestments,netincome,netincomefromcontinuingoperations,netinterestincome,noninterestincome,operating_margin_ttm,operatingcashflow,operatingexpenses,operatingincome,othercurrentassets,othercurrentliabilities,othernoncurrentassets,othernoncurrentliabilities,othernonoperatingincome,paymentsforoperatingactivities,paymentsforrepurchaseofcommonstock,paymentsforrepurchaseofequity,paymentsforrepurchaseofpreferredstock,peg_ratio,price_to_book,price_to_sales_ttm,proceedsfromissuanceofcommonstock,proceedsfromissuanceoflongtermdebtandcapitalsecuritiesnet,proceedsfromissuanceofpreferredstock,proceedsfromoperatingactivities,proceedsfromrepaymentsofshorttermdebt,proceedsfromrepurchaseofequity,proceedsfromsaleoftreasurystock,profit_margin,profitloss,propertyplantequipment,report_date,report_type,reported_eps,reportedcurrency,reporttime,researchanddevelopment,retainedearnings,return_on_assets_ttm,return_on_equity_ttm,revenue_growth_yoy,revenue_per_share_ttm,sellinggeneralandadministrative,shortlongtermdebttotal,shorttermdebt,shortterminvestments,sma_200,sma_50,surprise_pct,totalassets,totalcurrentassets,totalcurrentliabilities,totalliabilities,totalnoncurrentassets,totalnoncurrentliabilities,totalrevenue,totalshareholderequity,trailing_pe,treasurystock,week_52_high,week_52_low
1998-06-30,AMKR,,,,,,,,,,,,,,,,,,,,,,,,,,,,,,,,,,,,,,0.05,,,0.15,,,,,,,,,,,,,,,,,,,,,,,,,,,,,,,,,,,,,,,,,,,,,,,,,1998-08-20,,0.2,,pre-market,,,,,,,,,,,,,33.3333,,,,,,,,,,,,
1998-09-30,AMKR,,,,,,,,,,,,,,,,,,,,,,,,,,,,,,,,,,,,,,0.0,,,0.17,,,,,,,,,,,,,,,,,,,,,,,,,,,,,,,,,,,,,,,,,,,,,,,,,1998-10-26,,0.17,,pre-market,,,,,,,,,,,,,0.0,,,,,,,,,,,,
1998-12-31,AMKR,,,,,,,,,,,,,,,,,,,,,,,,,,,,,,,,,,,,,,0.02,,,0.14,,,,,,,,,,,,,,,,,,,,,,,,,,,,,,,,,,,,,,,,,,,,,,,,,1999-02-10,,0.16,,pre-market,,,,,,,,,,,,,14.2857,,,,,,,,,,,,
1999-03-31,AMKR,,,,,,,,,,,,,,,,,,,,,,,,,,,,,,,,,,,,,,0.01,,,0.15,,,,,,,,,,,,,,,,,,,,,,,,,,,,,,,,,,,,,,,,,,,,,,,,,1999-04-21,,0.16,,pre-market,,,,,,,,,,,,,6.6667,,,,,,,,,,,,
1999-06-30,AMKR,,,,,,,,,,,,,,,,,,,,,,,,,,,,,,,,,,,,,,0.02,,,0.08,,,,,,,,,,,,,,,,,,,,,,,,,,,,,,,,,,,,,,,,,,,,,,,,,1999-08-05,,0.1,,pre-market,,,,,,,,,,,,,25.0,,,,,,,,,,,,
1999-09-30,AMKR,,,,,,,,,,,,,,,,,,,,,,,,,,,,,,,,,,,,,,0.03,,,0.18,,,,,,,,,,,,,,,,,,,,,,,,,,,,,,,,,,,,,,,,,,,,,,,,,1999-10-26,,0.21,,pre-market,,,,,,,,,,,,,16.6667,,,,,,,,,,,,
1999-12-31,AMKR,,,,,,,,,,,,,,,,,,,,,,,,,,,,,,,,,,,,,,0.02,,,0.24,,,,,,,,,,,,,,,,,,,,,,,,,,,,,,,,,,,,,,,,,,,,,,,,,2000-02-03,,0.26,,pre-market,,,,,,,,,,,,,8.3333,,,,,,,,,,,,
2000-03-31,AMKR,,,,,,,,,,,,,,,,,,,,,,,,,,,,,,,,,,,,,,0.0,,,0.27,,,,,,,,,,,,,,,,,,,,,,,,,,,,,,,,,,,,,,,,,,,,,,,,,2000-05-04,,0.27,,pre-market,,,,,,,,,,,,,0.0,,,,,,,,,,,,
2000-06-30,AMKR,,,,,,,,,,,,,,,,,,,,,,,,,,,,,,,,,,,,,,0.02,,,0.31,,,,,,,,,,,,,,,,,,,,,,,,,,,,,,,,,,,,,,,,,,,,,,,,,2000-08-02,,0.33,,pre-market,,,,,,,,,,,,,6.4516,,,,,,,,,,,,
2000-09-30,AMKR,,,,,,,,,,,,,,,,,,,,,,,,,,,,,,,,,,,,,,0.14,,,0.32,,,,,,,,,,,,,,,,,,,,,,,,,,,,,,,,,,,,,,,,,,,,,,,,,2000-10-31,,0.46,,pre-market,,,,,,,,,,,,,43.75,,,,,,,,,,,,
2000-12-31,AMKR,,,,,,,,,,,,,,,,,,,,,,,,,,,,,,,,,,,,,,0.0,,,0.45,,,,,,,,,,,,,,,,,,,,,,,,,,,,,,,,,,,,,,,,,,,,,,,,,2001-01-31,,0.45,,pre-market,,,,,,,,,,,,,0.0,,,,,,,,,,,,
2001-03-31,AMKR,,,,,,,,,,,,,,,,,,,,,,,,,,,,,,,,,,,,,,0.04,,,-0.25,,,,,,,,,,,,,,,,,,,,,,,,,,,,,,,,,,,,,,,,,,,,,,,,,2001-04-26,,-0.21,,pre-market,,,,,,,,,,,,,16.0,,,,,,,,,,,,
2001-06-30,AMKR,,,,,,,,,,,,,,,,,,,,,,,,,,,,,,,,,,,,,,0.06,,,-0.61,,,,,,,,,,,,,,,,,,,,,,,,,,,,,,,,,,,,,,,,,,,,,,,,,2001-07-24,,-0.55,,pre-market,,,,,,,,,,,,,9.8361,,,,,,,,,,,,
2001-09-30,AMKR,,,,,,,,,,,,,,,,,,,,,,,,,,,,,,,,,,,,,,0.09,,,-0.7,,,,,,,,,,,,,,,,,,,,,,,,,,,,,,,,,,,,,,,,,,,,,,,,,2001-10-24,,-0.61,,pre-market,,,,,,,,,,,,,12.8571,,,,,,,,,,,,
2001-12-31,AMKR,,,,,,,,,,,,,,,,,,,,,,,,,,,,,,,,,,,,,,-0.05,,,-0.58,,,,,,,,,,,,,,,,,,,,,,,,,,,,,,,,,,,,,,,,,,,,,,,,,2002-01-30,,-0.63,,pre-market,,,,,,,,,,,,,-8.6207,,,,,,,,,,,,
2002-03-31,AMKR,,,,,,,,,,,,,,,,,,,,,,,,,,,,,,,,,,,,,,-0.04,,,-0.59,,,,,,,,,,,,,,,,,,,,,,,,,,,,,,,,,,,,,,,,,,,,,,,,,2002-05-02,,-0.63,,pre-market,,,,,,,,,,,,,-6.7797,,,,,,,,,,,,
2002-06-30,AMKR,,,,,,,,,,,,,,,,,,,,,,,,,,,,,,,,,,,,,,0.02,,,-0.46,,,,,,,,,,,,,,,,,,,,,,,,,,,,,,,,,,,,,,,,,,,,,,,,,2002-07-30,,-0.44,,pre-market,,,,,,,,,,,,,4.3478,,,,,,,,,,,,
2002-09-30,AMKR,,,,,,,,,,,,,,,,,,,,,,,,,,,,,,,,,,,,,,0.06,,,-0.35,,,,,,,,,,,,,,,,,,,,,,,,,,,,,,,,,,,,,,,,,,,,,,,,,2002-10-29,,-0.29,,pre-market,,,,,,,,,,,,,17.1429,,,,,,,,,,,,
2002-12-31,AMKR,,,,,,,,,,,,,,,,,,,,,,,,,,,,,,,,,,,,,,0.08,,,-0.23,,,,,,,,,,,,,,,,,,,,,,,,,,,,,,,,,,,,,,,,,,,,,,,,,2003-01-29,,-0.15,,pre-market,,,,,,,,,,,,,34.7826,,,,,,,,,,,,
2003-03-31,AMKR,,,,,,,,,,,,,,,,,,,,,,,,,,,,,,,,,,,,,,0.12,,,-0.36,,,,,,,,,,,,,,,,,,,,,,,,,,,,,,,,,,,,,,,,,,,,,,,,,2003-04-29,,-0.24,,pre-market,,,,,,,,,,,,,33.3333,,,,,,,,,,,,
2003-06-30,AMKR,,,,,,,,,,,,,,,,,,,,,,,,,,,,,,,,,,,,,,0.0,,,-0.12,,,,,,,,,,,,,,,,,,,,,,,,,,,,,,,,,,,,,,,,,,,,,,,,,2003-07-28,,-0.12,,pre-market,,,,,,,,,,,,,0.0,,,,,,,,,,,,
2003-09-30,AMKR,,,,,,,,,,,,,,,,,,,,,,,,,,,,,,,,,,,,,,0.03,,,0.01,,,,,,,,,,,,,,,,,,,,,,,,,,,,,,,,,,,,,,,,,,,,,,,,,2003-10-27,,0.04,,pre-market,,,,,,,,,,,,,300.0,,,,,,,,,,,,
2003-12-31,AMKR,,,,,,,,,,,,,,,,,,,,,,,,,,,,,,,,,,,,,,0.03,,,0.1,,,,,,,,,,,,,,,,,,,,,,,,,,,,,,,,,,,,,,,,,,,,,,,,,2004-01-29,,0.13,,pre-market,,,,,,,,,,,,,30.0,,,,,,,,,,,,
2004-03-31,AMKR,,,,,,,,,,,,,,,,,,,,,,,,,,,,,,,,,,,,,,-0.02,,,0.1,,,,,,,,,,,,,,,,,,,,,,,,,,,,,,,,,,,,,,,,,,,,,,,,,2004-04-27,,0.08,,pre-market,,,,,,,,,,,,,-20.0,,,,,,,,,,,,
2004-06-30,AMKR,,,,,,,,,,,,,,,,,,,,,,,,,,,,,,,,,,,,,,0.01,,,-0.05,,,,,,,,,,,,,,,,,,,,,,,,,,,,,,,,,,,,,,,,,,,,,,,,,2004-07-27,,-0.04,,pre-market,,,,,,,,,,,,,20.0,,,,,,,,,,,,
2004-09-30,AMKR,,,,,,,,,,,,,,,,,,,,,,,,,,,,,,,,,,,,,,-0.01,,,-0.12,,,,,,,,,,,,,,,,,,,,,,,,,,,,,,,,,,,,,,,,,,,,,,,,,2004-10-26,,-0.13,,pre-market,,,,,,,,,,,,,-8.3333,,,,,,,,,,,,
2004-12-31,AMKR,,,,,,,,,,,,,,,,,,,,,,,,,,,,,,,,,,,,,,-0.02,,,-0.19,,,,,,,,,,,,,,,,,,,,,,,,,,,,,,,,,,,,,,,,,,,,,,,,,2005-02-08,,-0.21,,pre-market,,,,,,,,,,,,,-10.5263,,,,,,,,,,,,
2005-03-31,AMKR,,,,,,,,,,,,,,,,,,,,,,,,,,,,,,,,,,,,,,-0.02,,,-0.37,,,,,,,,,,,,,,,,,,,,,,,,,,,,,,,,,,,,,,,,,,,,,,,,,2005-05-04,,-0.39,,pre-market,,,,,,,,,,,,,-5.4054,,,,,,,,,,,,
2005-06-30,AMKR,,,,,,,,,,,,,,,,,,,,,,,,,,,,,,,,,,,,,,0.0,,,-0.3,,,,,,,,,,,,,,,,,,,,,,,,,,,,,,,,,,,,,,,,,,,,,,,,,2005-07-27,,-0.3,,pre-market,,,,,,,,,,,,,0.0,,,,,,,,,,,,
2005-09-30,AMKR,,,,,,,,,,,,,,,,,,,,,,,,,,,,,,,,,,,,,,0.08,,,-0.19,,,,,,,,,,,,,,,,,,,,,,,,,,,,,,,,,,,,,,,,,,,,,,,,,2005-10-26,,-0.11,,pre-market,,,,,,,,,,,,,42.1053,,,,,,,,,,,,
2005-12-31,AMKR,,,,,,,,,,,,,,,,,,,,,,,,,,,,,,,,,,,,,,0.12,,,0.12,,,,,,,,,,,,,,,,,,,,,,,,,,,,,,,,,,,,,,,,,,,,,,,,,2006-02-08,,0.24,,pre-market,,,,,,,,,,,,,100.0,,,,,,,,,,,,
2006-03-31,AMKR,,,,,,,,,,,,,,,,,,,,,,,,,,,,,,,,,,,,,,0.08,,,0.12,,,,,,,,,,,,,,,,,,,,,,,,,,,,,,,,,,,,,,,,,,,,,,,,,2006-04-26,,0.2,,pre-market,,,,,,,,,,,,,66.6667,,,,,,,,,,,,
2006-06-30,AMKR,,,,,,,,,,,,,,,,,,,,,,,,,,,,,,,,,,,,,,0.0,,,0.27,,,,,,,,,,,,,,,,,,,,,,,,,,,,,,,,,,,,,,,,,,,,,,,,,2006-07-26,,0.27,,pre-market,,,,,,,,,,,,,0.0,,,,,,,,,,,,
2006-09-30,AMKR,,,,,,,,,,,,,,,,,,,,,,,,,,,,,,,,,,,,,,0.02,,,0.25,,,,,,,,,,,,,,,,,,,,,,,,,,,,,,,,,,,,,,,,,,,,,,,,,2006-11-08,,0.27,,pre-market,,,,,,,,,,,,,8.0,,,,,,,,,,,,
2006-12-31,AMKR,,,,,,,,,,,,,,,,,,,,,,,,,,,,,,,,,,,,,,0.08,,,0.22,,,,,,,,,,,,,,,,,,,,,,,,,,,,,,,,,,,,,,,,,,,,,,,,,2007-02-07,,0.3,,pre-market,,,,,,,,,,,,,36.3636,,,,,,,,,,,,
2007-03-31,AMKR,,,,,,,,,,,,,,,,,,,,,,,,,,,,,,,,,,,,,,0.03,,,0.15,,,,,,,,,,,,,,,,,,,,,,,,,,,,,,,,,,,,,,,,,,,,,,,,,2007-05-01,,0.18,,pre-market,,,,,,,,,,,,,20.0,,,,,,,,,,,,
2007-06-30,AMKR,,,,,,,,,,,,,,,,,,,,,,,,,,,,,,,,,,,,,,0.03,,,0.21,,,,,,,,,,,,,,,,,,,,,,,,,,,,,,,,,,,,,,,,,,,,,,,,,2007-07-31,,0.24,,pre-market,,,,,,,,,,,,,14.2857,,,,,,,,,,,,
2007-09-30,AMKR,,,,,,,,,,,,,,,,,,,,,,,,,,,,,,,,,,,,,,0.01,,,0.26,,,,,,,,,,,,,,,,,,,,,,,,,,,,,,,,,,,,,,,,,,,,,,,,,2007-11-07,,0.27,,pre-market,,,,,,,,,,,,,3.8462,,,,,,,,,,,,
2007-12-31,AMKR,,,,,,,,,,,,,,,,,,,,,,,,,,,,,,,,,,,,,,0.18,,,0.28,,,,,,,,,,,,,,,,,,,,,,,,,,,,,,,,,,,,,,,,,,,,,,,,,2008-02-13,,0.46,,pre-market,,,,,,,,,,,,,64.2857,,,,,,,,,,,,
2008-03-31,AMKR,,,,,,,,,,,,,,,,,,,,,,,,,,,,,,,,,,,,,,0.1,,,0.26,,,,,,,,,,,,,,,,,,,,,,,,,,,,,,,,,,,,,,,,,,,,,,,,,2008-04-30,,0.36,,pre-market,,,,,,,,,,,,,38.4615,,,,,,,,,,,,
2008-06-30,AMKR,,,,,,,,,,,,,,,,,,,,,,,,,,,,,,,,,,,,,,0.0,,,0.28,,,,,,,,,,,,,,,,,,,,,,,,,,,,,,,,,,,,,,,,,,,,,,,,,2008-08-05,,0.28,,pre-market,,,,,,,,,,,,,0.0,,,,,,,,,,,,
2008-09-30,AMKR,,,,,,,,,,,,,,,,,,,,,,,,,,,,,,,,,,,,,,0.12,,,0.28,,,,,,,,,,,,,,,,,,,,,,,,,,,,,,,,,,,,,,,,,,,,,,,,,2008-10-29,,0.4,,pre-market,,,,,,,,,,,,,42.8571,,,,,,,,,,,,
2008-12-31,AMKR,,,,,,,,,,,,,,,,,,,,,,,,,,,,,,,,,,,,,,0.0,,,0.28,,,,,,,,,,,,,,,,,,,,,,,,,,,,,,,,,,,,,,,,,,,,,,,,,2009-02-12,,0.06,,pre-market,,,,,,,,,,,,,42.8571,,,,,,,,,,,,
2009-03-31,AMKR,,,,,,,,,,,,,,,,,,,,,,,,,,,,,,,,,,,,,,0.16,,,-0.28,,,,,,,,,,,,,,,,,,,,,,,,,,,,,,,,,,,,,,,,,,,,,,,,,2009-04-29,,-0.12,,pre-market,,,,,,,,,,,,,57.1429,,,,,,,,,,,,
2009-06-30,AMKR,,,,,,,,,,,,,,,,,,,,,,,,,,,,,,,,,,,,,,0.03,,,0.02,,,,,,,,,,,,,,,,,,,,,,,,,,,,,,,,,,,,,,,,,,,,,,,,,2009-07-29,,0.05,,pre-market,,,,,,,,,,,,,150.0,,,,,,,,,,,,
2009-09-30,AMKR,,,,,,,,,,,,,,,,,,,,,,,,,,,,,,,,,,,,,,0.12,,,0.19,,,,,,,,,,,,,,,,,,,,,,,,,,,,,,,,,,,,,,,,,,,,,,,,,2009-10-27,,0.31,,pre-market,,,,,,,,,,,,,63.1579,,,,,,,,,,,,
2009-12-31,AMKR,,,,,,,,,,,,,,,,,,,,,,,,,,,,,,,,,,,,,,0.24,,,0.09,,,,,,,,,,,,,,,,,,,,,,,,,,,,,,,,,,,,,,,,,,,,,,,,,2010-02-10,,0.33,,pre-market,,,,,,,,,,,,,266.6667,,,,,,,,,,,,
2010-03-31,AMKR,,,,,,,,,,,,,,,,,,,,,,,,,,,,,,,,,,,,,,-0.02,,,0.2,,,,,,,,,,,,,,,,,,,,,,,,,,,,,,,,,,,,,,,,,,,,,,,,,2010-04-27,,0.18,,pre-market,,,,,,,,,,,,,-10.0,,,,,,,,,,,,
2010-06-30,AMKR,,,,,,,,,,,,,,,,,,,,,,,,,,,,,,,,,,,,,,0.02,,,0.25,,,,,,,,,,,,,,,,,,,,,,,,,,,,,,,,,,,,,,,,,,,,,,,,,2010-08-04,,0.27,,pre-market,,,,,,,,,,,,,8.0,,,,,,,,,,,,
2010-09-30,AMKR,,,,,,,,,,,,,,,,,,,,,,,,,,,,,,,,,,,,,,-0.08,,,0.38,,,,,,,,,,,,,,,,,,,,,,,,,,,,,,,,,,,,,,,,,,,,,,,,,2010-11-04,,0.3,,pre-market,,,,,,,,,,,,,-21.0526,,,,,,,,,,,,
2010-12-31,AMKR,,,,,,,,,,,,,,,,,,,,,,,,,,,,,,,,,,,,,,-0.06,,,0.26,,,,,,,,,,,,,,,,,,,,,,,,,,,,,,,,,,,,,,,,,,,,,,,,,2011-02-09,,0.2,,pre-market,,,,,,,,,,,,,-23.0769,,,,,,,,,,,,
2011-03-31,AMKR,,,,,,,,,,,,,,,,,,,,,,,,,,,,,,,,,,,,,,0.01,,,0.09,,,,,,,,,,,,,,,,,,,,,,,,,,,,,,,,,,,,,,,,,,,,,,,,,2011-04-28,,0.1,,pre-market,,,,,,,,,,,,,11.1111,,,,,,,,,,,,
2011-06-30,AMKR,,,,,,,,,,,,,,,,,,,,,,,,,,,,,,,,,,,,,,0.03,,,0.09,,,,,,,,,,,,,,,,,,,,,,,,,,,,,,,,,,,,,,,,,,,,,,,,,2011-07-27,,0.12,,pre-market,,,,,,,,,,,,,33.3333,,,,,,,,,,,,
2011-09-30,AMKR,,,,,,,,,,,,,,,,,,,,,,,,,,,,,,,,,,,,,,-0.03,,,0.16,,,,,,,,,,,,,,,,,,,,,,,,,,,,,,,,,,,,,,,,,,,,,,,,,2011-10-27,,0.13,,pre-market,,,,,,,,,,,,,-18.75,,,,,,,,,,,,
2011-12-31,AMKR,,,,,,,,,,,,,,,,,,,,,,,,,,,,,,,,,,,,,,0.04,,,0.07,,,,,,,,,,,,,,,,,,,,,,,,,,,,,,,,,,,,,,,,,,,,,,,,,2012-02-09,,0.11,,pre-market,,,,,,,,,,,,,57.1429,,,,,,,,,,,,
2012-03-31,AMKR,,,,,,,,,,,,,,,,,,,,,,,,,,,,,,,,,,,,,,0.04,,,0.05,,,,,,,,,,,,,,,,,,,,,,,,,,,,,,,,,,,,,,,,,,,,,,,,,2012-04-26,,0.09,,pre-market,,,,,,,,,,,,,80.0,,,,,,,,,,,,
2012-06-30,AMKR,,,,,,,,,,,,,,,,,,,,,,,,,,,,,,,,,,,,,,0.02,,,0.13,,,,,,,,,,,,,,,,,,,,,,,,,,,,,,,,,,,,,,,,,,,,,,,,,2012-07-26,,0.15,,pre-market,,,,,,,,,,,,,15.3846,,,,,,,,,,,,
2012-09-30,AMKR,,,,,,,,,,,,,,,,,,,,,,,,,,,,,,,,,,,,,,-0.05,,,0.16,,,,,,,,,,,,,,,,,,,,,,,,,,,,,,,,,,,,,,,,,,,,,,,,,2012-10-25,,0.11,,pre-market,,,,,,,,,,,,,-31.25,,,,,,,,,,,,
2012-12-31,AMKR,,,,,,,,,,,,,,,,,,,,,,,,,,,,,,,,,,,,,,0.01,,,0.12,,,,,,,,,,,,,,,,,,,,,,,,,,,,,,,,,,,,,,,,,,,,,,,,,2013-02-13,,0.13,,pre-market,,,,,,,,,,,,,8.3333,,,,,,,,,,,,
2013-03-31,AMKR,,,,,,,,,,,,,,,,,,,,,,,,,,,,,,,,,,,,,,0.02,,,0.05,,,,,,,,,,,,,,,,,,,,,,,,,,,,,,,,,,,,,,,,,,,,,,,,,2013-04-25,,0.07,,pre-market,,,,,,,,,,,,,40.0,,,,,,,,,,,,
2013-06-30,AMKR,,,,,,,,,,,,,,,,,,,,,,,,,,,,,,,,,,,,,,0.03,,,0.13,,,,,,,,,,,,,,,,,,,,,,,,,,,,,,,,,,,,,,,,,,,,,,,,,2013-07-29,,0.16,,pre-market,,,,,,,,,,,,,23.0769,,,,,,,,,,,,
2013-09-30,AMKR,,,,,,,,,,,,,,,,,,,,,,,,,,,,,,,,,,,,,,0.05,,,0.1,,,,,,,,,,,,,,,,,,,,,,,,,,,,,,,,,,,,,,,,,,,,,,,,,2013-10-28,,0.15,,pre-market,,,,,,,,,,,,,50.0,,,,,,,,,,,,
2013-12-31,AMKR,,,,,,,,,,,,,,,,,,,,,,,,,,,,,,,,,,,,,,0.04,,,0.14,,,,,,,,,,,,,,,,,,,,,,,,,,,,,,,,,,,,,,,,,,,,,,,,,2014-02-10,,0.18,,pre-market,,,,,,,,,,,,,28.5714,,,,,,,,,,,,
2014-03-31,AMKR,,,,,,,,,,,,,,,,,,,,,,,,,,,,,,,,,,,,,,0.06,,,0.03,,,,,,,,,,,,,,,,,,,,,,,,,,,,,,,,,,,,,,,,,,,,,,,,,2014-04-28,,0.09,,pre-market,,,,,,,,,,,,,200.0,,,,,,,,,,,,
2014-06-30,AMKR,,,,,,,,,,,,,,,,,,,,,,,,,,,,,,,,,,,,,,0.06,,,0.15,,,,,,,,,,,,,,,,,,,,,,,,,,,,,,,,,,,,,,,,,,,,,,,,,2014-07-28,,0.21,,pre-market,,,,,,,,,,,,,40.0,,,,,,,,,,,,
2014-09-30,AMKR,,,,,,,,,,,,,,,,,,,,,,,,,,,,,,,,,,,,,,-0.04,,,0.24,,,,,,,,,,,,,,,,,,,,,,,,,,,,,,,,,,,,,,,,,,,,,,,,,2014-10-27,,0.2,,post-market,,,,,,,,,,,,,-16.6667,,,,,,,,,,,,
2014-12-31,AMKR,,,,,,,,,,,,,,,,,,,,,,,,,,,,,,,,,,,,,,0.24,,,0.14,,,,,,,,,,,,,,,,,,,,,,,,,,,,,,,,,,,,,,,,,,,,,,,,,2015-02-09,,0.38,,post-market,,,,,,,,,,,,,171.4286,,,,,,,,,,,,
2015-03-31,AMKR,,,,,,,,,,,,,,,,,,,,,,,,,,,,,,,,,,,,,,0.02,,,0.1,,,,,,,,,,,,,,,,,,,,,,,,,,,,,,,,,,,,,,,,,,,,,,,,,2015-04-27,,0.12,,post-market,,,,,,,,,,,,,20.0,,,,,,,,,,,,
2015-06-30,AMKR,,,,,,,,,,,,,,,,,,,,,,,,,,,,,,,,,,,,,,-0.03,,,0.11,,,,,,,,,,,,,,,,,,,,,,,,,,,,,,,,,,,,,,,,,,,,,,,,,2015-07-27,,0.08,,post-market,,,,,,,,,,,,,-27.2727,,,,,,,,,,,,
2015-09-30,AMKR,,,,,,,,,,,,,,,,,,,,,,,,,,,,,,,,,,,,,,0.09,,,0.03,,,,,,,,,,,,,,,,,,,,,,,,,,,,,,,,,,,,,,,,,,,,,,,,,2015-10-26,,0.12,,post-market,,,,,,,,,,,,,300.0,,,,,,,,,,,,
2015-12-31,AMKR,,,,,,,,,,,,,,,,,,,,,,,,,,,,,,,,,,,,,,-0.01,,,0.03,,,,,,,,,,,,,,,,,,,,,,,,,,,,,,,,,,,,,,,,,,,,,,,,,2016-02-11,,0.02,,post-market,,,,,,,,,,,,,-33.3333,,,,,,,,,,,,
2016-03-31,AMKR,,,,,,,,,,,,,,,,,,,,,,,,,,,,,,,,,,,,,,0.0763,,,-0.08,,,,,,,,,,,,,,,,,,,,,,,,,,,,,,,,,,,,,,,,,,,,,,,,,2016-04-27,,-0.0037,,post-market,,,,,,,,,,,,,95.375,,,,,,,,,,,,
2016-06-30,AMKR,,,,,,,,,,,,,,,,,,,,,,,,,,,,,,,,,,,,,,0.1,,,-0.08,,,,,,,,,,,,,,,,,,,,,,,,,,,,,,,,,,,,,,,,,,,,,,,,,2016-08-01,,0.02,,post-market,,,,,,,,,,,,,125.0,,,,,,,,,,,,
2016-09-30,AMKR,,,,,,,,,,,,,,,,,,,,,,,,,,,,,,,,,,,,,,0.04,,,0.21,,,,,,,,,,,,,,,,,,,,,,,,,,,,,,,,,,,,,,,,,,,,,,,,,2016-10-31,,0.25,,post-market,,,,,,,,,,,,,19.0476,,,,,,,,,,,,
2016-12-31,AMKR,,,,,,,,,,,,,,,,,,,,,,,,,,,,,,,,,,,,,,0.15,,,0.27,,,,,,,,,,,,,,,,,,,,,,,,,,,,,,,,,,,,,,,,,,,,,,,,,2017-02-13,,0.42,,post-market,,,,,,,,,,,,,55.5556,,,,,,,,,,,,
2017-03-31,AMKR,,,,,,,,,,,,,,,,,,,,,,,,,,,,,,,,,,,,,,-0.02,,,-0.02,,,,,,,,,,,,,,,,,,,,,,,,,,,,,,,,,,,,,,,,,,,,,,,,,2017-04-27,,-0.04,,post-market,,,,,,,,,,,,,-100.0,,,,,,,,,,,,
2017-06-30,AMKR,,,,,,,,,,,,,,,,,,,,,,,,,,,,,,,,,,,,,,0.02,,,0.12,,,,,,,,,,,,,,,,,,,,,,,,,,,,,,,,,,,,,,,,,,,,,,,,,2017-07-31,,0.14,,post-market,,,,,,,,,,,,,16.6667,,,,,,,,,,,,
2017-09-30,AMKR,,,,,,,,,,,,,,,,,,,,,,,,,,,,,,,,,,,,,,0.06,,,0.2,,,,,,,,,,,,,,,,,,,,,,,,,,,,,,,,,,,,,,,,,,,,,,,,,2017-10-30,,0.26,,post-market,,,,,,,,,,,,,30.0,,,,,,,,,,,,
2017-12-31,AMKR,,,,,,,,,,,,,,,,,,,,,,,,,,,,,,,,,,,,,,0.06,,,0.19,,,,,,,,,,,,,,,,,,,,,,,,,,,,,,,,,,,,,,,,,,,,,,,,,2018-02-12,,0.25,,post-market,,,,,,,,,,,,,31.5789,,,,,,,,,,,,
2018-03-31,AMKR,,,,,,,,,,,,,,,,,,,,,,,,,,,,,,,,,,,,,,-0.01,,,0.05,,,,,,,,,,,,,,,,,,,,,,,,,,,,,,,,,,,,,,,,,,,,,,,,,2018-04-26,,0.04,,post-market,,,,,,,,,,,,,-20.0,,,,,,,,,,,,
2018-06-30,AMKR,,,,,,,,,,,,,,,,,,,,,,,,,,,,,,,,,,,,,,0.09,,,0.05,,,,,,,,,,,,,,,,,,,,,,,,,,,,,,,,,,,,,,,,,,,,,,,,,2018-07-30,,0.14,,post-market,,,,,,,,,,,,,180.0,,,,,,,,,,,,
2018-09-30,AMKR,,,,,,,,,,,,,,,,,,,,,,,,,,,,,,,,,,,,,,0.07,,,0.17,,,,,,,,,,,,,,,,,,,,,,,,,,,,,,,,,,,,,,,,,,,,,,,,,2018-10-29,,0.24,,post-market,,,,,,,,,,,,,41.1765,,,,,,,,,,,,
2018-12-31,AMKR,,,,,,,,,,,,,,,,,,,,,,,,,,,,,,,,,,,,,,0.04,,,0.08,,,,,,,,,,,,,,,,,,,,,,,,,,,,,,,,,,,,,,,,,,,,,,,,,2019-02-11,,0.12,,post-market,,,,,,,,,,,,,50.0,,,,,,,,,,,,
2019-03-31,AMKR,,,,,,,,,,,,,,,,,,,,,,,,,,,,,,,,,,,,,,0.06,,,-0.16,,,,,,,,,,,,,,,,,,,,,,,,,,,,,,,,,,,,,,,,,,,,,,,,,2019-05-02,,-0.1,,post-market,,,,,,,,,,,,,37.5,,,,,,,,,,,,
2019-06-30,AMKR,,,,,,,,,,,,,,,,,,,,,,,,,,,,,,,,,,,,,,0.12,,,-0.13,,,,,,,,,,,,,,,,,,,,,,,,,,,,,,,,,,,,,,,,,,,,,,,,,2019-07-29,,-0.01,,post-market,,,,,,,,,,,,,92.3077,,,,,,,,,,,,
2019-09-30,AMKR,,,,,,,,,,,,,,,,,,,,,,,,,,,,,,,,,,,,,,0.15,,,0.08,,,,,,,,,,,,,,,,,,,,,,,,,,,,,,,,,,,,,,,,,,,,,,,,,2019-10-28,,0.23,,post-market,,,,,,,,,,,,,187.5,,,,,,,,,,,,
2019-12-31,AMKR,,,,,,,,,,,,,,,,,,,,,,,,,,,,,,,,,,,,,,0.18,,,0.23,,,,,,,,,,,,,,,,,,,,,,,,,,,,,,,,,,,,,,,,,,,,,,,,,2020-02-10,,0.41,,post-market,,,,,,,,,,,,,78.2609,,,,,,,,,,,,
2020-03-31,AMKR,,,,,,,,,,,,,,,,,,,,,,,,,,,,,,,,,,,,,,0.1,,,0.16,,,,,,,,,,,,,,,,,,,,,,,,,,,,,,,,,,,,,,,,,,,,,,,,,2020-04-27,,0.26,,post-market,,,,,,,,,,,,,62.5,,,,,,,,,,,,
2020-06-30,AMKR,,,,,,,,,,,,,,,,,,,,,,,,,,,,,,,,,,,,,,0.26,,,-0.03,,,,,,,,,,,,,,,,,,,,,,,,,,,,,,,,,,,,,,,,,,,,,,,,,2020-07-27,,0.23,,post-market,,,,,,,,,,,,,866.6667,,,,,,,,,,,,
2020-09-30,AMKR,,,,,,,,,,,,,,,,,,,,,,,,,,,,,,,,,,,,,,0.07,,,0.31,,,,,,,,,,,,,,,,,,,,,,,,,,,,,,,,,,,,,,,,,,,,,,,,,2020-10-26,,0.38,,post-market,,,,,,,,,,,,,22.5806,,,,,,,,,,,,
2020-12-31,AMKR,,,,,,,,,,,,,,,,,,,,,,,,,,,,,,,,,,,,,,0.15,,,0.37,,,,,,,,,,,,,,,,,,,,,,,,,,,,,,,,,,,,,,,,,,,,,,,,,2021-02-08,,0.52,,post-market,,,,,,,,,,,,,40.5405,,,,,,,,,,,,
2021-03-31,AMKR,,,,,,,,,,,,,,,,,,,,,,,,,,,,,,,,,,,,,,0.03,,,0.46,,,,,,,,,,,,,,,,,,,,,,,,,,,,,,,,,,,,,,,,,,,,,,,,,2021-04-26,,0.49,,post-market,,,,,,,,,,,,,6.5217,,,,,,,,,,,,
2021-06-30,AMKR,,,,,,,,,,,,,,,,,,,,,,,,,,,,,,,,,,,,,,0.09,,,0.42,,,,,,,,,,,,,,,,,,,,,,,,,,,,,,,,,,,,,,,,,,,,,,,,,2021-07-26,,0.51,,post-market,,,,,,,,,,,,,21.4286,,,,,,,,,,,,
2021-09-30,AMKR,,,,,,,,,,,,,,,,,,,,,,,,,,,,,,,,,,,,,,0.3039,,,0.4361,,,,,,,,,,,,,,,,,,,,,,,,,,,,,,,,,,,,,,,,,,,,,,,,,2021-10-25,,0.74,,post-market,,,,,,,,,,,,,69.6859,,,,,,,,,,,,
2021-12-31,AMKR,,,,,,,,,,,,,,,,,,,,,,,,,,,,,,,,,,,,,,0.2,,,0.69,,,,,,,,,,,,,,,,,,,,,,,,,,,,,,,,,,,,,,,,,,,,,,,,,2022-02-14,,0.89,,post-market,,,,,,,,,,,,,28.9855,,,,,,,,,,,,
2022-03-31,AMKR,,,,,,,,,,,,,,,,,,,,,,,,,,,,,,,,,,,,,,0.12,,,0.57,,,,,,,,,,,,,,,,,,,,,,,,,,,,,,,,,,,,,,,,,,,,,,,,,2022-05-02,,0.69,,post-market,,,,,,,,,,,,,21.0526,,,,,,,,,,,,
2022-06-30,AMKR,,,,,,,,,,,,,,,,,,,,,,,,,,,,,,,,,,,,,,0.03,,,0.48,,,,,,,,,,,,,,,,,,,,,,,,,,,,,,,,,,,,,,,,,,,,,,,,,2022-08-01,,0.51,,post-market,,,,,,,,,,,,,6.25,,,,,,,,,,,,
2022-09-30,AMKR,,,,,,,,,,,,,,,,,,,,,,,,,,,,,,,,,,,,,,0.31,,,0.93,,,,,,,,,,,,,,,,,,,,,,,,,,,,,,,,,,,,,,,,,,,,,,,,,2022-10-31,,1.24,,post-market,,,,,,,,,,,,,33.3333,,,,,,,,,,,,
2022-12-31,AMKR,,,,,,,,,,,,,,,,,,,,,,,,,,,,,,,,,,,,,,-0.03,,,0.7,,,,,,,,,,,,,,,,,,,,,,,,,,,,,,,,,,,,,,,,,,,,,,,,,2023-02-13,,0.67,,post-market,,,,,,,,,,,,,-4.2857,,,,,,,,,,,,
2023-03-31,AMKR,,,,,,,,,,,,,,,,,,,,,,,,,,,,,,,,,,,,,,0.01,,,0.17,,,,,,,,,,,,,,,,,,,,,,,,,,,,,,,,,,,,,,,,,,,,,,,,,2023-05-01,,0.18,,post-market,,,,,,,,,,,,,5.8824,,,,,,,,,,,,
2023-06-30,AMKR,,,,,,,,,,,,,,,,,,,,,,,,,,,,,,,,,,,,,,0.05,,,0.21,,,,,,,,,,,,,,,,,,,,,,,,,,,,,,,,,,,,,,,,,,,,,,,,,2023-07-31,,0.26,,post-market,,,,,,,,,,,,,23.8095,,,,,,,,,,,,
2023-09-30,AMKR,,,,,,,,,,,,,,,,,,,,,,,,,,,,,,,,,,,,,,0.01,,,0.53,,,,,,,,,,,,,,,,,,,,,,,,,,,,,,,,,,,,,,,,,,,,,,,,,2023-10-30,,0.54,,post-market,,,,,,,,,,,,,1.8868,,,,,,,,,,,,
2023-12-31,AMKR,,,,,,,,,,,,,,,,,,,,,,,,,,,,,,,,,,,,,,0.07,,,0.41,,,,,,,,,,,,,,,,,,,,,,,,,,,,,,,,,,,,,,,,,,,,,,,,,2024-02-05,,0.48,,post-market,,,,,,,,,,,,,17.0732,,,,,,,,,,,,
2024-03-31,AMKR,,,,,,,,,,,,,,,,,,,,,,,,,,,,,,,,,,,,,,0.08,,,0.11,,,,,,,,,,,,,,,,,,,,,,,,,,,,,,,,,,,,,,,,,,,,,,,,,2024-04-29,,0.19,,post-market,,,,,,,,,,,,,72.7273,,,,,,,,,,,,
2024-06-30,AMKR,,,,,,,,,,,,,,,,,,,,,,,,,,,,,,,,,,,,,,0.04,,,0.23,,,,,,,,,,,,,,,,,,,,,,,,,,,,,,,,,,,,,,,,,,,,,,,,,2024-07-29,,0.27,,post-market,,,,,,,,,,,,,17.3913,,,,,,,,,,,,
2024-09-30,AMKR,,,,,,,,,,,,,,,,,,,,,,,,,,,,,,,,,,,,,,-0.01,,,0.5,,,,,,,,,,,,,,,,,,,,,,,,,,,,,,,,,,,,,,,,,,,,,,,,,2024-10-28,,0.49,,post-market,,,,,,,,,,,,,-2.0,,,,,,,,,,,,
2024-12-31,AMKR,,,,,,,,,,,,,,,,,,,,,,,,,,,,,,,,,,,,,,0.05,,,0.38,,,,,,,,,,,,,,,,,,,,,,,,,,,,,,,,,,,,,,,,,,,,,,,,,2025-02-10,,0.43,,post-market,,,,,,,,,,,,,13.1579,,,,,,,,,,,,
2025-03-31,AMKR,,,,,,,,,,,,,,,,,,,,,,,,,,,,,,,,,,,,,,0.0,,,0.09,,,,,,,,,,,,,,,,,,,,,,,,,,,,,,,,,,,,,,,,,,,,,,,,,2025-04-28,,0.09,,post-market,,,,,,,,,,,,,0.0,,,,,,,,,,,,
2025-06-30,AMKR,,,,,,,,,,,,,,,,,,,,,,,,,,,,,,,,,,,,,,0.06,,,0.16,,,,,,,,,,,,,,,,,,,,,,,,,,,,,,,,,,,,,,,,,,,,,,,,,2025-07-28,,0.22,,post-market,,,,,,,,,,,,,37.5,,,,,,,,,,,,
2025-09-30,AMKR,,,,,,,,,,,,,,,,,,,,,,,,,,,,,,,,,,,,,,0.08,,,0.43,,,,,,,,,,,,,,,,,,,,,,,,,,,,,,,,,,,,,,,,,,,,,,,,,2025-11-03,,0.51,,post-market,,,,,,,,,,,,,18.6047,,,,,,,,,,,,
2025-12-28,AMKR,1.24,6449053000.0,32.73,,1.996,17.43,,,,,,,,,,,,,,,,,,,,,,,,,,0.331,0.0081,,,,0.041,0.08,,,0.43,,24.57,,870680000.0,,,,,,,,,,,,,,,,,,,0.08,,,,,,,,,,,,,1.87,2.329,1.556,,,,,,,,0.0477,,,2025-11-03,,0.51,,post-market,,,0.0343,0.0725,0.067,26.12,,,,,25.46,36.55,18.6047,,,,,,,,,32.73,,47.28,13.89
2025-12-28,AMKR,1.24,6449053000.0,32.73,,1.996,17.43,,,,,,,,,,,,,,,None,1702478000,1702478000,,,,,,None,None,,0.331,0.0081,,,,0.041,0.08,None,None,0.43,2025-09-30,24.57,,870680000.0,284490000,154397000,None,,,None,21231000,17109000,,None,,,,,126589000,126682000,-4122000,None,0.08,,1828041000,158927000,,,,,None,,,,,1.87,2.329,1.556,,,,,,,,0.0477,,,2025-11-03,quarterly,0.51,USD,post-market,42352000,,0.0343,0.0725,0.067,26.12,83211000,,,,25.46,36.55,18.6047,,,,,,,1986968000,,32.73,,47.28,13.89
2025-12-28,AMKR,1.24,6449053000.0,32.73,,1.996,17.43,,,,,,,,,,,,,,,None,1702478000,1702478000,,,,,,None,163614000,,0.331,0.0081,,,,0.041,0.08,175628000,339242000,0.43,2025-06-30,24.57,,870680000.0,284490000,154397000,27715000,,,None,21231000,14992000,,None,,,,,126589000,55052000,-1818000,None,0.08,,125563000,158927000,,,,,None,,,,,1.87,2.329,1.556,,,,,,,,0.0477,,,2025-11-03,quarterly,0.51,USD,post-market,42352000,,0.0343,0.0725,0.067,26.12,47922000,,,,25.46,36.55,18.6047,,,,,,,1986968000,,32.73,,47.28,13.89
2025-12-28,AMKR,1.24,6449053000.0,32.73,,1.996,17.43,,,,,,,,,,,,,,,None,1163992000,1163992000,,,,,,None,153821000,,0.331,0.0081,,,,0.041,0.08,42598000,196419000,0.43,2025-03-31,24.57,,870680000.0,157583000,25789000,3936000,,,None,16809000,14453000,,None,,,,,21128000,21853000,-2356000,None,0.08,,126060000,31523000,,,,,None,,,,,1.87,2.329,1.556,,,,,,,,0.0477,,,2025-11-03,quarterly,0.51,USD,post-market,45652000,,0.0343,0.0725,0.067,26.12,80408000,,,,25.46,36.55,18.6047,,,,,,,1321575000,,32.73,,47.28,13.89
2025-12-28,AMKR,1.24,6449053000.0,32.73,,1.996,17.43,,,,,,,,,,,,,,,None,1382408000,1382408000,,,,,,None,149193000,,0.331,0.0081,,,,0.041,0.08,152668000,301861000,0.43,2024-12-31,24.57,,870680000.0,246710000,135589000,29788000,,,None,17079000,15185000,,None,,,,,105649000,105801000,-1894000,None,0.08,,112275000,134435000,,,,,None,,,,,1.87,2.329,1.556,,,,,,,,0.0477,,,2025-11-03,quarterly,0.51,USD,post-market,42848000,,0.0343,0.0725,0.067,26.12,69427000,,,,25.46,36.55,18.6047,,,,,,,1629118000,,32.73,,47.28,13.89
2025-12-28,AMKR,1.24,6449053000.0,32.73,,1.996,17.43,,,,,,,,,,,,,,,None,1589105000,1589105000,,,,,,None,150596000,,0.331,0.0081,,,,0.041,0.08,157497000,308093000,0.43,2024-09-30,24.57,,870680000.0,272484000,141875000,19185000,,,None,15622000,15862000,,None,,,,,122569000,122690000,240000,None,0.08,,123117000,149367000,,,,,None,,,,,1.87,2.329,1.556,,,,,,,,0.0477,,,2025-11-03,quarterly,0.51,USD,post-market,42364000,,0.0343,0.0725,0.067,26.12,80753000,,,,25.46,36.55,18.6047,,,,,,,1861589000,,32.73,,47.28,13.89
2025-12-28,AMKR,1.24,6449053000.0,32.73,,1.996,17.43,,,,,,,,,,,,,,,None,1249099000,1249099000,,,,,,None,149949000,,0.331,0.0081,,,,0.041,0.08,97375000,247324000,0.43,2024-06-30,24.57,,870680000.0,212375000,81570000,14312000,,,None,15805000,17698000,,None,,,,,66897000,67258000,1893000,None,0.08,,130848000,81527000,,,,,None,,,,,1.87,2.329,1.556,,,,,,,,0.0477,,,2025-11-03,quarterly,0.51,USD,post-market,39568000,,0.0343,0.0725,0.067,26.12,91280000,,,,25.46,36.55,18.6047,,,,,,,1461474000,,32.73,,47.28,13.89
2025-12-28,AMKR,1.24,6449053000.0,32.73,,1.996,17.43,,,,,,,,,,,,,,,None,1163868000,1163868000,,,,,,None,144925000,,0.331,0.0081,,,,0.041,0.08,73182000,218107000,0.43,2024-03-31,24.57,,870680000.0,201643000,71982000,12196000,,,None,16439000,16796000,,None,,,,,58897000,59786000,357000,None,0.08,,128517000,73126000,,,,,None,,,,,1.87,2.329,1.556,,,,,,,,0.0477,,,2025-11-03,quarterly,0.51,USD,post-market,38171000,,0.0343,0.0725,0.067,26.12,90346000,,,,25.46,36.55,18.6047,,,,,,,1365511000,,32.73,,47.28,13.89
2025-12-28,AMKR,1.24,6449053000.0,32.73,,1.996,17.43,,,,,,,,,,,,,,,None,1472702000,1472702000,,,,,,None,159112000,,0.331,0.0081,,,,0.041,0.08,158306000,317418000,0.43,2023-12-31,24.57,,870680000.0,279109000,151528000,32516000,,,None,15478000,13869000,,None,,,,,117562000,119012000,-1609000,None,0.08,,120445000,158664000,,,,,None,,,,,1.87,2.329,1.556,,,,,,,,0.0477,,,2025-11-03,quarterly,0.51,USD,post-market,41603000,,0.0343,0.0725,0.067,26.12,78842000,,,,25.46,36.55,18.6047,,,,,,,1751811000,,32.73,,47.28,13.89
2025-12-28,AMKR,1.24,6449053000.0,32.73,,1.996,17.43,,,,,,,,,,,,,,,None,1539040000,1539040000,,,,,,None,157749000,,0.331,0.0081,,,,0.041,0.08,166423000,324172000,0.43,2023-09-30,24.57,,870680000.0,282753000,162374000,28923000,,,None,13001000,12137000,,None,,,,,132614000,133451000,-13001000,None,0.08,,116155000,166598000,,,,,None,,,,,1.87,2.329,1.556,,,,,,,,0.0477,,,2025-11-03,quarterly,0.51,USD,post-market,43135000,,0.0343,0.0725,0.067,26.12,73020000,,,,25.46,36.55,18.6047,,,,,,,1821793000,,32.73,,47.28,13.89
2025-12-28,AMKR,1.24,6449053000.0,32.73,,1.996,17.43,,,,,,,,,,,,,,,None,1271052000,1271052000,,,,,,None,157885000,,0.331,0.0081,,,,0.041,0.08,88205000,246090000,0.43,2023-06-30,24.57,,870680000.0,186870000,73851000,9407000,,,None,14354000,12019000,,None,,,,,64286000,64444000,-14354000,None,0.08,,110548000,76322000,,,,,11883000,,,,,1.87,2.329,1.556,,,,,,,,0.0477,,,2025-11-03,quarterly,0.51,USD,post-market,45688000,,0.0343,0.0725,0.067,26.12,64860000,,,,25.46,36.55,18.6047,,,,,,,1457922000,,32.73,,47.28,13.89
2025-12-28,AMKR,1.24,6449053000.0,32.73,,1.996,17.43,,,,,,,,,,,,,,,None,1277118000,1277118000,,,,,,None,156762000,,0.331,0.0081,,,,0.041,0.08,72255000,229017000,0.43,2023-03-31,24.57,,870680000.0,194421000,56088000,10864000,,,None,16167000,10433000,,None,,,,,45351000,45224000,-16167000,None,0.08,,125718000,68703000,,,,,3552000,,,,,1.87,2.329,1.556,,,,,,,,0.0477,,,2025-11-03,quarterly,0.51,USD,post-market,47047000,,0.0343,0.0725,0.067,26.12,78671000,,,,25.46,36.55,18.6047,,,,,,,1471539000,,32.73,,47.28,13.89
2025-12-28,AMKR,1.24,6449053000.0,32.73,,1.996,17.43,,,,,,,,,,,,,,,None,1571936000,1571936000,,,,,,None,157023000,,0.331,0.0081,,,,0.041,0.08,224562000,381585000,0.43,2022-12-31,24.57,,870680000.0,334274000,209619000,45731000,,,None,14943000,6184000,,None,,,,,164301000,163888000,-14943000,None,0.08,,109192000,225082000,,,,,-520000,,,,,1.87,2.329,1.556,,,,,,,,0.0477,,,2025-11-03,quarterly,0.51,USD,post-market,39594000,,0.0343,0.0725,0.067,26.12,69598000,,,,25.46,36.55,18.6047,,,,,,,1906210000,,32.73,,47.28,13.89
2025-12-28,AMKR,1.24,6449053000.0,32.73,,1.996,17.43,,,,,,,,,,,,,,,None,1662463000,1662463000,,,,,,None,156338000,,0.331,0.0081,,,,0.041,0.08,324979000,481317000,0.43,2022-09-30,24.57,,870680000.0,421228000,310100000,3643000,,,None,14879000,4034000,,None,,,,,306081000,306457000,-14879000,None,0.08,,101941000,319287000,,,,,5692000,,,,,1.87,2.329,1.556,,,,,,,,0.0477,,,2025-11-03,quarterly,0.51,USD,post-market,33994000,,0.0343,0.0725,0.067,26.12,67947000,,,,25.46,36.55,18.6047,,,,,,,2083691000,,32.73,,47.28,13.89
2025-12-28,AMKR,1.24,6449053000.0,32.73,,1.996,17.43,,,,,,,,,,,,,,,None,1255713000,1255713000,,,,,,None,151149000,,0.331,0.0081,,,,0.041,0.08,150850000,301999000,0.43,2022-06-30,24.57,,870680000.0,249155000,136257000,10788000,,,None,14593000,1941000,,None,,,,,124778000,125469000,-14593000,None,0.08,,106346000,142809000,,,,,8041000,,,,,1.87,2.329,1.556,,,,,,,,0.0477,,,2025-11-03,quarterly,0.51,USD,post-market,37478000,,0.0343,0.0725,0.067,26.12,68868000,,,,25.46,36.55,18.6047,,,,,,,1504868000,,32.73,,47.28,13.89
2025-12-28,AMKR,1.24,6449053000.0,32.73,,1.996,17.43,,,,,,,,,,,,,,,None,1271486000,1271486000,,,,,,None,148192000,,0.331,0.0081,,,,0.041,0.08,215104000,363296000,0.43,2022-03-31,24.57,,870680000.0,325330000,200956000,29728000,,,None,14148000,603000,,None,,,,,170663000,171228000,-14148000,None,0.08,,115322000,210008000,,,,,5096000,,,,,1.87,2.329,1.556,,,,,,,,0.0477,,,2025-11-03,quarterly,0.51,USD,post-market,38363000,,0.0343,0.0725,0.067,26.12,76959000,,,,25.46,36.55,18.6047,,,,,,,1596816000,,32.73,,47.28,13.89
2025-12-28,AMKR,1.24,6449053000.0,32.73,,1.996,17.43,,,,,,,,,,,,,,,None,1362276000,1362276000,,,,,,None,142612000,,0.331,0.0081,,,,0.041,0.08,255042000,397654000,0.43,2021-12-31,24.57,,870680000.0,362368000,241867000,24584000,,,None,13175000,300000,,None,,,,,216526000,217283000,-13175000,None,0.08,,109959000,252409000,,,,,2633000,,,,,1.87,2.329,1.556,,,,,,,,0.0477,,,2025-11-03,quarterly,0.51,USD,post-market,37413000,,0.0343,0.0725,0.067,26.12,72546000,,,,25.46,36.55,18.6047,,,,,,,1724644000,,32.73,,47.28,13.89
2025-12-28,AMKR,1.24,6449053000.0,32.73,,1.996,17.43,,,,,,,,,,,,,,,None,1356168000,1356168000,,,,,,None,145979000,,0.331,0.0081,,,,0.041,0.08,211962000,357941000,0.43,2021-09-30,24.57,,870680000.0,324832000,199066000,17219000,,,None,12896000,256000,,None,,,,,180854000,181847000,-12896000,None,0.08,,113371000,211461000,,,,,501000,,,,,1.87,2.329,1.556,,,,,,,,0.0477,,,2025-11-03,quarterly,0.51,USD,post-market,40790000,,0.0343,0.0725,0.067,26.12,72581000,,,,25.46,36.55,18.6047,,,,,,,1681000000,,32.73,,47.28,13.89
2025-12-28,AMKR,1.24,6449053000.0,32.73,,1.996,17.43,,,,,,,,,,,,,,,None,1133715000,1133715000,,,,,,None,139601000,,0.331,0.0081,,,,0.041,0.08,155211000,294812000,0.43,2021-06-30,24.57,,870680000.0,272820000,142447000,15989000,,,None,12764000,230000,,None,,,,,125806000,126458000,-12764000,None,0.08,,117705000,155115000,,,,,96000,,,,,1.87,2.329,1.556,,,,,,,,0.0477,,,2025-11-03,quarterly,0.51,USD,post-market,43516000,,0.0343,0.0725,0.067,26.12,74189000,,,,25.46,36.55,18.6047,,,,,,,1406535000,,32.73,,47.28,13.89
2025-12-28,AMKR,1.24,6449053000.0,32.73,,1.996,17.43,,,,,,,,,,,,,,,None,1060616000,1060616000,,,,,,None,135390000,,0.331,0.0081,,,,0.041,0.08,144359000,279749000,0.43,2021-03-31,24.57,,870680000.0,265534000,131686000,11667000,,,None,12673000,279000,,None,,,,,119809000,120019000,-12673000,None,0.08,,121086000,144448000,,,,,-89000,,,,,1.87,2.329,1.556,,,,,,,,0.0477,,,2025-11-03,quarterly,0.51,USD,post-market,44318000,,0.0343,0.0725,0.067,26.12,76768000,,,,25.46,36.55,18.6047,,,,,,,1326150000,,32.73,,47.28,13.89
2025-12-28,AMKR,1.24,6449053000.0,32.73,,1.996,17.43,,,,,,,,,,,,,,,None,1092540000,1092540000,,,,,,None,132674000,,0.331,0.0081,,,,0.041,0.08,154351000,287025000,0.43,2020-12-31,24.57,,870680000.0,278501000,139644000,12679000,,,None,14707000,474000,,None,,,,,126674000,126965000,-14707000,None,0.08,,119322000,159179000,,,,,-4828000,,,,,1.87,2.329,1.556,,,,,,,,0.0477,,,2025-11-03,quarterly,0.51,USD,post-market,41103000,,0.0343,0.0725,0.067,26.12,72582000,,,,25.46,36.55,18.6047,,,,,,,1371041000,,32.73,,47.28,13.89
2025-12-28,AMKR,1.24,6449053000.0,32.73,,1.996,17.43,,,,,,,,,,,,,,,None,1112938000,1112938000,,,,,,None,129686000,,0.331,0.0081,,,,0.041,0.08,125054000,254740000,0.43,2020-09-30,24.57,,870680000.0,241085000,108650000,15753000,,,None,16404000,1016000,,None,,,,,92151000,92897000,-15388000,None,0.08,,113616000,127469000,,,,,-2415000,,,,,1.87,2.329,1.556,,,,,,,,0.0477,,,2025-11-03,quarterly,0.51,USD,post-market,35835000,,0.0343,0.0725,0.067,26.12,77781000,,,,25.46,36.55,18.6047,,,,,,,1354023000,,32.73,,47.28,13.89
2025-12-28,AMKR,1.24,6449053000.0,32.73,,1.996,17.43,,,,,,,,,,,,,,,None,980589000,980589000,,,,,,None,124379000,,0.331,0.0081,,,,0.041,0.08,85057000,209436000,0.43,2020-06-30,24.57,,870680000.0,192320000,69045000,12905000,,,None,16012000,1701000,,None,,,,,55424000,56140000,-14311000,None,0.08,,105796000,86524000,,,,,-1467000,,,,,1.87,2.329,1.556,,,,,,,,0.0477,,,2025-11-03,quarterly,0.51,USD,post-market,31536000,,0.0343,0.0725,0.067,26.12,74260000,,,,25.46,36.55,18.6047,,,,,,,1172909000,,32.73,,47.28,13.89
2025-12-28,AMKR,1.24,6449053000.0,32.73,,1.996,17.43,,,,,,,,,,,,,,,None,963708000,963708000,,,,,,None,123657000,,0.331,0.0081,,,,0.041,0.08,86388000,210045000,0.43,2020-03-31,24.57,,870680000.0,188908000,69343000,4846000,,,None,17045000,2258000,,None,,,,,63889000,64497000,-14787000,None,0.08,,104835000,84073000,,,,,2315000,,,,,1.87,2.329,1.556,,,,,,,,0.0477,,,2025-11-03,quarterly,0.51,USD,post-market,32253000,,0.0343,0.0725,0.067,26.12,72582000,,,,25.46,36.55,18.6047,,,,,,,1152616000,,32.73,,47.28,13.89
2025-12-28,AMKR,1.24,6449053000.0,32.73,,1.996,17.43,,,,,,,,,,,,,,,None,955480000,955480000,,,,,,None,126164000,,0.331,0.0081,,,,0.041,0.08,117253000,243417000,0.43,2019-12-31,24.57,,870680000.0,222984000,100580000,764000,,,None,16673000,1724000,,None,,,,,99147000,99816000,-14949000,None,0.08,,104599000,118385000,,,,,-1132000,,,,,1.87,2.329,1.556,,,,,,,,0.0477,,,2025-11-03,quarterly,0.51,USD,post-market,32771000,,0.0343,0.0725,0.067,26.12,75130000,,,,25.46,36.55,18.6047,,,,,,,1178464000,,32.73,,47.28,13.89
2025-12-28,AMKR,1.24,6449053000.0,32.73,,1.996,17.43,,,,,,,,,,,,,,,None,901677000,901677000,,,,,,None,129194000,,0.331,0.0081,,,,0.041,0.08,80615000,209809000,0.43,2019-09-30,24.57,,870680000.0,182240000,63627000,9141000,,,None,16988000,1269000,,None,,,,,54070000,54486000,-15719000,None,0.08,,103385000,78855000,,,,,1760000,,,,,1.87,2.329,1.556,,,,,,,,0.0477,,,2025-11-03,quarterly,0.51,USD,post-market,32927000,,0.0343,0.0725,0.067,26.12,70458000,,,,25.46,36.55,18.6047,,,,,,,1083917000,,32.73,,47.28,13.89
2025-12-28,AMKR,1.24,6449053000.0,32.73,,1.996,17.43,,,,,,,,,,,,,,,None,771851000,771851000,,,,,,None,132984000,,0.331,0.0081,,,,0.041,0.08,15544000,148528000,0.43,2019-06-30,24.57,,870680000.0,123454000,-3109000,5897000,,,None,18653000,1598000,,None,,,,,-9450000,-9006000,-17055000,None,0.08,,100944000,22510000,,,,,-6966000,,,,,1.87,2.329,1.556,,,,,,,,0.0477,,,2025-11-03,quarterly,0.51,USD,post-market,36186000,,0.0343,0.0725,0.067,26.12,64758000,,,,25.46,36.55,18.6047,,,,,,,895305000,,32.73,,47.28,13.89
2025-12-28,AMKR,1.24,6449053000.0,32.73,,1.996,17.43,,,,,,,,,,,,,,,None,774203000,774203000,,,,,,None,135835000,,0.331,0.0081,,,,0.041,0.08,13420000,149255000,0.43,2019-03-31,24.57,,870680000.0,120761000,-1288000,21380000,,,None,19273000,2064000,,None,,,,,-22879000,-22668000,-17209000,None,0.08,,107341000,13420000,,,,,4565000,,,,,1.87,2.329,1.556,,,,,,,,0.0477,,,2025-11-03,quarterly,0.51,USD,post-market,35754000,,0.0343,0.0725,0.067,26.12,71587000,,,,25.46,36.55,18.6047,,,,,,,894964000,,32.73,,47.28,13.89
2025-12-28,AMKR,1.24,6449053000.0,32.73,,1.996,17.43,,,,,,,,,,,,,,,None,898901000,898901000,,,,,,None,142780000,,0.331,0.0081,,,,0.041,0.08,75601000,218381000,0.43,2018-12-31,24.57,,870680000.0,182370000,57706000,28812000,,,None,18038000,None,,None,,,,,28295000,28894000,None,None,0.08,,106989000,75381000,,,,,363000,,,,,1.87,2.329,1.556,,,,,,,,0.0477,,,2025-11-03,quarterly,0.51,USD,post-market,37636000,,0.0343,0.0725,0.067,26.12,69353000,,,,25.46,36.55,18.6047,,,,,,,1081271000,,32.73,,47.28,13.89
2025-12-28,AMKR,1.24,6449053000.0,32.73,,1.996,17.43,,,,,,,,,,,,,,,None,943485000,943485000,,,,,,None,143666000,,0.331,0.0081,,,,0.041,0.08,91388000,235054000,0.43,2018-09-30,24.57,,870680000.0,200707000,71618000,14326000,,,None,19770000,None,,None,,,,,56662000,57292000,None,None,0.08,,108004000,92703000,,,,,-1315000,,,,,1.87,2.329,1.556,,,,,,,,0.0477,,,2025-11-03,quarterly,0.51,USD,post-market,37541000,,0.0343,0.0725,0.067,26.12,70463000,,,,25.46,36.55,18.6047,,,,,,,1144192000,,32.73,,47.28,13.89
2025-12-28,AMKR,1.24,6449053000.0,32.73,,1.996,17.43,,,,,,,,,,,,,,,None,895967000,895967000,,,,,,None,143006000,,0.331,0.0081,,,,0.041,0.08,64942000,207948000,0.43,2018-06-30,24.57,,870680000.0,169717000,43815000,10631000,,,None,21127000,None,,None,,,,,32591000,33184000,None,None,0.08,,115776000,53941000,,,,,11001000,,,,,1.87,2.329,1.556,,,,,,,,0.0477,,,2025-11-03,quarterly,0.51,USD,post-market,41076000,,0.0343,0.0725,0.067,26.12,74700000,,,,25.46,36.55,18.6047,,,,,,,1065684000,,32.73,,47.28,13.89
2025-12-28,AMKR,1.24,6449053000.0,32.73,,1.996,17.43,,,,,,,,,,,,,,,None,867548000,867548000,,,,,,None,142509000,,0.331,0.0081,,,,0.041,0.08,32687000,175196000,0.43,2018-03-31,24.57,,870680000.0,157771000,12676000,2481000,,,None,20011000,None,,None,,,,,9544000,10195000,None,None,0.08,,121652000,36119000,,,,,-3432000,,,,,1.87,2.329,1.556,,,,,,,,0.0477,,,2025-11-03,quarterly,0.51,USD,post-market,40929000,,0.0343,0.0725,0.067,26.12,80723000,,,,25.46,36.55,18.6047,,,,,,,1025319000,,32.73,,47.28,13.89
2025-12-28,AMKR,1.24,6449053000.0,32.73,,1.996,17.43,,,,,,,,,,,,,,,None,922929000,922929000,,,,,,None,146273000,,0.331,0.0081,,,,0.041,0.08,109267000,255540000,0.43,2017-12-31,24.57,,870680000.0,225494000,89161000,-12782000,,,None,20106000,None,,None,,,,,100770000,101943000,None,None,0.08,,115366000,110128000,,,,,-861000,,,,,1.87,2.329,1.556,,,,,,,,0.0477,,,2025-11-03,quarterly,0.51,USD,post-market,37956000,,0.0343,0.0725,0.067,26.12,77410000,,,,25.46,36.55,18.6047,,,,,,,1148423000,,32.73,,47.28,13.89
2025-12-28,AMKR,1.24,6449053000.0,32.73,,1.996,17.43,,,,,,,,,,,,,,,None,918389000,918389000,,,,,,None,148599000,,0.331,0.0081,,,,0.041,0.08,105576000,254175000,0.43,2017-09-30,24.57,,870680000.0,216638000,74382000,18752000,,,None,20501000,None,,None,,,,,59264000,55630000,None,None,0.08,,118401000,98237000,,,,,-3354000,,,,,1.87,2.329,1.556,,,,,,,,0.0477,,,2025-11-03,quarterly,0.51,USD,post-market,42834000,,0.0343,0.0725,0.067,26.12,75567000,,,,25.46,36.55,18.6047,,,,,,,1135027000,,32.73,,47.28,13.89
2025-12-28,AMKR,1.24,6449053000.0,32.73,,1.996,17.43,,,,,,,,,,,,,,,None,817212000,817212000,,,,,,None,145252000,,0.331,0.0081,,,,0.041,0.08,64550000,209802000,0.43,2017-06-30,24.57,,870680000.0,172235000,149032000,32573000,,,None,22451000,None,,None,,,,,119013000,116459000,None,None,0.08,,112051000,168293000,,,,,3190000,,,,,1.87,2.329,1.556,,,,,,,,0.0477,,,2025-11-03,quarterly,0.51,USD,post-market,44268000,,0.0343,0.0725,0.067,26.12,67783000,,,,25.46,36.55,18.6047,,,,,,,989447000,,32.73,,47.28,13.89
2025-12-28,AMKR,1.24,6449053000.0,32.73,,1.996,17.43,,,,,,,,,,,,,,,None,770694000,770694000,,,,,,None,141816000,,0.331,0.0081,,,,0.041,0.08,18483000,160299000,0.43,2017-03-31,24.57,,870680000.0,142906000,-8705000,439000,,,None,22496000,None,,None,,,,,-10006000,-9144000,None,None,0.08,,118251000,24655000,,,,,-10864000,,,,,1.87,2.329,1.556,,,,,,,,0.0477,,,2025-11-03,quarterly,0.51,USD,post-market,41556000,,0.0343,0.0725,0.067,26.12,76695000,,,,25.46,36.55,18.6047,,,,,,,913600000,,32.73,,47.28,13.89
2025-12-28,AMKR,1.24,6449053000.0,32.73,,1.996,17.43,,,,,,,,,,,,,,,None,794426000,794426000,,,,,,None,138669000,,0.331,0.0081,,,,0.041,0.08,142150000,280819000,0.43,2016-12-31,24.57,,870680000.0,227187000,119736000,18534000,,,None,22414000,None,,None,,,,,100263000,101202000,None,None,0.08,,100498000,126689000,,,,,15461000,,,,,1.87,2.329,1.556,,,,,,,,0.0477,,,2025-11-03,quarterly,0.51,USD,post-market,33061000,,0.0343,0.0725,0.067,26.12,67437000,,,,25.46,36.55,18.6047,,,,,,,1021613000,,32.73,,47.28,13.89
2025-12-28,AMKR,1.24,6449053000.0,32.73,,1.996,17.43,,,,,,,,,,,,,,,None,872214000,872214000,,,,,,None,141276000,,0.331,0.0081,,,,0.041,0.08,107958000,249234000,0.43,2016-09-30,24.57,,870680000.0,213800000,85227000,24086000,,,None,22731000,None,,None,,,,,60089000,61141000,None,None,0.08,,99185000,114615000,,,,,-6657000,,,,,1.87,2.329,1.556,,,,,,,,0.0477,,,2025-11-03,quarterly,0.51,USD,post-market,26822000,,0.0343,0.0725,0.067,26.12,72363000,,,,25.46,36.55,18.6047,,,,,,,1086014000,,32.73,,47.28,13.89
2025-12-28,AMKR,1.24,6449053000.0,32.73,,1.996,17.43,,,,,,,,,,,,,,,None,785720000,785720000,,,,,,None,138105000,,0.331,0.0081,,,,0.041,0.08,30542000,168647000,0.43,2016-06-30,24.57,,870680000.0,131606000,8726000,3360000,,,None,22058000,None,,None,,,,,4713000,5366000,None,None,0.08,,101064000,30542000,,,,,242000,,,,,1.87,2.329,1.556,,,,,,,,0.0477,,,2025-11-03,quarterly,0.51,USD,post-market,30168000,,0.0343,0.0725,0.067,26.12,70896000,,,,25.46,36.55,18.6047,,,,,,,917326000,,32.73,,47.28,13.89
2025-12-28,AMKR,1.24,6449053000.0,32.73,,1.996,17.43,,,,,,,,,,,,,,,None,745798000,745798000,,,,,,None,137136000,,0.331,0.0081,,,,0.041,0.08,22094000,159230000,0.43,2016-03-31,24.57,,870680000.0,122884000,1468000,1873000,,,None,17434000,None,,None,,,,,-875000,-405000,None,None,0.08,,100790000,22094000,,,,,-3192000,,,,,1.87,2.329,1.556,,,,,,,,0.0477,,,2025-11-03,quarterly,0.51,USD,post-market,27155000,,0.0343,0.0725,0.067,26.12,73635000,,,,25.46,36.55,18.6047,,,,,,,868682000,,32.73,,47.28,13.89
2025-12-28,AMKR,1.24,6449053000.0,32.73,,1.996,17.43,,,,,,,,,,,,,,,None,568024000,568024000,,,,,,None,122232000,,0.331,0.0081,,,,0.041,0.08,20922000,143154000,0.43,2015-12-31,24.57,,870680000.0,102620000,-12367000,837000,,,None,18332000,None,,None,,,,,-8966000,-13959000,None,None,0.08,,80943000,21677000,,,,,-11065000,,,,,1.87,2.329,1.556,,,,,,,,0.0477,,,2025-11-03,quarterly,0.51,USD,post-market,22898000,,0.0343,0.0725,0.067,26.12,58800000,,,,25.46,36.55,18.6047,,,,,,,670644000,,32.73,,47.28,13.89
2025-12-28,AMKR,1.24,6449053000.0,32.73,,1.996,17.43,,,,,,,,,,,,,,,None,607762000,607762000,,,,,,None,123252000,,0.331,0.0081,,,,0.041,0.08,51295000,174547000,0.43,2015-09-30,24.57,,870680000.0,126600000,43933000,16568000,,,None,18938000,None,,None,,,,,27735000,27365000,None,None,0.08,,75305000,51295000,,,,,13232000,,,,,1.87,2.329,1.556,,,,,,,,0.0477,,,2025-11-03,quarterly,0.51,USD,post-market,21073000,,0.0343,0.0725,0.067,26.12,54232000,,,,25.46,36.55,18.6047,,,,,,,734362000,,32.73,,47.28,13.89
2025-12-28,AMKR,1.24,6449053000.0,32.73,,1.996,17.43,,,,,,,,,,,,,,,None,621624000,621624000,,,,,,None,124329000,,0.331,0.0081,,,,0.041,0.08,38643000,162972000,0.43,2015-06-30,24.57,,870680000.0,115098000,7266000,4631000,,,None,24087000,None,,None,,,,,7295000,2635000,None,None,0.08,,76455000,38643000,,,,,276000,,,,,1.87,2.329,1.556,,,,,,,,0.0477,,,2025-11-03,quarterly,0.51,USD,post-market,20020000,,0.0343,0.0725,0.067,26.12,56435000,,,,25.46,36.55,18.6047,,,,,,,736722000,,32.73,,47.28,13.89
2025-12-28,AMKR,1.24,6449053000.0,32.73,,1.996,17.43,,,,,,,,,,,,,,,None,607928000,607928000,,,,,,None,124387000,,0.331,0.0081,,,,0.041,0.08,53979000,178366000,0.43,2015-03-31,24.57,,870680000.0,134947000,29458000,5999000,,,None,25019000,None,,None,,,,,28645000,23459000,None,None,0.08,,80968000,53979000,,,,,6736000,,,,,1.87,2.329,1.556,,,,,,,,0.0477,,,2025-11-03,quarterly,0.51,USD,post-market,18026000,,0.0343,0.0725,0.067,26.12,62942000,,,,25.46,36.55,18.6047,,,,,,,742875000,,32.73,,47.28,13.89
2025-12-28,AMKR,1.24,6449053000.0,32.73,,1.996,17.43,,,,,,,,,,,,,,,None,733042000,733042000,,,,,,None,124617000,,0.331,0.0081,,,,0.041,0.08,115268000,239885000,0.43,2014-12-31,24.57,,870680000.0,120071000,13063000,1420000,,,None,36159000,None,,None,,,,,13135000,133240000,None,None,0.08,,80103000,39968000,,,,,None,,,,,1.87,2.329,1.556,,,,,,,,0.0477,,,2025-11-03,quarterly,0.51,USD,post-market,17303000,,0.0343,0.0725,0.067,26.12,62800000,,,,25.46,36.55,18.6047,,,,,,,853113000,,32.73,,47.28,13.89
2025-12-28,AMKR,1.24,6449053000.0,32.73,,1.996,17.43,,,,,,,,,,,,,,,None,659607000,659607000,,,,,,None,119700000,,0.331,0.0081,,,,0.041,0.08,75180000,194880000,0.43,2014-09-30,24.57,,870680000.0,153217000,59783000,14985000,,,None,25023000,None,,None,,,,,46799000,44798000,None,None,0.08,,78037000,75180000,,,,,12998000,,,,,1.87,2.329,1.556,,,,,,,,0.0477,,,2025-11-03,quarterly,0.51,USD,post-market,16437000,,0.0343,0.0725,0.067,26.12,61600000,,,,25.46,36.55,18.6047,,,,,,,812824000,,32.73,,47.28,13.89
2025-12-28,AMKR,1.24,6449053000.0,32.73,,1.996,17.43,,,,,,,,,,,,,,,None,616745000,616745000,,,,,,None,112051000,,0.331,0.0081,,,,0.041,0.08,60961000,173012000,0.43,2014-06-30,24.57,,870680000.0,150714000,42881000,12511000,,,None,23779000,None,,None,,,,,49153000,30370000,None,None,0.08,,89753000,60961000,,,,,25735000,,,,,1.87,2.329,1.556,,,,,,,,0.0477,,,2025-11-03,quarterly,0.51,USD,post-market,22079000,,0.0343,0.0725,0.067,26.12,67674000,,,,25.46,36.55,18.6047,,,,,,,767459000,,32.73,,47.28,13.89
2025-12-28,AMKR,1.24,6449053000.0,32.73,,1.996,17.43,,,,,,,,,,,,,,,None,567224000,567224000,,,,,,None,108338000,,0.331,0.0081,,,,0.041,0.08,45351000,153689000,0.43,2014-03-31,24.57,,870680000.0,128820000,20351000,4929000,,,None,24964000,None,,None,,,,,20423000,0,None,None,0.08,,83469000,45351000,,,,,None,,,,,1.87,2.329,1.556,,,,,,,,0.0477,,,2025-11-03,quarterly,0.51,USD,post-market,21045000,,0.0343,0.0725,0.067,26.12,62424000,,,,25.46,36.55,18.6047,,,,,,,696044000,,32.73,,47.28,13.89
2025-12-28,AMKR,1.24,6449053000.0,32.73,,1.996,17.43,,,,,,,,,,,,,,,None,604702000,604702000,,,,,,None,108339000,,0.331,0.0081,,,,0.041,0.08,85054000,193393000,0.43,2013-12-31,24.57,,870680000.0,150173000,52606000,16685000,,,None,26060000,None,,None,,,,,40838000,31242000,None,None,0.08,,75619000,74554000,,,,,9749000,,,,,1.87,2.329,1.556,,,,,,,,0.0477,,,2025-11-03,quarterly,0.51,USD,post-market,17364000,,0.0343,0.0725,0.067,26.12,58255000,,,,25.46,36.55,18.6047,,,,,,,754875000,,32.73,,47.28,13.89
2025-12-28,AMKR,1.24,6449053000.0,32.73,,1.996,17.43,,,,,,,,,,,,,,,None,626979000,626979000,,,,,,None,106222000,,0.331,0.0081,,,,0.041,0.08,68014000,174236000,0.43,2013-09-30,24.57,,870680000.0,141008000,38174000,12170000,,,None,27347000,None,,None,,,,,25349000,26004000,None,None,0.08,,82994000,58014000,,,,,7507000,,,,,1.87,2.329,1.556,,,,,,,,0.0477,,,2025-11-03,quarterly,0.51,USD,post-market,18647000,,0.0343,0.0725,0.067,26.12,64347000,,,,25.46,36.55,18.6047,,,,,,,767987000,,32.73,,47.28,13.89
2025-12-28,AMKR,1.24,6449053000.0,32.73,,1.996,17.43,,,,,,,,,,,,,,,None,607680000,607680000,,,,,,None,98637000,,0.331,0.0081,,,,0.041,0.08,60682000,159319000,0.43,2013-06-30,24.57,,870680000.0,138379000,20091000,-10238000,,,None,26931000,None,,None,,,,,29225000,30329000,None,None,0.08,,79926000,58453000,,,,,-11431000,,,,,1.87,2.329,1.556,,,,,,,,0.0477,,,2025-11-03,quarterly,0.51,USD,post-market,14308000,,0.0343,0.0725,0.067,26.12,65618000,,,,25.46,36.55,18.6047,,,,,,,746059000,,32.73,,47.28,13.89
2025-12-28,AMKR,1.24,6449053000.0,32.73,,1.996,17.43,,,,,,,,,,,,,,,None,572576000,572576000,,,,,,None,97148000,,0.331,0.0081,,,,0.041,0.08,43310000,140458000,0.43,2013-03-31,24.57,,870680000.0,114953000,17795000,4029000,,,None,25570000,None,,None,,,,,13382000,13766000,None,None,0.08,,73865000,41088000,,,,,2277000,,,,,1.87,2.329,1.556,,,,,,,,0.0477,,,2025-11-03,quarterly,0.51,USD,post-market,14306000,,0.0343,0.0725,0.067,26.12,59559000,,,,25.46,36.55,18.6047,,,,,,,687529000,,32.73,,47.28,13.89
2025-12-28,AMKR,1.24,6449053000.0,32.73,,1.996,17.43,,,,,,,,,,,,,,,None,589634000,589634000,,,,,,None,97588000,,0.331,0.0081,,,,0.041,0.08,42403000,139991000,0.43,2012-12-31,24.57,,870680000.0,133322000,37864000,9992000,,,None,25139000,None,,None,,,,,27346000,0,None,None,0.08,,70313000,63009000,,,,,None,,,,,1.87,2.329,1.556,,,,,,,,0.0477,,,2025-11-03,quarterly,0.51,USD,post-market,13354000,,0.0343,0.0725,0.067,26.12,56959000,,,,25.46,36.55,18.6047,,,,,,,722956000,,32.73,,47.28,13.89
2025-12-28,AMKR,1.24,6449053000.0,32.73,,1.996,17.43,,,,,,,,,,,,,,,None,578566000,578566000,,,,,,None,93709000,,0.331,0.0081,,,,0.041,0.08,55296000,149005000,0.43,2012-09-30,24.57,,870680000.0,116787000,32114000,9538000,,,None,23182000,None,,None,,,,,22317000,0,None,None,0.08,,62769000,54018000,,,,,None,,,,,1.87,2.329,1.556,,,,,,,,0.0477,,,2025-11-03,quarterly,0.51,USD,post-market,13472000,,0.0343,0.0725,0.067,26.12,49297000,,,,25.46,36.55,18.6047,,,,,,,695353000,,32.73,,47.28,13.89
2025-12-28,AMKR,1.24,6449053000.0,32.73,,1.996,17.43,,,,,,,,,,,,,,,None,597207000,597207000,,,,,,None,90736000,,0.331,0.0081,,,,0.041,0.08,22925000,113661000,0.43,2012-06-30,24.57,,870680000.0,89320000,-3019000,-3891000,,,None,25944000,None,,None,,,,,577000,0,None,None,0.08,,67356000,21964000,,,,,None,,,,,1.87,2.329,1.556,,,,,,,,0.0477,,,2025-11-03,quarterly,0.51,USD,post-market,13867000,,0.0343,0.0725,0.067,26.12,53489000,,,,25.46,36.55,18.6047,,,,,,,686527000,,32.73,,47.28,13.89
2025-12-28,AMKR,1.24,6449053000.0,32.73,,1.996,17.43,,,,,,,,,,,,,,,None,550029000,550029000,,,,,,None,88446000,,0.331,0.0081,,,,0.041,0.08,37022000,125468000,0.43,2012-03-31,24.57,,870680000.0,104981000,14944000,3362000,,,None,22078000,None,,None,,,,,11774000,0,None,None,0.08,,70680000,34301000,,,,,None,,,,,1.87,2.329,1.556,,,,,,,,0.0477,,,2025-11-03,quarterly,0.51,USD,post-market,13425000,,0.0343,0.0725,0.067,26.12,57255000,,,,25.46,36.55,18.6047,,,,,,,655010000,,32.73,,47.28,13.89
2025-12-28,AMKR,1.24,6449053000.0,32.73,,1.996,17.43,,,,,,,,,,,,,,,None,571942000,571942000,,,,,,None,86101000,,0.331,0.0081,,,,0.041,0.08,44922000,131023000,0.43,2011-12-31,24.57,,870680000.0,111827000,23210000,-2351000,,,None,21712000,None,,None,,,,,24850000,0,None,None,0.08,,68125000,43702000,,,,,None,,,,,1.87,2.329,1.556,,,,,,,,0.0477,,,2025-11-03,quarterly,0.51,USD,post-market,12465000,,0.0343,0.0725,0.067,26.12,55660000,,,,25.46,36.55,18.6047,,,,,,,683769000,,32.73,,47.28,13.89
2025-12-28,AMKR,1.24,6449053000.0,32.73,,1.996,17.43,,,,,,,,,,,,,,,None,617768000,617768000,,,,,,None,83075000,,0.331,0.0081,,,,0.041,0.08,50908000,133983000,0.43,2011-09-30,24.57,,870680000.0,122239000,29822000,2499000,,,None,21086000,None,,None,,,,,27367000,27323000,None,None,0.08,,78244000,43995000,,,,,6913000,,,,,1.87,2.329,1.556,,,,,,,,0.0477,,,2025-11-03,quarterly,0.51,USD,post-market,13233000,,0.0343,0.0725,0.067,26.12,65011000,,,,25.46,36.55,18.6047,,,,,,,740007000,,32.73,,47.28,13.89
2025-12-28,AMKR,1.24,6449053000.0,32.73,,1.996,17.43,,,,,,,,,,,,,,,None,557816000,557816000,,,,,,None,83026000,,0.331,0.0081,,,,0.041,0.08,40478000,123504000,0.43,2011-06-30,24.57,,870680000.0,129817000,18039000,3594000,,,None,22439000,None,,None,,,,,14488000,14445000,None,None,0.08,,73843000,55974000,,,,,-15496000,,,,,1.87,2.329,1.556,,,,,,,,0.0477,,,2025-11-03,quarterly,0.51,USD,post-market,12559000,,0.0343,0.0725,0.067,26.12,61284000,,,,25.46,36.55,18.6047,,,,,,,687633000,,32.73,,47.28,13.89
2025-12-28,AMKR,1.24,6449053000.0,32.73,,1.996,17.43,,,,,,,,,,,,,,,None,538264000,538264000,,,,,,None,83442000,,0.331,0.0081,,,,0.041,0.08,50517000,133959000,0.43,2011-03-31,24.57,,870680000.0,126686000,29148000,3382000,,,None,21369000,None,,None,,,,,25103000,25766000,None,None,0.08,,76687000,49999000,,,,,518000,,,,,1.87,2.329,1.556,,,,,,,,0.0477,,,2025-11-03,quarterly,0.51,USD,post-market,12129000,,0.0343,0.0725,0.067,26.12,64558000,,,,25.46,36.55,18.6047,,,,,,,664950000,,32.73,,47.28,13.89
2025-12-28,AMKR,1.24,6449053000.0,32.73,,1.996,17.43,,,,,,,,,,,,,,,None,591266000,591266000,,,,,,None,86383000,,0.331,0.0081,,,,0.041,0.08,83834000,170217000,0.43,2010-12-31,24.57,,870680000.0,159343000,60819000,10058000,,,None,23015000,None,,None,,,,,50604000,0,None,None,0.08,,73134000,86209000,,,,,None,,,,,1.87,2.329,1.556,,,,,,,,0.0477,,,2025-11-03,quarterly,0.51,USD,post-market,11097000,,0.0343,0.0725,0.067,26.12,62037000,,,,25.46,36.55,18.6047,,,,,,,750609000,,32.73,,47.28,13.89
2025-12-28,AMKR,1.24,6449053000.0,32.73,,1.996,17.43,,,,,,,,,,,,,,,None,605713000,605713000,,,,,,None,82819000,,0.331,0.0081,,,,0.041,0.08,112117000,194936000,0.43,2010-09-30,24.57,,870680000.0,188258000,88691000,10321000,,,None,23426000,None,,None,,,,,78020000,0,None,None,0.08,,70404000,117854000,,,,,None,,,,,1.87,2.329,1.556,,,,,,,,0.0477,,,2025-11-03,quarterly,0.51,USD,post-market,12669000,,0.0343,0.0725,0.067,26.12,57735000,,,,25.46,36.55,18.6047,,,,,,,793971000,,32.73,,47.28,13.89
2025-12-28,AMKR,1.24,6449053000.0,32.73,,1.996,17.43,,,,,,,,,,,,,,,None,569966000,569966000,,,,,,None,78601000,,0.331,0.0081,,,,0.041,0.08,85966000,164567000,0.43,2010-06-30,24.57,,870680000.0,179199000,57743000,-1200000,,,None,28223000,None,,None,,,,,59050000,0,None,None,0.08,,78451000,100748000,,,,,None,,,,,1.87,2.329,1.556,,,,,,,,0.0477,,,2025-11-03,quarterly,0.51,USD,post-market,12095000,,0.0343,0.0725,0.067,26.12,66356000,,,,25.46,36.55,18.6047,,,,,,,749165000,,32.73,,47.28,13.89
2025-12-28,AMKR,1.24,6449053000.0,32.73,,1.996,17.43,,,,,,,,,,,,,,,None,508782000,508782000,,,,,,None,75805000,,0.331,0.0081,,,,0.041,0.08,70087000,145892000,0.43,2010-03-31,24.57,,870680000.0,136956000,43906000,-167000,,,None,26181000,None,,None,,,,,44297000,0,None,None,0.08,,67969000,68987000,,,,,None,,,,,1.87,2.329,1.556,,,,,,,,0.0477,,,2025-11-03,quarterly,0.51,USD,post-market,11673000,,0.0343,0.0725,0.067,26.12,56296000,,,,25.46,36.55,18.6047,,,,,,,645738000,,32.73,,47.28,13.89
2025-12-28,AMKR,1.24,6449053000.0,32.73,,1.996,17.43,,,,,,,,,,,,,,,None,492258000,492258000,,,,,,None,74623000,,0.331,0.0081,,,,0.041,0.08,112835000,187458000,0.43,2009-12-31,24.57,,870680000.0,175354000,84062000,-3820000,,,None,28773000,None,,None,,,,,87986000,0,None,None,0.08,,65401000,109807000,,,,,None,,,,,1.87,2.329,1.556,,,,,,,,0.0477,,,2025-11-03,quarterly,0.51,USD,post-market,10907000,,0.0343,0.0725,0.067,26.12,54775000,,,,25.46,36.55,18.6047,,,,,,,667612000,,32.73,,47.28,13.89
2025-12-28,AMKR,1.24,6449053000.0,32.73,,1.996,17.43,,,,,,,,,,,,,,,None,461589000,461589000,,,,,,None,74380000,,0.331,0.0081,,,,0.041,0.08,78901000,153281000,0.43,2009-09-30,24.57,,870680000.0,154616000,50142000,-30854000,,,None,28278000,None,,None,,,,,80863000,0,None,None,0.08,,66983000,87779000,,,,,None,,,,,1.87,2.329,1.556,,,,,,,,0.0477,,,2025-11-03,quarterly,0.51,USD,post-market,13364000,,0.0343,0.0725,0.067,26.12,53619000,,,,25.46,36.55,18.6047,,,,,,,616205000,,32.73,,47.28,13.89
2025-12-28,AMKR,1.24,6449053000.0,32.73,,1.996,17.43,,,,,,,,,,,,,,,None,404129000,404129000,,,,,,None,76558000,,0.331,0.0081,,,,0.041,0.08,42447000,119005000,0.43,2009-06-30,24.57,,870680000.0,102387000,11197000,1833000,,,None,30638000,None,,None,,,,,9223000,0,None,None,0.08,,62480000,39907000,,,,,None,,,,,1.87,2.329,1.556,,,,,,,,0.0477,,,2025-11-03,quarterly,0.51,USD,post-market,10035000,,0.0343,0.0725,0.067,26.12,52445000,,,,25.46,36.55,18.6047,,,,,,,506516000,,32.73,,47.28,13.89
2025-12-28,AMKR,1.24,6449053000.0,32.73,,1.996,17.43,,,,,,,,,,,,,,,None,340737000,340737000,,,,,,None,79949000,,0.331,0.0081,,,,0.041,0.08,9261000,89210000,0.43,2009-03-31,24.57,,870680000.0,48039000,-18878000,3081000,,,None,27707000,None,,None,,,,,-22092000,0,None,None,0.08,,60215000,-12176000,,,,,None,,,,,1.87,2.329,1.556,,,,,,,,0.0477,,,2025-11-03,quarterly,0.51,USD,post-market,10147000,,0.0343,0.0725,0.067,26.12,50068000,,,,25.46,36.55,18.6047,,,,,,,388776000,,32.73,,47.28,13.89
2025-12-28,AMKR,1.24,6449053000.0,32.73,,1.996,17.43,,,,,,,,,,,,,,,None,451088000,451088000,,,,,,None,80419000,,0.331,0.0081,,,,0.041,0.08,-547036000,-466617000,0.43,2008-12-31,24.57,,870680000.0,97624000,-619768000,5237000,,,None,109980000,None,,None,,,,,-623078000,0,None,None,0.08,,71591000,-645084000,,,,,None,,,,,1.87,2.329,1.556,,,,,,,,0.0477,,,2025-11-03,quarterly,0.51,USD,post-market,13192000,,0.0343,0.0725,0.067,26.12,58399000,,,,25.46,36.55,18.6047,,,,,,,548712000,,32.73,,47.28,13.89
2025-12-28,AMKR,1.24,6449053000.0,32.73,,1.996,17.43,,,,,,,,,,,,,,,None,590700000,590700000,,,,,,None,78958000,,0.331,0.0081,,,,0.041,0.08,31198000,110156000,0.43,2008-09-30,24.57,,870680000.0,129031000,46081000,16313000,,,None,30119000,None,,None,,,,,29155000,0,None,None,0.08,,74551000,54480000,,,,,None,,,,,1.87,2.329,1.556,,,,,,,,0.0477,,,2025-11-03,quarterly,0.51,USD,post-market,14084000,,0.0343,0.0725,0.067,26.12,60467000,,,,25.46,36.55,18.6047,,,,,,,719731000,,32.73,,47.28,13.89
2025-12-28,AMKR,1.24,6449053000.0,32.73,,1.996,17.43,,,,,,,,,,,,,,,None,531745000,531745000,,,,,,None,77026000,,0.331,0.0081,,,,0.041,0.08,97741000,174767000,0.43,2008-06-30,24.57,,870680000.0,158931000,69865000,4298000,,,None,26314000,None,,None,,,,,65232000,0,None,None,0.08,,72680000,86251000,,,,,None,,,,,1.87,2.329,1.556,,,,,,,,0.0477,,,2025-11-03,quarterly,0.51,USD,post-market,15095000,,0.0343,0.0725,0.067,26.12,67441000,,,,25.46,36.55,18.6047,,,,,,,690676000,,32.73,,47.28,13.89
2025-12-28,AMKR,1.24,6449053000.0,32.73,,1.996,17.43,,,,,,,,,,,,,,,None,523331000,523331000,,,,,,None,73517000,,0.331,0.0081,,,,0.041,0.08,86564000,160081000,0.43,2008-03-31,24.57,,870680000.0,176152000,78134000,5940000,,,None,27433000,None,,None,,,,,71996000,0,None,None,0.08,,79305000,96847000,,,,,None,,,,,1.87,2.329,1.556,,,,,,,,0.0477,,,2025-11-03,quarterly,0.51,USD,post-market,13856000,,0.0343,0.0725,0.067,26.12,65449000,,,,25.46,36.55,18.6047,,,,,,,699483000,,32.73,,47.28,13.89
2025-12-28,AMKR,1.24,6449053000.0,32.73,,1.996,17.43,,,,,,,,,,,,,,,None,543976000,543976000,,,,,,None,73150000,,0.331,0.0081,,,,0.041,0.08,130050000,203200000,0.43,2007-12-31,24.57,,870680000.0,202912000,97351000,3024000,,,None,124099000,None,,None,,,,,93664000,0,None,None,0.08,,72862000,130050000,,,,,None,,,,,1.87,2.329,1.556,,,,,,,,0.0477,,,2025-11-03,quarterly,0.51,USD,post-market,10720000,,0.0343,0.0725,0.067,26.12,62142000,,,,25.46,36.55,18.6047,,,,,,,746888000,,32.73,,47.28,13.89
2025-12-28,AMKR,1.24,6449053000.0,32.73,,1.996,17.43,,,,,,,,,,,,,,,None,519152000,519152000,,,,,,None,74175000,,0.331,0.0081,,,,0.041,0.08,23111000,97286000,0.43,2007-09-30,24.57,,870680000.0,169931000,62734000,1194000,,,None,29336000,None,,None,,,,,60620000,0,None,None,0.08,,72645000,97286000,,,,,None,,,,,1.87,2.329,1.556,,,,,,,,0.0477,,,2025-11-03,quarterly,0.51,USD,post-market,10282000,,0.0343,0.0725,0.067,26.12,64080000,,,,25.46,36.55,18.6047,,,,,,,689083000,,32.73,,47.28,13.89
2025-12-28,AMKR,1.24,6449053000.0,32.73,,1.996,17.43,,,,,,,,,,,,,,,None,490794000,490794000,,,,,,None,70140000,,0.331,0.0081,,,,0.041,0.08,18169000,88309000,0.43,2007-06-30,24.57,,870680000.0,161692000,35728000,4272000,,,None,31114000,None,,None,,,,,30990000,0,None,None,0.08,,73383000,88309000,,,,,None,,,,,1.87,2.329,1.556,,,,,,,,0.0477,,,2025-11-03,quarterly,0.51,USD,post-market,11023000,,0.0343,0.0725,0.067,26.12,62360000,,,,25.46,36.55,18.6047,,,,,,,652486000,,32.73,,47.28,13.89
2025-12-28,AMKR,1.24,6449053000.0,32.73,,1.996,17.43,,,,,,,,,,,,,,,None,503650000,503650000,,,,,,None,71364000,,0.331,0.0081,,,,0.041,0.08,3682000,75046000,0.43,2007-03-31,24.57,,870680000.0,147338000,39024000,4107000,,,None,35160000,None,,None,,,,,34590000,0,None,None,0.08,,72292000,75046000,,,,,None,,,,,1.87,2.329,1.556,,,,,,,,0.0477,,,2025-11-03,quarterly,0.51,USD,post-market,9625000,,0.0343,0.0725,0.067,26.12,62667000,,,,25.46,36.55,18.6047,,,,,,,650988000,,32.73,,47.28,13.89
2025-12-28,AMKR,1.24,6449053000.0,32.73,,1.996,17.43,,,,,,,,,,,,,,,None,509879000,509879000,,,,,,None,82700000,,0.331,0.0081,,,,0.041,0.08,102248000,184948000,0.43,2006-12-31,24.57,,870680000.0,173132000,62314000,2743000,,,None,154807000,None,,None,,,,,59047000,0,None,None,0.08,,71831000,101301000,,,,,None,,,,,1.87,2.329,1.556,,,,,,,,0.0477,,,2025-11-03,quarterly,0.51,USD,post-market,9337000,,0.0343,0.0725,0.067,26.12,62494000,,,,25.46,36.55,18.6047,,,,,,,683011000,,32.73,,47.28,13.89
2025-12-28,AMKR,1.24,6449053000.0,32.73,,1.996,17.43,,,,,,,,,,,,,,,None,536062000,536062000,,,,,,None,69540000,,0.331,0.0081,,,,0.041,0.08,99637000,169177000,0.43,2006-09-30,24.57,,870680000.0,177767000,55914000,2881000,,,None,41157000,None,,None,,,,,52810000,0,None,None,0.08,,78130000,99637000,,,,,None,,,,,1.87,2.329,1.556,,,,,,,,0.0477,,,2025-11-03,quarterly,0.51,USD,post-market,9653000,,0.0343,0.0725,0.067,26.12,68477000,,,,25.46,36.55,18.6047,,,,,,,713829000,,32.73,,47.28,13.89
2025-12-28,AMKR,1.24,6449053000.0,32.73,,1.996,17.43,,,,,,,,,,,,,,,None,517307000,517307000,,,,,,None,67464000,,0.331,0.0081,,,,0.041,0.08,100042000,167506000,0.43,2006-06-30,24.57,,870680000.0,169324000,26100000,1972000,,,None,42163000,None,,None,,,,,23788000,0,None,None,0.08,,69282000,100042000,,,,,None,,,,,1.87,2.329,1.556,,,,,,,,0.0477,,,2025-11-03,quarterly,0.51,USD,post-market,10315000,,0.0343,0.0725,0.067,26.12,58967000,,,,25.46,36.55,18.6047,,,,,,,686631000,,32.73,,47.28,13.89
2025-12-28,AMKR,1.24,6449053000.0,32.73,,1.996,17.43,,,,,,,,,,,,,,,None,490071000,490071000,,,,,,None,66061000,,0.331,0.0081,,,,0.041,0.08,88329000,154390000,0.43,2006-03-31,24.57,,870680000.0,155018000,38400000,3612000,,,None,41157000,None,,None,,,,,34439000,0,None,None,0.08,,70681000,84337000,,,,,None,,,,,1.87,2.329,1.556,,,,,,,,0.0477,,,2025-11-03,quarterly,0.51,USD,post-market,9430000,,0.0343,0.0725,0.067,26.12,60251000,,,,25.46,36.55,18.6047,,,,,,,645089000,,32.73,,47.28,13.89
2025-12-28,AMKR,1.24,6449053000.0,32.73,,1.996,17.43,,,,,,,,,,,,,,,None,487776000,487776000,,,,,,None,72610000,,0.331,0.0081,,,,0.041,0.08,94229000,166839000,0.43,2005-12-31,24.57,,870680000.0,155716000,48775000,-5226000,,,None,521000,None,,None,,,,,54001000,0,None,None,0.08,,61487000,94229000,,,,,None,,,,,1.87,2.329,1.556,,,,,,,,0.0477,,,2025-11-03,quarterly,0.51,USD,post-market,9653000,,0.0343,0.0725,0.067,26.12,106242000,,,,25.46,36.55,18.6047,,,,,,,643492000,,32.73,,47.28,13.89
2025-12-28,AMKR,1.24,6449053000.0,32.73,,1.996,17.43,,,,,,,,,,,,,,,None,459297000,459297000,,,,,,None,62667000,,0.331,0.0081,,,,0.041,0.08,21796000,84463000,0.43,2005-09-30,24.57,,870680000.0,90344000,-22282000,-2865000,,,None,40859000,None,,None,,,,,-19417000,0,None,None,0.08,,68452000,21892000,,,,,None,,,,,1.87,2.329,1.556,,,,,,,,0.0477,,,2025-11-03,quarterly,0.51,USD,post-market,8870000,,0.0343,0.0725,0.067,26.12,59582000,,,,25.46,36.55,18.6047,,,,,,,549641000,,32.73,,47.28,13.89
2025-12-28,AMKR,1.24,6449053000.0,32.73,,1.996,17.43,,,,,,,,,,,,,,,None,5384480000,5384480000,,,,,,None,594663000,,0.331,0.0081,,,,0.041,0.08,495961000,1090624000,0.43,2024-12-31,24.57,,870680000.0,933212000,431016000,75481000,,,None,64945000,65541000,,None,,,,,354012000,355535000,596000,None,0.08,,494757000,438455000,,,,,None,,,,,1.87,2.329,1.556,,,,,,,,0.0477,,,2025-11-03,annual,0.51,USD,post-market,162951000,,0.0343,0.0725,0.067,26.12,331806000,,,,25.46,36.55,18.6047,,,,,,,6317692000,,32.73,,47.28,13.89
2025-12-28,AMKR,1.24,6449053000.0,32.73,,1.996,17.43,,,,,,,,,,,,,,,None,5559912000,5559912000,,,,,,None,631508000,,0.331,0.0081,,,,0.041,0.08,470287000,470287000,0.43,2023-12-31,24.57,,870680000.0,943153000,443841000,81710000,,,None,59000000,40773000,,None,,,,,359813000,407007000,-17692000,None,0.08,,472866000,470287000,,,,,None,,,,,1.87,2.329,1.556,,,,,,,,0.0477,,,2025-11-03,annual,0.51,USD,post-market,177473000,,0.0343,0.0725,0.067,26.12,286149000,,,,25.46,36.55,18.6047,,,,,,,6503065000,,32.73,,47.28,13.89
2025-12-28,AMKR,1.24,6449053000.0,32.73,,1.996,17.43,,,,,,,,,,,,,,,None,5761598000,5761598000,,,,,,None,612702000,,0.331,0.0081,,,,0.041,0.08,915495000,1528197000,0.43,2022-12-31,24.57,,870680000.0,1329987000,856932000,89890000,,,None,58563000,12762000,,None,,,,,765823000,767042000,-58563000,None,0.08,,432801000,897186000,,,,,18309000,,,,,1.87,2.329,1.556,,,,,,,,0.0477,,,2025-11-03,annual,0.51,USD,post-market,149429000,,0.0343,0.0725,0.067,26.12,283372000,,,,25.46,36.55,18.6047,,,,,,,7091585000,,32.73,,47.28,13.89
2025-12-28,AMKR,1.24,6449053000.0,32.73,,1.996,17.43,,,,,,,,,,,,,,,None,4912775000,4912775000,,,,,,None,563582000,,0.331,0.0081,,,,0.041,0.08,766574000,1330156000,0.43,2021-12-31,24.57,,870680000.0,1225554000,715066000,69459000,,,None,51508000,1065000,,None,,,,,642995000,645607000,-51508000,None,0.08,,462121000,763433000,,,,,3141000,,,,,1.87,2.329,1.556,,,,,,,,0.0477,,,2025-11-03,annual,0.51,USD,post-market,166037000,,0.0343,0.0725,0.067,26.12,296084000,,,,25.46,36.55,18.6047,,,,,,,6138329000,,32.73,,47.28,13.89
2025-12-28,AMKR,1.24,6449053000.0,32.73,,1.996,17.43,,,,,,,,,,,,,,,None,4149775000,4149775000,,,,,,None,510396000,,0.331,0.0081,,,,0.041,0.08,450850000,961246000,0.43,2020-12-31,24.57,,870680000.0,900814000,386682000,46183000,,,None,64168000,5449000,,None,,,,,338138000,340499000,-64168000,None,0.08,,443569000,457245000,,,,,-6395000,,,,,1.87,2.329,1.556,,,,,,,,0.0477,,,2025-11-03,annual,0.51,USD,post-market,140727000,,0.0343,0.0725,0.067,26.12,302842000,,,,25.46,36.55,18.6047,,,,,,,5050589000,,32.73,,47.28,13.89
2025-12-28,AMKR,1.24,6449053000.0,32.73,,1.996,17.43,,,,,,,,,,,,,,,None,3403211000,3403211000,,,,,,None,524177000,,0.331,0.0081,,,,0.041,0.08,234712000,758889000,0.43,2019-12-31,24.57,,870680000.0,649439000,159810000,37182000,,,None,71587000,6655000,,None,,,,,120888000,122628000,-64932000,None,0.08,,419571000,233170000,,,,,-1773000,,,,,1.87,2.329,1.556,,,,,,,,0.0477,,,2025-11-03,annual,0.51,USD,post-market,137638000,,0.0343,0.0725,0.067,26.12,281933000,,,,25.46,36.55,18.6047,,,,,,,4052650000,,32.73,,47.28,13.89
2025-12-28,AMKR,1.24,6449053000.0,32.73,,1.996,17.43,,,,,,,,,,,,,,,None,3605901000,3605901000,,,,,,None,571961000,,0.331,0.0081,,,,0.041,0.08,264761000,836722000,0.43,2018-12-31,24.57,,870680000.0,710565000,185815000,56250000,,,None,78946000,4133000,,None,,,,,127092000,129565000,-74813000,None,0.08,,452421000,258144000,,,,,6617000,,,,,1.87,2.329,1.556,,,,,,,,0.0477,,,2025-11-03,annual,0.51,USD,post-market,157182000,,0.0343,0.0725,0.067,26.12,295239000,,,,25.46,36.55,18.6047,,,,,,,4316466000,,32.73,,47.28,13.89
2025-12-28,AMKR,1.24,6449053000.0,32.73,,1.996,17.43,,,,,,,,,,,,,,,None,3429224000,3429224000,,,,,,None,581940000,,0.331,0.0081,,,,0.041,0.08,297787000,879727000,0.43,2017-12-31,24.57,,870680000.0,757273000,303870000,38982000,,,None,85554000,3215000,,None,,,,,260706000,264888000,-82339000,None,0.08,,464069000,293204000,,,,,-11889000,,,,,1.87,2.329,1.556,,,,,,,,0.0477,,,2025-11-03,annual,0.51,USD,post-market,166614000,,0.0343,0.0725,0.067,26.12,297455000,,,,25.46,36.55,18.6047,,,,,,,4186497000,,32.73,,47.28,13.89
2025-12-28,AMKR,1.24,6449053000.0,32.73,,1.996,17.43,,,,,,,,,,,,,,,None,3198158000,3198158000,,,,,,None,555186000,,0.331,0.0081,,,,0.041,0.08,308477000,863663000,0.43,2016-12-31,24.57,,870680000.0,695477000,215157000,47853000,,,None,84637000,1326000,,None,,,,,164190000,167304000,-83311000,None,0.08,,401537000,293940000,,,,,5854000,,,,,1.87,2.329,1.556,,,,,,,,0.0477,,,2025-11-03,annual,0.51,USD,post-market,117206000,,0.0343,0.0725,0.067,26.12,284331000,,,,25.46,36.55,18.6047,,,,,,,3893635000,,32.73,,47.28,13.89
2025-12-28,AMKR,1.24,6449053000.0,32.73,,1.996,17.43,,,,,,,,,,,,,,,None,2405338000,2405338000,,,,,,None,494200000,,0.331,0.0081,,,,0.041,0.08,164839000,659039000,0.43,2015-12-31,24.57,,870680000.0,479265000,68290000,28035000,,,None,86376000,75988000,,None,,,,,57567000,39500000,None,None,0.08,,313671000,165594000,,,,,9179000,,,,,1.87,2.329,1.556,,,,,,,,0.0477,,,2025-11-03,annual,0.51,USD,post-market,82017000,,0.0343,0.0725,0.067,26.12,232409000,,,,25.46,36.55,18.6047,,,,,,,2884603000,,32.73,,47.28,13.89
2025-12-28,AMKR,1.24,6449053000.0,32.73,,1.996,17.43,,,,,,,,,,,,,,,None,2576618000,2576618000,,,,,,None,464706000,,0.331,0.0081,,,,0.041,0.08,296760000,761466000,0.43,2014-12-31,24.57,,870680000.0,552822000,136078000,33845000,,,None,109925000,None,,None,,,,,130386000,102233000,None,None,0.08,,331362000,221460000,,,,,56197000,,,,,1.87,2.329,1.556,,,,,,,,0.0477,,,2025-11-03,annual,0.51,USD,post-market,76864000,,0.0343,0.0725,0.067,26.12,254498000,,,,25.46,36.55,18.6047,,,,,,,3129440000,,32.73,,47.28,13.89
2025-12-28,AMKR,1.24,6449053000.0,32.73,,1.996,17.43,,,,,,,,,,,,,,,None,2411937000,2411937000,,,,,,None,410346000,,0.331,0.0081,,,,0.041,0.08,242109000,652455000,0.43,2013-12-31,24.57,,870680000.0,544513000,123987000,22646000,,,None,105908000,None,,None,,,,,109296000,101341000,None,None,0.08,,312404000,232109000,,,,,8102000,,,,,1.87,2.329,1.556,,,,,,,,0.0477,,,2025-11-03,annual,0.51,USD,post-market,64625000,,0.0343,0.0725,0.067,26.12,247779000,,,,25.46,36.55,18.6047,,,,,,,2956450000,,32.73,,47.28,13.89
2025-12-28,AMKR,1.24,6449053000.0,32.73,,1.996,17.43,,,,,,,,,,,,,,,None,2315436000,2315436000,,,,,,None,370479000,,0.331,0.0081,,,,0.041,0.08,157646000,528125000,0.43,2012-12-31,24.57,,870680000.0,444410000,81903000,19001000,,,None,97943000,None,,None,,,,,62018000,42702000,None,None,0.08,,271118000,173292000,,,,,4954000,,,,,1.87,2.329,1.556,,,,,,,,0.0477,,,2025-11-03,annual,0.51,USD,post-market,54118000,,0.0343,0.0725,0.067,26.12,217000000,,,,25.46,36.55,18.6047,,,,,,,2759846000,,32.73,,47.28,13.89
2025-12-28,AMKR,1.24,6449053000.0,32.73,,1.996,17.43,,,,,,,,,,,,,,,None,2285790000,2285790000,,,,,,None,335644000,,0.331,0.0081,,,,0.041,0.08,186825000,522469000,0.43,2011-12-31,24.57,,870680000.0,490569000,100219000,7124000,,,None,86606000,None,,None,,,,,91808000,None,None,None,0.08,,296899000,193670000,,,,,None,,,,,1.87,2.329,1.556,,,,,,,,0.0477,,,2025-11-03,annual,0.51,USD,post-market,50386000,,0.0343,0.0725,0.067,26.12,246513000,,,,25.46,36.55,18.6047,,,,,,,2776359000,,32.73,,47.28,13.89
2025-12-28,AMKR,1.24,6449053000.0,32.73,,1.996,17.43,,,,,,,,,,,,,,,None,2275727000,2275727000,,,,,,None,323608000,,0.331,0.0081,,,,0.041,0.08,352004000,675612000,0.43,2010-12-31,24.57,,870680000.0,663756000,251159000,19012000,,,None,100845000,None,,None,,,,,231971000,232147000,None,None,0.08,,289958000,373798000,,,,,-21794000,,,,,1.87,2.329,1.556,,,,,,,,0.0477,,,2025-11-03,annual,0.51,USD,post-market,47534000,,0.0343,0.0725,0.067,26.12,242424000,,,,25.46,36.55,18.6047,,,,,,,2939483000,,32.73,,47.28,13.89
2025-12-28,AMKR,1.24,6449053000.0,32.73,,1.996,17.43,,,,,,,,,,,,,,,None,1698713000,1698713000,,,,,,None,305510000,,0.331,0.0081,,,,0.041,0.08,241919000,547429000,0.43,2009-12-31,24.57,,870680000.0,480396000,126523000,-29760000,,,None,113029000,None,,None,,,,,155980000,None,None,None,0.08,,255360000,225317000,,,,,None,,,,,1.87,2.329,1.556,,,,,,,,0.0477,,,2025-11-03,annual,0.51,USD,post-market,44453000,,0.0343,0.0725,0.067,26.12,210907000,,,,25.46,36.55,18.6047,,,,,,,2179109000,,32.73,,47.28,13.89
2025-12-28,AMKR,1.24,6449053000.0,32.73,,1.996,17.43,,,,,,,,,,,,,,,None,2096864000,2096864000,,,,,,None,309920000,,0.331,0.0081,,,,0.041,0.08,-309458000,462000,0.43,2008-12-31,24.57,,870680000.0,561738000,-425688000,31788000,,,None,116230000,None,,None,,,,,-456695000,None,None,None,0.08,,298127000,-407506000,,,,,None,,,,,1.87,2.329,1.556,,,,,,,,0.0477,,,2025-11-03,annual,0.51,USD,post-market,56227000,,0.0343,0.0725,0.067,26.12,251756000,,,,25.46,36.55,18.6047,,,,,,,2658602000,,32.73,,47.28,13.89
2025-12-28,AMKR,1.24,6449053000.0,32.73,,1.996,17.43,,,,,,,,,,,,,,,None,2057572000,2057572000,,,,,,None,288829000,,0.331,0.0081,,,,0.041,0.08,101862000,390691000,0.43,2007-12-31,24.57,,870680000.0,681873000,234837000,12597000,,,None,124099000,None,,None,,,,,219864000,None,None,None,0.08,,291182000,390691000,,,,,None,,,,,1.87,2.329,1.556,,,,,,,,0.0477,,,2025-11-03,annual,0.51,USD,post-market,41650000,,0.0343,0.0725,0.067,26.12,251249000,,,,25.46,36.55,18.6047,,,,,,,2739445000,,32.73,,47.28,13.89
2025-12-28,AMKR,1.24,6449053000.0,32.73,,1.996,17.43,,,,,,,,,,,,,,,None,2053600000,2053600000,,,,,,None,285765000,,0.331,0.0081,,,,0.041,0.08,99318000,385083000,0.43,2006-12-31,24.57,,870680000.0,674960000,182494000,11208000,,,None,154807000,None,,None,,,,,170084000,None,None,None,0.08,,289877000,385083000,,,,,None,,,,,1.87,2.329,1.556,,,,,,,,0.0477,,,2025-11-03,annual,0.51,USD,post-market,38735000,,0.0343,0.0725,0.067,26.12,250142000,,,,25.46,36.55,18.6047,,,,,,,2728560000,,32.73,,47.28,13.89
2025-12-28,AMKR,1.24,6449053000.0,32.73,,1.996,17.43,,,,,,,,,,,,,,,None,1743996000,1743996000,,,,,,None,257321000,,0.331,0.0081,,,,0.041,0.08,29513000,286834000,0.43,2005-12-31,24.57,,870680000.0,355953000,-142440000,-5551000,,,None,521000,None,,None,,,,,-136889000,None,None,None,0.08,,326094000,29859000,,,,,None,,,,,1.87,2.329,1.556,,,,,,,,0.0477,,,2025-11-03,annual,0.51,USD,post-market,37347000,,0.0343,0.0725,0.067,26.12,293155000,,,,25.46,36.55,18.6047,,,,,,,2099949000,,32.73,,47.28,13.89
2025-12-28,AMKR,1.24,6449053000.0,32.73,None,1.996,17.43,,153840000,1495656000,1495656000,,,,,,,,,294000,247192000,None,1743996000,1743996000,925268000,None,547447000,1399446000,None,None,257321000,,0.331,0.0081,,,,0.041,0.08,29513000,286834000,0.43,2025-09-30,24.57,19076000,870680000.0,355953000,-142440000,-5551000,None,None,None,521000,None,399892000,None,None,1264501000,None,None,-136889000,None,None,None,0.08,,326094000,29859000,98393000,763602000,None,181633000,None,,,,,1.87,2.329,1.556,,,,,,,,0.0477,,None,2025-11-03,quarterly,0.51,USD,post-market,37347000,2475936000,0.0343,0.0725,0.067,26.12,293155000,1891039000,572112000,614703000,25.46,36.55,18.6047,8187482000,4008090000,2260982000,3844538000,4179392000,1583556000,2099949000,4308366000,32.73,None,47.28,13.89
2025-12-28,AMKR,1.24,6449053000.0,32.73,None,1.996,17.43,,127711000,1527384000,1527384000,,,,,,,,,294000,248302000,None,1743996000,1743996000,760108000,None,374855000,1125586000,None,None,257321000,,0.331,0.0081,,,,0.041,0.08,29513000,286834000,0.43,2025-06-30,24.57,19588000,870680000.0,355953000,-142440000,-5551000,None,None,None,521000,None,375249000,None,None,1198190000,None,None,-136889000,None,None,None,0.08,,326094000,29859000,79994000,649618000,None,226165000,None,,,,,1.87,2.329,1.556,,,,,,,,0.0477,,None,2025-11-03,quarterly,0.51,USD,post-market,37347000,2369797000,0.0343,0.0725,0.067,26.12,293155000,1700756000,450967000,516430000,25.46,36.55,18.6047,7705626000,3624643000,1915662000,3473552000,4080983000,1557890000,2099949000,4197424000,32.73,None,47.28,13.89
2025-12-28,AMKR,1.24,6449053000.0,32.73,None,1.996,17.43,,133597000,1057560000,1057560000,,,,,,,,,293000,247845000,None,1743996000,1743996000,608464000,None,236459000,1052873000,None,None,257321000,,0.331,0.0081,,,,0.041,0.08,29513000,286834000,0.43,2025-03-31,24.57,18813000,870680000.0,355953000,-142440000,-5551000,None,None,None,521000,None,326185000,None,None,912863000,None,None,-136889000,None,None,None,0.08,,326094000,29859000,49325000,462379000,None,235856000,None,,,,,1.87,2.329,1.556,,,,,,,,0.0477,,None,2025-11-03,quarterly,0.51,USD,post-market,37347000,2335830000,0.0343,0.0725,0.067,26.12,293155000,1402819000,315521000,505181000,25.46,36.55,18.6047,6921241000,2991124000,1453976000,2730651000,3930117000,1276674999,2099949000,4156410000,32.73,None,47.28,13.89
2025-12-28,AMKR,1.24,6449053000.0,32.73,None,1.996,17.43,,140423000,1133553000,1133553000,,,,,,,,,293000,247922000,None,1743996000,1743996000,712887000,None,236029000,1055013000,None,None,257321000,,0.331,0.0081,,,,0.041,0.08,29513000,286834000,0.43,2024-12-31,24.57,17947000,870680000.0,355953000,-142440000,-5551000,None,None,None,521000,None,310910000,None,None,923431000,None,None,-136889000,None,None,None,0.08,,326094000,29859000,61012000,329196000,None,253880000,None,,,,,1.87,2.329,1.556,,,,,,,,0.0477,,None,2025-11-03,quarterly,0.51,USD,post-market,37347000,2335132000,0.0343,0.0725,0.067,26.12,293155000,1422591000,318469000,512984000,25.46,36.55,18.6047,6944328000,3073472000,1455275000,2761163000,3870856000,1305888000,2099949000,4149545000,32.73,None,47.28,13.89
2025-12-28,AMKR,1.24,6449053000.0,32.73,None,1.996,17.43,,148038000,959140000,959140000,,,,,,,,,293000,247922000,None,1743996000,1743996000,811946000,None,207570000,1351817000,None,None,257321000,,0.331,0.0081,,,,0.041,0.08,29513000,286834000,0.43,2024-09-30,24.57,19643000,870680000.0,355953000,-142440000,-5551000,None,None,None,521000,None,349513000,None,None,893994000,None,None,-136889000,None,None,None,0.08,,326094000,29859000,71515000,398067000,None,215144000,None,,,,,1.87,2.329,1.556,,,,,,,,0.0477,,None,2025-11-03,quarterly,0.51,USD,post-market,37347000,2349938000,0.0343,0.0725,0.067,26.12,293155000,1249602000,293329000,512333000,25.46,36.55,18.6047,7029086000,3244318000,1572831000,2831832000,3784768000,1259001000,2099949000,4163621000,32.73,None,47.28,13.89
2025-12-28,AMKR,1.24,6449053000.0,32.73,None,1.996,17.43,,135599000,1079663000,1079663000,,,,,,,,,293000,247860000,None,1743996000,1743996000,734755000,None,154403000,1147940000,None,None,257321000,,0.331,0.0081,,,,0.041,0.08,29513000,286834000,0.43,2024-06-30,24.57,17536000,870680000.0,355953000,-142440000,-5551000,None,None,None,521000,None,379259000,None,None,949320000,None,None,-136889000,None,None,None,0.08,,326094000,29859000,64175000,459654000,None,193323000,None,,,,,1.87,2.329,1.556,,,,,,,,0.0477,,None,2025-11-03,quarterly,0.51,USD,post-market,37347000,2246795000,0.0343,0.0725,0.067,26.12,293155000,1239322000,235452000,465804000,25.46,36.55,18.6047,6865550000,3136841000,1506600000,2782216000,3728709000,1275616000,2099949000,4049657000,32.73,None,47.28,13.89
2025-12-28,AMKR,1.24,6449053000.0,32.73,None,1.996,17.43,,132770000,1118004000,1118004000,,,,,,,,,292000,247614000,None,1743996000,1743996000,618378000,None,112968000,1093960000,None,None,257321000,,0.331,0.0081,,,,0.041,0.08,29513000,286834000,0.43,2024-03-31,24.57,18641000,870680000.0,355953000,-142440000,-5551000,None,None,None,521000,None,331070000,None,None,1038346000,None,None,-136889000,None,None,None,0.08,,326094000,29859000,47312000,394094000,None,180345000,None,,,,,1.87,2.329,1.556,,,,,,,,0.0477,,None,2025-11-03,quarterly,0.51,USD,post-market,37347000,2199300000,0.0343,0.0725,0.067,26.12,293155000,1284084000,192814000,454669000,25.46,36.55,18.6047,6685066000,3045015000,1303196000,2654458000,3640051000,1351262000,2099949000,3997127000,32.73,None,47.28,13.89
2025-12-28,AMKR,1.24,6449053000.0,32.73,None,1.996,17.43,,148214000,1119818000,1119818000,,,,,,,,,292000,247243000,None,1743996000,1743996000,754453000,None,131624000,1149493000,None,None,257321000,,0.331,0.0081,,,,0.041,0.08,29513000,286834000,0.43,2023-12-31,24.57,20003000,870680000.0,355953000,-142440000,-5551000,None,None,None,521000,None,393128000,None,None,1071832000,None,None,-136889000,None,None,None,0.08,,326094000,29859000,58502000,300689000,None,175813000,None,,,,,1.87,2.329,1.556,,,,,,,,0.0477,,None,2025-11-03,quarterly,0.51,USD,post-market,37347000,2159831000,0.0343,0.0725,0.067,26.12,293155000,1384362000,223001000,474869000,25.46,36.55,18.6047,6771125000,3195810000,1384475000,2776090000,3575315000,1391615000,2099949000,3962308000,32.73,None,47.28,13.89
2025-12-28,AMKR,1.24,6449053000.0,32.73,None,1.996,17.43,,102834000,735733000,735733000,,,,,,,,,292000,247129000,None,1743996000,1743996000,827854000,None,149890000,1411393000,None,None,257321000,,0.331,0.0081,,,,0.041,0.08,29513000,286834000,0.43,2023-09-30,24.57,18888000,870680000.0,355953000,-142440000,-5551000,None,None,None,521000,None,477935000,None,None,947227000,None,None,-136889000,None,None,None,0.08,,326094000,29859000,61579000,405767000,None,160103000,None,,,,,1.87,2.329,1.556,,,,,,,,0.0477,,None,2025-11-03,quarterly,0.51,USD,post-market,37347000,2061596000,0.0343,0.0725,0.067,26.12,293155000,1262173000,255942000,439002000,25.46,36.55,18.6047,6734849000,3125642000,1602090000,2856750000,3609207000,1254660000,2099949000,3846688000,32.73,None,47.28,13.89
2025-12-28,AMKR,1.24,6449053000.0,32.73,None,1.996,17.43,,120021000,804834000,804834000,,,,,,,,,292000,246964000,None,1743996000,1743996000,701610000,None,155978000,1198612000,None,None,257321000,,0.331,0.0081,,,,0.041,0.08,29513000,286834000,0.43,2023-06-30,24.57,19550000,870680000.0,355953000,-142440000,-5551000,None,None,None,521000,None,534477000,None,None,975535000,None,None,-136889000,None,None,None,0.08,,326094000,29859000,61890000,483243000,None,169019000,None,,,,,1.87,2.329,1.556,,,,,,,,0.0477,,None,2025-11-03,quarterly,0.51,USD,post-market,37347000,1947420000,0.0343,0.0725,0.067,26.12,293155000,1315129000,273564000,399233000,25.46,36.55,18.6047,6638180000,2999046000,1576488000,2875321000,3639134000,1298832999,2099949000,3732150000,32.73,None,47.28,13.89
2025-12-28,AMKR,1.24,6449053000.0,32.73,None,1.996,17.43,,127513000,909802000,909802000,,,,,,,,,292000,247087000,None,1743996000,1743996000,666615000,None,137469000,1165240000,None,None,257321000,,0.331,0.0081,,,,0.041,0.08,29513000,286834000,0.43,2023-03-31,24.57,21235000,870680000.0,355953000,-142440000,-5551000,None,None,None,521000,None,568565000,None,None,1059997000,None,None,-136889000,None,None,None,0.08,,326094000,29859000,48174000,387028000,None,182445000,None,,,,,1.87,2.329,1.556,,,,,,,,0.0477,,None,2025-11-03,quarterly,0.51,USD,post-market,37347000,1901569000,0.0343,0.0725,0.067,26.12,293155000,1385792000,262517000,341822000,25.46,36.55,18.6047,6581791000,3033603000,1457549000,2854628000,3548188000,1397079000,2099949000,3696477000,32.73,None,47.28,13.89
2025-12-28,AMKR,1.24,6449053000.0,32.73,None,1.996,17.43,,146736000,959072000,959072000,,,,,,,,,291000,246693000,None,1743996000,1743996000,899164000,None,143813000,1365504000,None,None,257321000,,0.331,0.0081,,,,0.041,0.08,29513000,286834000,0.43,2022-12-31,24.57,21517000,870680000.0,355953000,-142440000,-5551000,None,None,None,521000,None,629576000,None,None,1088521000,None,None,-136889000,None,None,None,0.08,,326094000,29859000,65123000,359729000,None,201839000,None,,,,,1.87,2.329,1.556,,,,,,,,0.0477,,3306777000,2025-11-03,quarterly,0.51,USD,post-market,37347000,1874644000,0.0343,0.0725,0.067,26.12,293155000,1525806000,271374000,281964000,25.46,36.55,18.6047,6821757000,3301239000,1662411000,3122056000,3520518000,1459645000,2099949000,3668752000,32.73,None,47.28,13.89
2025-12-28,AMKR,1.24,6449053000.0,32.73,None,1.996,17.43,,142937000,624084000,624084000,,,,,,,,,291000,246094000,None,1743996000,1743996000,927527000,None,123521000,1550517000,None,None,257321000,,0.331,0.0081,,,,0.041,0.08,29513000,286834000,0.43,2022-09-30,24.57,19492000,870680000.0,355953000,-142440000,-5551000,None,None,None,521000,None,669297000,None,None,1001544000,None,None,-136889000,None,None,None,0.08,,326094000,29859000,49185000,476119000,None,206398000,None,,,,,1.87,2.329,1.556,,,,,,,,0.0477,,3255839000,2025-11-03,quarterly,0.51,USD,post-market,37347000,1728740000,0.0343,0.0725,0.067,26.12,293155000,1322875000,247555000,308063000,25.46,36.55,18.6047,6693924000,3201146000,1789157000,3175081000,3492778000,1385924000,2099949000,3487346000,32.73,None,47.28,13.89
2025-12-28,AMKR,1.24,6449053000.0,32.73,None,1.996,17.43,,143560000,733922000,733922000,,,,,,,,,291000,245855000,None,1743996000,1743996000,859455000,None,127998000,1169028000,None,None,257321000,,0.331,0.0081,,,,0.041,0.08,29513000,286834000,0.43,2022-06-30,24.57,20787000,870680000.0,355953000,-142440000,-5551000,None,None,None,521000,None,636969000,None,None,981220000,None,None,-136889000,None,None,None,0.08,,326094000,29859000,48831000,544516000,None,211545000,None,,,,,1.87,2.329,1.556,,,,,,,,0.0477,,3228596000,2025-11-03,quarterly,0.51,USD,post-market,37347000,1434906000,0.0343,0.0725,0.067,26.12,293155000,1295913000,239232000,375137000,25.46,36.55,18.6047,6390662000,2963887000,1784962000,3163112000,3426775000,1378150000,2099949000,3196295000,32.73,None,47.28,13.89
2025-12-28,AMKR,1.24,6449053000.0,32.73,None,1.996,17.43,,157529000,854802000,854802000,,,,,,,,,291000,246000000,None,1743996000,1743996000,753279000,None,156692000,1201007000,None,None,257321000,,0.331,0.0081,,,,0.041,0.08,29513000,286834000,0.43,2022-03-31,24.57,23182000,870680000.0,355953000,-142440000,-5551000,None,None,None,521000,None,516437000,None,None,1087408000,None,None,-136889000,None,None,None,0.08,,326094000,29859000,60293000,445733000,None,388440000,None,,,,,1.87,2.329,1.556,,,,,,,,0.0477,,None,2025-11-03,quarterly,0.51,USD,post-market,37347000,1322370000,0.0343,0.0725,0.067,26.12,293155000,1436035000,262327000,307016000,25.46,36.55,18.6047,6225787000,2939555000,1623117000,3098965000,3286232000,1475848000,2099949000,3096123000,32.73,-219147000,47.28,13.89
2025-12-28,AMKR,1.24,6449053000.0,32.73,None,1.996,17.43,,148170000,826744000,826744000,,,,,,,,,290000,245894000,None,1743996000,1743996000,828727000,None,153008000,1258767000,None,None,257321000,,0.331,0.0081,,,,0.041,0.08,29513000,286834000,0.43,2021-12-31,24.57,24516000,870680000.0,355953000,-142440000,-5551000,None,None,None,521000,None,484959000,None,None,984988000,None,None,-136889000,None,None,None,0.08,,326094000,29859000,34563000,446150000,None,196876000,None,,,,,1.87,2.329,1.556,,,,,,,,0.0477,,3030800000,2025-11-03,quarterly,0.51,USD,post-market,37347000,1163939000,0.0343,0.0725,0.067,26.12,293155000,1370485000,248160000,251530000,25.46,36.55,18.6047,6038554000,2856563000,1679735000,3066008000,3181991000,1386273000,2099949000,2942276000,32.73,-219065000,47.28,13.89
2025-12-28,AMKR,1.24,6449053000.0,32.73,None,1.996,17.43,,76955000,545592000,545592000,,,,,,,,,290000,245942000,None,1743996000,1743996000,815877000,None,140380000,1289617000,None,None,257321000,,0.331,0.0081,,,,0.041,0.08,29513000,286834000,0.43,2021-09-30,24.57,25351000,870680000.0,355953000,-142440000,-5551000,None,None,None,521000,None,445918000,None,None,884236000,None,None,-136889000,None,None,None,0.08,,326094000,29859000,49527000,595758000,None,164960000,None,,,,,1.87,2.329,1.556,,,,,,,,0.0477,,3047774000,2025-11-03,quarterly,0.51,USD,post-market,37347000,959641000,0.0343,0.0725,0.067,26.12,293155000,1239277000,224239000,244470000,25.46,36.55,18.6047,5770448000,2575124000,1738985000,3010769000,3195324000,1271783999,2099949000,2730013000,32.73,-219061000,47.28,13.89
2025-12-28,AMKR,1.24,6449053000.0,32.73,None,1.996,17.43,,78492000,724785000,724785000,,,,,,,,,290000,245551000,None,1743996000,1743996000,710326000,None,134912000,1064586000,None,None,257321000,,0.331,0.0081,,,,0.041,0.08,29513000,286834000,0.43,2021-06-30,24.57,25392000,870680000.0,355953000,-142440000,-5551000,None,None,None,521000,None,374109000,None,None,916407000,None,None,-136889000,None,None,None,0.08,,326094000,29859000,46621000,664930000,None,163420000,None,,,,,1.87,2.329,1.556,,,,,,,,0.0477,,3018099000,2025-11-03,quarterly,0.51,USD,post-market,37347000,788567000,0.0343,0.0725,0.067,26.12,293155000,1246038000,209749000,160941000,25.46,36.55,18.6047,5567779000,2371042000,1679653000,2984709000,3196737000,1305055999,2099949000,2554248000,32.73,-219061000,47.28,13.89
2025-12-28,AMKR,1.24,6449053000.0,32.73,None,1.996,17.43,,77651000,650274000,650274000,,,,,,,,,290000,245129000,None,1743996000,1743996000,602962000,None,135405000,950015000,None,None,257321000,,0.331,0.0081,,,,0.041,0.08,29513000,286834000,0.43,2021-03-31,24.57,25481000,870680000.0,355953000,-142440000,-5551000,25481000,25481000,None,521000,None,307545000,None,None,952366000,None,None,-136889000,None,None,None,0.08,,326094000,29859000,42527000,442562000,None,322005000,None,,,,,1.87,2.329,1.556,,,,,,,,0.0477,,2623470000,2025-11-03,quarterly,0.51,USD,post-market,37347000,672534000,0.0343,0.0725,0.067,26.12,293155000,1239877000,196906000,163693000,25.46,36.55,18.6047,5053465000,2114054000,1316857000,2591228000,2939411000,1274371000,2099949000,2433917000,32.73,-219061000,47.28,13.89
2025-12-28,AMKR,1.24,6449053000.0,32.73,None,1.996,17.43,,84420000,698002000,698002000,,,,,,,,,289000,243356000,None,1743996000,1743996000,636434000,None,149007000,962643000,None,None,257321000,,0.331,0.0081,,,,0.041,0.08,29513000,286834000,0.43,2020-12-31,24.57,27325000,870680000.0,355953000,-142440000,-5551000,None,None,None,521000,None,297293000,None,None,1005339000,None,None,-136889000,None,None,None,0.08,,326094000,29859000,41225000,411293000,None,347026000,None,,,,,1.87,2.329,1.556,,,,,,,,0.0477,,2713238000,2025-11-03,quarterly,0.51,USD,post-market,37347000,562502000,0.0343,0.0725,0.067,26.12,293155000,1314204000,211389000,133769000,25.46,36.55,18.6047,5022311000,2132932000,1315987000,2668352000,2889379000,1352364999,2099949000,2325699000,32.73,-217740000,47.28,13.89
2025-12-28,AMKR,1.24,6449053000.0,32.73,None,1.996,17.43,,145750000,566745000,566745000,,,,,,,,,288000,242592000,None,1743996000,1743996000,611965000,None,136526000,990637000,None,None,257321000,,0.331,0.0081,,,,0.041,0.08,29513000,286834000,0.43,2020-09-30,24.57,26747000,870680000.0,355953000,-142440000,-5551000,None,None,None,521000,None,299830000,None,None,1182573000,None,None,-136889000,None,None,None,0.08,,326094000,29859000,55209000,522161000,None,355940000,None,,,,,1.87,2.329,1.556,,,,,,,,0.0477,,2560195000,2025-11-03,quarterly,0.51,USD,post-market,37347000,445541000,0.0343,0.0725,0.067,26.12,293155000,1476797000,194019000,356150000,25.46,36.55,18.6047,5136620000,2268571000,1375370000,2913883000,2868049000,1538513000,2099949000,2194618000,32.73,-217660000,47.28,13.89
2025-12-28,AMKR,1.24,6449053000.0,32.73,None,1.996,17.43,,139539000,783228000,783228000,,,,,,,,,287000,241410000,None,1743996000,1743996000,583341000,None,148872000,898717000,None,None,257321000,,0.331,0.0081,,,,0.041,0.08,29513000,286834000,0.43,2020-06-30,24.57,26140000,870680000.0,355953000,-142440000,-5551000,None,None,None,521000,None,306902000,None,None,1396389000,None,None,-136889000,None,None,None,0.08,,326094000,29859000,42314000,451880000,None,319236000,None,,,,,1.87,2.329,1.556,,,,,,,,0.0477,,2471977000,2025-11-03,quarterly,0.51,USD,post-market,37347000,353390000,0.0343,0.0725,0.067,26.12,293155000,1696969000,201207000,310634000,25.46,36.55,18.6047,5115388000,2341795000,1282835000,2998460000,2773593000,1715625000,2099949000,2089404000,32.73,-217592000,47.28,13.89
2025-12-28,AMKR,1.24,6449053000.0,32.73,None,1.996,17.43,,140983000,941447000,941447000,,,,,,,,,287000,241333000,None,1743996000,1743996000,562633000,None,141521000,880629000,None,None,257321000,,0.331,0.0081,,,,0.041,0.08,29513000,286834000,0.43,2020-03-31,24.57,26235000,870680000.0,355953000,-142440000,-5551000,None,None,None,521000,None,238201000,None,None,1371501000,None,None,-136889000,None,None,None,0.08,,326094000,29859000,35163000,259877000,None,333762000,None,,,,,1.87,2.329,1.556,,,,,,,,0.0477,,2367746000,2025-11-03,quarterly,0.51,USD,post-market,37347000,297966000,0.0343,0.0725,0.067,26.12,293155000,1668353000,192771000,58263000,25.46,36.55,18.6047,4811637000,2153703000,1047749000,2753012000,2657934000,1705263000,2099949000,2031517000,32.73,-217533000,47.28,13.89
2025-12-28,AMKR,1.24,6449053000.0,32.73,None,1.996,17.43,,141200000,894948000,894948000,,,,,,,,,287000,241146000,None,1743996000,1743996000,571054000,None,144479000,850753000,None,None,257321000,,0.331,0.0081,,,,0.041,0.08,29513000,286834000,0.43,2019-12-31,24.57,25976000,870680000.0,355953000,-142440000,-5551000,None,None,None,521000,None,220602000,None,None,1305755000,None,None,-136889000,None,None,None,0.08,,326094000,29859000,35230000,266339000,None,339818000,None,,,,,1.87,2.329,1.556,,,,,,,,0.0477,,2553399000,2025-11-03,quarterly,0.51,USD,post-market,37347000,234077000,0.0343,0.0725,0.067,26.12,293155000,1605542000,194572000,6348000,25.46,36.55,18.6047,4695615000,2001533000,1059803000,2705376000,2694082000,1645573000,2099949000,1963739000,32.73,-217479000,47.28,13.89
2025-12-28,AMKR,1.24,6449053000.0,32.73,None,1.996,17.43,,124229000,598753000,598753000,,,,,,,,,286000,239937000,None,1743996000,1743996000,477900000,None,102952000,803104000,None,None,257321000,,0.331,0.0081,,,,0.041,0.08,29513000,286834000,0.43,2019-09-30,24.57,26104000,870680000.0,355953000,-142440000,-5551000,None,None,None,521000,None,216663000,None,None,1195005000,None,None,-136889000,None,None,None,0.08,,326094000,29859000,44481000,341319000,None,331050000,None,,,,,1.87,2.329,1.556,,,,,,,,0.0477,,2466067000,2025-11-03,quarterly,0.51,USD,post-market,37347000,134930000,0.0343,0.0725,0.067,26.12,293155000,1444417000,142087000,None,25.46,36.55,18.6047,4405930000,1663001000,992255000,2518310000,2742929000,1526054999,2099949000,1861639000,32.73,-216301000,47.28,13.89
2025-12-28,AMKR,1.24,6449053000.0,32.73,None,1.996,17.43,,113969000,551438000,551438000,,,,,,,,,285000,239508000,None,1743996000,1743996000,459548000,None,198230000,702466000,None,None,257321000,,0.331,0.0081,,,,0.041,0.08,29513000,286834000,0.43,2019-06-30,24.57,26159000,870680000.0,355953000,-142440000,-5551000,None,None,None,521000,None,217638000,None,None,1109945000,None,None,-136889000,None,None,None,0.08,,326094000,29859000,41578000,445326000,None,329270000,None,,,,,1.87,2.329,1.556,,,,,,,,0.0477,,2515533000,2025-11-03,quarterly,0.51,USD,post-market,37347000,80860000,0.0343,0.0725,0.067,26.12,293155000,1441194000,232150000,None,25.46,36.55,18.6047,4309284000,1513120000,1038893000,2478108000,2796164000,1439215000,2099949000,1805311000,32.73,-216254000,47.28,13.89
2025-12-28,AMKR,1.24,6449053000.0,32.73,None,1.996,17.43,,103711000,1055402000,1055402000,,,,,,,,,285000,239414000,None,1743996000,1743996000,459383000,None,638702000,684914000,None,None,257321000,,0.331,0.0081,,,,0.041,0.08,29513000,286834000,0.43,2019-03-31,24.57,25449000,870680000.0,355953000,-142440000,-5551000,None,None,None,521000,None,227502000,None,None,1215262000,None,None,-136889000,None,None,None,0.08,,326094000,29859000,35111000,296011000,None,331724000,None,,,,,1.87,2.329,1.556,,,,,,,,0.0477,,2564177000,2025-11-03,quarterly,0.51,USD,post-market,37347000,90310000,0.0343,0.0725,0.067,26.12,293155000,1975809000,668537000,None,25.46,36.55,18.6047,4847186000,2002929000,1467618000,3014604000,2844257000,1546985999,2099949000,1807011000,32.73,-216219000,47.28,13.89
2025-12-28,AMKR,1.24,6449053000.0,32.73,None,1.996,17.43,,None,681569000,681569000,,,,,,,,,285000,239596000,None,1743996000,1743996000,530398000,None,114579000,724456000,None,None,257321000,,0.331,0.0081,,,,0.041,0.08,29513000,286834000,0.43,2018-12-31,24.57,25720000,870680000.0,355953000,-142440000,-5551000,26845000,26845000,None,521000,None,230589000,None,None,1217732000,None,None,-136889000,None,None,None,0.08,,326094000,29859000,34594000,713380000,None,263392000,None,,,,,1.87,2.329,1.556,,,,,,,,0.0477,,2650448000,2025-11-03,quarterly,0.51,USD,post-market,37347000,113189000,0.0343,0.0725,0.067,26.12,293155000,1332311000,114579000,None,25.46,36.55,18.6047,4495447000,1671208000,1158423000,2639547000,2824239000,1481124000,2099949000,1830540000,32.73,-216171000,47.28,13.89
2025-12-28,AMKR,1.24,6449053000.0,32.73,None,1.996,17.43,,None,547665000,547665000,,,,,,,,,285000,239766000,None,1743996000,1743996000,548864000,None,97646000,797678000,None,None,257321000,,0.331,0.0081,,,,0.041,0.08,29513000,286834000,0.43,2018-09-30,24.57,24813000,870680000.0,355953000,-142440000,-5551000,26845000,26845000,None,521000,None,228108000,None,None,1267992000,None,None,-136889000,None,None,None,0.08,,326094000,29859000,37785000,473834000,None,234303000,None,,,,,1.87,2.329,1.556,,,,,,,,0.0477,,2714084000,2025-11-03,quarterly,0.51,USD,post-market,37347000,84894000,0.0343,0.0725,0.067,26.12,293155000,1365638000,97646000,2559000,25.46,36.55,18.6047,4495469000,1611236000,1171333000,2673628000,2884233000,1502295000,2099949000,1796944000,32.73,-216135000,47.28,13.89
2025-12-28,AMKR,1.24,6449053000.0,32.73,None,1.996,17.43,,None,380262000,380262000,,,,,,,,,285000,239804000,None,1743996000,1743996000,553475000,None,115057000,795750000,None,None,257321000,,0.331,0.0081,,,,0.041,0.08,29513000,286834000,0.43,2018-06-30,24.57,25472000,870680000.0,355953000,-142440000,-5551000,26845000,26845000,None,521000,None,243019000,None,None,1214535000,None,None,-136889000,None,None,None,0.08,,326094000,29859000,39148000,452738000,None,235336000,None,,,,,1.87,2.329,1.556,,,,,,,,0.0477,,2754960000,2025-11-03,quarterly,0.51,USD,post-market,37347000,28232000,0.0343,0.0725,0.067,26.12,293155000,1329592000,115057000,2000000,25.46,36.55,18.6047,4381681000,1458179000,1161652000,2611523000,2923502000,1449871000,2099949000,1745751000,32.73,-216087000,47.28,13.89
2025-12-28,AMKR,1.24,6449053000.0,32.73,None,1.996,17.43,,None,495183000,495183000,,,,,,,,,285000,239816000,None,1743996000,1743996000,527910000,None,105451000,734953000,None,None,257321000,,0.331,0.0081,,,,0.041,0.08,29513000,286834000,0.43,2018-03-31,24.57,26546000,870680000.0,355953000,-142440000,-5551000,26845000,26845000,None,521000,None,228611000,None,None,1240141000,None,None,-136889000,None,None,None,0.08,,326094000,29859000,32837000,466154000,None,236414000,None,,,,,1.87,2.329,1.556,,,,,,,,0.0477,,2727878000,2025-11-03,quarterly,0.51,USD,post-market,37347000,-4359000,0.0343,0.0725,0.067,26.12,293155000,1345592000,105451000,2000000,25.46,36.55,18.6047,4391710000,1491584000,1168081000,2644636000,2900126000,1476555000,2099949000,1723125000,32.73,-216038000,47.28,13.89
2025-12-28,AMKR,1.24,6449053000.0,32.73,None,1.996,17.43,,None,596364000,596364000,,,,,,,,,285000,239814000,None,1743996000,1743996000,569085000,None,123848000,692287000,None,None,257321000,,0.331,0.0081,,,,0.041,0.08,29513000,286834000,0.43,2017-12-31,24.57,25036000,870680000.0,355953000,-142440000,-5551000,26845000,26845000,None,521000,None,326492000,None,None,1240581000,None,None,-136889000,None,None,None,0.08,,326094000,29859000,35727000,553722000,None,228360000,None,,,,,1.87,2.329,1.556,,,,,,,,0.0477,,2695065000,2025-11-03,quarterly,0.51,USD,post-market,37347000,-42851000,0.0343,0.0725,0.067,26.12,293155000,1364429000,123848000,2000000,25.46,36.55,18.6047,4521509000,1650870000,1361789000,2830730000,2870639000,1470620000,2099949000,1667328000,32.73,-215982000,47.28,13.89
2025-12-28,AMKR,1.24,6449053000.0,32.73,None,1.996,17.43,,None,519449000,519449000,,,,,,,,,285000,239640000,None,1743996000,1743996000,562330000,None,117970000,691700000,None,None,257321000,,0.331,0.0081,,,,0.041,0.08,29513000,286834000,0.43,2017-09-30,24.57,25076000,870680000.0,355953000,-142440000,-5551000,26845000,26845000,None,521000,None,314207000,None,None,1243697000,None,None,-136889000,None,None,None,0.08,,326094000,29859000,41116000,560603000,None,229983000,None,,,,,1.87,2.329,1.556,,,,,,,,0.0477,,2706715000,2025-11-03,quarterly,0.51,USD,post-market,37347000,-143621000,0.0343,0.0725,0.067,26.12,293155000,1361667000,117970000,2000000,25.46,36.55,18.6047,4412269000,1566472000,1355739000,2829419000,2845797000,1473679999,2099949000,1560437000,32.73,-215917000,47.28,13.89
2025-12-28,AMKR,1.24,6449053000.0,32.73,None,1.996,17.43,,None,657627000,657627000,,,,,,,,,285000,239679000,None,1743996000,1743996000,477191000,None,1568240000,604366000,None,None,257321000,,0.331,0.0081,,,,0.041,0.08,29513000,286834000,0.43,2017-06-30,24.57,25161000,870680000.0,355953000,-142440000,-5551000,26845000,26845000,None,521000,None,295750000,None,None,1220236000,None,None,-136889000,None,None,None,0.08,,326094000,29859000,38889000,772667000,None,248850000,None,,,,,1.87,2.329,1.556,,,,,,,,0.0477,,2645810000,2025-11-03,quarterly,0.51,USD,post-market,37347000,-198056000,0.0343,0.0725,0.067,26.12,293155000,1568240000,330550000,2000000,25.46,36.55,18.6047,4384131000,1596632000,1388091000,2857177000,2787499000,1469086000,2099949000,1505594000,32.73,-215868000,47.28,13.89
2025-12-28,AMKR,1.24,6449053000.0,32.73,None,1.996,17.43,,None,613974000,613974000,,,,,,,,,285000,238685000,None,1743996000,1743996000,453686000,None,246758000,545794000,None,None,257321000,,0.331,0.0081,,,,0.041,0.08,29513000,286834000,0.43,2017-03-31,24.57,25228000,870680000.0,355953000,-142440000,-5551000,26845000,26845000,None,521000,None,267208000,None,None,1450737000,None,None,-136889000,None,None,None,0.08,,326094000,29859000,67689000,732872000,None,279548000,None,,,,,1.87,2.329,1.556,,,,,,,,0.0477,,2551706000,2025-11-03,quarterly,0.51,USD,post-market,37347000,-313563000,0.0343,0.0725,0.067,26.12,293155000,1522664000,36927000,2000000,25.46,36.55,18.6047,4178321000,1499698000,1039107000,2769392000,2678623000,1730284999,2099949000,1388386000,32.73,-214700000,47.28,13.89
2025-12-28,AMKR,1.24,6449053000.0,32.73,None,1.996,17.43,,None,549518000,549518000,,,,,,,,,284000,239187000,None,1743996000,1743996000,487430000,None,35192000,563107000,None,None,257321000,,0.331,0.0081,,,,0.041,0.08,29513000,286834000,0.43,2016-12-31,24.57,24122000,870680000.0,355953000,-142440000,-5551000,26845000,26845000,None,521000,None,267990000,None,None,1439638000,None,None,-136889000,None,None,None,0.08,,326094000,29859000,29081000,379425000,None,243383000,None,,,,,1.87,2.329,1.556,,,,,,,,0.0477,,2564648000,2025-11-03,quarterly,0.51,USD,post-market,37347000,-303557000,0.0343,0.0725,0.067,26.12,293155000,1474830000,35192000,2000000,25.46,36.55,18.6047,4092086000,1409696000,1005661000,2688682000,2682390000,1683020999,2099949000,1383588000,32.73,-214490000,47.28,13.89
2025-12-28,AMKR,1.24,6449053000.0,32.73,None,1.996,17.43,,None,549836000,549836000,,,,,,,,,283000,238192000,None,1743996000,1743996000,517745000,None,210602000,630984000,None,None,257321000,,0.331,0.0081,,,,0.041,0.08,29513000,286834000,0.43,2016-09-30,24.57,27908000,870680000.0,355953000,-142440000,-5551000,26845000,26845000,None,521000,None,272589000,None,None,1473214000,None,None,-136889000,None,None,None,0.08,,326094000,29859000,33637000,674834000,None,352880000,None,,,,,1.87,2.329,1.556,,,,,,,,0.0477,,2619469000,2025-11-03,quarterly,0.51,USD,post-market,37347000,-403820000,0.0343,0.0725,0.067,26.12,293155000,1579048000,30834000,2000000,25.46,36.55,18.6047,4241114000,1487046000,1074960000,2901054000,2754068000,1826094000,2099949000,1321048000,32.73,-214204000,47.28,13.89
2025-12-28,AMKR,1.24,6449053000.0,32.73,None,1.996,17.43,,None,499320000,499320000,,,,,,,,,283000,237434000,None,1743996000,1743996000,465113000,None,270973000,579794000,None,None,257321000,,0.331,0.0081,,,,0.041,0.08,29513000,286834000,0.43,2016-06-30,24.57,27417000,870680000.0,355953000,-142440000,-5551000,26845000,26845000,None,521000,None,251627000,None,None,1465504000,None,None,-136889000,None,None,None,0.08,,326094000,29859000,31786000,453617000,None,348500000,None,,,,,1.87,2.329,1.556,,,,,,,,0.0477,,2625123000,2025-11-03,quarterly,0.51,USD,post-market,37347000,-463909000,0.0343,0.0725,0.067,26.12,293155000,1636719000,96215000,2000000,25.46,36.55,18.6047,4120848000,1362527000,1036844000,2850848000,2758321000,1814004000,2099949000,1251897000,32.73,-213996000,47.28,13.89
2025-12-28,AMKR,1.24,6449053000.0,32.73,None,1.996,17.43,,None,413465000,413465000,,,,,,,,,283000,237025000,None,1743996000,1743996000,407698000,None,None,537745000,None,None,257321000,,0.331,0.0081,,,,0.041,0.08,29513000,286834000,0.43,2016-03-31,24.57,20840000,870680000.0,355953000,-142440000,-5551000,26845000,26845000,None,521000,None,237000000,None,None,1433426000,None,None,-136889000,None,None,None,0.08,,326094000,29859000,31363000,481849000,None,340451000,None,,,,,1.87,2.329,1.556,,,,,,,,0.0477,,2616227000,2025-11-03,quarterly,0.51,USD,post-market,37347000,-461025000,0.0343,0.0725,0.067,26.12,293155000,1534609000,26183000,2000000,25.46,36.55,18.6047,3959154000,1219573000,940110000,2713987000,2739581000,1773877000,2099949000,1227582000,32.73,-213877000,47.28,13.89
2025-12-28,AMKR,1.24,6449053000.0,32.73,None,1.996,17.43,,None,523172000,523172000,,,,,,,,,283000,236961000,None,1743996000,1743996000,434222000,None,76770000,526143000,None,None,257321000,,0.331,0.0081,,,,0.041,0.08,29513000,286834000,0.43,2015-12-31,24.57,23409000,870680000.0,355953000,-142440000,-5551000,26845000,26845000,None,521000,None,238205000,None,None,1519107000,None,None,-136889000,None,None,None,0.08,,326094000,29859000,29960000,485744000,None,268876000,None,,,,,1.87,2.329,1.556,,,,,,,,0.0477,,2579017000,2025-11-03,quarterly,0.51,USD,post-market,37347000,-459395000,0.0343,0.0725,0.067,26.12,293155000,1595877000,76770000,2000000,25.46,36.55,18.6047,4031300000,1317480000,1017429000,2805412000,2713820000,1787983000,2099949000,1208638000,32.73,-213758000,47.28,13.89
2025-12-28,AMKR,1.24,6449053000.0,32.73,None,1.996,17.43,,None,430444000,430444000,,,,,,,,,283000,236974000,None,1743996000,1743996000,279260000,None,None,410256000,None,None,257321000,,0.331,0.0081,,,,0.041,0.08,29513000,286834000,0.43,2015-09-30,24.57,26845000,870680000.0,355953000,-142440000,-5551000,26845000,26845000,None,521000,None,208213000,None,None,1365376000,None,146639000,-136889000,None,None,None,0.08,,326094000,29859000,55858000,443657000,None,326516000,None,,,,,1.87,2.329,1.556,,,,,,,,0.0477,,2284901000,2025-11-03,quarterly,0.51,USD,post-market,37347000,-450429000,0.0343,0.0725,0.067,26.12,293155000,1440376000,29274000,2000000,25.46,36.55,18.6047,3647488000,1104771000,752191000,2444083000,2542717000,1691892000,2099949000,1186441000,32.73,-213576000,47.28,13.89
2025-12-28,AMKR,1.24,6449053000.0,32.73,None,1.996,17.43,,None,442297000,442297000,,,,,,,,,283000,237321000,None,1743996000,1743996000,280677000,None,None,438494000,None,None,257321000,,0.331,0.0081,,,,0.041,0.08,29513000,286834000,0.43,2015-06-30,24.57,26845000,870680000.0,355953000,-142440000,-5551000,26845000,26845000,None,521000,None,219993000,None,None,1415528000,None,140396000,-136889000,None,None,None,0.08,,326094000,29859000,51594000,416228000,None,342109000,None,,,,,1.87,2.329,1.556,,,,,,,,0.0477,,2229022000,2025-11-03,quarterly,0.51,USD,post-market,37347000,-478603000,0.0343,0.0725,0.067,26.12,293155000,1490528000,20493000,2682000,25.46,36.55,18.6047,3644228000,1152378000,717398000,2475035000,2491850000,1757637000,2099949000,1152953000,32.73,-213455000,47.28,13.89
2025-12-28,AMKR,1.24,6449053000.0,32.73,None,1.996,17.43,,None,494189000,494189000,,,,,,,,,282000,237424000,None,1743996000,1743996000,287129000,None,None,433092000,None,None,257321000,,0.331,0.0081,,,,0.041,0.08,29513000,286834000,0.43,2015-03-31,24.57,26845000,870680000.0,355953000,-142440000,-5551000,26845000,26845000,None,521000,None,227605000,None,None,1420677000,None,138218000,-136889000,None,None,None,0.08,,326094000,29859000,51064000,346194000,None,348220000,None,,,,,1.87,2.329,1.556,,,,,,,,0.0477,,2167790000,2025-11-03,quarterly,0.51,USD,post-market,37347000,-488181000,0.0343,0.0725,0.067,26.12,293155000,1525677000,30000000,2681000,25.46,36.55,18.6047,3633876000,1205950000,701395000,2470292000,2427926000,1768897000,2099949000,1147967000,32.73,-213258000,47.28,13.89
2025-12-28,AMKR,1.24,6449053000.0,32.73,None,1.996,17.43,,None,449946000,449946000,,,,,,,,,282000,236937000,None,1743996000,1743996000,309025000,None,5000000,469683000,None,None,257321000,,0.331,0.0081,,,,0.041,0.08,29513000,286834000,0.43,2014-12-31,24.57,26845000,870680000.0,355953000,-142440000,-5551000,26845000,26845000,None,521000,None,223379000,None,None,1525824000,None,117733000,-136889000,None,None,None,0.08,,326094000,29859000,54940000,354985000,None,278055000,None,,,,,1.87,2.329,1.556,,,,,,,,0.0477,,2206476000,2025-11-03,quarterly,0.51,USD,post-market,37347000,-516962000,0.0343,0.0725,0.067,26.12,293155000,1530824000,5000000,2681000,25.46,36.55,18.6047,3635405000,1197948000,700590000,2504469000,2437457000,1803879000,2099949000,1116235000,32.73,-213028000,47.28,13.89
2025-12-28,AMKR,1.24,6449053000.0,32.73,None,1.996,17.43,,None,485592000,485592000,,,,,,,,,282000,237509000,None,1743996000,1743996000,626609000,None,None,483330000,None,None,257321000,,0.331,0.0081,,,,0.041,0.08,29513000,286834000,0.43,2014-09-30,24.57,26845000,870680000.0,355953000,-142440000,-5551000,26845000,26845000,None,521000,None,229557000,None,None,1525969000,None,128444000,-136889000,None,None,None,0.08,,326094000,29859000,71906000,265602000,None,173674000,None,,,,,1.87,2.329,1.556,,,,,,,,0.0477,,2258870000,2025-11-03,quarterly,0.51,USD,post-market,37347000,-530097000,0.0343,0.0725,0.067,26.12,293155000,1535969000,10000000,2681000,25.46,36.55,18.6047,3759941000,1270385000,929228000,2628871000,2489556000,1699643000,2099949000,1117362000,32.73,-212797000,47.28,13.89
2025-12-28,AMKR,1.24,6449053000.0,32.73,None,1.996,17.43,,None,525935000,525935000,,,,,,,,,282000,236872000,None,1743996000,1743996000,555805000,None,None,455838000,None,None,257321000,,0.331,0.0081,,,,0.041,0.08,29513000,286834000,0.43,2014-06-30,24.57,26845000,870680000.0,355953000,-142440000,-5551000,26845000,26845000,None,521000,None,205668000,None,None,1526111000,None,134717000,-136889000,None,None,None,0.08,,326094000,29859000,60484000,234931000,None,174359000,None,,,,,1.87,2.329,1.556,,,,,,,,0.0477,,2153818000,2025-11-03,quarterly,0.51,USD,post-market,37347000,-577194000,0.0343,0.0725,0.067,26.12,293155000,1536111000,10000000,2681000,25.46,36.55,18.6047,3609373000,1247925000,817853000,2518323000,2361448000,1700470000,2099949000,1078415000,32.73,-212455000,47.28,13.89
2025-12-28,AMKR,1.24,6449053000.0,32.73,None,1.996,17.43,,None,628585000,628585000,,,,,,,,,262000,235497000,None,1743996000,1743996000,416789000,None,None,406797000,None,None,257321000,,0.331,0.0081,,,,0.041,0.08,29513000,286834000,0.43,2014-03-31,24.57,26845000,870680000.0,355953000,-142440000,-5551000,26845000,26845000,None,521000,None,197297000,None,None,1586252000,None,None,-136889000,None,None,None,0.08,,326094000,29859000,48080000,192580000,None,None,None,,,,,1.87,2.329,1.556,,,,,,,,0.0477,,2033396000,2025-11-03,quarterly,0.51,USD,post-market,37347000,-626715000,0.0343,0.0725,0.067,26.12,293155000,1652602000,66350000,2681000,25.46,36.55,18.6047,3503339000,1280759000,741697000,2511979000,2222580000,1770282000,2099949000,979610000,32.73,-211571000,47.28,13.89
2025-12-28,AMKR,1.24,6449053000.0,32.73,None,1.996,17.43,,None,610442000,610442000,,,,,,,,,262000,235297000,None,1743996000,1743996000,260534000,None,None,385542000,None,None,257321000,,0.331,0.0081,,,,0.041,0.08,29513000,286834000,0.43,2013-12-31,24.57,30034000,870680000.0,355953000,-142440000,-5551000,3189000,3189000,None,521000,None,200423000,None,None,1591390000,None,None,-136889000,None,None,None,0.08,,326094000,29859000,36009000,351524000,None,180032000,None,,,,,1.87,2.329,1.556,,,,,,,,0.0477,,2006553000,2025-11-03,quarterly,0.51,USD,post-market,37347000,-647348000,0.0343,0.0725,0.067,26.12,293155000,1652740000,61350000,2681000,25.46,36.55,18.6047,3427298000,1232416000,690936000,2462358000,2194882000,1771422000,2099949000,953740000,32.73,-211449000,47.28,13.89
2025-12-28,AMKR,1.24,6449053000.0,32.73,None,1.996,17.43,,None,591310000,591310000,,,,,,,,,262000,235143000,None,1743996000,1743996000,432490000,None,None,433998000,None,None,257321000,,0.331,0.0081,,,,0.041,0.08,29513000,286834000,0.43,2013-09-30,24.57,30903000,870680000.0,355953000,-142440000,-5551000,4058000,4058000,None,521000,None,222663000,None,None,1594527000,None,None,-136889000,None,None,None,0.08,,326094000,29859000,40812000,282294000,None,173351000,None,,,,,1.87,2.329,1.556,,,,,,,,0.0477,,1947448000,2025-11-03,quarterly,0.51,USD,post-market,37347000,-688186000,0.0343,0.0725,0.067,26.12,293155000,1650877000,56350000,2681000,25.46,36.55,18.6047,3476918000,1288783000,779683000,2547561000,2188135000,1767878000,2099949000,918877000,32.73,-211217000,47.28,13.89
2025-12-28,AMKR,1.24,6449053000.0,32.73,None,1.996,17.43,,None,636007000,636007000,,,,,,,,,262000,235111000,None,1743996000,1743996000,499508000,None,None,416162000,None,None,257321000,,0.331,0.0081,,,,0.041,0.08,29513000,286834000,0.43,2013-06-30,24.57,24954000,870680000.0,355953000,-142440000,-5551000,5009000,5009000,None,521000,None,231974000,None,None,1594661000,None,None,-136889000,None,None,None,0.08,,326094000,29859000,53012000,158643000,None,147970000,None,,,,,1.87,2.329,1.556,,,,,,,,0.0477,,1885203000,2025-11-03,quarterly,0.51,USD,post-market,37347000,-713535000,0.0343,0.0725,0.067,26.12,293155000,1651011000,56350000,2681000,25.46,36.55,18.6047,3416333000,1337155000,773703000,2516334000,2079178000,1742631000,2099949000,890174000,32.73,-211155000,47.28,13.89
2025-12-28,AMKR,1.24,6449053000.0,32.73,None,1.996,17.43,,None,466702000,466702000,,,,,,,,,198000,235087000,None,1743996000,1743996000,432599000,None,None,382223000,None,None,257321000,,0.331,0.0081,,,,0.041,0.08,29513000,286834000,0.43,2013-03-31,24.57,24171000,870680000.0,355953000,-142440000,-5551000,4226000,4226000,None,521000,None,235330000,None,None,1578000000,None,None,-136889000,None,None,None,0.08,,326094000,29859000,48458000,172403000,None,155053000,None,,,,,1.87,2.329,1.556,,,,,,,,0.0477,,1825161000,2025-11-03,quarterly,0.51,USD,post-market,37347000,-743262000,0.0343,0.0725,0.067,26.12,293155000,1578000000,11486000,2680000,25.46,36.55,18.6047,3074731000,1132713000,664784000,2397837000,1942018000,1733053000,2099949000,667671000,32.73,-211073000,47.28,13.89
2025-12-28,AMKR,1.24,6449053000.0,32.73,None,1.996,17.43,,None,413048000,413048000,,,,,,,,,198000,235148000,None,1743996000,1743996000,439663000,None,None,403097000,None,None,257321000,,0.331,0.0081,,,,0.041,0.08,29513000,286834000,0.43,2012-12-31,24.57,24711000,870680000.0,355953000,-142440000,-5551000,4766000,4766000,None,521000,None,227439000,None,None,1545000000,None,None,-136889000,None,None,None,0.08,,326094000,29859000,43444000,151850000,None,160794000,None,,,,,1.87,2.329,1.556,,,,,,,,0.0477,,1819969000,2025-11-03,quarterly,0.51,USD,post-market,37347000,-736444000,0.0343,0.0725,0.067,26.12,293155000,1545000000,13559000,2680000,25.46,36.55,18.6047,3023515000,1089708000,630727000,2336521000,1933807000,1705794000,2099949000,678155000,32.73,-210983000,47.28,13.89
2025-12-28,AMKR,1.24,6449053000.0,32.73,None,1.996,17.43,,None,549085000,549085000,,,,,,,,,198000,237060000,None,1743996000,1743996000,500170000,None,None,373868000,None,None,257321000,,0.331,0.0081,,,,0.041,0.08,29513000,286834000,0.43,2012-09-30,24.57,5490000,870680000.0,355953000,-142440000,-5551000,5490000,5490000,None,521000,None,218343000,None,None,1586665000,None,None,-136889000,None,None,None,0.08,,326094000,29859000,41645000,192863000,None,None,None,,,,,1.87,2.329,1.556,,,,,,,,0.0477,,1832387000,2025-11-03,quarterly,0.51,USD,post-market,37347000,-763790000,0.0343,0.0725,0.067,26.12,293155000,1402140000,40475000,2680000,25.46,36.55,18.6047,3143557000,1182941000,738443000,2483731000,1960616000,1745288000,2099949000,651513000,32.73,-210921000,47.28,13.89
2025-12-28,AMKR,1.24,6449053000.0,32.73,None,1.996,17.43,,None,351183000,351183000,,,,,,,,,198000,243874000,None,1743996000,1743996000,448235000,None,None,371085000,None,None,257321000,,0.331,0.0081,,,,0.041,0.08,29513000,286834000,0.43,2012-06-30,24.57,6436000,870680000.0,355953000,-142440000,-5551000,6436000,6436000,None,521000,None,205778000,None,None,1310545000,None,None,-136889000,None,None,None,0.08,,326094000,29859000,44253000,187854000,None,None,None,,,,,1.87,2.329,1.556,,,,,,,,0.0477,,1751629000,2025-11-03,quarterly,0.51,USD,post-market,37347000,-786107000,0.0343,0.0725,0.067,26.12,293155000,1379903000,69358000,2680000,25.46,36.55,18.6047,2845184000,972299000,708250000,2167917000,1872885000,1459667000,2099949000,669213000,32.73,-168840000,47.28,13.89
2025-12-28,AMKR,1.24,6449053000.0,32.73,None,1.996,17.43,,None,381132000,381132000,,,,,,,,,198000,250688000,None,1743996000,1743996000,424163000,None,None,365510000,None,None,257321000,,0.331,0.0081,,,,0.041,0.08,29513000,286834000,0.43,2012-03-31,24.57,7260000,870680000.0,355953000,-142440000,-5551000,7260000,7260000,None,521000,None,205400000,None,None,1301640000,None,None,-136889000,None,None,None,0.08,,326094000,29859000,40363000,173572000,None,None,None,,,,,1.87,2.329,1.556,,,,,,,,0.0477,,1691540000,2025-11-03,quarterly,0.51,USD,post-market,37347000,-786688000,0.0343,0.0725,0.067,26.12,293155000,1354667000,53027000,2680000,25.46,36.55,18.6047,2804212000,992405000,650762000,2096818000,1811807000,1446056000,2099949000,699631000,32.73,-135418000,47.28,13.89
2025-12-28,AMKR,1.24,6449053000.0,32.73,None,1.996,17.43,,None,434631000,434631000,,,,,,,,,197000,250688000,None,1743996000,1743996000,424504000,None,None,325740000,None,None,257321000,,0.331,0.0081,,,,0.041,0.08,29513000,286834000,0.43,2011-12-31,24.57,8382000,870680000.0,355953000,-142440000,-5551000,8382000,8382000,None,521000,None,198427000,None,None,1287256000,None,None,-136889000,None,None,None,0.08,,326094000,29859000,38032000,119169000,None,None,None,,,,,1.87,2.329,1.556,,,,,,,,0.0477,,1656214000,2025-11-03,quarterly,0.51,USD,post-market,37347000,-798462000,0.0343,0.0725,0.067,26.12,293155000,1346651000,59395000,2680000,25.46,36.55,18.6047,2773047000,996830000,642186000,2071826000,1776217000,1429640000,2099949000,693266000,32.73,-130560000,47.28,13.89
2025-12-28,AMKR,1.24,6449053000.0,32.73,None,1.996,17.43,,None,483390000,483390000,,,,,,,,,197000,278068000,None,1743996000,1743996000,470146000,None,None,373962000,None,None,257321000,,0.331,0.0081,,,,0.041,0.08,29513000,286834000,0.43,2011-09-30,24.57,9725000,870680000.0,355953000,-142440000,-5551000,9725000,9725000,None,521000,None,224046000,None,None,1225638000,None,None,-136889000,None,None,None,0.08,,326094000,29859000,55051000,204807000,None,124946000,None,,,,,1.87,2.329,1.556,,,,,,,,0.0477,,1614786000,2025-11-03,quarterly,0.51,USD,post-market,37347000,-823312000,0.0343,0.0725,0.067,26.12,293155000,1325960000,100322000,19719000,25.46,36.55,18.6047,2889387000,1136449000,775275000,2125859000,1752938000,1350584000,2099949000,756284000,32.73,-49899000,47.28,13.89
2025-12-28,AMKR,1.24,6449053000.0,32.73,None,1.996,17.43,,None,475471000,475471000,,,,,,,,,197000,280009000,None,1743996000,1743996000,420361000,None,None,365077000,None,None,257321000,,0.331,0.0081,,,,0.041,0.08,29513000,286834000,0.43,2011-06-30,24.57,10957000,870680000.0,355953000,-142440000,-5551000,10957000,10957000,None,521000,None,217735000,None,None,1224078000,None,None,-136889000,None,None,None,0.08,,326094000,29859000,52632000,160662000,None,131935000,None,,,,,1.87,2.329,1.556,,,,,,,,0.0477,,1573478000,2025-11-03,quarterly,0.51,USD,post-market,37347000,-850679000,0.0343,0.0725,0.067,26.12,293155000,1323353000,99275000,19715000,25.46,36.55,18.6047,2817695000,1110915000,680298000,2036311000,1706780000,1356013000,2099949000,774096000,32.73,-910000,47.28,13.89
2025-12-28,AMKR,1.24,6449053000.0,32.73,None,1.996,17.43,,None,392951000,392951000,,,,,,,,,197000,277585000,None,1743996000,1743996000,406110000,None,None,368550000,None,None,257321000,,0.331,0.0081,,,,0.041,0.08,29513000,286834000,0.43,2011-03-31,24.57,12236000,870680000.0,355953000,-142440000,-5551000,12236000,12236000,None,521000,None,185642000,None,None,1110908000,None,None,-136889000,None,None,None,0.08,,326094000,29859000,63640000,165388000,None,122115000,None,,,,,1.87,2.329,1.556,,,,,,,,0.0477,,1558835000,2025-11-03,quarterly,0.51,USD,post-market,37347000,-865167000,0.0343,0.0725,0.067,26.12,293155000,1243528000,132620000,19712000,25.46,36.55,18.6047,2701573000,1010783000,704118000,1937141000,1690790000,1233023000,2099949000,757101000,32.73,-862000,47.28,13.89
2025-12-28,AMKR,1.24,6449053000.0,32.73,None,1.996,17.43,,None,404998000,404998000,,,,,,,,,183000,277585000,None,1743996000,1743996000,443333000,None,None,410297000,None,None,257321000,,0.331,0.0081,,,,0.041,0.08,29513000,286834000,0.43,2010-12-31,24.57,13524000,870680000.0,355953000,-142440000,-5551000,13524000,13524000,None,521000,None,191072000,None,None,1214219000,None,None,-136889000,None,None,None,0.08,,326094000,29859000,55700000,134208000,None,113714000,None,,,,,1.87,2.329,1.556,,,,,,,,0.0477,,1537226000,2025-11-03,quarterly,0.51,USD,post-market,37347000,-890270000,0.0343,0.0725,0.067,26.12,293155000,1364300000,150081000,17782000,25.46,36.55,18.6047,2736822000,1062067000,772208000,2100141000,1674755000,1327933000,2099949000,630013000,32.73,-284000,47.28,13.89
2025-12-28,AMKR,1.24,6449053000.0,32.73,None,1.996,17.43,,None,417498000,417498000,,,,,,,,,183000,282495000,None,1743996000,1743996000,540907000,None,None,450146000,None,None,257321000,,0.331,0.0081,,,,0.041,0.08,29513000,286834000,0.43,2010-09-30,24.57,15360000,870680000.0,355953000,-142440000,-5551000,15360000,15360000,None,521000,None,203873000,None,None,1235137000,None,None,-136889000,None,None,None,0.08,,326094000,29859000,64548000,215604000,None,None,None,,,,,1.87,2.329,1.556,,,,,,,,0.0477,,1533439000,2025-11-03,quarterly,0.51,USD,post-market,37347000,-940874000,0.0343,0.0725,0.067,26.12,293155000,1380022000,144885000,2679000,25.46,36.55,18.6047,2821904000,1136065000,901396000,2240901000,1685839000,1339505000,2099949000,574492000,32.73,-274000,47.28,13.89
2025-12-28,AMKR,1.24,6449053000.0,32.73,None,1.996,17.43,,None,437803000,437803000,,,,,,,,,183000,282644000,None,1743996000,1743996000,489850000,None,None,426583000,None,None,257321000,,0.331,0.0081,,,,0.041,0.08,29513000,286834000,0.43,2010-06-30,24.57,17084000,870680000.0,355953000,-142440000,-5551000,17084000,17084000,None,521000,None,182288000,None,None,1299335000,None,None,-136889000,None,None,None,0.08,,326094000,29859000,50251000,169766000,None,None,None,,,,,1.87,2.329,1.556,,,,,,,,0.0477,,1442508000,2025-11-03,quarterly,0.51,USD,post-market,37347000,-1018894000,0.0343,0.0725,0.067,26.12,293155000,1443835000,144500000,2679000,25.46,36.55,18.6047,2693058000,1096925000,804116000,2195911000,1596133000,1391795000,2099949000,490986000,32.73,-234000,47.28,13.89
2025-12-28,AMKR,1.24,6449053000.0,32.73,None,1.996,17.43,,None,425473000,425473000,,,,,,,,,183000,282509000,None,1743996000,1743996000,384719000,None,None,382056000,None,None,257321000,,0.331,0.0081,,,,0.041,0.08,29513000,286834000,0.43,2010-03-31,24.57,8836000,870680000.0,355953000,-142440000,-5551000,8836000,8836000,None,521000,None,167072000,None,None,1302422000,None,None,-136889000,None,None,None,0.08,,326094000,29859000,40852000,171188000,None,None,None,,,,,1.87,2.329,1.556,,,,,,,,0.0477,,1361884000,2025-11-03,quarterly,0.51,USD,post-market,37347000,-1077944000,0.0343,0.0725,0.067,26.12,293155000,1428027000,125605000,2679000,25.46,36.55,18.6047,2515698000,1015453000,681512000,2081183000,1500245000,1399671000,2099949000,428247000,32.73,None,47.28,13.89
2025-12-28,AMKR,1.24,6449053000.0,32.73,None,1.996,17.43,,None,395406000,395406000,,,,,,,,,183000,282509000,None,1743996000,1743996000,361263000,None,None,346918000,None,None,257321000,,0.331,0.0081,,,,0.041,0.08,29513000,286834000,0.43,2009-12-31,24.57,9975000,870680000.0,355953000,-142440000,-5551000,9975000,9975000,None,521000,None,155185000,None,None,1345241000,None,None,-136889000,None,None,None,0.08,,326094000,29859000,35416000,152683000,None,None,None,,,,,1.87,2.329,1.556,,,,,,,,0.0477,,1364630000,2025-11-03,quarterly,0.51,USD,post-market,37347000,-1122241000,0.0343,0.0725,0.067,26.12,293155000,1434185000,88944000,2679000,25.46,36.55,18.6047,2432909000,932925000,605837000,2043208000,1499984000,1437371000,2099949000,383209000,32.73,None,47.28,13.89
2025-12-28,AMKR,1.24,6449053000.0,32.73,None,1.996,17.43,,None,446716000,446716000,,,,,,,,,183000,282356000,None,1743996000,1743996000,324981000,None,None,346848000,None,None,257321000,,0.331,0.0081,,,,0.041,0.08,29513000,286834000,0.43,2009-09-30,24.57,11650000,870680000.0,355953000,-142440000,-5551000,11650000,11650000,None,521000,None,142264000,None,None,1399300000,None,None,-136889000,None,None,None,0.08,,326094000,29859000,44995000,220349000,None,None,None,,,,,1.87,2.329,1.556,,,,,,,,0.0477,,1372578000,2025-11-03,quarterly,0.51,USD,post-market,37347000,-1210227000,0.0343,0.0725,0.067,26.12,293155000,1469134000,69834000,2679000,25.46,36.55,18.6047,2429509000,980823000,615164000,2119089000,1448686000,1503925000,2099949000,303861000,32.73,None,47.28,13.89
2025-12-28,AMKR,1.24,6449053000.0,32.73,None,1.996,17.43,,None,455294000,455294000,,,,,,,,,183000,265846000,None,1743996000,1743996000,230617000,None,None,281364000,None,None,257321000,,0.331,0.0081,,,,0.041,0.08,29513000,286834000,0.43,2009-06-30,24.57,12970000,870680000.0,355953000,-142440000,-5551000,12970000,12970000,None,521000,None,118072000,None,None,1484505000,None,None,-136889000,None,None,None,0.08,,326094000,29859000,28161000,137914000,None,None,None,,,,,1.87,2.329,1.556,,,,,,,,0.0477,,1371177000,2025-11-03,quarterly,0.51,USD,post-market,37347000,-1291090000,0.0343,0.0725,0.067,26.12,293155000,1554175000,69670000,2678000,25.46,36.55,18.6047,2307739000,882891000,438201000,2081768000,1424848000,1643567000,2099949000,219655000,32.73,None,47.28,13.89
2025-12-28,AMKR,1.24,6449053000.0,32.73,None,1.996,17.43,,None,291479000,291479000,,,,,,,,,183000,183035000,None,1743996000,1743996000,176939000,None,None,232230000,None,None,257321000,,0.331,0.0081,,,,0.041,0.08,29513000,286834000,0.43,2009-03-31,24.57,14433000,870680000.0,355953000,-142440000,-5551000,14433000,14433000,None,521000,None,110377000,None,None,1394656000,None,None,-136889000,None,None,None,0.08,,326094000,29859000,33140000,138790000,None,None,None,,,,,1.87,2.329,1.556,,,,,,,,0.0477,,1415144000,2025-11-03,quarterly,0.51,USD,post-market,37347000,-1300313000,0.0343,0.0725,0.067,26.12,293155000,1464020000,69364000,2677000,25.46,36.55,18.6047,2136053000,667226000,385093000,1925935000,1468827000,1540842000,2099949000,204143000,32.73,None,47.28,13.89
2025-12-28,AMKR,1.24,6449053000.0,32.73,None,1.996,17.43,,None,424316000,424316000,,,,,,,,,183000,183035000,None,1743996000,1743996000,241684000,None,None,273813000,None,None,257321000,,0.331,0.0081,,,,0.041,0.08,29513000,286834000,0.43,2008-12-31,24.57,11546000,870680000.0,355953000,-142440000,-5551000,11546000,11546000,None,521000,None,134045000,None,None,1438751000,None,None,-136889000,None,None,None,0.08,,326094000,29859000,28742000,220490000,None,None,None,,,,,1.87,2.329,1.556,,,,,,,,0.0477,,1473763000,2025-11-03,quarterly,0.51,USD,post-market,37347000,-1278221000,0.0343,0.0725,0.067,26.12,293155000,1493360000,54609000,4880000,25.46,36.55,18.6047,2383993000,860916000,554742000,2140830000,1523077000,1586088000,2099949000,237139000,32.73,None,47.28,13.89
2025-12-28,AMKR,1.24,6449053000.0,32.73,None,1.996,17.43,,None,443838000,443838000,,,,,,,,,183000,209989000,None,1743996000,1743996000,364269000,None,None,394275000,None,None,257321000,,0.331,0.0081,,,,0.041,0.08,29513000,286834000,0.43,2008-09-30,24.57,674312000,870680000.0,355953000,-142440000,-5551000,13636000,13636000,None,521000,None,156203000,None,None,1573774000,None,None,-136889000,None,None,None,0.08,,326094000,29859000,39144000,233398000,None,None,None,,,,,1.87,2.329,1.556,,,,,,,,0.0477,,1526180000,2025-11-03,quarterly,0.51,USD,post-market,37347000,-655143000,0.0343,0.0725,0.067,26.12,293155000,1629538000,55764000,2670000,25.46,36.55,18.6047,3290872000,1033460000,653431000,2432162000,2257412000,1778731000,2099949000,850445000,32.73,None,47.28,13.89
2025-12-28,AMKR,1.24,6449053000.0,32.73,None,1.996,17.43,,None,409112000,409112000,,,,,,,,,183000,210138000,None,1743996000,1743996000,412523000,None,None,389729000,None,None,257321000,,0.331,0.0081,,,,0.041,0.08,29513000,286834000,0.43,2008-06-30,24.57,679918000,870680000.0,355953000,-142440000,-5551000,16089000,16089000,None,521000,None,153027000,None,None,1585505000,None,None,-136889000,None,None,None,0.08,,326094000,29859000,42389000,157514000,None,None,None,,,,,1.87,2.329,1.556,,,,,,,,0.0477,,1528235000,2025-11-03,quarterly,0.51,USD,post-market,37347000,-684298000,0.0343,0.0725,0.067,26.12,293155000,1642863000,57358000,2654000,25.46,36.55,18.6047,3270479000,994257000,627395000,2433965000,2276222000,1806570000,2099949000,828320000,32.73,None,47.28,13.89
2025-12-28,AMKR,1.24,6449053000.0,32.73,None,1.996,17.43,,None,411713000,411713000,,,,,,,,,183000,209396000,None,1743996000,1743996000,378858000,None,None,368692000,None,None,257321000,,0.331,0.0081,,,,0.041,0.08,29513000,286834000,0.43,2008-03-31,24.57,682725000,870680000.0,355953000,-142440000,-5551000,18574000,18574000,None,521000,None,151480000,None,None,1602549000,None,None,-136889000,None,None,None,0.08,,326094000,29859000,38900000,170204000,None,None,None,,,,,1.87,2.329,1.556,,,,,,,,0.0477,,1492455000,2025-11-03,quarterly,0.51,USD,post-market,37347000,-749530000,0.0343,0.0725,0.067,26.12,293155000,1666857000,64308000,2635000,25.46,36.55,18.6047,3221877000,970785000,613370000,2449262000,2251092000,1835892000,2099949000,764670000,32.73,None,47.28,13.89
2025-12-28,AMKR,1.24,6449053000.0,32.73,None,1.996,17.43,,None,410070000,410070000,,,,,,,,,182000,209396000,None,1743996000,1743996000,359313000,None,None,398431000,None,None,257321000,,0.331,0.0081,,,,0.041,0.08,29513000,286834000,0.43,2007-12-31,24.57,673385000,870680000.0,355953000,-142440000,-5551000,20321000,20321000,None,521000,None,149014000,None,None,1611570000,None,None,-136889000,None,None,None,0.08,,326094000,29859000,29899000,165271000,None,None,None,,,,,1.87,2.329,1.556,,,,,,,,0.0477,,1455111000,2025-11-03,quarterly,0.51,USD,post-market,37347000,-821526000,0.0343,0.0725,0.067,26.12,293155000,1764059000,152489000,2609000,25.46,36.55,18.6047,3192606000,987414000,677073000,2530965000,2205192000,1853892000,2099949000,654619000,32.73,None,47.28,13.89
2025-12-28,AMKR,1.24,6449053000.0,32.73,None,1.996,17.43,,None,334955000,334955000,,,,,,,,,182000,209868000,None,1743996000,1743996000,320585000,None,None,390964000,None,None,257321000,,0.331,0.0081,,,,0.041,0.08,29513000,286834000,0.43,2007-09-30,24.57,672654000,870680000.0,355953000,-142440000,-5551000,22443000,22443000,None,521000,None,150052000,None,None,1641528000,None,None,-136889000,None,None,None,0.08,,326094000,29859000,40627000,163639000,None,None,None,,,,,1.87,2.329,1.556,,,,,,,,0.0477,,1425769000,2025-11-03,quarterly,0.51,USD,post-market,37347000,-915190000,0.0343,0.0725,0.067,26.12,293155000,1803446000,161918000,2576000,25.46,36.55,18.6047,3092980000,916598000,646142000,2527396000,2176382000,1881254000,2099949000,559302000,32.73,None,47.28,13.89
2025-12-28,AMKR,1.24,6449053000.0,32.73,None,1.996,17.43,,None,238407000,238407000,,,,,,,,,181000,209868000,None,1743996000,1743996000,280741000,None,None,366503000,None,None,257321000,,0.331,0.0081,,,,0.041,0.08,29513000,286834000,0.43,2007-06-30,24.57,672370000,870680000.0,355953000,-142440000,-5551000,24441000,24441000,None,521000,None,141010000,None,None,1653412000,None,None,-136889000,None,None,None,0.08,,326094000,29859000,37613000,133044000,None,None,None,,,,,1.87,2.329,1.556,,,,,,,,0.0477,,1418093000,2025-11-03,quarterly,0.51,USD,post-market,37347000,-975810000,0.0343,0.0725,0.067,26.12,293155000,1812709000,159297000,2542000,25.46,36.55,18.6047,2953315000,783533000,573082000,2454546000,2169782000,1881464000,2099949000,493380000,32.73,None,47.28,13.89
2025-12-28,AMKR,1.24,6449053000.0,32.73,None,1.996,17.43,,None,177138000,177138000,,,,,,,,,179000,206540000,None,1743996000,1743996000,284824000,None,None,386914000,None,None,257321000,,0.331,0.0081,,,,0.041,0.08,29513000,286834000,0.43,2007-03-31,24.57,672345000,870680000.0,355953000,-142440000,-5551000,26911000,26911000,None,521000,None,147835000,None,None,1729278000,None,None,-136889000,None,None,None,0.08,,326094000,29859000,42457000,143774000,None,None,None,,,,,1.87,2.329,1.556,,,,,,,,0.0477,,1428082000,2025-11-03,quarterly,0.51,USD,post-market,37347000,-1006800000,0.0343,0.0725,0.067,26.12,293155000,1849959000,120681000,2510000,25.46,36.55,18.6047,2940980000,754344000,549279000,2495697000,2186636000,1946418000,2099949000,440406000,32.73,None,47.28,13.89
2025-12-28,AMKR,1.24,6449053000.0,32.73,None,1.996,17.43,,None,244694000,244694000,,,,,,,,,178000,206540000,None,1743996000,1743996000,291847000,None,None,386857000,None,None,257321000,,0.331,0.0081,,,,0.041,0.08,29513000,286834000,0.43,2006-12-31,24.57,671900000,870680000.0,355953000,-142440000,-5551000,29694000,29694000,None,521000,None,164178000,None,None,1819901000,None,None,-136889000,None,None,None,0.08,,326094000,29859000,42128000,145501000,None,None,None,,,,,1.87,2.329,1.556,,,,,,,,0.0477,,1443603000,2025-11-03,quarterly,0.51,USD,post-market,37347000,-1041390000,0.0343,0.0725,0.067,26.12,293155000,2005315000,185414000,2478000,25.46,36.55,18.6047,3041264000,837857000,622762000,2642741000,2203407000,2019979000,2099949000,393920000,32.73,None,47.28,13.89
2025-12-28,AMKR,1.24,6449053000.0,32.73,None,1.996,17.43,,None,190567000,190567000,,,,,,,,,178000,204482000,None,1743996000,1743996000,312238000,None,None,431908000,None,None,257321000,,0.331,0.0081,,,,0.041,0.08,29513000,286834000,0.43,2006-09-30,24.57,671534000,870680000.0,355953000,-142440000,-5551000,32068000,32068000,None,521000,None,164404000,None,None,1827200000,None,None,-136889000,None,None,None,0.08,,326094000,29859000,41249000,170346000,None,None,None,,,,,1.87,2.329,1.556,,,,,,,,0.0477,,1456553000,2025-11-03,quarterly,0.51,USD,post-market,37347000,-1100437000,0.0343,0.0725,0.067,26.12,293155000,2027752000,200552000,None,25.46,36.55,18.6047,3047581000,828128000,683136000,2696946000,2219453000,2013810000,2099949000,346569000,32.73,None,47.28,13.89
2025-12-28,AMKR,1.24,6449053000.0,32.73,None,1.996,17.43,,None,143507000,143507000,,,,,,,,,178000,196869000,None,1743996000,1743996000,356558000,None,None,410811000,None,None,257321000,,0.331,0.0081,,,,0.041,0.08,29513000,286834000,0.43,2006-06-30,24.57,672069000,870680000.0,355953000,-142440000,-5551000,34317000,34317000,None,521000,None,163982000,None,None,1829750000,None,None,-136889000,None,None,None,0.08,,326094000,29859000,32305000,128533000,None,None,None,,,,,1.87,2.329,1.556,,,,,,,,0.0477,,1482365000,2025-11-03,quarterly,0.51,USD,post-market,37347000,-1153247000,0.0343,0.0725,0.067,26.12,293155000,2037980000,208230000,None,25.46,36.55,18.6047,3000416000,753018000,697956000,2704868000,None,None,2099949000,291669000,32.73,None,47.28,13.89
2025-12-28,AMKR,1.24,6449053000.0,32.73,None,1.996,17.43,,None,226243000,226243000,,,,,,,,,178000,190764000,None,1743996000,1743996000,346831000,None,None,390611000,None,None,257321000,,0.331,0.0081,,,,0.041,0.08,29513000,286834000,0.43,2006-03-31,24.57,672007000,870680000.0,355953000,-142440000,-5551000,36421000,36421000,None,521000,None,148253000,None,None,1778801000,None,None,-136889000,None,None,None,0.08,,326094000,29859000,30414000,130529000,None,None,None,,,,,1.87,2.329,1.556,,,,,,,,0.0477,,1454674000,2025-11-03,quarterly,0.51,USD,post-market,37347000,-1071288000,0.0343,0.0725,0.067,26.12,293155000,2117947000,339146000,None,25.46,36.55,18.6047,3009903000,795521000,816506000,2745883000,2214382000,1929377000,2099949000,260398000,32.73,None,47.28,13.89
2025-12-28,AMKR,1.24,6449053000.0,32.73,None,1.996,17.43,,None,206575000,206575000,,,,,,,,,178000,191015000,None,1743996000,1743996000,326712000,None,None,386584000,None,None,257321000,,0.331,0.0081,,,,0.041,0.08,29513000,286834000,0.43,2005-12-31,24.57,653717000,870680000.0,355953000,-142440000,-5551000,692108000,692108000,None,521000,None,138109000,None,None,1956247000,None,None,-136889000,None,None,None,0.08,,326094000,29859000,35222000,123631000,None,None,None,,,,,1.87,2.329,1.556,,,,,,,,0.0477,,1419472000,2025-11-03,quarterly,0.51,USD,post-market,37347000,-1105961000,0.0343,0.0725,0.067,26.12,293155000,2140636000,184389000,None,25.46,36.55,18.6047,2955091000,766490000,634732000,2726840000,2188601000,2092108000,2099949000,224301000,32.73,None,47.28,13.89
2025-12-28,AMKR,1.24,6449053000.0,32.73,None,1.996,17.43,,None,159518000,159518000,,,,,,,,,178000,176715000,None,1743996000,1743996000,287745000,None,None,331453000,None,None,257321000,,0.331,0.0081,,,,0.041,0.08,29513000,286834000,0.43,2005-09-30,24.57,653955000,870680000.0,355953000,-142440000,-5551000,694529000,694529000,None,521000,None,133370000,None,None,1807834000,None,None,-136889000,None,None,None,0.08,,326094000,29859000,33885000,130979000,None,None,None,,,,,1.87,2.329,1.556,,,,,,,,0.0477,,1424727000,2025-11-03,quarterly,0.51,USD,post-market,37347000,-1159962000,0.0343,0.0725,0.067,26.12,293155000,2111183000,303349000,None,25.46,36.55,18.6047,2836060000,658226000,722073000,2661075000,2177834000,1939002000,2099949000,171762000,32.73,None,47.28,13.89
2025-12-28,AMKR,1.24,6449053000.0,32.73,None,1.996,17.43,,140423000,1133553000,1133553000,,,,,,,,,293000,247922000,None,1743996000,1743996000,712887000,None,236029000,1055013000,None,None,257321000,,0.331,0.0081,,,,0.041,0.08,29513000,286834000,0.43,2024-12-31,24.57,17947000,870680000.0,355953000,-142440000,-5551000,None,None,None,521000,None,310910000,None,None,923431000,None,None,-136889000,None,None,None,0.08,,326094000,29859000,61012000,329196000,None,253880000,None,,,,,1.87,2.329,1.556,,,,,,,,0.0477,,None,2025-11-03,annual,0.51,USD,post-market,37347000,2335132000,0.0343,0.0725,0.067,26.12,293155000,1422591000,318469000,512984000,25.46,36.55,18.6047,6944328000,3073472000,1455275000,2761163000,3870856000,1305888000,2099949000,4149545000,32.73,None,47.28,13.89
2025-12-28,AMKR,1.24,6449053000.0,32.73,None,1.996,17.43,,148214000,1119818000,1119818000,,,,,,,,,292000,247176000,None,1743996000,1743996000,754453000,None,131624000,1149493000,None,None,257321000,,0.331,0.0081,,,,0.041,0.08,29513000,286834000,0.43,2023-12-31,24.57,20003000,870680000.0,355953000,-142440000,-5551000,None,None,None,521000,None,393128000,None,None,1071832000,None,None,-136889000,None,None,None,0.08,,326094000,29859000,58502000,300689000,None,175813000,None,,,,,1.87,2.329,1.556,,,,,,,,0.0477,,None,2025-11-03,annual,0.51,USD,post-market,37347000,2159831000,0.0343,0.0725,0.067,26.12,293155000,1384362000,223001000,474869000,25.46,36.55,18.6047,6771125000,3195810000,1384475000,2776090000,3575315000,1391615000,2099949000,3962308000,32.73,None,47.28,13.89
2025-12-28,AMKR,1.24,6449053000.0,32.73,None,1.996,17.43,,146736000,959072000,959072000,,,,,,,,,291000,246205000,None,1743996000,1743996000,899164000,None,143813000,1365504000,None,None,257321000,,0.331,0.0081,,,,0.041,0.08,29513000,286834000,0.43,2022-12-31,24.57,21517000,870680000.0,355953000,-142440000,-5551000,None,None,None,521000,None,629576000,None,None,1088521000,None,None,-136889000,None,None,None,0.08,,326094000,29859000,65123000,359729000,None,201839000,None,,,,,1.87,2.329,1.556,,,,,,,,0.0477,,3306777000,2025-11-03,annual,0.51,USD,post-market,37347000,1874644000,0.0343,0.0725,0.067,26.12,293155000,1525806000,271374000,281964000,25.46,36.55,18.6047,6821757000,3301239000,1662411000,3122056000,3520518000,1459645000,2099949000,3668752000,32.73,None,47.28,13.89
2025-12-28,AMKR,1.24,6449053000.0,32.73,None,1.996,17.43,,148170000,826744000,826744000,,,,,,,,,290000,245704000,None,1743996000,1743996000,828727000,None,153008000,1258767000,None,None,257321000,,0.331,0.0081,,,,0.041,0.08,29513000,286834000,0.43,2021-12-31,24.57,24516000,870680000.0,355953000,-142440000,-5551000,None,None,None,521000,None,484959000,None,None,984988000,None,None,-136889000,None,None,None,0.08,,326094000,29859000,34563000,446150000,None,196876000,None,,,,,1.87,2.329,1.556,,,,,,,,0.0477,,3030800000,2025-11-03,annual,0.51,USD,post-market,37347000,1163939000,0.0343,0.0725,0.067,26.12,293155000,1370485000,248160000,251530000,25.46,36.55,18.6047,6038554000,2856563000,1679735000,3066008000,3181991000,1386273000,2099949000,2942276000,32.73,-219065000,47.28,13.89
2025-12-28,AMKR,1.24,6449053000.0,32.73,None,1.996,17.43,,84420000,698002000,698002000,,,,,,,,,289000,242248000,None,1743996000,1743996000,636434000,None,149007000,962643000,None,None,257321000,,0.331,0.0081,,,,0.041,0.08,29513000,286834000,0.43,2020-12-31,24.57,27325000,870680000.0,355953000,-142440000,-5551000,None,None,None,521000,None,297293000,None,None,1005339000,None,None,-136889000,None,None,None,0.08,,326094000,29859000,41225000,411293000,None,347026000,None,,,,,1.87,2.329,1.556,,,,,,,,0.0477,,2713238000,2025-11-03,annual,0.51,USD,post-market,37347000,562502000,0.0343,0.0725,0.067,26.12,293155000,1314204000,211389000,133769000,25.46,36.55,18.6047,5022311000,2132932000,1315987000,2668352000,2889379000,1352364999,2099949000,2325699000,32.73,-217740000,47.28,13.89
2025-12-28,AMKR,1.24,6449053000.0,32.73,None,1.996,17.43,,141200000,894948000,894948000,,,,,,,,,287000,240122000,None,1743996000,1743996000,571054000,None,144479000,850753000,None,None,257321000,,0.331,0.0081,,,,0.041,0.08,29513000,286834000,0.43,2019-12-31,24.57,25976000,870680000.0,355953000,-142440000,-5551000,None,None,None,521000,None,220602000,None,None,1305755000,None,None,-136889000,None,None,None,0.08,,326094000,29859000,35230000,266339000,None,339818000,None,,,,,1.87,2.329,1.556,,,,,,,,0.0477,,2553399000,2025-11-03,annual,0.51,USD,post-market,37347000,234077000,0.0343,0.0725,0.067,26.12,293155000,1605542000,194572000,6348000,25.46,36.55,18.6047,4695615000,2001533000,1059803000,2705376000,2694082000,1645573000,2099949000,1963739000,32.73,-217479000,47.28,13.89
2025-12-28,AMKR,1.24,6449053000.0,32.73,None,1.996,17.43,,None,681569000,681569000,,,,,,,,,285000,239741000,None,1743996000,1743996000,530398000,None,114579000,724456000,None,None,257321000,,0.331,0.0081,,,,0.041,0.08,29513000,286834000,0.43,2018-12-31,24.57,25720000,870680000.0,355953000,-142440000,-5551000,26845000,26845000,None,521000,None,230589000,None,None,1217732000,None,None,-136889000,None,None,None,0.08,,326094000,29859000,34594000,713380000,None,263392000,None,,,,,1.87,2.329,1.556,,,,,,,,0.0477,,2650448000,2025-11-03,annual,0.51,USD,post-market,37347000,113189000,0.0343,0.0725,0.067,26.12,293155000,1332311000,114579000,None,25.46,36.55,18.6047,4495447000,1671208000,1158423000,2639547000,2824239000,1481124000,2099949000,1830540000,32.73,-216171000,47.28,13.89
2025-12-28,AMKR,1.24,6449053000.0,32.73,None,1.996,17.43,,None,596364000,596364000,,,,,,,,,285000,239651000,None,1743996000,1743996000,569085000,None,123848000,798264000,None,None,257321000,,0.331,0.0081,,,,0.041,0.08,29513000,286834000,0.43,2017-12-31,24.57,25036000,870680000.0,355953000,-142440000,-5551000,26845000,26845000,None,521000,None,326492000,None,None,1240581000,None,None,-136889000,None,None,None,0.08,,326094000,29859000,35727000,847980000,None,228360000,None,,,,,1.87,2.329,1.556,,,,,,,,0.0477,,2695065000,2025-11-03,annual,0.51,USD,post-market,37347000,-42851000,0.0343,0.0725,0.067,26.12,293155000,1364429000,123848000,2000000,25.46,36.55,18.6047,4521509000,1650870000,1361789000,2830730000,2870639000,1470620000,2099949000,1667328000,32.73,-215982000,47.28,13.89
2025-12-28,AMKR,1.24,6449053000.0,32.73,None,1.996,17.43,,None,549518000,549518000,,,,,,,,,284000,238034000,None,1743996000,1743996000,487430000,None,35192000,563107000,None,None,257321000,,0.331,0.0081,,,,0.041,0.08,29513000,286834000,0.43,2016-12-31,24.57,24122000,870680000.0,355953000,-142440000,-5551000,26845000,26845000,None,521000,None,267990000,None,None,1439638000,None,None,-136889000,None,None,None,0.08,,326094000,29859000,29081000,379425000,None,243383000,None,,,,,1.87,2.329,1.556,,,,,,,,0.0477,,2564648000,2025-11-03,annual,0.51,USD,post-market,37347000,-303557000,0.0343,0.0725,0.067,26.12,293155000,1474830000,35192000,2000000,25.46,36.55,18.6047,4092086000,1409696000,1005661000,2688682000,2682390000,1683020999,2099949000,1383588000,32.73,-214490000,47.28,13.89
2025-12-28,AMKR,1.24,6449053000.0,32.73,None,1.996,17.43,,None,523172000,523172000,,,,,,,,,283000,237170000,None,1743996000,1743996000,434222000,None,76770000,526143000,None,None,257321000,,0.331,0.0081,,,,0.041,0.08,29513000,286834000,0.43,2015-12-31,24.57,23409000,870680000.0,355953000,-142440000,-5551000,26845000,26845000,None,521000,None,238205000,None,None,1510269000,None,None,-136889000,None,None,None,0.08,,326094000,29859000,29960000,436501000,None,268876000,None,,,,,1.87,2.329,1.556,,,,,,,,0.0477,,2579017000,2025-11-03,annual,0.51,USD,post-market,37347000,-459395000,0.0343,0.0725,0.067,26.12,293155000,1587039000,76770000,2000000,25.46,36.55,18.6047,4031300000,1317480000,1017429000,2805412000,2713820000,1790707999,2099949000,1208638000,32.73,-213758000,47.28,13.89
2025-12-28,AMKR,1.24,6449053000.0,32.73,None,1.996,17.43,,None,449946000,449946000,,,,,,,,,282000,236731000,None,1743996000,1743996000,309025000,None,5000000,469683000,None,None,257321000,,0.331,0.0081,,,,0.041,0.08,29513000,286834000,0.43,2014-12-31,24.57,26845000,870680000.0,355953000,-142440000,-5551000,26845000,26845000,None,521000,None,223379000,None,None,1525824000,None,117733000,-136889000,None,None,None,0.08,,326094000,29859000,54940000,481461000,None,278055000,None,,,,,1.87,2.329,1.556,,,,,,,,0.0477,,2206476000,2025-11-03,annual,0.51,USD,post-market,37347000,-516962000,0.0343,0.0725,0.067,26.12,293155000,1533857000,5000000,2681000,25.46,36.55,18.6047,3635405000,1197948000,700590000,2504469000,2437457000,1803879000,2099949000,1116235000,32.73,-213028000,47.28,13.89
2025-12-28,AMKR,1.24,6449053000.0,32.73,None,1.996,17.43,,None,610442000,610442000,,,,,,,,,262000,235330000,None,1743996000,1743996000,365334000,None,None,385542000,None,None,257321000,,0.331,0.0081,,,,0.041,0.08,29513000,286834000,0.43,2013-12-31,24.57,30034000,870680000.0,355953000,-142440000,-5551000,3189000,3189000,None,521000,None,200423000,None,None,1591390000,None,None,-136889000,None,None,None,0.08,,326094000,29859000,36009000,246724000,None,180032000,None,,,,,1.87,2.329,1.556,,,,,,,,0.0477,,2006553000,2025-11-03,annual,0.51,USD,post-market,37347000,-647348000,0.0343,0.0725,0.067,26.12,293155000,1652740000,61350000,2681000,25.46,36.55,18.6047,3427298000,1232416000,690936000,2462358000,2194882000,1771422000,2099949000,953740000,32.73,-211449000,47.28,13.89
2025-12-28,AMKR,1.24,6449053000.0,32.73,None,1.996,17.43,,None,413048000,413048000,,,,,,,,,198000,243004000,None,1743996000,1743996000,439663000,None,None,403097000,None,None,257321000,,0.331,0.0081,,,,0.041,0.08,29513000,286834000,0.43,2012-12-31,24.57,24711000,870680000.0,355953000,-142440000,-5551000,4766000,4766000,None,521000,None,227439000,None,None,1545000000,None,None,-136889000,None,None,None,0.08,,326094000,29859000,43444000,151850000,None,160794000,None,,,,,1.87,2.329,1.556,,,,,,,,0.0477,,1819969000,2025-11-03,annual,0.51,USD,post-market,37347000,-736444000,0.0343,0.0725,0.067,26.12,293155000,1545000000,13559000,2680000,25.46,36.55,18.6047,3023515000,1089708000,630727000,2336521000,1933807000,1705794000,2099949000,678155000,32.73,-210983000,47.28,13.89
2025-12-28,AMKR,1.24,6449053000.0,32.73,None,1.996,17.43,,None,434631000,434631000,,,,,,,,,197000,273686000,None,1743996000,1743996000,424504000,None,None,325740000,None,None,257321000,,0.331,0.0081,,,,0.041,0.08,29513000,286834000,0.43,2011-12-31,24.57,8382000,870680000.0,355953000,-142440000,-5551000,8382000,8382000,None,521000,None,198427000,None,None,1287256000,None,None,-136889000,None,None,None,0.08,,326094000,29859000,38032000,119169000,None,None,None,,,,,1.87,2.329,1.556,,,,,,,,0.0477,,1656214000,2025-11-03,annual,0.51,USD,post-market,37347000,-798462000,0.0343,0.0725,0.067,26.12,293155000,1346651000,59395000,2680000,25.46,36.55,18.6047,2773047000,996830000,642186000,2071826000,1776217000,1429639999,2099949000,693266000,32.73,-130560000,47.28,13.89
2025-12-28,AMKR,1.24,6449053000.0,32.73,None,1.996,17.43,,None,404998000,404998000,,,,,,,,,183000,282602000,None,1743996000,1743996000,443333000,None,None,410297000,None,None,257321000,,0.331,0.0081,,,,0.041,0.08,29513000,286834000,0.43,2010-12-31,24.57,13524000,870680000.0,355953000,-142440000,-5551000,13524000,13524000,None,521000,None,191072000,None,None,1214219000,None,None,-136889000,None,None,None,0.08,,326094000,29859000,55700000,128525000,None,113714000,None,,,,,1.87,2.329,1.556,,,,,,,,0.0477,,1537226000,2025-11-03,annual,0.51,USD,post-market,37347000,-890270000,0.0343,0.0725,0.067,26.12,293155000,1364300000,150081000,17782000,25.46,36.55,18.6047,2736822000,1062067000,772208000,2100141000,1674755000,1327933000,2099949000,630013000,32.73,-284000,47.28,13.89
2025-12-28,AMKR,1.24,6449053000.0,32.73,None,1.996,17.43,,None,395406000,395406000,,,,,,,,,183000,263379000,None,1743996000,1743996000,361263000,None,None,346918000,None,None,257321000,,0.331,0.0081,,,,0.041,0.08,29513000,286834000,0.43,2009-12-31,24.57,9975000,870680000.0,355953000,-142440000,-5551000,9975000,9975000,None,521000,None,155185000,None,None,1345241000,None,None,-136889000,None,None,None,0.08,,326094000,29859000,35416000,103547000,None,None,None,,,,,1.87,2.329,1.556,,,,,,,,0.0477,,1364630000,2025-11-03,annual,0.51,USD,post-market,37347000,-1122241000,0.0343,0.0725,0.067,26.12,293155000,1434185000,88944000,2679000,25.46,36.55,18.6047,2432909000,932925000,605837000,2043208000,1499984000,1437371000,2099949000,383209000,32.73,None,47.28,13.89
2025-12-28,AMKR,1.24,6449053000.0,32.73,None,1.996,17.43,,None,424316000,424316000,,,,,,,,,183000,182734000,None,1743996000,1743996000,241684000,None,None,273813000,None,None,257321000,,0.331,0.0081,,,,0.041,0.08,29513000,286834000,0.43,2008-12-31,24.57,11546000,870680000.0,355953000,-142440000,-5551000,11546000,11546000,None,521000,None,134045000,None,None,1438751000,None,None,-136889000,None,None,None,0.08,,326094000,29859000,28742000,229777000,None,None,None,,,,,1.87,2.329,1.556,,,,,,,,0.0477,,1473763000,2025-11-03,annual,0.51,USD,post-market,37347000,-1278221000,0.0343,0.0725,0.067,26.12,293155000,1493360000,54609000,4880000,25.46,36.55,18.6047,2383993000,860916000,554742000,2140830000,1523077000,1586088000,2099949000,237139000,32.73,None,47.28,13.89
2025-12-28,AMKR,1.24,6449053000.0,32.73,None,1.996,17.43,,None,410070000,410070000,,,,,,,,,182000,208767000,None,1743996000,1743996000,359313000,None,None,398431000,None,None,257321000,,0.331,0.0081,,,,0.041,0.08,29513000,286834000,0.43,2007-12-31,24.57,673385000,870680000.0,355953000,-142440000,-5551000,20321000,20321000,None,521000,None,149014000,None,None,1611570000,None,None,-136889000,None,None,None,0.08,,326094000,29859000,29899000,134082000,None,None,None,,,,,1.87,2.329,1.556,,,,,,,,0.0477,,1455111000,2025-11-03,annual,0.51,USD,post-market,37347000,-821526000,0.0343,0.0725,0.067,26.12,293155000,1764059000,152489000,2609000,25.46,36.55,18.6047,3192606000,987414000,677073000,2530965000,2205192000,1853892000,2099949000,654619000,32.73,None,47.28,13.89
2025-12-28,AMKR,1.24,6449053000.0,32.73,None,1.996,17.43,,None,244694000,244694000,,,,,,,,,178000,199556000,None,1743996000,1743996000,291847000,None,None,386857000,None,None,257321000,,0.331,0.0081,,,,0.041,0.08,29513000,286834000,0.43,2006-12-31,24.57,671900000,870680000.0,355953000,-142440000,-5551000,29694000,29694000,None,521000,None,164178000,None,None,1819901000,None,None,-136889000,None,None,None,0.08,,326094000,29859000,42128000,145501000,None,None,None,,,,,1.87,2.329,1.556,,,,,,,,0.0477,,1443603000,2025-11-03,annual,0.51,USD,post-market,37347000,-1041390000,0.0343,0.0725,0.067,26.12,293155000,2005315000,185414000,2478000,25.46,36.55,18.6047,3041264000,837857000,622762000,2642741000,2203407000,2019979000,2099949000,393920000,32.73,None,47.28,13.89
2025-12-28,AMKR,1.24,6449053000.0,32.73,None,1.996,17.43,,None,206575000,206575000,,,,,,,,,178000,176385000,None,1743996000,1743996000,326712000,None,None,386584000,None,None,257321000,,0.331,0.0081,,,,0.041,0.08,29513000,286834000,0.43,2005-12-31,24.57,653717000,870680000.0,355953000,-142440000,-5551000,38391000,38391000,None,521000,None,138109000,None,None,1956247000,None,None,-136889000,None,None,None,0.08,,326094000,29859000,35222000,124027000,None,None,None,,,,,1.87,2.329,1.556,,,,,,,,0.0477,,1419472000,2025-11-03,annual,0.51,USD,post-market,37347000,-1105961000,0.0343,0.0725,0.067,26.12,293155000,2140636000,184389000,None,25.46,36.55,18.6047,2955091000,766490000,634732000,2726840000,2188601000,2092107999,2099949000,224301000,32.73,None,47.28,13.89
2025-12-28,AMKR,1.24,6449053000.0,32.73,None,1.996,17.43,246445000,None,206575000,206575000,210643000,-348720000,None,None,None,None,None,None,178000,176385000,None,1743996000,1743996000,326712000,None,None,386584000,None,None,257321000,163614000,0.331,0.0081,20439000,20439000,None,0.041,0.08,29513000,286834000,0.43,2025-09-30,24.57,653717000,870680000.0,355953000,-142440000,-5551000,38391000,38391000,None,521000,None,138109000,None,None,1956247000,None,None,126682000,None,None,None,0.08,168514000,326094000,29859000,35222000,124027000,None,None,None,None,None,None,None,1.87,2.329,1.556,None,None,None,None,None,None,None,0.0477,None,1419472000,2025-11-03,quarterly,0.51,USD,post-market,37347000,-1105961000,0.0343,0.0725,0.067,26.12,293155000,2140636000,184389000,None,25.46,36.55,18.6047,2955091000,766490000,634732000,2726840000,2188601000,2092107999,2099949000,224301000,32.73,None,47.28,13.89
2025-12-28,AMKR,1.24,6449053000.0,32.73,None,1.996,17.43,146189000,None,206575000,206575000,350471000,-142743000,None,None,None,None,None,None,178000,176385000,None,1743996000,1743996000,326712000,None,None,386584000,None,None,257321000,158842000,0.331,0.0081,40860000,40860000,None,0.041,0.08,29513000,286834000,0.43,2025-06-30,24.57,653717000,870680000.0,355953000,-142440000,-5551000,38391000,38391000,None,521000,None,138109000,None,None,1956247000,None,None,55052000,None,None,None,0.08,258463000,326094000,29859000,35222000,124027000,None,None,None,None,None,None,None,1.87,2.329,1.556,None,None,None,None,None,None,None,0.0477,None,1419472000,2025-11-03,quarterly,0.51,USD,post-market,37347000,-1105961000,0.0343,0.0725,0.067,26.12,293155000,2140636000,184389000,None,25.46,36.55,18.6047,2955091000,766490000,634732000,2726840000,2188601000,2092107999,2099949000,224301000,32.73,None,47.28,13.89
2025-12-28,AMKR,1.24,6449053000.0,32.73,None,1.996,17.43,79897000,None,206575000,206575000,-42251000,-63054000,None,None,None,None,None,None,178000,176385000,None,1743996000,1743996000,326712000,None,None,386584000,None,None,257321000,153821000,0.331,0.0081,0,0,None,0.041,0.08,29513000,286834000,0.43,2025-03-31,24.57,653717000,870680000.0,355953000,-142440000,-5551000,38391000,38391000,None,521000,None,138109000,None,None,1956247000,None,None,21853000,None,None,None,0.08,24149000,326094000,29859000,35222000,124027000,None,None,None,None,None,None,None,1.87,2.329,1.556,None,None,None,None,None,None,None,0.0477,None,1419472000,2025-11-03,quarterly,0.51,USD,post-market,37347000,-1105961000,0.0343,0.0725,0.067,26.12,293155000,2140636000,184389000,None,25.46,36.55,18.6047,2955091000,766490000,634732000,2726840000,2188601000,2092107999,2099949000,224301000,32.73,None,47.28,13.89
2025-12-28,AMKR,1.24,6449053000.0,32.73,None,1.996,17.43,285729000,None,206575000,206575000,-53101000,-298572000,None,None,None,None,None,None,178000,176385000,None,1743996000,1743996000,326712000,None,None,386584000,None,None,257321000,149193000,0.331,0.0081,120409000,120409000,None,0.041,0.08,29513000,286834000,0.43,2024-12-31,24.57,653717000,870680000.0,355953000,-142440000,-5551000,38391000,38391000,None,521000,None,138109000,None,None,1956247000,None,None,107051000,None,None,None,0.08,537608000,326094000,29859000,35222000,124027000,None,None,None,None,None,None,None,1.87,2.329,1.556,None,None,None,None,None,None,None,0.0477,None,1419472000,2025-11-03,quarterly,0.51,USD,post-market,37347000,-1105961000,0.0343,0.0725,0.067,26.12,293155000,2140636000,184389000,None,25.46,36.55,18.6047,2955091000,766490000,634732000,2726840000,2188601000,2092107999,2099949000,224301000,32.73,None,47.28,13.89
2025-12-28,AMKR,1.24,6449053000.0,32.73,None,1.996,17.43,195524000,None,206575000,206575000,-68854000,-226693000,None,None,None,None,None,None,178000,176385000,None,1743996000,1743996000,326712000,None,None,386584000,None,None,257321000,150596000,0.331,0.0081,19418000,19418000,None,0.041,0.08,29513000,286834000,0.43,2024-09-30,24.57,653717000,870680000.0,355953000,-142440000,-5551000,38391000,38391000,None,521000,None,138109000,None,None,1956247000,None,None,122690000,None,None,None,0.08,164192000,326094000,29859000,35222000,124027000,None,None,None,None,None,None,None,1.87,2.329,1.556,None,None,None,None,None,None,None,0.0477,None,1419472000,2025-11-03,quarterly,0.51,USD,post-market,37347000,-1105961000,0.0343,0.0725,0.067,26.12,293155000,2140636000,184389000,None,25.46,36.55,18.6047,2955091000,766490000,634732000,2726840000,2188601000,2092107999,2099949000,224301000,32.73,None,47.28,13.89
2025-12-28,AMKR,1.24,6449053000.0,32.73,None,1.996,17.43,166374000,None,206575000,206575000,-68600000,-188956000,None,None,None,None,None,None,178000,176385000,None,1743996000,1743996000,326712000,None,None,386584000,None,None,257321000,149949000,0.331,0.0081,19395000,19395000,None,0.041,0.08,29513000,286834000,0.43,2024-06-30,24.57,653717000,870680000.0,355953000,-142440000,-5551000,38391000,38391000,None,521000,None,138109000,None,None,1956247000,None,None,66897000,None,None,None,0.08,224756000,326094000,29859000,35222000,124027000,None,None,None,None,None,None,None,1.87,2.329,1.556,None,None,None,None,None,None,None,0.0477,None,1419472000,2025-11-03,quarterly,0.51,USD,post-market,37347000,-1105961000,0.0343,0.0725,0.067,26.12,293155000,2140636000,184389000,None,25.46,36.55,18.6047,2955091000,766490000,634732000,2726840000,2188601000,2092107999,2099949000,224301000,32.73,None,47.28,13.89
2025-12-28,AMKR,1.24,6449053000.0,32.73,None,1.996,17.43,96169000,None,206575000,206575000,-69877000,-86103000,None,None,None,None,None,None,178000,176385000,None,1743996000,1743996000,326712000,None,None,386584000,None,None,257321000,144925000,0.331,0.0081,19383000,19383000,None,0.041,0.08,29513000,286834000,0.43,2024-03-31,24.57,653717000,870680000.0,355953000,-142440000,-5551000,38391000,38391000,None,521000,None,138109000,None,None,1956247000,None,None,58897000,None,None,None,0.08,162312000,326094000,29859000,35222000,124027000,None,None,None,None,None,None,None,1.87,2.329,1.556,None,None,None,None,None,None,None,0.0477,None,1419472000,2025-11-03,quarterly,0.51,USD,post-market,37347000,-1105961000,0.0343,0.0725,0.067,26.12,293155000,2140636000,184389000,None,25.46,36.55,18.6047,2955091000,766490000,634732000,2726840000,2188601000,2092107999,2099949000,224301000,32.73,None,47.28,13.89
2025-12-28,AMKR,1.24,6449053000.0,32.73,None,1.996,17.43,237813000,None,206575000,206575000,55203000,-255013000,None,None,233797000,None,None,None,178000,176385000,None,1743996000,1743996000,326712000,None,None,386584000,None,None,257321000,159112000,0.331,0.0081,19358000,19358000,None,0.041,0.08,29513000,286834000,0.43,2023-12-31,24.57,653717000,870680000.0,355953000,-142440000,-5551000,38391000,38391000,None,521000,None,138109000,None,None,1956247000,None,None,117562000,None,None,None,0.08,573833000,326094000,29859000,35222000,124027000,None,None,None,None,None,None,None,1.87,2.329,1.556,None,None,None,None,None,147340000,None,0.0477,None,1419472000,2025-11-03,quarterly,0.51,USD,post-market,37347000,-1105961000,0.0343,0.0725,0.067,26.12,293155000,2140636000,184389000,None,25.46,36.55,18.6047,2955091000,766490000,634732000,2726840000,2188601000,2092107999,2099949000,224301000,32.73,None,47.28,13.89
2025-12-28,AMKR,1.24,6449053000.0,32.73,None,1.996,17.43,229345000,None,206575000,206575000,-62651000,-278025000,None,None,None,None,None,None,178000,176385000,None,1743996000,1743996000,326712000,None,None,386584000,None,None,257321000,157749000,0.331,0.0081,18454000,18454000,None,0.041,0.08,29513000,286834000,0.43,2023-09-30,24.57,653717000,870680000.0,355953000,-142440000,-5551000,38391000,38391000,None,521000,None,138109000,None,None,1956247000,None,None,133451000,None,None,None,0.08,273609000,326094000,29859000,35222000,124027000,None,None,None,None,None,None,None,1.87,2.329,1.556,None,None,None,None,None,None,None,0.0477,None,1419472000,2025-11-03,quarterly,0.51,USD,post-market,37347000,-1105961000,0.0343,0.0725,0.067,26.12,293155000,2140636000,184389000,None,25.46,36.55,18.6047,2955091000,766490000,634732000,2726840000,2188601000,2092107999,2099949000,224301000,32.73,None,47.28,13.89
2025-12-28,AMKR,1.24,6449053000.0,32.73,None,1.996,17.43,184085000,None,206575000,206575000,-75553000,-263168000,-91889000,None,None,None,None,None,178000,176385000,None,1743996000,1743996000,326712000,None,None,386584000,None,None,257321000,157885000,0.331,0.0081,18444000,18444000,None,0.041,0.08,29513000,286834000,0.43,2023-06-30,24.57,653717000,870680000.0,355953000,-142440000,-5551000,38391000,38391000,None,521000,None,138109000,None,None,1956247000,None,None,64444000,None,None,None,0.08,246832000,326094000,29859000,35222000,124027000,None,None,None,None,None,None,None,1.87,2.329,1.556,None,None,None,None,None,None,None,0.0477,None,1419472000,2025-11-03,quarterly,0.51,USD,post-market,37347000,-1105961000,0.0343,0.0725,0.067,26.12,293155000,2140636000,184389000,None,25.46,36.55,18.6047,2955091000,766490000,634732000,2726840000,2188601000,2092107999,2099949000,224301000,32.73,None,47.28,13.89
2025-12-28,AMKR,1.24,6449053000.0,32.73,None,1.996,17.43,98224000,None,206575000,206575000,-66206000,-155704000,-46164000,None,None,None,None,None,178000,176385000,None,1743996000,1743996000,326712000,None,None,386584000,None,None,257321000,156762000,0.331,0.0081,18430000,18430000,None,0.041,0.08,29513000,286834000,0.43,2023-03-31,24.57,653717000,870680000.0,355953000,-142440000,-5551000,38391000,38391000,None,521000,None,138109000,None,None,1956247000,None,None,45224000,None,None,None,0.08,175746000,326094000,29859000,35222000,124027000,None,None,None,None,None,None,None,1.87,2.329,1.556,None,None,None,None,None,None,None,0.0477,None,1419472000,2025-11-03,quarterly,0.51,USD,post-market,37347000,-1105961000,0.0343,0.0725,0.067,26.12,293155000,2140636000,184389000,None,25.46,36.55,18.6047,2955091000,766490000,634732000,2726840000,2188601000,2092107999,2099949000,224301000,32.73,None,47.28,13.89
2025-12-28,AMKR,1.24,6449053000.0,32.73,None,1.996,17.43,332792000,None,206575000,206575000,48856000,-283953000,317895000,None,-148137000,None,None,-103990000,178000,176385000,None,1743996000,1743996000,326712000,None,None,386584000,None,None,257321000,157023000,0.331,0.0081,18391000,18391000,None,0.041,0.08,29513000,286834000,0.43,2022-12-31,24.57,653717000,870680000.0,355953000,-142440000,-5551000,38391000,38391000,None,521000,None,138109000,None,None,1956247000,None,None,163888000,None,None,None,0.08,552992000,326094000,29859000,35222000,124027000,None,None,None,None,None,None,None,1.87,2.329,1.556,None,None,None,None,None,5635000,None,0.0477,None,1419472000,2025-11-03,quarterly,0.51,USD,post-market,37347000,-1105961000,0.0343,0.0725,0.067,26.12,293155000,2140636000,184389000,None,25.46,36.55,18.6047,2955091000,766490000,634732000,2726840000,2188601000,2092107999,2099949000,224301000,32.73,None,47.28,13.89
2025-12-28,AMKR,1.24,6449053000.0,32.73,None,1.996,17.43,235294000,None,206575000,206575000,11466000,-196544000,-101583000,None,-148137000,None,None,None,178000,176385000,None,1743996000,1743996000,326712000,None,None,386584000,None,None,257321000,156338000,0.331,0.0081,12252000,12252000,None,0.041,0.08,29513000,286834000,0.43,2022-09-30,24.57,653717000,870680000.0,355953000,-142440000,-5551000,38391000,38391000,None,521000,None,138109000,None,None,1956247000,None,None,306457000,None,None,None,0.08,83495000,326094000,29859000,35222000,124027000,None,None,None,None,None,None,None,1.87,2.329,1.556,None,None,None,None,None,None,None,0.0477,None,1419472000,2025-11-03,quarterly,0.51,USD,post-market,37347000,-1105961000,0.0343,0.0725,0.067,26.12,293155000,2140636000,184389000,None,25.46,36.55,18.6047,2955091000,766490000,634732000,2726840000,2188601000,2092107999,2099949000,224301000,32.73,None,47.28,13.89
2025-12-28,AMKR,1.24,6449053000.0,32.73,None,1.996,17.43,182054000,None,206575000,206575000,-113961000,-286663000,-104533000,None,None,None,None,None,178000,176385000,None,1743996000,1743996000,326712000,None,None,386584000,None,None,257321000,151149000,0.331,0.0081,12245000,12245000,None,0.041,0.08,29513000,286834000,0.43,2022-06-30,24.57,653717000,870680000.0,355953000,-142440000,-5551000,38391000,38391000,None,521000,None,138109000,None,None,1956247000,None,None,125469000,None,None,None,0.08,296091000,326094000,29859000,35222000,124027000,None,None,None,None,None,None,None,1.87,2.329,1.556,None,None,None,None,None,None,None,0.0477,None,1419472000,2025-11-03,quarterly,0.51,USD,post-market,37347000,-1105961000,0.0343,0.0725,0.067,26.12,293155000,2140636000,184389000,None,25.46,36.55,18.6047,2955091000,766490000,634732000,2726840000,2188601000,2092107999,2099949000,224301000,32.73,None,47.28,13.89
2025-12-28,AMKR,1.24,6449053000.0,32.73,None,1.996,17.43,158154000,None,206575000,206575000,109236000,-240009000,35405000,None,None,None,None,None,178000,176385000,None,1743996000,1743996000,326712000,None,None,386584000,None,None,257321000,148192000,0.331,0.0081,12228000,12228000,None,0.041,0.08,29513000,286834000,0.43,2022-03-31,24.57,653717000,870680000.0,355953000,-142440000,-5551000,38391000,38391000,None,521000,None,138109000,None,None,1956247000,None,None,171228000,None,None,None,0.08,166178000,326094000,29859000,35222000,124027000,None,None,None,None,None,None,None,1.87,2.329,1.556,None,None,None,None,None,None,None,0.0477,None,1419472000,2025-11-03,quarterly,0.51,USD,post-market,37347000,-1105961000,0.0343,0.0725,0.067,26.12,293155000,2140636000,184389000,None,25.46,36.55,18.6047,2955091000,766490000,634732000,2726840000,2188601000,2092107999,2099949000,224301000,32.73,None,47.28,13.89
2025-12-28,AMKR,1.24,6449053000.0,32.73,None,1.996,17.43,288354000,None,206575000,206575000,106546000,-307510000,288712000,None,-190555000,None,None,-298854000,178000,176385000,None,1743996000,1743996000,326712000,None,None,386584000,None,None,257321000,142612000,0.331,0.0081,12220000,12220000,None,0.041,0.08,29513000,286834000,0.43,2021-12-31,24.57,653717000,870680000.0,355953000,-142440000,-5551000,38391000,38391000,None,521000,None,138109000,None,None,1956247000,None,None,217283000,None,None,None,0.08,489676000,326094000,29859000,35222000,124027000,None,None,None,None,None,None,None,1.87,2.329,1.556,None,None,None,None,None,186016000,None,0.0477,None,1419472000,2025-11-03,quarterly,0.51,USD,post-market,37347000,-1105961000,0.0343,0.0725,0.067,26.12,293155000,2140636000,184389000,None,25.46,36.55,18.6047,2955091000,766490000,634732000,2726840000,2188601000,2092107999,2099949000,224301000,32.73,None,47.28,13.89
2025-12-28,AMKR,1.24,6449053000.0,32.73,None,1.996,17.43,217808000,None,206575000,206575000,-39109000,-314874000,-178695000,None,-190555000,None,None,None,178000,176385000,None,1743996000,1743996000,326712000,None,None,386584000,None,None,257321000,145979000,0.331,0.0081,9772000,9772000,None,0.041,0.08,29513000,286834000,0.43,2021-09-30,24.57,653717000,870680000.0,355953000,-142440000,-5551000,38391000,38391000,None,521000,None,138109000,None,None,1956247000,None,None,181847000,None,None,None,0.08,175288000,326094000,29859000,35222000,124027000,None,None,None,None,None,None,None,1.87,2.329,1.556,None,None,None,None,None,None,None,0.0477,None,1419472000,2025-11-03,quarterly,0.51,USD,post-market,37347000,-1105961000,0.0343,0.0725,0.067,26.12,293155000,2140636000,184389000,None,25.46,36.55,18.6047,2955091000,766490000,634732000,2726840000,2188601000,2092107999,2099949000,224301000,32.73,None,47.28,13.89
2025-12-28,AMKR,1.24,6449053000.0,32.73,None,1.996,17.43,163266000,None,206575000,206575000,-48095000,-157123000,74325000,None,-190555000,None,None,None,178000,176385000,None,1743996000,1743996000,326712000,None,None,386584000,None,None,257321000,139601000,0.331,0.0081,9764000,9764000,None,0.041,0.08,29513000,286834000,0.43,2021-06-30,24.57,653717000,870680000.0,355953000,-142440000,-5551000,38391000,38391000,None,521000,None,138109000,None,None,1956247000,None,None,126458000,None,None,None,0.08,279543000,326094000,29859000,35222000,124027000,None,None,None,None,None,None,None,1.87,2.329,1.556,None,None,None,None,None,None,None,0.0477,None,1419472000,2025-11-03,quarterly,0.51,USD,post-market,37347000,-1105961000,0.0343,0.0725,0.067,26.12,293155000,2140636000,184389000,None,25.46,36.55,18.6047,2955091000,766490000,634732000,2726840000,2188601000,2092107999,2099949000,224301000,32.73,None,47.28,13.89
2025-12-28,AMKR,1.24,6449053000.0,32.73,None,1.996,17.43,110351000,None,206575000,206575000,-49444000,-164372000,-37028000,None,-190555000,None,None,None,178000,176385000,None,1743996000,1743996000,326712000,None,None,386584000,None,None,257321000,135390000,0.331,0.0081,19457000,19457000,None,0.041,0.08,29513000,286834000,0.43,2021-03-31,24.57,653717000,870680000.0,355953000,-142440000,-5551000,38391000,38391000,None,521000,None,138109000,None,None,1956247000,None,None,120019000,None,None,None,0.08,176788000,326094000,29859000,35222000,124027000,None,None,None,None,None,None,None,1.87,2.329,1.556,None,None,None,None,None,None,None,0.0477,None,1419472000,2025-11-03,quarterly,0.51,USD,post-market,37347000,-1105961000,0.0343,0.0725,0.067,26.12,293155000,2140636000,184389000,None,25.46,36.55,18.6047,2955091000,766490000,634732000,2726840000,2188601000,2092107999,2099949000,224301000,32.73,None,47.28,13.89
2025-12-28,AMKR,1.24,6449053000.0,32.73,None,1.996,17.43,277490000,None,206575000,206575000,-180557000,-27368000,128060000,None,-75499000,None,None,-106693000,178000,176385000,None,1743996000,1743996000,326712000,None,None,386584000,None,None,257321000,132674000,0.331,0.0081,19457000,19457000,None,0.041,0.08,29513000,286834000,0.43,2020-12-31,24.57,653717000,870680000.0,355953000,-142440000,-5551000,38391000,38391000,None,521000,None,138109000,None,None,1956247000,None,None,126965000,None,None,None,0.08,335985000,326094000,29859000,35222000,124027000,None,None,None,None,None,None,None,1.87,2.329,1.556,None,None,None,None,None,17611000,None,0.0477,None,1419472000,2025-11-03,quarterly,0.51,USD,post-market,37347000,-1105961000,0.0343,0.0725,0.067,26.12,293155000,2140636000,184389000,None,25.46,36.55,18.6047,2955091000,766490000,634732000,2726840000,2188601000,2092107999,2099949000,224301000,32.73,None,47.28,13.89
2025-12-28,AMKR,1.24,6449053000.0,32.73,None,1.996,17.43,141191000,None,206575000,206575000,-235704000,-176224000,-220282000,None,-75499000,None,None,None,178000,176385000,None,1743996000,1743996000,326712000,None,None,386584000,None,None,257321000,129686000,0.331,0.0081,19457000,19457000,None,0.041,0.08,29513000,286834000,0.43,2020-09-30,24.57,653717000,870680000.0,355953000,-142440000,-5551000,38391000,38391000,None,521000,None,138109000,None,None,1956247000,None,None,92897000,None,None,None,0.08,191646000,326094000,29859000,35222000,124027000,None,None,None,None,None,None,None,1.87,2.329,1.556,None,None,None,None,None,None,None,0.0477,None,1419472000,2025-11-03,quarterly,0.51,USD,post-market,37347000,-1105961000,0.0343,0.0725,0.067,26.12,293155000,2140636000,184389000,None,25.46,36.55,18.6047,2955091000,766490000,634732000,2726840000,2188601000,2092107999,2099949000,224301000,32.73,None,47.28,13.89
2025-12-28,AMKR,1.24,6449053000.0,32.73,None,1.996,17.43,78452000,None,206575000,206575000,27447000,-330521000,-157261000,None,-75499000,None,None,None,178000,176385000,None,1743996000,1743996000,326712000,None,None,386584000,None,None,257321000,124379000,0.331,0.0081,19457000,19457000,None,0.041,0.08,29513000,286834000,0.43,2020-06-30,24.57,653717000,870680000.0,355953000,-142440000,-5551000,38391000,38391000,None,521000,None,138109000,None,None,1956247000,None,None,56140000,None,None,None,0.08,145813000,326094000,29859000,35222000,124027000,None,None,None,None,None,None,None,1.87,2.329,1.556,None,None,None,None,None,None,None,0.0477,None,1419472000,2025-11-03,quarterly,0.51,USD,post-market,37347000,-1105961000,0.0343,0.0725,0.067,26.12,293155000,2140636000,184389000,None,25.46,36.55,18.6047,2955091000,766490000,634732000,2726840000,2188601000,2092107999,2099949000,224301000,32.73,None,47.28,13.89
2025-12-28,AMKR,1.24,6449053000.0,32.73,None,1.996,17.43,55888000,None,206575000,206575000,55095000,-104592000,47092000,None,-75499000,None,None,None,178000,176385000,None,1743996000,1743996000,326712000,None,None,386584000,None,None,257321000,123657000,0.331,0.0081,None,None,None,0.041,0.08,29513000,286834000,0.43,2020-03-31,24.57,653717000,870680000.0,355953000,-142440000,-5551000,38391000,38391000,None,521000,None,138109000,None,None,1956247000,None,None,64497000,None,None,None,0.08,96589000,326094000,29859000,35222000,124027000,None,None,None,None,None,None,None,1.87,2.329,1.556,None,None,None,None,None,None,None,0.0477,None,1419472000,2025-11-03,quarterly,0.51,USD,post-market,37347000,-1105961000,0.0343,0.0725,0.067,26.12,293155000,2140636000,184389000,None,25.46,36.55,18.6047,2955091000,766490000,634732000,2726840000,2188601000,2092107999,2099949000,224301000,32.73,None,47.28,13.89
2025-12-28,AMKR,1.24,6449053000.0,32.73,None,1.996,17.43,143936000,None,206575000,206575000,157984000,-143672000,294830000,None,10208000,None,None,-124140000,178000,176385000,None,1743996000,1743996000,326712000,None,None,386584000,None,None,257321000,126164000,0.331,0.0081,None,None,None,0.041,0.08,29513000,286834000,0.43,2019-12-31,24.57,653717000,870680000.0,355953000,-142440000,-5551000,38391000,38391000,None,521000,None,138109000,None,None,1956247000,None,None,99816000,None,None,None,0.08,280518000,326094000,29859000,35222000,124027000,None,None,None,None,None,None,None,1.87,2.329,1.556,None,None,None,None,None,11405000,None,0.0477,None,1419472000,2025-11-03,quarterly,0.51,USD,post-market,37347000,-1105961000,0.0343,0.0725,0.067,26.12,293155000,2140636000,184389000,None,25.46,36.55,18.6047,2955091000,766490000,634732000,2726840000,2188601000,2092107999,2099949000,224301000,32.73,None,47.28,13.89
2025-12-28,AMKR,1.24,6449053000.0,32.73,None,1.996,17.43,54825000,None,206575000,206575000,-9553000,-57794000,47057000,None,10208000,None,None,None,178000,176385000,None,1743996000,1743996000,326712000,None,None,386584000,None,None,257321000,129194000,0.331,0.0081,None,None,None,0.041,0.08,29513000,286834000,0.43,2019-09-30,24.57,653717000,870680000.0,355953000,-142440000,-5551000,38391000,38391000,None,521000,None,138109000,None,None,1956247000,None,None,54486000,None,None,None,0.08,114404000,326094000,29859000,35222000,124027000,None,None,None,None,None,None,None,1.87,2.329,1.556,None,None,None,None,None,None,None,0.0477,None,1419472000,2025-11-03,quarterly,0.51,USD,post-market,37347000,-1105961000,0.0343,0.0725,0.067,26.12,293155000,2140636000,184389000,None,25.46,36.55,18.6047,2955091000,766490000,634732000,2726840000,2188601000,2092107999,2099949000,224301000,32.73,None,47.28,13.89
2025-12-28,AMKR,1.24,6449053000.0,32.73,None,1.996,17.43,70456000,None,206575000,206575000,-563889000,-58956000,-505974000,None,10208000,None,None,None,178000,176385000,None,1743996000,1743996000,326712000,None,None,386584000,None,None,257321000,132984000,0.331,0.0081,None,None,None,0.041,0.08,29513000,286834000,0.43,2019-06-30,24.57,653717000,870680000.0,355953000,-142440000,-5551000,38391000,38391000,None,521000,None,138109000,None,None,1956247000,None,None,-9006000,None,None,None,0.08,116871000,326094000,29859000,35222000,124027000,None,None,None,None,None,None,None,1.87,2.329,1.556,None,None,None,None,None,None,None,0.0477,None,1419472000,2025-11-03,quarterly,0.51,USD,post-market,37347000,-1105961000,0.0343,0.0725,0.067,26.12,293155000,2140636000,184389000,None,25.46,36.55,18.6047,2955091000,766490000,634732000,2726840000,2188601000,2092107999,2099949000,224301000,32.73,None,47.28,13.89
2025-12-28,AMKR,1.24,6449053000.0,32.73,None,1.996,17.43,203216000,None,206575000,206575000,523708000,-202067000,373698000,None,10208000,None,None,None,178000,176385000,None,1743996000,1743996000,326712000,None,None,386584000,None,None,257321000,135835000,0.331,0.0081,None,None,None,0.041,0.08,29513000,286834000,0.43,2019-03-31,24.57,653717000,870680000.0,355953000,-142440000,-5551000,38391000,38391000,None,521000,None,138109000,None,None,1956247000,None,None,-22668000,None,None,None,0.08,52057000,326094000,29859000,35222000,124027000,None,None,None,None,None,None,None,1.87,2.329,1.556,None,None,None,None,None,None,None,0.0477,None,1419472000,2025-11-03,quarterly,0.51,USD,post-market,37347000,-1105961000,0.0343,0.0725,0.067,26.12,293155000,2140636000,184389000,None,25.46,36.55,18.6047,2955091000,766490000,634732000,2726840000,2188601000,2092107999,2099949000,224301000,32.73,None,47.28,13.89
2025-12-28,AMKR,1.24,6449053000.0,32.73,None,1.996,17.43,69086000,None,206575000,206575000,-41217000,-64113000,130658000,-204000,-16310000,None,None,80571000,178000,176385000,None,1743996000,1743996000,326712000,None,None,386584000,None,None,257321000,142780000,0.331,0.0081,None,None,None,0.041,0.08,29513000,286834000,0.43,2018-12-31,24.57,653717000,870680000.0,355953000,-142440000,-5551000,38391000,38391000,None,521000,None,138109000,None,None,1956247000,None,None,28894000,None,None,None,0.08,236192000,326094000,29859000,35222000,124027000,None,None,None,None,None,None,None,1.87,2.329,1.556,None,None,None,None,None,1050000,None,0.0477,None,1419472000,2025-11-03,quarterly,0.51,USD,post-market,37347000,-1105961000,0.0343,0.0725,0.067,26.12,293155000,2140636000,184389000,None,25.46,36.55,18.6047,2955091000,766490000,634732000,2726840000,2188601000,2092107999,2099949000,224301000,32.73,None,47.28,13.89
2025-12-28,AMKR,1.24,6449053000.0,32.73,None,1.996,17.43,88468000,None,206575000,206575000,39088000,-86952000,172975000,None,-16310000,None,None,None,178000,176385000,None,1743996000,1743996000,326712000,None,None,386584000,None,None,257321000,143666000,0.331,0.0081,0,0,None,0.041,0.08,29513000,286834000,0.43,2018-09-30,24.57,653717000,870680000.0,355953000,-142440000,-5551000,38391000,38391000,None,521000,None,138109000,None,None,1956247000,None,None,57292000,None,None,None,0.08,220839000,326094000,29859000,35222000,124027000,None,None,None,None,None,None,None,1.87,2.329,1.556,None,None,None,None,None,0,None,0.0477,None,1419472000,2025-11-03,quarterly,0.51,USD,post-market,37347000,-1105961000,0.0343,0.0725,0.067,26.12,293155000,2140636000,184389000,None,25.46,36.55,18.6047,2955091000,766490000,634732000,2726840000,2188601000,2092107999,2099949000,224301000,32.73,None,47.28,13.89
2025-12-28,AMKR,1.24,6449053000.0,32.73,None,1.996,17.43,158965000,None,206575000,206575000,-14569000,-156713000,-112534000,None,-16310000,None,None,None,178000,176385000,None,1743996000,1743996000,326712000,None,None,386584000,None,None,257321000,143006000,0.331,0.0081,0,0,None,0.041,0.08,29513000,286834000,0.43,2018-06-30,24.57,653717000,870680000.0,355953000,-142440000,-5551000,38391000,38391000,None,521000,None,138109000,None,None,1956247000,None,None,33184000,None,None,None,0.08,58748000,326094000,29859000,35222000,124027000,None,None,None,None,None,None,None,1.87,2.329,1.556,None,None,None,None,None,0,None,0.0477,None,1419472000,2025-11-03,quarterly,0.51,USD,post-market,37347000,-1105961000,0.0343,0.0725,0.067,26.12,293155000,2140636000,184389000,None,25.46,36.55,18.6047,2955091000,766490000,634732000,2726840000,2188601000,2092107999,2099949000,224301000,32.73,None,47.28,13.89
2025-12-28,AMKR,1.24,6449053000.0,32.73,None,1.996,17.43,230603000,None,206575000,206575000,-23925000,-229605000,-105899000,None,-16310000,None,None,None,178000,176385000,None,1743996000,1743996000,326712000,None,None,386584000,None,None,257321000,142509000,0.331,0.0081,0,0,None,0.041,0.08,29513000,286834000,0.43,2018-03-31,24.57,653717000,870680000.0,355953000,-142440000,-5551000,38391000,38391000,None,521000,None,138109000,None,None,1956247000,None,None,10195000,None,None,None,0.08,147631000,326094000,29859000,35222000,124027000,None,None,None,None,None,None,None,1.87,2.329,1.556,None,None,None,None,None,0,None,0.0477,None,1419472000,2025-11-03,quarterly,0.51,USD,post-market,37347000,-1105961000,0.0343,0.0725,0.067,26.12,293155000,2140636000,184389000,None,25.46,36.55,18.6047,2955091000,766490000,634732000,2726840000,2188601000,2092107999,2099949000,224301000,32.73,None,47.28,13.89
2025-12-28,AMKR,1.24,6449053000.0,32.73,None,1.996,17.43,136969000,None,206575000,206575000,2053000,-128807000,86409000,8807000,-54195000,None,None,-118353000,178000,176385000,None,1743996000,1743996000,326712000,None,None,386584000,None,None,257321000,146273000,0.331,0.0081,0,0,None,0.041,0.08,29513000,286834000,0.43,2017-12-31,24.57,653717000,870680000.0,355953000,-142440000,-5551000,38391000,38391000,None,521000,None,138109000,None,None,1956247000,None,None,101943000,None,None,None,0.08,204356000,326094000,29859000,35222000,124027000,None,None,None,None,None,None,None,1.87,2.329,1.556,None,None,None,None,None,2979000,None,0.0477,None,1419472000,2025-11-03,quarterly,0.51,USD,post-market,37347000,-1105961000,0.0343,0.0725,0.067,26.12,293155000,2140636000,184389000,None,25.46,36.55,18.6047,2955091000,766490000,634732000,2726840000,2188601000,2092107999,2099949000,224301000,32.73,None,47.28,13.89
2025-12-28,AMKR,1.24,6449053000.0,32.73,None,1.996,17.43,142323000,None,206575000,206575000,-212496000,-139448000,-137992000,None,0,None,None,None,178000,176385000,None,1743996000,1743996000,326712000,None,None,386584000,None,None,257321000,148599000,0.331,0.0081,0,0,None,0.041,0.08,29513000,286834000,0.43,2017-09-30,24.57,653717000,870680000.0,355953000,-142440000,-5551000,38391000,38391000,None,521000,None,138109000,None,None,1956247000,None,None,55630000,None,None,None,0.08,213952000,326094000,29859000,35222000,124027000,None,None,None,None,None,None,None,1.87,2.329,1.556,None,None,None,None,None,0,None,0.0477,None,1419472000,2025-11-03,quarterly,0.51,USD,post-market,37347000,-1105961000,0.0343,0.0725,0.067,26.12,293155000,2140636000,184389000,None,25.46,36.55,18.6047,2955091000,766490000,634732000,2726840000,2188601000,2092107999,2099949000,224301000,32.73,None,47.28,13.89
2025-12-28,AMKR,1.24,6449053000.0,32.73,None,1.996,17.43,183366000,None,206575000,206575000,44809000,-97635000,44456000,None,0,None,None,None,178000,176385000,None,1743996000,1743996000,326712000,None,None,386584000,None,None,257321000,145252000,0.331,0.0081,0,0,None,0.041,0.08,29513000,286834000,0.43,2017-06-30,24.57,653717000,870680000.0,355953000,-142440000,-5551000,38391000,38391000,None,521000,None,138109000,None,None,1956247000,None,None,116459000,None,None,None,0.08,97282000,326094000,29859000,35222000,124027000,None,None,None,None,None,None,None,1.87,2.329,1.556,None,None,None,None,None,0,None,0.0477,None,1419472000,2025-11-03,quarterly,0.51,USD,post-market,37347000,-1105961000,0.0343,0.0725,0.067,26.12,293155000,2140636000,184389000,None,25.46,36.55,18.6047,2955091000,766490000,634732000,2726840000,2188601000,2092107999,2099949000,224301000,32.73,None,47.28,13.89
2025-12-28,AMKR,1.24,6449053000.0,32.73,None,1.996,17.43,88285000,None,206575000,206575000,40748000,-88942000,54483000,None,0,None,None,None,178000,176385000,None,1743996000,1743996000,326712000,None,None,386584000,None,None,257321000,141816000,0.331,0.0081,135000,135000,None,0.041,0.08,29513000,286834000,0.43,2017-03-31,24.57,653717000,870680000.0,355953000,-142440000,-5551000,38391000,38391000,None,521000,None,138109000,None,None,1956247000,None,None,-9144000,None,None,None,0.08,102677000,326094000,29859000,35222000,124027000,None,None,None,None,None,None,None,1.87,2.329,1.556,None,None,None,None,None,145000,None,0.0477,None,1419472000,2025-11-03,quarterly,0.51,USD,post-market,37347000,-1105961000,0.0343,0.0725,0.067,26.12,293155000,2140636000,184389000,None,25.46,36.55,18.6047,2955091000,766490000,634732000,2726840000,2188601000,2092107999,2099949000,224301000,32.73,None,47.28,13.89
2025-12-28,AMKR,1.24,6449053000.0,32.73,None,1.996,17.43,168368000,None,206575000,206575000,-95501000,-119268000,1483000,-21534000,-28397000,None,None,-29126000,178000,176385000,None,1743996000,1743996000,326712000,None,None,386584000,None,None,257321000,138669000,0.331,0.0081,548000,548000,None,0.041,0.08,29513000,286834000,0.43,2016-12-31,24.57,653717000,870680000.0,355953000,-142440000,-5551000,38391000,38391000,None,521000,None,138109000,None,None,1956247000,None,None,101202000,None,None,None,0.08,237786000,326094000,29859000,35222000,124027000,None,None,None,None,None,None,None,1.87,2.329,1.556,None,None,None,None,None,33085000,None,0.0477,None,1419472000,2025-11-03,quarterly,0.51,USD,post-market,37347000,-1105961000,0.0343,0.0725,0.067,26.12,293155000,2140636000,184389000,None,25.46,36.55,18.6047,2955091000,766490000,634732000,2726840000,2188601000,2092107999,2099949000,224301000,32.73,None,47.28,13.89
2025-12-28,AMKR,1.24,6449053000.0,32.73,None,1.996,17.43,125696000,None,206575000,206575000,-57200000,-113804000,50516000,3103000,0,None,None,None,178000,176385000,None,1743996000,1743996000,326712000,None,None,386584000,None,None,257321000,141276000,0.331,0.0081,143000,143000,None,0.041,0.08,29513000,286834000,0.43,2016-09-30,24.57,653717000,870680000.0,355953000,-142440000,-5551000,38391000,38391000,None,521000,None,138109000,None,None,1956247000,None,None,61141000,None,None,None,0.08,218417000,326094000,29859000,35222000,124027000,None,None,None,None,None,None,None,1.87,2.329,1.556,None,None,None,None,None,2540000,None,0.0477,None,1419472000,2025-11-03,quarterly,0.51,USD,post-market,37347000,-1105961000,0.0343,0.0725,0.067,26.12,293155000,2140636000,184389000,None,25.46,36.55,18.6047,2955091000,766490000,634732000,2726840000,2188601000,2092107999,2099949000,224301000,32.73,None,47.28,13.89
2025-12-28,AMKR,1.24,6449053000.0,32.73,None,1.996,17.43,157186000,None,206575000,206575000,97438000,-157216000,85855000,10532000,0,None,None,None,178000,176385000,None,1743996000,1743996000,326712000,None,None,386584000,None,None,257321000,138105000,0.331,0.0081,135000,135000,None,0.041,0.08,29513000,286834000,0.43,2016-06-30,24.57,653717000,870680000.0,355953000,-142440000,-5551000,38391000,38391000,None,521000,None,138109000,None,None,1956247000,None,None,5366000,None,None,None,0.08,135101000,326094000,29859000,35222000,124027000,None,None,None,None,None,None,None,1.87,2.329,1.556,None,None,None,None,None,60000,None,0.0477,None,1419472000,2025-11-03,quarterly,0.51,USD,post-market,37347000,-1105961000,0.0343,0.0725,0.067,26.12,293155000,2140636000,184389000,None,25.46,36.55,18.6047,2955091000,766490000,634732000,2726840000,2188601000,2092107999,2099949000,224301000,32.73,None,47.28,13.89
2025-12-28,AMKR,1.24,6449053000.0,32.73,None,1.996,17.43,198788000,None,206575000,206575000,-56916000,-199139000,-109707000,8250000,0,None,None,None,178000,176385000,None,1743996000,1743996000,326712000,None,None,386584000,None,None,257321000,137136000,0.331,0.0081,135000,135000,None,0.041,0.08,29513000,286834000,0.43,2016-03-31,24.57,653717000,870680000.0,355953000,-142440000,-5551000,38391000,38391000,None,521000,None,138109000,None,None,1956247000,None,None,-405000,None,None,None,0.08,138098000,326094000,29859000,35222000,124027000,None,None,None,None,None,None,None,1.87,2.329,1.556,None,None,None,None,None,-119000,None,0.0477,None,1419472000,2025-11-03,quarterly,0.51,USD,post-market,37347000,-1105961000,0.0343,0.0725,0.067,26.12,293155000,2140636000,184389000,None,25.46,36.55,18.6047,2955091000,766490000,634732000,2726840000,2188601000,2092107999,2099949000,224301000,32.73,None,47.28,13.89
2025-12-28,AMKR,1.24,6449053000.0,32.73,None,1.996,17.43,185331000,None,206575000,206575000,99657000,-161508000,92728000,None,27677000,None,None,122840000,178000,176385000,None,1743996000,1743996000,326712000,None,None,386584000,None,None,257321000,122232000,0.331,0.0081,246000,246000,None,0.041,0.08,29513000,286834000,0.43,2015-12-31,24.57,653717000,870680000.0,355953000,-142440000,-5551000,38391000,38391000,None,521000,None,138109000,None,None,1956247000,None,None,-8557000,None,None,None,0.08,154579000,326094000,29859000,35222000,124027000,None,None,None,None,None,None,None,1.87,2.329,1.556,None,None,None,None,None,150246000,None,0.0477,None,1419472000,2025-11-03,quarterly,0.51,USD,post-market,37347000,-1105961000,0.0343,0.0725,0.067,26.12,293155000,2140636000,184389000,None,25.46,36.55,18.6047,2955091000,766490000,634732000,2726840000,2188601000,2092107999,2099949000,224301000,32.73,None,47.28,13.89
2025-12-28,AMKR,1.24,6449053000.0,32.73,None,1.996,17.43,158284000,None,206575000,206575000,-50243000,-156695000,-11853000,None,0,None,None,None,178000,176385000,None,1743996000,1743996000,326712000,None,None,386584000,None,None,257321000,123252000,0.331,0.0081,123000,123000,None,0.041,0.08,29513000,286834000,0.43,2015-09-30,24.57,653717000,870680000.0,355953000,-142440000,-5551000,38391000,38391000,None,521000,None,138109000,None,None,1956247000,None,None,29021000,None,None,None,0.08,195085000,326094000,29859000,35222000,124027000,None,None,None,None,None,None,None,1.87,2.329,1.556,None,None,None,None,None,-121000,None,0.0477,None,1419472000,2025-11-03,quarterly,0.51,USD,post-market,37347000,-1105961000,0.0343,0.0725,0.067,26.12,293155000,2140636000,184389000,None,25.46,36.55,18.6047,2955091000,766490000,634732000,2726840000,2188601000,2092107999,2099949000,224301000,32.73,None,47.28,13.89
2025-12-28,AMKR,1.24,6449053000.0,32.73,None,1.996,17.43,88211000,None,206575000,206575000,-35115000,-80034000,-51892000,None,0,None,None,None,178000,176385000,None,1743996000,1743996000,326712000,None,None,386584000,None,None,257321000,124329000,0.331,0.0081,0,0,None,0.041,0.08,29513000,286834000,0.43,2015-06-30,24.57,653717000,870680000.0,355953000,-142440000,-5551000,38391000,38391000,None,521000,None,138109000,None,None,1956247000,None,None,10201000,None,None,None,0.08,63257000,326094000,29859000,35222000,124027000,None,None,None,None,None,None,None,1.87,2.329,1.556,None,None,None,None,None,-197000,None,0.0477,None,1419472000,2025-11-03,quarterly,0.51,USD,post-market,37347000,-1105961000,0.0343,0.0725,0.067,26.12,293155000,2140636000,184389000,None,25.46,36.55,18.6047,2955091000,766490000,634732000,2726840000,2188601000,2092107999,2099949000,224301000,32.73,None,47.28,13.89
2025-12-28,AMKR,1.24,6449053000.0,32.73,None,1.996,17.43,106149000,None,206575000,206575000,-4656000,-116125000,44243000,None,0,None,None,None,178000,176385000,None,1743996000,1743996000,326712000,None,None,386584000,None,None,257321000,124387000,0.331,0.0081,0,0,None,0.041,0.08,29513000,286834000,0.43,2015-03-31,24.57,653717000,870680000.0,355953000,-142440000,-5551000,38391000,38391000,None,521000,None,138109000,None,None,1956247000,None,None,29697000,None,None,None,0.08,165024000,326094000,29859000,35222000,124027000,None,None,None,None,None,None,None,1.87,2.329,1.556,None,None,None,None,None,-230000,None,0.0477,None,1419472000,2025-11-03,quarterly,0.51,USD,post-market,37347000,-1105961000,0.0343,0.0725,0.067,26.12,293155000,2140636000,184389000,None,25.46,36.55,18.6047,2955091000,766490000,634732000,2726840000,2188601000,2092107999,2099949000,224301000,32.73,None,47.28,13.89
2025-12-28,AMKR,1.24,6449053000.0,32.73,None,1.996,17.43,238812000,None,206575000,206575000,-5710000,-238177000,None,None,-27817000,None,None,None,178000,176385000,None,1743996000,1743996000,326712000,None,None,386584000,None,None,257321000,124617000,0.331,0.0081,0,0,None,0.041,0.08,29513000,286834000,0.43,2014-12-31,24.57,653717000,870680000.0,355953000,-142440000,-5551000,38391000,38391000,None,521000,None,138109000,None,None,1956247000,None,None,14128000,None,None,None,0.08,208241000,326094000,29859000,35222000,124027000,None,None,None,None,None,None,None,1.87,2.329,1.556,None,None,None,None,None,-231000,None,0.0477,None,1419472000,2025-11-03,quarterly,0.51,USD,post-market,37347000,-1105961000,0.0343,0.0725,0.067,26.12,293155000,2140636000,184389000,None,25.46,36.55,18.6047,2955091000,766490000,634732000,2726840000,2188601000,2092107999,2099949000,224301000,32.73,None,47.28,13.89
2025-12-28,AMKR,1.24,6449053000.0,32.73,None,1.996,17.43,211916000,None,206575000,206575000,658000,-211416000,None,None,0,None,None,None,178000,176385000,None,1743996000,1743996000,326712000,None,None,386584000,None,None,257321000,119700000,0.331,0.0081,0,0,None,0.041,0.08,29513000,286834000,0.43,2014-09-30,24.57,653717000,870680000.0,355953000,-142440000,-5551000,38391000,38391000,None,521000,None,138109000,None,None,1956247000,None,None,48170000,None,None,None,0.08,170415000,326094000,29859000,35222000,124027000,None,None,None,None,None,None,None,1.87,2.329,1.556,None,None,None,None,None,-342000,None,0.0477,None,1419472000,2025-11-03,quarterly,0.51,USD,post-market,37347000,-1105961000,0.0343,0.0725,0.067,26.12,293155000,2140636000,184389000,None,25.46,36.55,18.6047,2955091000,766490000,634732000,2726840000,2188601000,2092107999,2099949000,224301000,32.73,None,47.28,13.89
2025-12-28,AMKR,1.24,6449053000.0,32.73,None,1.996,17.43,134393000,None,206575000,206575000,-56496000,-149346000,None,None,0,None,None,None,178000,176385000,None,1743996000,1743996000,326712000,None,None,386584000,None,None,257321000,112051000,0.331,0.0081,0,0,None,0.041,0.08,29513000,286834000,0.43,2014-06-30,24.57,653717000,870680000.0,355953000,-142440000,-5551000,38391000,38391000,None,521000,None,138109000,None,None,1956247000,None,None,50406000,None,None,None,0.08,103307000,326094000,29859000,35222000,124027000,None,None,None,None,None,None,None,1.87,2.329,1.556,None,None,None,None,None,-884000,None,0.0477,None,1419472000,2025-11-03,quarterly,0.51,USD,post-market,37347000,-1105961000,0.0343,0.0725,0.067,26.12,293155000,2140636000,184389000,None,25.46,36.55,18.6047,2955091000,766490000,634732000,2726840000,2188601000,2092107999,2099949000,224301000,32.73,None,47.28,13.89
2025-12-28,AMKR,1.24,6449053000.0,32.73,None,1.996,17.43,95999000,None,206575000,206575000,-18447000,-95539000,None,None,0,None,None,None,178000,176385000,None,1743996000,1743996000,326712000,None,None,386584000,None,None,257321000,108338000,0.331,0.0081,0,0,None,0.041,0.08,29513000,286834000,0.43,2014-03-31,24.57,653717000,870680000.0,355953000,-142440000,-5551000,38391000,38391000,None,521000,None,138109000,None,None,1956247000,None,None,21183000,None,None,None,0.08,131946000,326094000,29859000,35222000,124027000,None,None,None,None,None,None,None,1.87,2.329,1.556,None,None,None,None,None,-122000,None,0.0477,None,1419472000,2025-11-03,quarterly,0.51,USD,post-market,37347000,-1105961000,0.0343,0.0725,0.067,26.12,293155000,2140636000,184389000,None,25.46,36.55,18.6047,2955091000,766490000,634732000,2726840000,2188601000,2092107999,2099949000,224301000,32.73,None,47.28,13.89
2025-12-28,AMKR,1.24,6449053000.0,32.73,None,1.996,17.43,164252000,None,206575000,206575000,2214000,-163586000,19132000,-1787000,38248000,None,None,-531000,178000,176385000,None,1743996000,1743996000,326712000,None,None,386584000,None,None,257321000,108339000,0.331,0.0081,0,0,None,0.041,0.08,29513000,286834000,0.43,2013-12-31,24.57,653717000,870680000.0,355953000,-142440000,-5551000,38391000,38391000,None,521000,None,138109000,None,None,1956247000,None,None,41558000,None,None,None,0.08,182291000,326094000,29859000,35222000,124027000,None,None,None,None,None,None,None,1.87,2.329,1.556,None,None,None,None,None,-232000,None,0.0477,None,1419472000,2025-11-03,quarterly,0.51,USD,post-market,37347000,-1105961000,0.0343,0.0725,0.067,26.12,293155000,2140636000,184389000,None,25.46,36.55,18.6047,2955091000,766490000,634732000,2726840000,2188601000,2092107999,2099949000,224301000,32.73,None,47.28,13.89
2025-12-28,AMKR,1.24,6449053000.0,32.73,None,1.996,17.43,179330000,None,206575000,206575000,79000,-218766000,-44697000,-405000,0,None,None,None,178000,176385000,None,1743996000,1743996000,326712000,None,None,386584000,None,None,257321000,106222000,0.331,0.0081,0,0,None,0.041,0.08,29513000,286834000,0.43,2013-09-30,24.57,653717000,870680000.0,355953000,-142440000,-5551000,38391000,38391000,None,521000,None,138109000,None,None,1956247000,None,None,26004000,None,None,None,0.08,174395000,326094000,29859000,35222000,124027000,None,None,None,None,None,None,None,1.87,2.329,1.556,None,None,None,None,None,-62000,None,0.0477,None,1419472000,2025-11-03,quarterly,0.51,USD,post-market,37347000,-1105961000,0.0343,0.0725,0.067,26.12,293155000,2140636000,184389000,None,25.46,36.55,18.6047,2955091000,766490000,634732000,2726840000,2188601000,2092107999,2099949000,224301000,32.73,None,47.28,13.89
2025-12-28,AMKR,1.24,6449053000.0,32.73,None,1.996,17.43,110131000,None,206575000,206575000,244942000,-178807000,169305000,994000,0,None,None,None,178000,176385000,None,1743996000,1743996000,326712000,None,None,386584000,None,None,257321000,98637000,0.331,0.0081,0,0,None,0.041,0.08,29513000,286834000,0.43,2013-06-30,24.57,653717000,870680000.0,355953000,-142440000,-5551000,38391000,38391000,None,521000,None,138109000,None,None,1956247000,None,None,30329000,None,None,None,0.08,102176000,326094000,29859000,35222000,124027000,None,None,None,None,None,None,None,1.87,2.329,1.556,None,None,None,None,None,-82000,None,0.0477,None,1419472000,2025-11-03,quarterly,0.51,USD,post-market,37347000,-1105961000,0.0343,0.0725,0.067,26.12,293155000,2140636000,184389000,None,25.46,36.55,18.6047,2955091000,766490000,634732000,2726840000,2188601000,2092107999,2099949000,224301000,32.73,None,47.28,13.89
2025-12-28,AMKR,1.24,6449053000.0,32.73,None,1.996,17.43,112543000,None,206575000,206575000,32910000,-79335000,53654000,1405000,0,None,None,None,178000,176385000,None,1743996000,1743996000,326712000,None,None,386584000,None,None,257321000,97148000,0.331,0.0081,0,0,None,0.041,0.08,29513000,286834000,0.43,2013-03-31,24.57,653717000,870680000.0,355953000,-142440000,-5551000,38391000,38391000,None,521000,None,138109000,None,None,1956247000,None,None,13766000,None,None,None,0.08,98674000,326094000,29859000,35222000,124027000,None,None,None,None,None,None,None,1.87,2.329,1.556,None,None,None,None,None,-90000,None,0.0477,None,1419472000,2025-11-03,quarterly,0.51,USD,post-market,37347000,-1105961000,0.0343,0.0725,0.067,26.12,293155000,2140636000,184389000,None,25.46,36.55,18.6047,2955091000,766490000,634732000,2726840000,2188601000,2092107999,2099949000,224301000,32.73,None,47.28,13.89
2025-12-28,AMKR,1.24,6449053000.0,32.73,None,1.996,17.43,153168000,None,206575000,206575000,-82202000,-152571000,None,None,-29882000,None,None,None,178000,176385000,None,1743996000,1743996000,326712000,None,None,386584000,None,None,257321000,97588000,0.331,0.0081,0,0,None,0.041,0.08,29513000,286834000,0.43,2012-12-31,24.57,653717000,870680000.0,355953000,-142440000,-5551000,38391000,38391000,None,521000,None,138109000,None,None,1956247000,None,None,27872000,None,None,None,0.08,98527000,326094000,29859000,35222000,124027000,None,None,None,None,None,None,None,1.87,2.329,1.556,None,None,None,None,None,-63000,None,0.0477,None,1419472000,2025-11-03,quarterly,0.51,USD,post-market,37347000,-1105961000,0.0343,0.0725,0.067,26.12,293155000,2140636000,184389000,None,25.46,36.55,18.6047,2955091000,766490000,634732000,2726840000,2188601000,2092107999,2099949000,224301000,32.73,None,47.28,13.89
2025-12-28,AMKR,1.24,6449053000.0,32.73,None,1.996,17.43,147662000,None,206575000,206575000,196630000,-140987000,None,None,0,None,None,None,178000,176385000,None,1743996000,1743996000,326712000,None,None,386584000,None,None,257321000,93709000,0.331,0.0081,375000000,375000000,None,0.041,0.08,29513000,286834000,0.43,2012-09-30,24.57,653717000,870680000.0,355953000,-142440000,-5551000,38391000,38391000,None,521000,None,138109000,None,None,1956247000,None,None,22576000,None,None,None,0.08,141973000,326094000,29859000,35222000,124027000,None,None,None,None,None,None,None,1.87,2.329,1.556,None,None,None,None,None,-45294000,None,0.0477,None,1419472000,2025-11-03,quarterly,0.51,USD,post-market,37347000,-1105961000,0.0343,0.0725,0.067,26.12,293155000,2140636000,184389000,None,25.46,36.55,18.6047,2955091000,766490000,634732000,2726840000,2188601000,2092107999,2099949000,224301000,32.73,None,47.28,13.89
2025-12-28,AMKR,1.24,6449053000.0,32.73,None,1.996,17.43,111595000,None,206575000,206575000,-6992000,-109594000,None,None,0,None,None,None,178000,176385000,None,1743996000,1743996000,326712000,None,None,386584000,None,None,257321000,90736000,0.331,0.0081,38786000,38786000,None,0.041,0.08,29513000,286834000,0.43,2012-06-30,24.57,653717000,870680000.0,355953000,-142440000,-5551000,38391000,38391000,None,521000,None,138109000,None,None,1956247000,None,None,872000,None,None,None,0.08,86357000,326094000,29859000,35222000,124027000,None,None,None,None,None,None,None,1.87,2.329,1.556,None,None,None,None,None,-31147000,None,0.0477,None,1419472000,2025-11-03,quarterly,0.51,USD,post-market,37347000,-1105961000,0.0343,0.0725,0.067,26.12,293155000,2140636000,184389000,None,25.46,36.55,18.6047,2955091000,766490000,634732000,2726840000,2188601000,2092107999,2099949000,224301000,32.73,None,47.28,13.89
2025-12-28,AMKR,1.24,6449053000.0,32.73,None,1.996,17.43,121087000,None,206575000,206575000,2596000,-110869000,None,None,0,None,None,None,178000,176385000,None,1743996000,1743996000,326712000,None,None,386584000,None,None,257321000,88446000,0.331,0.0081,178742000,178742000,None,0.041,0.08,29513000,286834000,0.43,2012-03-31,24.57,653717000,870680000.0,355953000,-142440000,-5551000,38391000,38391000,None,521000,None,138109000,None,None,1956247000,None,None,11582000,None,None,None,0.08,56106000,326094000,29859000,35222000,124027000,None,None,None,None,None,None,None,1.87,2.329,1.556,None,None,None,None,None,-4505000,None,0.0477,None,1419472000,2025-11-03,quarterly,0.51,USD,post-market,37347000,-1105961000,0.0343,0.0725,0.067,26.12,293155000,2140636000,184389000,None,25.46,36.55,18.6047,2955091000,766490000,634732000,2726840000,2188601000,2092107999,2099949000,224301000,32.73,None,47.28,13.89
2025-12-28,AMKR,1.24,6449053000.0,32.73,None,1.996,17.43,142345000,None,206575000,206575000,-66180000,-123605000,None,None,-6912000,None,None,None,178000,176385000,None,1743996000,1743996000,326712000,None,None,386584000,None,None,257321000,86101000,0.331,0.0081,39276000,39276000,None,0.041,0.08,29513000,286834000,0.43,2011-12-31,24.57,653717000,870680000.0,355953000,-142440000,-5551000,38391000,38391000,None,521000,None,138109000,None,None,1956247000,None,None,25561000,None,None,None,0.08,141040000,326094000,29859000,35222000,124027000,None,None,None,None,None,None,None,1.87,2.329,1.556,None,None,None,None,None,-86825000,None,0.0477,None,1419472000,2025-11-03,quarterly,0.51,USD,post-market,37347000,-1105961000,0.0343,0.0725,0.067,26.12,293155000,2140636000,184389000,None,25.46,36.55,18.6047,2955091000,766490000,634732000,2726840000,2188601000,2092107999,2099949000,224301000,32.73,None,47.28,13.89
2025-12-28,AMKR,1.24,6449053000.0,32.73,None,1.996,17.43,99720000,None,206575000,206575000,-37292000,-98920000,7919000,2236000,0,None,None,None,178000,176385000,None,1743996000,1743996000,326712000,None,None,386584000,None,None,257321000,83075000,0.331,0.0081,0,0,None,0.041,0.08,29513000,286834000,0.43,2011-09-30,24.57,653717000,870680000.0,355953000,-142440000,-5551000,38391000,38391000,None,521000,None,138109000,None,None,1956247000,None,None,27323000,None,None,None,0.08,141895000,326094000,29859000,35222000,124027000,None,None,None,None,None,None,None,1.87,2.329,1.556,None,None,None,None,None,-41543000,None,0.0477,None,1419472000,2025-11-03,quarterly,0.51,USD,post-market,37347000,-1105961000,0.0343,0.0725,0.067,26.12,293155000,2140636000,184389000,None,25.46,36.55,18.6047,2955091000,766490000,634732000,2726840000,2188601000,2092107999,2099949000,224301000,32.73,None,47.28,13.89
2025-12-28,AMKR,1.24,6449053000.0,32.73,None,1.996,17.43,110748000,None,206575000,206575000,65077000,-96369000,82520000,142000,0,None,None,None,178000,176385000,None,1743996000,1743996000,326712000,None,None,386584000,None,None,257321000,83026000,0.331,0.0081,0,0,None,0.041,0.08,29513000,286834000,0.43,2011-06-30,24.57,653717000,870680000.0,355953000,-142440000,-5551000,38391000,38391000,None,521000,None,138109000,None,None,1956247000,None,None,14488000,None,None,None,0.08,113670000,326094000,29859000,35222000,124027000,None,None,None,None,None,None,None,1.87,2.329,1.556,None,None,None,None,None,280000,None,0.0477,None,1419472000,2025-11-03,quarterly,0.51,USD,post-market,37347000,-1105961000,0.0343,0.0725,0.067,26.12,293155000,2140636000,184389000,None,25.46,36.55,18.6047,2955091000,766490000,634732000,2726840000,2188601000,2092107999,2099949000,224301000,32.73,None,47.28,13.89
2025-12-28,AMKR,1.24,6449053000.0,32.73,None,1.996,17.43,113881000,None,206575000,206575000,-20482000,-111640000,-12047000,-152000,0,None,None,None,178000,176385000,None,1743996000,1743996000,326712000,None,None,386584000,None,None,257321000,83442000,0.331,0.0081,0,0,None,0.041,0.08,29513000,286834000,0.43,2011-03-31,24.57,653717000,870680000.0,355953000,-142440000,-5551000,38391000,38391000,None,521000,None,138109000,None,None,1956247000,None,None,25103000,None,None,None,0.08,120227000,326094000,29859000,35222000,124027000,None,None,None,None,None,None,None,1.87,2.329,1.556,None,None,None,None,None,627000,None,0.0477,None,1419472000,2025-11-03,quarterly,0.51,USD,post-market,37347000,-1105961000,0.0343,0.0725,0.067,26.12,293155000,2140636000,184389000,None,25.46,36.55,18.6047,2955091000,766490000,634732000,2726840000,2188601000,2092107999,2099949000,224301000,32.73,None,47.28,13.89
2025-12-28,AMKR,1.24,6449053000.0,32.73,None,1.996,17.43,168997000,None,206575000,206575000,-19223000,-169954000,None,None,-34882000,None,None,None,178000,176385000,None,1743996000,1743996000,326712000,None,None,386584000,None,None,257321000,86383000,0.331,0.0081,0,0,None,0.041,0.08,29513000,286834000,0.43,2010-12-31,24.57,653717000,870680000.0,355953000,-142440000,-5551000,38391000,38391000,None,521000,None,138109000,None,None,1956247000,None,None,50761000,None,None,None,0.08,175633000,326094000,29859000,35222000,124027000,None,None,None,None,None,None,None,1.87,2.329,1.556,None,None,None,None,None,0,None,0.0477,None,1419472000,2025-11-03,quarterly,0.51,USD,post-market,37347000,-1105961000,0.0343,0.0725,0.067,26.12,293155000,2140636000,184389000,None,25.46,36.55,18.6047,2955091000,766490000,634732000,2726840000,2188601000,2092107999,2099949000,224301000,32.73,None,47.28,13.89
2025-12-28,AMKR,1.24,6449053000.0,32.73,None,1.996,17.43,133744000,None,206575000,206575000,-66398000,-131086000,None,None,0,None,None,None,178000,176385000,None,1743996000,1743996000,326712000,None,None,386584000,None,None,257321000,82819000,0.331,0.0081,0,0,None,0.041,0.08,29513000,286834000,0.43,2010-09-30,24.57,653717000,870680000.0,355953000,-142440000,-5551000,38391000,38391000,None,521000,None,138109000,None,None,1956247000,None,None,78370000,None,None,None,0.08,176454000,326094000,29859000,35222000,124027000,None,None,None,None,None,None,None,1.87,2.329,1.556,None,None,None,None,None,0,None,0.0477,None,1419472000,2025-11-03,quarterly,0.51,USD,post-market,37347000,-1105961000,0.0343,0.0725,0.067,26.12,293155000,2140636000,184389000,None,25.46,36.55,18.6047,2955091000,766490000,634732000,2726840000,2188601000,2092107999,2099949000,224301000,32.73,None,47.28,13.89
2025-12-28,AMKR,1.24,6449053000.0,32.73,None,1.996,17.43,75836000,None,206575000,206575000,1360000,-75881000,None,None,0,None,None,None,178000,176385000,None,1743996000,1743996000,326712000,None,None,386584000,None,None,257321000,78601000,0.331,0.0081,0,0,None,0.041,0.08,29513000,286834000,0.43,2010-06-30,24.57,653717000,870680000.0,355953000,-142440000,-5551000,38391000,38391000,None,521000,None,138109000,None,None,1956247000,None,None,58943000,None,None,None,0.08,86779000,326094000,29859000,35222000,124027000,None,None,None,None,None,None,None,1.87,2.329,1.556,None,None,None,None,None,0,None,0.0477,None,1419472000,2025-11-03,quarterly,0.51,USD,post-market,37347000,-1105961000,0.0343,0.0725,0.067,26.12,293155000,2140636000,184389000,None,25.46,36.55,18.6047,2955091000,766490000,634732000,2726840000,2188601000,2092107999,2099949000,224301000,32.73,None,47.28,13.89
2025-12-28,AMKR,1.24,6449053000.0,32.73,None,1.996,17.43,67092000,None,206575000,206575000,-5596000,-68000000,None,None,None,None,None,None,178000,176385000,None,1743996000,1743996000,326712000,None,None,386584000,None,None,257321000,75805000,0.331,0.0081,None,None,None,0.041,0.08,29513000,286834000,0.43,2010-03-31,24.57,653717000,870680000.0,355953000,-142440000,-5551000,38391000,38391000,None,521000,None,138109000,None,None,1956247000,None,None,44073000,None,None,None,0.08,103729000,326094000,29859000,35222000,124027000,None,None,None,None,None,None,None,1.87,2.329,1.556,None,None,None,None,None,None,None,0.0477,None,1419472000,2025-11-03,quarterly,0.51,USD,post-market,37347000,-1105961000,0.0343,0.0725,0.067,26.12,293155000,2140636000,184389000,None,25.46,36.55,18.6047,2955091000,766490000,634732000,2726840000,2188601000,2092107999,2099949000,224301000,32.73,None,47.28,13.89
2025-12-28,AMKR,1.24,6449053000.0,32.73,None,1.996,17.43,106248000,None,206575000,206575000,-34306000,-121946000,None,None,-20991000,None,None,None,178000,176385000,None,1743996000,1743996000,326712000,None,None,386584000,None,None,257321000,74623000,0.331,0.0081,None,None,None,0.041,0.08,29513000,286834000,0.43,2009-12-31,24.57,653717000,870680000.0,355953000,-142440000,-5551000,38391000,38391000,None,521000,None,138109000,None,None,1956247000,None,None,87882000,None,None,None,0.08,104915000,326094000,29859000,35222000,124027000,None,None,None,None,None,None,None,1.87,2.329,1.556,None,None,None,None,None,None,None,0.0477,None,1419472000,2025-11-03,quarterly,0.51,USD,post-market,37347000,-1105961000,0.0343,0.0725,0.067,26.12,293155000,2140636000,184389000,None,25.46,36.55,18.6047,2955091000,766490000,634732000,2726840000,2188601000,2092107999,2099949000,224301000,32.73,None,47.28,13.89
2025-12-28,AMKR,1.24,6449053000.0,32.73,None,1.996,17.43,41974000,None,206575000,206575000,-85665000,-46578000,None,None,None,None,None,None,178000,176385000,None,1743996000,1743996000,326712000,None,None,386584000,None,None,257321000,74380000,0.331,0.0081,None,None,None,0.041,0.08,29513000,286834000,0.43,2009-09-30,24.57,653717000,870680000.0,355953000,-142440000,-5551000,38391000,38391000,None,521000,None,138109000,None,None,1956247000,None,None,80996000,None,None,None,0.08,123452000,326094000,29859000,35222000,124027000,None,None,None,None,None,None,None,1.87,2.329,1.556,None,None,None,None,None,None,None,0.0477,None,1419472000,2025-11-03,quarterly,0.51,USD,post-market,37347000,-1105961000,0.0343,0.0725,0.067,26.12,293155000,2140636000,184389000,None,25.46,36.55,18.6047,2955091000,766490000,634732000,2726840000,2188601000,2092107999,2099949000,224301000,32.73,None,47.28,13.89
2025-12-28,AMKR,1.24,6449053000.0,32.73,None,1.996,17.43,27134000,None,206575000,206575000,92617000,-26042000,None,None,None,None,None,None,178000,176385000,None,1743996000,1743996000,326712000,None,None,386584000,None,None,257321000,76558000,0.331,0.0081,None,None,None,0.041,0.08,29513000,286834000,0.43,2009-06-30,24.57,653717000,870680000.0,355953000,-142440000,-5551000,38391000,38391000,None,521000,None,138109000,None,None,1956247000,None,None,9364000,None,None,None,0.08,96552000,326094000,29859000,35222000,124027000,None,None,None,None,None,None,None,1.87,2.329,1.556,None,None,None,None,None,None,None,0.0477,None,1419472000,2025-11-03,quarterly,0.51,USD,post-market,37347000,-1105961000,0.0343,0.0725,0.067,26.12,293155000,2140636000,184389000,None,25.46,36.55,18.6047,2955091000,766490000,634732000,2726840000,2188601000,2092107999,2099949000,224301000,32.73,None,47.28,13.89
2025-12-28,AMKR,1.24,6449053000.0,32.73,None,1.996,17.43,42821000,None,206575000,206575000,-22297000,-46312000,None,None,None,None,None,None,178000,176385000,None,1743996000,1743996000,326712000,None,None,386584000,None,None,257321000,79949000,0.331,0.0081,None,None,None,0.041,0.08,29513000,286834000,0.43,2009-03-31,24.57,653717000,870680000.0,355953000,-142440000,-5551000,38391000,38391000,None,521000,None,138109000,None,None,1956247000,None,None,-21959000,None,None,None,0.08,-63194000,326094000,29859000,35222000,124027000,None,None,None,None,None,None,None,1.87,2.329,1.556,None,None,None,None,None,None,None,0.0477,None,1419472000,2025-11-03,quarterly,0.51,USD,post-market,37347000,-1105961000,0.0343,0.0725,0.067,26.12,293155000,2140636000,184389000,None,25.46,36.55,18.6047,2955091000,766490000,634732000,2726840000,2188601000,2092107999,2099949000,224301000,32.73,None,47.28,13.89
2025-12-28,AMKR,1.24,6449053000.0,32.73,None,1.996,17.43,69130000,None,206575000,206575000,-97899000,-71286000,None,None,16696000,None,None,None,178000,176385000,None,1743996000,1743996000,326712000,None,None,386584000,None,None,257321000,80419000,0.331,0.0081,None,None,None,0.041,0.08,29513000,286834000,0.43,2008-12-31,24.57,653717000,870680000.0,355953000,-142440000,-5551000,38391000,38391000,None,521000,None,138109000,None,None,1956247000,None,None,-623078000,None,None,None,0.08,148427000,326094000,29859000,35222000,124027000,None,None,None,None,None,None,None,1.87,2.329,1.556,None,None,None,None,None,None,None,0.0477,None,1419472000,2025-11-03,quarterly,0.51,USD,post-market,37347000,-1105961000,0.0343,0.0725,0.067,26.12,293155000,2140636000,184389000,None,25.46,36.55,18.6047,2955091000,766490000,634732000,2726840000,2188601000,2092107999,2099949000,224301000,32.73,None,47.28,13.89
2025-12-28,AMKR,1.24,6449053000.0,32.73,None,1.996,17.43,126239000,None,206575000,206575000,-11414000,-126156000,None,None,None,None,None,None,178000,176385000,None,1743996000,1743996000,326712000,None,None,386584000,None,None,257321000,78958000,0.331,0.0081,None,None,None,0.041,0.08,29513000,286834000,0.43,2008-09-30,24.57,653717000,870680000.0,355953000,-142440000,-5551000,38391000,38391000,None,521000,None,138109000,None,None,1956247000,None,None,29155000,None,None,None,0.08,172693000,326094000,29859000,35222000,124027000,None,None,None,None,None,None,None,1.87,2.329,1.556,None,None,None,None,None,None,None,0.0477,None,1419472000,2025-11-03,quarterly,0.51,USD,post-market,37347000,-1105961000,0.0343,0.0725,0.067,26.12,293155000,2140636000,184389000,None,25.46,36.55,18.6047,2955091000,766490000,634732000,2726840000,2188601000,2092107999,2099949000,224301000,32.73,None,47.28,13.89
2025-12-28,AMKR,1.24,6449053000.0,32.73,None,1.996,17.43,102031000,None,206575000,206575000,-19933000,-85161000,None,None,None,None,None,None,178000,176385000,None,1743996000,1743996000,326712000,None,None,386584000,None,None,257321000,77026000,0.331,0.0081,None,None,None,0.041,0.08,29513000,286834000,0.43,2008-06-30,24.57,653717000,870680000.0,355953000,-142440000,-5551000,38391000,38391000,None,521000,None,138109000,None,None,1956247000,None,None,65232000,None,None,None,0.08,103482000,326094000,29859000,35222000,124027000,None,None,None,None,None,None,None,1.87,2.329,1.556,None,None,None,None,None,None,None,0.0477,None,1419472000,2025-11-03,quarterly,0.51,USD,post-market,37347000,-1105961000,0.0343,0.0725,0.067,26.12,293155000,2140636000,184389000,None,25.46,36.55,18.6047,2955091000,766490000,634732000,2726840000,2188601000,2092107999,2099949000,224301000,32.73,None,47.28,13.89
2025-12-28,AMKR,1.24,6449053000.0,32.73,None,1.996,17.43,88839000,None,206575000,206575000,-94379000,-88777000,None,None,None,None,None,None,178000,176385000,None,1743996000,1743996000,326712000,None,None,386584000,None,None,257321000,73517000,0.331,0.0081,None,None,None,0.041,0.08,29513000,286834000,0.43,2008-03-31,24.57,653717000,870680000.0,355953000,-142440000,-5551000,38391000,38391000,None,521000,None,138109000,None,None,1956247000,None,None,71996000,None,None,None,0.08,181216000,326094000,29859000,35222000,124027000,None,None,None,None,None,None,None,1.87,2.329,1.556,None,None,None,None,None,None,None,0.0477,None,1419472000,2025-11-03,quarterly,0.51,USD,post-market,37347000,-1105961000,0.0343,0.0725,0.067,26.12,293155000,2140636000,184389000,None,25.46,36.55,18.6047,2955091000,766490000,634732000,2726840000,2188601000,2092107999,2099949000,224301000,32.73,None,47.28,13.89
2025-12-28,AMKR,1.24,6449053000.0,32.73,None,1.996,17.43,76298000,None,206575000,206575000,-39443000,-74709000,None,None,15516000,None,None,None,178000,176385000,None,1743996000,1743996000,326712000,None,None,386584000,None,None,257321000,73150000,0.331,0.0081,None,None,None,0.041,0.08,29513000,286834000,0.43,2007-12-31,24.57,653717000,870680000.0,355953000,-142440000,-5551000,38391000,38391000,None,521000,None,138109000,None,None,1956247000,None,None,93664000,None,None,None,0.08,188962000,326094000,29859000,35222000,124027000,None,None,None,None,None,None,None,1.87,2.329,1.556,None,None,None,None,None,None,None,0.0477,None,1419472000,2025-11-03,quarterly,0.51,USD,post-market,37347000,-1105961000,0.0343,0.0725,0.067,26.12,293155000,2140636000,184389000,None,25.46,36.55,18.6047,2955091000,766490000,634732000,2726840000,2188601000,2092107999,2099949000,224301000,32.73,None,47.28,13.89
2025-12-28,AMKR,1.24,6449053000.0,32.73,None,1.996,17.43,57730000,None,206575000,206575000,-7678000,-57475000,None,None,None,None,None,None,178000,176385000,None,1743996000,1743996000,326712000,None,None,386584000,None,None,257321000,74175000,0.331,0.0081,None,None,None,0.041,0.08,29513000,286834000,0.43,2007-09-30,24.57,653717000,870680000.0,355953000,-142440000,-5551000,38391000,38391000,None,521000,None,138109000,None,None,1956247000,None,None,60620000,None,None,None,0.08,160485000,326094000,29859000,35222000,124027000,None,None,None,None,None,None,None,1.87,2.329,1.556,None,None,None,None,None,None,None,0.0477,None,1419472000,2025-11-03,quarterly,0.51,USD,post-market,37347000,-1105961000,0.0343,0.0725,0.067,26.12,293155000,2140636000,184389000,None,25.46,36.55,18.6047,2955091000,766490000,634732000,2726840000,2188601000,2092107999,2099949000,224301000,32.73,None,47.28,13.89
2025-12-28,AMKR,1.24,6449053000.0,32.73,None,1.996,17.43,50826000,None,206575000,206575000,-18302000,-50497000,None,None,None,None,None,None,178000,176385000,None,1743996000,1743996000,326712000,None,None,386584000,None,None,257321000,70140000,0.331,0.0081,None,None,None,0.041,0.08,29513000,286834000,0.43,2007-06-30,24.57,653717000,870680000.0,355953000,-142440000,-5551000,38391000,38391000,None,521000,None,138109000,None,None,1956247000,None,None,30990000,None,None,None,0.08,130534000,326094000,29859000,35222000,124027000,None,None,None,None,None,None,None,1.87,2.329,1.556,None,None,None,None,None,None,None,0.0477,None,1419472000,2025-11-03,quarterly,0.51,USD,post-market,37347000,-1105961000,0.0343,0.0725,0.067,26.12,293155000,2140636000,184389000,None,25.46,36.55,18.6047,2955091000,766490000,634732000,2726840000,2188601000,2092107999,2099949000,224301000,32.73,None,47.28,13.89
2025-12-28,AMKR,1.24,6449053000.0,32.73,None,1.996,17.43,51386000,None,206575000,206575000,-143027000,-48618000,None,None,-32250000,None,None,None,178000,176385000,None,1743996000,1743996000,326712000,None,None,386584000,None,None,257321000,71364000,0.331,0.0081,None,None,None,0.041,0.08,29513000,286834000,0.43,2007-03-31,24.57,653717000,870680000.0,355953000,-142440000,-5551000,38391000,38391000,None,521000,None,138109000,None,None,1956247000,None,None,34590000,None,None,None,0.08,123449000,326094000,29859000,35222000,124027000,None,None,None,None,None,None,None,1.87,2.329,1.556,None,None,None,None,None,None,None,0.0477,None,1419472000,2025-11-03,quarterly,0.51,USD,post-market,37347000,-1105961000,0.0343,0.0725,0.067,26.12,293155000,2140636000,184389000,None,25.46,36.55,18.6047,2955091000,766490000,634732000,2726840000,2188601000,2092107999,2099949000,224301000,32.73,None,47.28,13.89
2025-12-28,AMKR,1.24,6449053000.0,32.73,None,1.996,17.43,63472000,None,206575000,206575000,-23504000,-62342000,None,None,-32250000,None,None,None,178000,176385000,None,1743996000,1743996000,326712000,None,None,386584000,None,None,257321000,82700000,0.331,0.0081,None,None,None,0.041,0.08,29513000,286834000,0.43,2006-12-31,24.57,653717000,870680000.0,355953000,-142440000,-5551000,38391000,38391000,None,521000,None,138109000,None,None,1956247000,None,None,59047000,None,None,None,0.08,142974000,326094000,29859000,35222000,124027000,None,None,None,None,None,None,None,1.87,2.329,1.556,None,None,None,None,None,None,None,0.0477,None,1419472000,2025-11-03,quarterly,0.51,USD,post-market,37347000,-1105961000,0.0343,0.0725,0.067,26.12,293155000,2140636000,184389000,None,25.46,36.55,18.6047,2955091000,766490000,634732000,2726840000,2188601000,2092107999,2099949000,224301000,32.73,None,47.28,13.89
2025-12-28,AMKR,1.24,6449053000.0,32.73,None,1.996,17.43,82932000,None,206575000,206575000,-9923000,-84319000,None,None,None,None,None,None,178000,176385000,None,1743996000,1743996000,326712000,None,None,386584000,None,None,257321000,69540000,0.331,0.0081,None,None,None,0.041,0.08,29513000,286834000,0.43,2006-09-30,24.57,653717000,870680000.0,355953000,-142440000,-5551000,38391000,38391000,None,521000,None,138109000,None,None,1956247000,None,None,52810000,None,None,None,0.08,140850000,326094000,29859000,35222000,124027000,None,None,None,None,None,None,None,1.87,2.329,1.556,None,None,None,None,None,None,None,0.0477,None,1419472000,2025-11-03,quarterly,0.51,USD,post-market,37347000,-1105961000,0.0343,0.0725,0.067,26.12,293155000,2140636000,184389000,None,25.46,36.55,18.6047,2955091000,766490000,634732000,2726840000,2188601000,2092107999,2099949000,224301000,32.73,None,47.28,13.89
2025-12-28,AMKR,1.24,6449053000.0,32.73,None,1.996,17.43,90371000,None,206575000,206575000,-113873000,None,None,None,None,None,None,None,178000,176385000,None,1743996000,1743996000,326712000,None,None,386584000,None,None,257321000,67464000,0.331,0.0081,None,None,None,0.041,0.08,29513000,286834000,0.43,2006-06-30,24.57,653717000,870680000.0,355953000,-142440000,-5551000,38391000,38391000,None,521000,None,138109000,None,None,1956247000,None,None,23788000,None,None,None,0.08,120837000,326094000,29859000,35222000,124027000,None,None,None,None,None,None,None,1.87,2.329,1.556,None,None,None,None,None,None,None,0.0477,None,1419472000,2025-11-03,quarterly,0.51,USD,post-market,37347000,-1105961000,0.0343,0.0725,0.067,26.12,293155000,2140636000,184389000,None,25.46,36.55,18.6047,2955091000,766490000,634732000,2726840000,2188601000,2092107999,2099949000,224301000,32.73,None,47.28,13.89
2025-12-28,AMKR,1.24,6449053000.0,32.73,None,1.996,17.43,79098000,None,206575000,206575000,-21931000,-78175000,None,None,None,None,None,None,178000,176385000,None,1743996000,1743996000,326712000,None,None,386584000,None,None,257321000,66061000,0.331,0.0081,None,None,None,0.041,0.08,29513000,286834000,0.43,2006-03-31,24.57,653717000,870680000.0,355953000,-142440000,-5551000,38391000,38391000,None,521000,None,138109000,None,None,1956247000,None,None,34673000,None,None,None,0.08,118969000,326094000,29859000,35222000,124027000,None,None,None,None,None,None,None,1.87,2.329,1.556,None,None,None,None,None,None,None,0.0477,None,1419472000,2025-11-03,quarterly,0.51,USD,post-market,37347000,-1105961000,0.0343,0.0725,0.067,26.12,293155000,2140636000,184389000,None,25.46,36.55,18.6047,2955091000,766490000,634732000,2726840000,2188601000,2092107999,2099949000,224301000,32.73,None,47.28,13.89
2025-12-28,AMKR,1.24,6449053000.0,32.73,None,1.996,17.43,69501000,None,206575000,206575000,28814000,-81098000,None,None,-38499000,None,None,None,178000,176385000,None,1743996000,1743996000,326712000,None,None,386584000,None,None,257321000,72610000,0.331,0.0081,None,None,None,0.041,0.08,29513000,286834000,0.43,2005-12-31,24.57,653717000,870680000.0,355953000,-142440000,-5551000,38391000,38391000,None,521000,None,138109000,None,None,1956247000,None,None,54001000,None,None,None,0.08,100405000,326094000,29859000,35222000,124027000,None,None,None,None,None,None,None,1.87,2.329,1.556,None,None,None,None,None,None,None,0.0477,None,1419472000,2025-11-03,quarterly,0.51,USD,post-market,37347000,-1105961000,0.0343,0.0725,0.067,26.12,293155000,2140636000,184389000,None,25.46,36.55,18.6047,2955091000,766490000,634732000,2726840000,2188601000,2092107999,2099949000,224301000,32.73,None,47.28,13.89
2025-12-28,AMKR,1.24,6449053000.0,32.73,None,1.996,17.43,102045000,None,206575000,206575000,20863000,-101958000,None,None,None,None,None,None,178000,176385000,None,1743996000,1743996000,326712000,None,None,386584000,None,None,257321000,62667000,0.331,0.0081,None,None,None,0.041,0.08,29513000,286834000,0.43,2005-09-30,24.57,653717000,870680000.0,355953000,-142440000,-5551000,38391000,38391000,None,521000,None,138109000,None,None,1956247000,None,None,-19417000,None,None,None,0.08,14420000,326094000,29859000,35222000,124027000,None,None,None,None,None,None,None,1.87,2.329,1.556,None,None,None,None,None,None,None,0.0477,None,1419472000,2025-11-03,quarterly,0.51,USD,post-market,37347000,-1105961000,0.0343,0.0725,0.067,26.12,293155000,2140636000,184389000,None,25.46,36.55,18.6047,2955091000,766490000,634732000,2726840000,2188601000,2092107999,2099949000,224301000,32.73,None,47.28,13.89
2025-12-28,AMKR,1.24,6449053000.0,32.73,None,1.996,17.43,743796000,None,206575000,206575000,-260432000,-800324000,None,None,78965000,None,None,None,178000,176385000,None,1743996000,1743996000,326712000,None,None,386584000,None,None,257321000,594663000,0.331,0.0081,178605000,178605000,None,0.041,0.08,29513000,286834000,0.43,2024-12-31,24.57,653717000,870680000.0,355953000,-142440000,-5551000,38391000,38391000,None,521000,None,138109000,None,None,1956247000,None,None,355535000,None,None,None,0.08,1088868000,326094000,29859000,35222000,124027000,None,None,None,None,None,None,None,1.87,2.329,1.556,None,None,None,None,None,None,None,0.0477,None,1419472000,2025-11-03,annual,0.51,USD,post-market,37347000,-1105961000,0.0343,0.0725,0.067,26.12,293155000,2140636000,184389000,None,25.46,36.55,18.6047,2955091000,766490000,634732000,2726840000,2188601000,2092107999,2099949000,224301000,32.73,None,47.28,13.89
2025-12-28,AMKR,1.24,6449053000.0,32.73,None,1.996,17.43,749467000,None,206575000,206575000,-149207000,-951910000,None,None,233797000,None,None,None,178000,176385000,None,1743996000,1743996000,326712000,None,None,386584000,None,None,257321000,631508000,0.331,0.0081,74686000,74686000,None,0.041,0.08,29513000,286834000,0.43,2023-12-31,24.57,653717000,870680000.0,355953000,-142440000,-5551000,38391000,38391000,None,521000,None,138109000,None,None,1956247000,None,None,359813000,None,None,None,0.08,1270020000,326094000,29859000,35222000,124027000,None,None,None,None,None,None,None,1.87,2.329,1.556,None,None,None,None,None,None,None,0.0477,None,1419472000,2025-11-03,annual,0.51,USD,post-market,37347000,-1105961000,0.0343,0.0725,0.067,26.12,293155000,2140636000,184389000,None,25.46,36.55,18.6047,2955091000,766490000,634732000,2726840000,2188601000,2092107999,2099949000,224301000,32.73,None,47.28,13.89
2025-12-28,AMKR,1.24,6449053000.0,32.73,None,1.996,17.43,908294000,None,206575000,206575000,55597000,-1007169000,147184000,None,-148137000,None,None,-103990000,178000,176385000,None,1743996000,1743996000,326712000,None,None,386584000,None,None,257321000,612702000,0.331,0.0081,55116000,55116000,None,0.041,0.08,29513000,286834000,0.43,2022-12-31,24.57,653717000,870680000.0,355953000,-142440000,-5551000,38391000,38391000,None,521000,None,138109000,None,None,1956247000,None,None,767042000,None,None,None,0.08,1098756000,326094000,29859000,35222000,124027000,None,None,None,None,None,None,None,1.87,2.329,1.556,None,None,None,None,None,5635000,None,0.0477,None,1419472000,2025-11-03,annual,0.51,USD,post-market,37347000,-1105961000,0.0343,0.0725,0.067,26.12,293155000,2140636000,184389000,None,25.46,36.55,18.6047,2955091000,766490000,634732000,2726840000,2188601000,2092107999,2099949000,224301000,32.73,None,47.28,13.89
2025-12-28,AMKR,1.24,6449053000.0,32.73,None,1.996,17.43,779779000,None,206575000,206575000,-30102000,-943879000,147314000,None,-190555000,None,None,-298854000,178000,176385000,None,1743996000,1743996000,326712000,None,None,386584000,None,None,257321000,563582000,0.331,0.0081,51213000,51213000,None,0.041,0.08,29513000,286834000,0.43,2021-12-31,24.57,653717000,870680000.0,355953000,-142440000,-5551000,38391000,38391000,None,521000,None,138109000,None,None,1956247000,None,None,645607000,None,None,None,0.08,1121295000,326094000,29859000,35222000,124027000,None,None,None,None,None,None,None,1.87,2.329,1.556,None,None,None,None,None,-12787000,None,0.0477,None,1419472000,2025-11-03,annual,0.51,USD,post-market,37347000,-1105961000,0.0343,0.0725,0.067,26.12,293155000,2140636000,184389000,None,25.46,36.55,18.6047,2955091000,766490000,634732000,2726840000,2188601000,2092107999,2099949000,224301000,32.73,None,47.28,13.89
2025-12-28,AMKR,1.24,6449053000.0,32.73,None,1.996,17.43,553021000,None,206575000,206575000,-333719000,-638705000,-202391000,None,-75499000,None,None,-106693000,178000,176385000,None,1743996000,1743996000,326712000,None,None,386584000,None,None,257321000,510396000,0.331,0.0081,51213000,51213000,None,0.041,0.08,29513000,286834000,0.43,2020-12-31,24.57,653717000,870680000.0,355953000,-142440000,-5551000,38391000,38391000,None,521000,None,138109000,None,None,1956247000,None,None,340499000,None,None,None,0.08,770033000,326094000,29859000,35222000,124027000,None,None,None,None,None,None,None,1.87,2.329,1.556,None,None,None,None,None,17611000,None,0.0477,None,1419472000,2025-11-03,annual,0.51,USD,post-market,37347000,-1105961000,0.0343,0.0725,0.067,26.12,293155000,2140636000,184389000,None,25.46,36.55,18.6047,2955091000,766490000,634732000,2726840000,2188601000,2092107999,2099949000,224301000,32.73,None,47.28,13.89
2025-12-28,AMKR,1.24,6449053000.0,32.73,None,1.996,17.43,472433000,None,206575000,206575000,108250000,-462489000,209611000,None,10208000,None,None,-124140000,178000,176385000,None,1743996000,1743996000,326712000,None,None,386584000,None,None,257321000,524177000,0.331,0.0081,51213000,51213000,None,0.041,0.08,29513000,286834000,0.43,2019-12-31,24.57,653717000,870680000.0,355953000,-142440000,-5551000,38391000,38391000,None,521000,None,138109000,None,None,1956247000,None,None,122628000,None,None,None,0.08,563850000,326094000,29859000,35222000,124027000,None,None,None,None,None,None,None,1.87,2.329,1.556,None,None,None,None,None,11405000,None,0.0477,None,1419472000,2025-11-03,annual,0.51,USD,post-market,37347000,-1105961000,0.0343,0.0725,0.067,26.12,293155000,2140636000,184389000,None,25.46,36.55,18.6047,2955091000,766490000,634732000,2726840000,2188601000,2092107999,2099949000,224301000,32.73,None,47.28,13.89
2025-12-28,AMKR,1.24,6449053000.0,32.73,None,1.996,17.43,547122000,None,206575000,206575000,-40623000,-537383000,85200000,-204000,-16310000,None,None,80571000,178000,176385000,None,1743996000,1743996000,326712000,None,None,386584000,None,None,257321000,571961000,0.331,0.0081,51213000,51213000,None,0.041,0.08,29513000,286834000,0.43,2018-12-31,24.57,653717000,870680000.0,355953000,-142440000,-5551000,38391000,38391000,None,521000,None,138109000,None,None,1956247000,None,None,129565000,None,None,None,0.08,663410000,326094000,29859000,35222000,124027000,None,None,None,None,None,None,None,1.87,2.329,1.556,None,None,None,None,None,1050000,None,0.0477,None,1419472000,2025-11-03,annual,0.51,USD,post-market,37347000,-1105961000,0.0343,0.0725,0.067,26.12,293155000,2140636000,184389000,None,25.46,36.55,18.6047,2955091000,766490000,634732000,2726840000,2188601000,2092107999,2099949000,224301000,32.73,None,47.28,13.89
2025-12-28,AMKR,1.24,6449053000.0,32.73,None,1.996,17.43,550943000,None,206575000,206575000,-124886000,-454832000,47356000,8807000,-54195000,None,None,-118353000,178000,176385000,None,1743996000,1743996000,326712000,None,None,386584000,None,None,257321000,581940000,0.331,0.0081,0,0,None,0.041,0.08,29513000,286834000,0.43,2017-12-31,24.57,653717000,870680000.0,355953000,-142440000,-5551000,38391000,38391000,None,521000,None,138109000,None,None,1956247000,None,None,264888000,None,None,None,0.08,618267000,326094000,29859000,35222000,124027000,None,None,None,None,None,None,None,1.87,2.329,1.556,None,None,None,None,None,3124000,None,0.0477,None,1419472000,2025-11-03,annual,0.51,USD,post-market,37347000,-1105961000,0.0343,0.0725,0.067,26.12,293155000,2140636000,184389000,None,25.46,36.55,18.6047,2955091000,766490000,634732000,2726840000,2188601000,2092107999,2099949000,224301000,32.73,None,47.28,13.89
2025-12-28,AMKR,1.24,6449053000.0,32.73,None,1.996,17.43,650038000,None,206575000,206575000,-112179000,-589427000,28147000,351000,-28397000,None,None,-29126000,178000,176385000,None,1743996000,1743996000,326712000,None,None,386584000,None,None,257321000,555186000,0.331,0.0081,548000,548000,None,0.041,0.08,29513000,286834000,0.43,2016-12-31,24.57,653717000,870680000.0,355953000,-142440000,-5551000,38391000,38391000,None,521000,None,138109000,None,None,1956247000,None,None,167304000,None,None,None,0.08,729402000,326094000,29859000,35222000,124027000,None,None,None,None,None,None,None,1.87,2.329,1.556,None,None,None,None,None,220679000,None,0.0477,None,1419472000,2025-11-03,annual,0.51,USD,post-market,37347000,-1105961000,0.0343,0.0725,0.067,26.12,293155000,2140636000,184389000,None,25.46,36.55,18.6047,2955091000,766490000,634732000,2726840000,2188601000,2092107999,2099949000,224301000,32.73,None,47.28,13.89
2025-12-28,AMKR,1.24,6449053000.0,32.73,None,1.996,17.43,537975000,None,206575000,206575000,9643000,-514362000,73226000,None,27677000,None,None,122840000,178000,176385000,None,1743996000,1743996000,326712000,None,None,386584000,None,None,257321000,494200000,0.331,0.0081,246000,246000,None,0.041,0.08,29513000,286834000,0.43,2015-12-31,24.57,653717000,870680000.0,355953000,-142440000,-5551000,38391000,38391000,None,521000,None,138109000,None,None,1956247000,None,None,60362000,None,None,None,0.08,577945000,326094000,29859000,35222000,124027000,None,None,None,None,None,None,None,1.87,2.329,1.556,None,None,None,None,None,690246000,None,0.0477,None,1419472000,2025-11-03,annual,0.51,USD,post-market,37347000,-1105961000,0.0343,0.0725,0.067,26.12,293155000,2140636000,184389000,None,25.46,36.55,18.6047,2955091000,766490000,634732000,2726840000,2188601000,2092107999,2099949000,224301000,32.73,None,47.28,13.89
2025-12-28,AMKR,1.24,6449053000.0,32.73,None,1.996,17.43,681120000,None,206575000,206575000,-79995000,-694478000,-160496000,68000,-27817000,None,None,-80775000,178000,176385000,None,1743996000,1743996000,326712000,None,None,386584000,None,None,257321000,464706000,0.331,0.0081,0,0,None,0.041,0.08,29513000,286834000,0.43,2014-12-31,24.57,653717000,870680000.0,355953000,-142440000,-5551000,38391000,38391000,None,521000,None,138109000,None,None,1956247000,None,None,133887000,None,None,None,0.08,613909000,326094000,29859000,35222000,124027000,None,None,None,None,None,None,None,1.87,2.329,1.556,None,None,None,None,None,-1579000,None,0.0477,None,1419472000,2025-11-03,annual,0.51,USD,post-market,37347000,-1105961000,0.0343,0.0725,0.067,26.12,293155000,2140636000,184389000,None,25.46,36.55,18.6047,2955091000,766490000,634732000,2726840000,2188601000,2092107999,2099949000,224301000,32.73,None,47.28,13.89
2025-12-28,AMKR,1.24,6449053000.0,32.73,None,1.996,17.43,566256000,None,206575000,206575000,280145000,-640494000,197394000,207000,38248000,None,None,-531000,178000,176385000,None,1743996000,1743996000,326712000,None,None,386584000,None,None,257321000,410346000,0.331,0.0081,0,0,None,0.041,0.08,29513000,286834000,0.43,2013-12-31,24.57,653717000,870680000.0,355953000,-142440000,-5551000,38391000,38391000,None,521000,None,138109000,None,None,1956247000,None,None,111657000,None,None,None,0.08,557536000,326094000,29859000,35222000,124027000,None,None,None,None,None,None,None,1.87,2.329,1.556,None,None,None,None,None,-466000,None,0.0477,None,1419472000,2025-11-03,annual,0.51,USD,post-market,37347000,-1105961000,0.0343,0.0725,0.067,26.12,293155000,2140636000,184389000,None,25.46,36.55,18.6047,2955091000,766490000,634732000,2726840000,2188601000,2092107999,2099949000,224301000,32.73,None,47.28,13.89
2025-12-28,AMKR,1.24,6449053000.0,32.73,None,1.996,17.43,533512000,None,206575000,206575000,110032000,-514021000,-21583000,-557000,-29882000,None,None,-97677000,178000,176385000,None,1743996000,1743996000,326712000,None,None,386584000,None,None,257321000,370479000,0.331,0.0081,667528000,667528000,None,0.041,0.08,29513000,286834000,0.43,2012-12-31,24.57,653717000,870680000.0,355953000,-142440000,-5551000,38391000,38391000,None,521000,None,138109000,None,None,1956247000,None,None,62902000,None,None,None,0.08,382963000,326094000,29859000,35222000,124027000,None,None,None,None,None,None,None,1.87,2.329,1.556,None,None,None,None,None,-80946000,None,0.0477,None,1419472000,2025-11-03,annual,0.51,USD,post-market,37347000,-1105961000,0.0343,0.0725,0.067,26.12,293155000,2140636000,184389000,None,25.46,36.55,18.6047,2955091000,766490000,634732000,2726840000,2188601000,2092107999,2099949000,224301000,32.73,None,47.28,13.89
2025-12-28,AMKR,1.24,6449053000.0,32.73,None,1.996,17.43,466694000,None,206575000,206575000,-58877000,-430534000,None,None,-6912000,None,None,None,178000,176385000,None,1743996000,1743996000,326712000,None,None,386584000,None,None,257321000,335644000,0.331,0.0081,489079000,489079000,None,0.041,0.08,29513000,286834000,0.43,2011-12-31,24.57,653717000,870680000.0,355953000,-142440000,-5551000,38391000,38391000,None,521000,None,138109000,None,None,1956247000,None,None,93095000,None,None,None,0.08,516832000,326094000,29859000,35222000,124027000,None,None,None,None,None,None,None,1.87,2.329,1.556,None,None,None,None,None,-128368000,None,0.0477,None,1419472000,2025-11-03,annual,0.51,USD,post-market,37347000,-1105961000,0.0343,0.0725,0.067,26.12,293155000,2140636000,184389000,None,25.46,36.55,18.6047,2955091000,766490000,634732000,2726840000,2188601000,2092107999,2099949000,224301000,32.73,None,47.28,13.89
2025-12-28,AMKR,1.24,6449053000.0,32.73,None,1.996,17.43,445669000,None,206575000,206575000,-89857000,-444921000,9592000,1775000,-34882000,None,None,-58022000,178000,176385000,None,1743996000,1743996000,326712000,None,None,386584000,None,None,257321000,323608000,0.331,0.0081,0,0,None,0.041,0.08,29513000,286834000,0.43,2010-12-31,24.57,653717000,870680000.0,355953000,-142440000,-5551000,38391000,38391000,None,521000,None,138109000,None,None,1956247000,None,None,232147000,None,None,None,0.08,542595000,326094000,29859000,35222000,124027000,None,None,None,None,None,None,None,1.87,2.329,1.556,None,None,None,None,None,1048000,None,0.0477,None,1419472000,2025-11-03,annual,0.51,USD,post-market,37347000,-1105961000,0.0343,0.0725,0.067,26.12,293155000,2140636000,184389000,None,25.46,36.55,18.6047,2955091000,766490000,634732000,2726840000,2188601000,2092107999,2099949000,224301000,32.73,None,47.28,13.89
2025-12-28,AMKR,1.24,6449053000.0,32.73,None,1.996,17.43,218177000,None,206575000,206575000,-49651000,-240878000,None,None,-20991000,None,None,None,178000,176385000,None,1743996000,1743996000,326712000,None,None,386584000,None,None,257321000,305510000,0.331,0.0081,None,None,None,0.041,0.08,29513000,286834000,0.43,2009-12-31,24.57,653717000,870680000.0,355953000,-142440000,-5551000,38391000,38391000,None,521000,None,138109000,None,None,1956247000,None,None,156283000,None,None,None,0.08,261725000,326094000,29859000,35222000,124027000,None,None,None,None,None,None,None,1.87,2.329,1.556,None,None,None,None,None,None,None,0.0477,None,1419472000,2025-11-03,annual,0.51,USD,post-market,37347000,-1105961000,0.0343,0.0725,0.067,26.12,293155000,2140636000,184389000,None,25.46,36.55,18.6047,2955091000,766490000,634732000,2726840000,2188601000,2092107999,2099949000,224301000,32.73,None,47.28,13.89
2025-12-28,AMKR,1.24,6449053000.0,32.73,None,1.996,17.43,386239000,None,206575000,206575000,-223625000,-371380000,None,None,16696000,None,None,None,178000,176385000,None,1743996000,1743996000,326712000,None,None,386584000,None,None,257321000,309920000,0.331,0.0081,None,None,None,0.041,0.08,29513000,286834000,0.43,2008-12-31,24.57,653717000,870680000.0,355953000,-142440000,-5551000,38391000,38391000,None,521000,None,138109000,None,None,1956247000,None,None,-456695000,None,None,None,0.08,605818000,326094000,29859000,35222000,124027000,None,None,None,None,None,None,None,1.87,2.329,1.556,None,None,None,None,None,None,None,0.0477,None,1419472000,2025-11-03,annual,0.51,USD,post-market,37347000,-1105961000,0.0343,0.0725,0.067,26.12,293155000,2140636000,184389000,None,25.46,36.55,18.6047,2955091000,766490000,634732000,2726840000,2188601000,2092107999,2099949000,224301000,32.73,None,47.28,13.89
2025-12-28,AMKR,1.24,6449053000.0,32.73,None,1.996,17.43,236240000,None,206575000,206575000,-208450000,-231299000,None,None,15516000,None,None,None,178000,176385000,None,1743996000,1743996000,326712000,None,None,386584000,None,None,257321000,288829000,0.331,0.0081,None,None,None,0.041,0.08,29513000,286834000,0.43,2007-12-31,24.57,653717000,870680000.0,355953000,-142440000,-5551000,38391000,38391000,None,521000,None,138109000,None,None,1956247000,None,None,219864000,None,None,None,0.08,603430000,326094000,29859000,35222000,124027000,None,None,None,None,None,None,None,1.87,2.329,1.556,None,None,None,None,None,None,None,0.0477,None,1419472000,2025-11-03,annual,0.51,USD,post-market,37347000,-1105961000,0.0343,0.0725,0.067,26.12,293155000,2140636000,184389000,None,25.46,36.55,18.6047,2955091000,766490000,634732000,2726840000,2188601000,2092107999,2099949000,224301000,32.73,None,47.28,13.89
2025-12-28,AMKR,1.24,6449053000.0,32.73,None,1.996,17.43,315873000,None,206575000,206575000,-169231000,-314797000,None,None,-32250000,None,None,None,178000,176385000,None,1743996000,1743996000,326712000,None,None,386584000,None,None,257321000,285765000,0.331,0.0081,None,None,None,0.041,0.08,29513000,286834000,0.43,2006-12-31,24.57,653717000,870680000.0,355953000,-142440000,-5551000,38391000,38391000,None,521000,None,138109000,None,None,1956247000,None,None,170084000,None,None,None,0.08,523630000,326094000,29859000,35222000,124027000,None,None,None,None,None,None,None,1.87,2.329,1.556,None,None,None,None,None,None,None,0.0477,None,1419472000,2025-11-03,annual,0.51,USD,post-market,37347000,-1105961000,0.0343,0.0725,0.067,26.12,293155000,2140636000,184389000,None,25.46,36.55,18.6047,2955091000,766490000,634732000,2726840000,2188601000,2092107999,2099949000,224301000,32.73,None,47.28,13.89
2025-12-28,AMKR,1.24,6449053000.0,32.73,None,1.996,17.43,295943000,None,206575000,206575000,47683000,-307010000,None,None,-38499000,None,None,None,178000,176385000,None,1743996000,1743996000,326712000,None,None,386584000,None,None,257321000,257321000,0.331,0.0081,None,None,None,0.041,0.08,29513000,286834000,0.43,2005-12-31,24.57,653717000,870680000.0,355953000,-142440000,-5551000,38391000,38391000,None,521000,None,138109000,None,None,1956247000,None,None,-136889000,None,None,None,0.08,97112000,326094000,29859000,35222000,124027000,None,None,None,None,None,None,None,1.87,2.329,1.556,None,None,None,None,None,None,None,0.0477,None,1419472000,2025-11-03,annual,0.51,USD,post-market,37347000,-1105961000,0.0343,0.0725,0.067,26.12,293155000,2140636000,184389000,None,25.46,36.55,18.6047,2955091000,766490000,634732000,2726840000,2188601000,2092107999,2099949000,224301000,32.73,None,47.28,13.89
