date,symbol,eps,revenue_ttm,pe_ratio,accumulateddepreciationamortizationppe,beta,book_value,capitalexpenditures,capitalleaseobligations,cashandcashequivalentsatcarryingvalue,cashandshortterminvestments,cashflowfromfinancing,cashflowfrominvestment,changeincashandcashequivalents,changeinexchangerate,changeininventory,changeinoperatingassets,changeinoperatingliabilities,changeinreceivables,commonstock,commonstocksharesoutstanding,comprehensiveincomenetoftax,costofgoodsandservicessold,costofrevenue,currentaccountspayable,currentdebt,currentlongtermdebt,currentnetreceivables,deferredrevenue,depreciation,depreciationandamortization,depreciationdepletionandamortization,dividend_per_share,dividend_yield,dividendpayout,dividendpayoutcommonstock,dividendpayoutpreferredstock,earnings_growth_yoy,earnings_surprise,ebit,ebitda,estimated_eps,fiscaldateending,forward_pe,goodwill,gross_profit_ttm,grossprofit,incomebeforetax,incometaxexpense,intangibleassets,intangibleassetsexcludinggoodwill,interestanddebtexpense,interestexpense,interestincome,inventory,investmentincomenet,investments,longtermdebt,longtermdebtnoncurrent,longterminvestments,netincome,netincomefromcontinuingoperations,netinterestincome,noninterestincome,operating_margin_ttm,operatingcashflow,operatingexpenses,operatingincome,othercurrentassets,othercurrentliabilities,othernoncurrentassets,othernoncurrentliabilities,othernonoperatingincome,paymentsforoperatingactivities,paymentsforrepurchaseofcommonstock,paymentsforrepurchaseofequity,paymentsforrepurchaseofpreferredstock,peg_ratio,price_to_book,price_to_sales_ttm,proceedsfromissuanceofcommonstock,proceedsfromissuanceoflongtermdebtandcapitalsecuritiesnet,proceedsfromissuanceofpreferredstock,proceedsfromoperatingactivities,proceedsfromrepaymentsofshorttermdebt,proceedsfromrepurchaseofequity,proceedsfromsaleoftreasurystock,profit_margin,profitloss,propertyplantequipment,report_date,report_type,reported_eps,reportedcurrency,reporttime,researchanddevelopment,retainedearnings,return_on_assets_ttm,return_on_equity_ttm,revenue_growth_yoy,revenue_per_share_ttm,sellinggeneralandadministrative,shortlongtermdebttotal,shorttermdebt,shortterminvestments,sma_200,sma_50,surprise_pct,totalassets,totalcurrentassets,totalcurrentliabilities,totalliabilities,totalnoncurrentassets,totalnoncurrentliabilities,totalrevenue,totalshareholderequity,trailing_pe,treasurystock,week_52_high,week_52_low
2005-09-30,AMP,,,,,,,,,,,,,,,,,,,,,,,,,,,,,,,,,,,,,,0.17,,,0.63,,,,,,,,,,,,,,,,,,,,,,,,,,,,,,,,,,,,,,,,,,,,,,,,,2005-10-24,,0.8,,pre-market,,,,,,,,,,,,,26.9841,,,,,,,,,,,,
2005-12-31,AMP,,,,,,,,,,,,,,,,,,,,,,,,,,,,,,,,,,,,,,0.03,,,0.74,,,,,,,,,,,,,,,,,,,,,,,,,,,,,,,,,,,,,,,,,,,,,,,,,2006-01-26,,0.77,,post-market,,,,,,,,,,,,,4.0541,,,,,,,,,,,,
2006-03-31,AMP,,,,,,,,,,,,,,,,,,,,,,,,,,,,,,,,,,,,,,0.0,,,0.75,,,,,,,,,,,,,,,,,,,,,,,,,,,,,,,,,,,,,,,,,,,,,,,,,2006-04-25,,0.75,,post-market,,,,,,,,,,,,,0.0,,,,,,,,,,,,
2006-06-30,AMP,,,,,,,,,,,,,,,,,,,,,,,,,,,,,,,,,,,,,,0.01,,,0.78,,,,,,,,,,,,,,,,,,,,,,,,,,,,,,,,,,,,,,,,,,,,,,,,,2006-07-25,,0.79,,post-market,,,,,,,,,,,,,1.2821,,,,,,,,,,,,
2006-09-30,AMP,,,,,,,,,,,,,,,,,,,,,,,,,,,,,,,,,,,,,,0.14,,,0.8,,,,,,,,,,,,,,,,,,,,,,,,,,,,,,,,,,,,,,,,,,,,,,,,,2006-10-24,,0.94,,post-market,,,,,,,,,,,,,17.5,,,,,,,,,,,,
2006-12-31,AMP,,,,,,,,,,,,,,,,,,,,,,,,,,,,,,,,,,,,,,0.18,,,0.84,,,,,,,,,,,,,,,,,,,,,,,,,,,,,,,,,,,,,,,,,,,,,,,,,2007-01-25,,1.02,,post-market,,,,,,,,,,,,,21.4286,,,,,,,,,,,,
2007-03-31,AMP,,,,,,,,,,,,,,,,,,,,,,,,,,,,,,,,,,,,,,0.02,,,0.88,,,,,,,,,,,,,,,,,,,,,,,,,,,,,,,,,,,,,,,,,,,,,,,,,2007-04-24,,0.9,,post-market,,,,,,,,,,,,,2.2727,,,,,,,,,,,,
2007-06-30,AMP,,,,,,,,,,,,,,,,,,,,,,,,,,,,,,,,,,,,,,0.04,,,0.94,,,,,,,,,,,,,,,,,,,,,,,,,,,,,,,,,,,,,,,,,,,,,,,,,2007-07-25,,0.98,,post-market,,,,,,,,,,,,,4.2553,,,,,,,,,,,,
2007-09-30,AMP,,,,,,,,,,,,,,,,,,,,,,,,,,,,,,,,,,,,,,0.0,,,0.99,,,,,,,,,,,,,,,,,,,,,,,,,,,,,,,,,,,,,,,,,,,,,,,,,2007-10-24,,0.99,,post-market,,,,,,,,,,,,,0.0,,,,,,,,,,,,
2007-12-31,AMP,,,,,,,,,,,,,,,,,,,,,,,,,,,,,,,,,,,,,,0.13,,,1.03,,,,,,,,,,,,,,,,,,,,,,,,,,,,,,,,,,,,,,,,,,,,,,,,,2008-01-24,,1.16,,post-market,,,,,,,,,,,,,12.6214,,,,,,,,,,,,
2008-03-31,AMP,,,,,,,,,,,,,,,,,,,,,,,,,,,,,,,,,,,,,,-0.18,,,1.0,,,,,,,,,,,,,,,,,,,,,,,,,,,,,,,,,,,,,,,,,,,,,,,,,2008-04-22,,0.82,,post-market,,,,,,,,,,,,,-18.0,,,,,,,,,,,,
2008-06-30,AMP,,,,,,,,,,,,,,,,,,,,,,,,,,,,,,,,,,,,,,0.14,,,0.87,,,,,,,,,,,,,,,,,,,,,,,,,,,,,,,,,,,,,,,,,,,,,,,,,2008-07-23,,1.01,,post-market,,,,,,,,,,,,,16.092,,,,,,,,,,,,
2008-09-30,AMP,,,,,,,,,,,,,,,,,,,,,,,,,,,,,,,,,,,,,,0.26,,,0.78,,,,,,,,,,,,,,,,,,,,,,,,,,,,,,,,,,,,,,,,,,,,,,,,,2008-10-29,,1.04,,post-market,,,,,,,,,,,,,33.3333,,,,,,,,,,,,
2008-12-31,AMP,,,,,,,,,,,,,,,,,,,,,,,,,,,,,,,,,,,,,,0.36,,,0.44,,,,,,,,,,,,,,,,,,,,,,,,,,,,,,,,,,,,,,,,,,,,,,,,,2009-01-28,,0.8,,post-market,,,,,,,,,,,,,81.8182,,,,,,,,,,,,
2009-03-31,AMP,,,,,,,,,,,,,,,,,,,,,,,,,,,,,,,,,,,,,,0.29,,,0.34,,,,,,,,,,,,,,,,,,,,,,,,,,,,,,,,,,,,,,,,,,,,,,,,,2009-04-21,,0.63,,post-market,,,,,,,,,,,,,85.2941,,,,,,,,,,,,
2009-06-30,AMP,,,,,,,,,,,,,,,,,,,,,,,,,,,,,,,,,,,,,,0.04,,,0.54,,,,,,,,,,,,,,,,,,,,,,,,,,,,,,,,,,,,,,,,,,,,,,,,,2009-07-23,,0.58,,post-market,,,,,,,,,,,,,7.4074,,,,,,,,,,,,
2009-09-30,AMP,,,,,,,,,,,,,,,,,,,,,,,,,,,,,,,,,,,,,,0.39,,,0.64,,,,,,,,,,,,,,,,,,,,,,,,,,,,,,,,,,,,,,,,,,,,,,,,,2009-10-21,,1.03,,post-market,,,,,,,,,,,,,60.9375,,,,,,,,,,,,
2009-12-31,AMP,,,,,,,,,,,,,,,,,,,,,,,,,,,,,,,,,,,,,,0.14,,,0.77,,,,,,,,,,,,,,,,,,,,,,,,,,,,,,,,,,,,,,,,,,,,,,,,,2010-02-03,,0.91,,post-market,,,,,,,,,,,,,18.1818,,,,,,,,,,,,
2010-03-31,AMP,,,,,,,,,,,,,,,,,,,,,,,,,,,,,,,,,,,,,,0.0,,,0.81,,,,,,,,,,,,,,,,,,,,,,,,,,,,,,,,,,,,,,,,,,,,,,,,,2010-04-26,,0.81,,post-market,,,,,,,,,,,,,0.0,,,,,,,,,,,,
2010-06-30,AMP,,,,,,,,,,,,,,,,,,,,,,,,,,,,,,,,,,,,,,0.33,,,0.77,,,,,,,,,,,,,,,,,,,,,,,,,,,,,,,,,,,,,,,,,,,,,,,,,2010-07-28,,1.1,,post-market,,,,,,,,,,,,,42.8571,,,,,,,,,,,,
2010-09-30,AMP,,,,,,,,,,,,,,,,,,,,,,,,,,,,,,,,,,,,,,0.31,,,1.06,,,,,,,,,,,,,,,,,,,,,,,,,,,,,,,,,,,,,,,,,,,,,,,,,2010-10-27,,1.37,,post-market,,,,,,,,,,,,,29.2453,,,,,,,,,,,,
2010-12-31,AMP,,,,,,,,,,,,,,,,,,,,,,,,,,,,,,,,,,,,,,-0.1,,,1.31,,,,,,,,,,,,,,,,,,,,,,,,,,,,,,,,,,,,,,,,,,,,,,,,,2011-02-02,,1.21,,post-market,,,,,,,,,,,,,-7.6336,,,,,,,,,,,,
2011-03-31,AMP,,,,,,,,,,,,,,,,,,,,,,,,,,,,,,,,,,,,,,0.03,,,1.32,,,,,,,,,,,,,,,,,,,,,,,,,,,,,,,,,,,,,,,,,,,,,,,,,2011-04-25,,1.35,,post-market,,,,,,,,,,,,,2.2727,,,,,,,,,,,,
2011-06-30,AMP,,,,,,,,,,,,,,,,,,,,,,,,,,,,,,,,,,,,,,-0.01,,,1.32,,,,,,,,,,,,,,,,,,,,,,,,,,,,,,,,,,,,,,,,,,,,,,,,,2011-07-27,,1.31,,post-market,,,,,,,,,,,,,-0.7576,,,,,,,,,,,,
2011-09-30,AMP,,,,,,,,,,,,,,,,,,,,,,,,,,,,,,,,,,,,,,-0.17,,,1.21,,,,,,,,,,,,,,,,,,,,,,,,,,,,,,,,,,,,,,,,,,,,,,,,,2011-10-26,,1.04,,post-market,,,,,,,,,,,,,-14.0496,,,,,,,,,,,,
2011-12-31,AMP,,,,,,,,,,,,,,,,,,,,,,,,,,,,,,,,,,,,,,-0.04,,,1.37,,,,,,,,,,,,,,,,,,,,,,,,,,,,,,,,,,,,,,,,,,,,,,,,,2012-02-01,,1.33,,post-market,,,,,,,,,,,,,-2.9197,,,,,,,,,,,,
2012-03-31,AMP,,,,,,,,,,,,,,,,,,,,,,,,,,,,,,,,,,,,,,0.05,,,1.4,,,,,,,,,,,,,,,,,,,,,,,,,,,,,,,,,,,,,,,,,,,,,,,,,2012-04-23,,1.45,,post-market,,,,,,,,,,,,,3.5714,,,,,,,,,,,,
2012-06-30,AMP,,,,,,,,,,,,,,,,,,,,,,,,,,,,,,,,,,,,,,-0.2,,,1.33,,,,,,,,,,,,,,,,,,,,,,,,,,,,,,,,,,,,,,,,,,,,,,,,,2012-07-25,,1.13,,post-market,,,,,,,,,,,,,-15.0376,,,,,,,,,,,,
2012-09-30,AMP,,,,,,,,,,,,,,,,,,,,,,,,,,,,,,,,,,,,,,0.07,,,1.25,,,,,,,,,,,,,,,,,,,,,,,,,,,,,,,,,,,,,,,,,,,,,,,,,2012-10-24,,1.32,,post-market,,,,,,,,,,,,,5.6,,,,,,,,,,,,
2012-12-31,AMP,,,,,,,,,,,,,,,,,,,,,,,,,,,,,,,,,,,,,,0.24,,,1.47,,,,,,,,,,,,,,,,,,,,,,,,,,,,,,,,,,,,,,,,,,,,,,,,,2013-01-30,,1.71,,post-market,,,,,,,,,,,,,16.3265,,,,,,,,,,,,
2013-03-31,AMP,,,,,,,,,,,,,,,,,,,,,,,,,,,,,,,,,,,,,,0.03,,,1.56,,,,,,,,,,,,,,,,,,,,,,,,,,,,,,,,,,,,,,,,,,,,,,,,,2013-04-22,,1.59,,post-market,,,,,,,,,,,,,1.9231,,,,,,,,,,,,
2013-06-30,AMP,,,,,,,,,,,,,,,,,,,,,,,,,,,,,,,,,,,,,,0.07,,,1.62,,,,,,,,,,,,,,,,,,,,,,,,,,,,,,,,,,,,,,,,,,,,,,,,,2013-07-24,,1.69,,post-market,,,,,,,,,,,,,4.321,,,,,,,,,,,,
2013-09-30,AMP,,,,,,,,,,,,,,,,,,,,,,,,,,,,,,,,,,,,,,0.19,,,1.72,,,,,,,,,,,,,,,,,,,,,,,,,,,,,,,,,,,,,,,,,,,,,,,,,2013-10-29,,1.91,,post-market,,,,,,,,,,,,,11.0465,,,,,,,,,,,,
2013-12-31,AMP,,,,,,,,,,,,,,,,,,,,,,,,,,,,,,,,,,,,,,0.06,,,1.81,,,,,,,,,,,,,,,,,,,,,,,,,,,,,,,,,,,,,,,,,,,,,,,,,2014-02-04,,1.87,,post-market,,,,,,,,,,,,,3.3149,,,,,,,,,,,,
2014-03-31,AMP,,,,,,,,,,,,,,,,,,,,,,,,,,,,,,,,,,,,,,0.15,,,1.89,,,,,,,,,,,,,,,,,,,,,,,,,,,,,,,,,,,,,,,,,,,,,,,,,2014-04-28,,2.04,,post-market,,,,,,,,,,,,,7.9365,,,,,,,,,,,,
2014-06-30,AMP,,,,,,,,,,,,,,,,,,,,,,,,,,,,,,,,,,,,,,0.07,,,2.01,,,,,,,,,,,,,,,,,,,,,,,,,,,,,,,,,,,,,,,,,,,,,,,,,2014-07-29,,2.08,,post-market,,,,,,,,,,,,,3.4826,,,,,,,,,,,,
2014-09-30,AMP,,,,,,,,,,,,,,,,,,,,,,,,,,,,,,,,,,,,,,0.14,,,1.96,,,,,,,,,,,,,,,,,,,,,,,,,,,,,,,,,,,,,,,,,,,,,,,,,2014-10-28,,2.1,,post-market,,,,,,,,,,,,,7.1429,,,,,,,,,,,,
2014-12-31,AMP,,,,,,,,,,,,,,,,,,,,,,,,,,,,,,,,,,,,,,0.09,,,2.21,,,,,,,,,,,,,,,,,,,,,,,,,,,,,,,,,,,,,,,,,,,,,,,,,2015-01-28,,2.3,,post-market,,,,,,,,,,,,,4.0724,,,,,,,,,,,,
2015-03-31,AMP,,,,,,,,,,,,,,,,,,,,,,,,,,,,,,,,,,,,,,-0.15,,,2.33,,,,,,,,,,,,,,,,,,,,,,,,,,,,,,,,,,,,,,,,,,,,,,,,,2015-04-22,,2.18,,post-market,,,,,,,,,,,,,-6.4378,,,,,,,,,,,,
2015-06-30,AMP,,,,,,,,,,,,,,,,,,,,,,,,,,,,,,,,,,,,,,0.06,,,2.27,,,,,,,,,,,,,,,,,,,,,,,,,,,,,,,,,,,,,,,,,,,,,,,,,2015-07-22,,2.33,,post-market,,,,,,,,,,,,,2.6432,,,,,,,,,,,,
2015-09-30,AMP,,,,,,,,,,,,,,,,,,,,,,,,,,,,,,,,,,,,,,0.06,,,2.29,,,,,,,,,,,,,,,,,,,,,,,,,,,,,,,,,,,,,,,,,,,,,,,,,2015-10-21,,2.35,,post-market,,,,,,,,,,,,,2.6201,,,,,,,,,,,,
2015-12-31,AMP,,,,,,,,,,,,,,,,,,,,,,,,,,,,,,,,,,,,,,0.12,,,2.35,,,,,,,,,,,,,,,,,,,,,,,,,,,,,,,,,,,,,,,,,,,,,,,,,2016-01-27,,2.47,,post-market,,,,,,,,,,,,,5.1064,,,,,,,,,,,,
2016-03-31,AMP,,,,,,,,,,,,,,,,,,,,,,,,,,,,,,,,,,,,,,-0.01,,,2.18,,,,,,,,,,,,,,,,,,,,,,,,,,,,,,,,,,,,,,,,,,,,,,,,,2016-04-27,,2.17,,post-market,,,,,,,,,,,,,-0.4587,,,,,,,,,,,,
2016-06-30,AMP,,,,,,,,,,,,,,,,,,,,,,,,,,,,,,,,,,,,,,-0.03,,,2.26,,,,,,,,,,,,,,,,,,,,,,,,,,,,,,,,,,,,,,,,,,,,,,,,,2016-07-26,,2.23,,post-market,,,,,,,,,,,,,-1.3274,,,,,,,,,,,,
2016-09-30,AMP,,,,,,,,,,,,,,,,,,,,,,,,,,,,,,,,,,,,,,-1.05,,,2.42,,,,,,,,,,,,,,,,,,,,,,,,,,,,,,,,,,,,,,,,,,,,,,,,,2016-10-25,,1.37,,post-market,,,,,,,,,,,,,-43.3884,,,,,,,,,,,,
2016-12-31,AMP,,,,,,,,,,,,,,,,,,,,,,,,,,,,,,,,,,,,,,0.31,,,2.42,,,,,,,,,,,,,,,,,,,,,,,,,,,,,,,,,,,,,,,,,,,,,,,,,2017-02-01,,2.73,,post-market,,,,,,,,,,,,,12.8099,,,,,,,,,,,,
2017-03-31,AMP,,,,,,,,,,,,,,,,,,,,,,,,,,,,,,,,,,,,,,0.18,,,2.52,,,,,,,,,,,,,,,,,,,,,,,,,,,,,,,,,,,,,,,,,,,,,,,,,2017-04-24,,2.7,,post-market,,,,,,,,,,,,,7.1429,,,,,,,,,,,,
2017-06-30,AMP,,,,,,,,,,,,,,,,,,,,,,,,,,,,,,,,,,,,,,0.18,,,2.62,,,,,,,,,,,,,,,,,,,,,,,,,,,,,,,,,,,,,,,,,,,,,,,,,2017-07-25,,2.8,,post-market,,,,,,,,,,,,,6.8702,,,,,,,,,,,,
2017-09-30,AMP,,,,,,,,,,,,,,,,,,,,,,,,,,,,,,,,,,,,,,0.72,,,2.81,,,,,,,,,,,,,,,,,,,,,,,,,,,,,,,,,,,,,,,,,,,,,,,,,2017-10-24,,3.53,,post-market,,,,,,,,,,,,,25.6228,,,,,,,,,,,,
2017-12-31,AMP,,,,,,,,,,,,,,,,,,,,,,,,,,,,,,,,,,,,,,0.24,,,0.94,,,,,,,,,,,,,,,,,,,,,,,,,,,,,,,,,,,,,,,,,,,,,,,,,2018-01-24,,1.18,,post-market,,,,,,,,,,,,,25.5319,,,,,,,,,,,,
2018-03-31,AMP,,,,,,,,,,,,,,,,,,,,,,,,,,,,,,,,,,,,,,0.24,,,3.46,,,,,,,,,,,,,,,,,,,,,,,,,,,,,,,,,,,,,,,,,,,,,,,,,2018-04-23,,3.7,,post-market,,,,,,,,,,,,,6.9364,,,,,,,,,,,,
2018-06-30,AMP,,,,,,,,,,,,,,,,,,,,,,,,,,,,,,,,,,,,,,0.12,,,3.48,,,,,,,,,,,,,,,,,,,,,,,,,,,,,,,,,,,,,,,,,,,,,,,,,2018-07-24,,3.6,,post-market,,,,,,,,,,,,,3.4483,,,,,,,,,,,,
2018-09-30,AMP,,,,,,,,,,,,,,,,,,,,,,,,,,,,,,,,,,,,,,0.06,,,3.68,,,,,,,,,,,,,,,,,,,,,,,,,,,,,,,,,,,,,,,,,,,,,,,,,2018-10-23,,3.74,,post-market,,,,,,,,,,,,,1.6304,,,,,,,,,,,,
2018-12-31,AMP,,,,,,,,,,,,,,,,,,,,,,,,,,,,,,,,,,,,,,0.21,,,3.59,,,,,,,,,,,,,,,,,,,,,,,,,,,,,,,,,,,,,,,,,,,,,,,,,2019-01-30,,3.8,,post-market,,,,,,,,,,,,,5.8496,,,,,,,,,,,,
2019-03-31,AMP,,,,,,,,,,,,,,,,,,,,,,,,,,,,,,,,,,,,,,0.09,,,3.66,,,,,,,,,,,,,,,,,,,,,,,,,,,,,,,,,,,,,,,,,,,,,,,,,2019-04-24,,3.75,,post-market,,,,,,,,,,,,,2.459,,,,,,,,,,,,
2019-06-30,AMP,,,,,,,,,,,,,,,,,,,,,,,,,,,,,,,,,,,,,,0.01,,,4.05,,,,,,,,,,,,,,,,,,,,,,,,,,,,,,,,,,,,,,,,,,,,,,,,,2019-07-24,,4.06,,post-market,,,,,,,,,,,,,0.2469,,,,,,,,,,,,
2019-09-30,AMP,,,,,,,,,,,,,,,,,,,,,,,,,,,,,,,,,,,,,,0.03,,,4.09,,,,,,,,,,,,,,,,,,,,,,,,,,,,,,,,,,,,,,,,,,,,,,,,,2019-10-23,,4.12,,post-market,,,,,,,,,,,,,0.7335,,,,,,,,,,,,
2019-12-31,AMP,,,,,,,,,,,,,,,,,,,,,,,,,,,,,,,,,,,,,,-0.06,,,4.26,,,,,,,,,,,,,,,,,,,,,,,,,,,,,,,,,,,,,,,,,,,,,,,,,2020-01-29,,4.2,,post-market,,,,,,,,,,,,,-1.4085,,,,,,,,,,,,
2020-03-31,AMP,,,,,,,,,,,,,,,,,,,,,,,,,,,,,,,,,,,,,,1.48,,,3.93,,,,,,,,,,,,,,,,,,,,,,,,,,,,,,,,,,,,,,,,,,,,,,,,,2020-05-06,,5.41,,post-market,,,,,,,,,,,,,37.659,,,,,,,,,,,,
2020-06-30,AMP,,,,,,,,,,,,,,,,,,,,,,,,,,,,,,,,,,,,,,0.11,,,2.53,,,,,,,,,,,,,,,,,,,,,,,,,,,,,,,,,,,,,,,,,,,,,,,,,2020-07-29,,2.64,,post-market,,,,,,,,,,,,,4.3478,,,,,,,,,,,,
2020-09-30,AMP,,,,,,,,,,,,,,,,,,,,,,,,,,,,,,,,,,,,,,0.24,,,1.23,,,,,,,,,,,,,,,,,,,,,,,,,,,,,,,,,,,,,,,,,,,,,,,,,2020-10-28,,1.47,,post-market,,,,,,,,,,,,,19.5122,,,,,,,,,,,,
2020-12-31,AMP,,,,,,,,,,,,,,,,,,,,,,,,,,,,,,,,,,,,,,-0.01,,,4.54,,,,,,,,,,,,,,,,,,,,,,,,,,,,,,,,,,,,,,,,,,,,,,,,,2021-01-27,,4.53,,post-market,,,,,,,,,,,,,-0.2203,,,,,,,,,,,,
2021-03-31,AMP,,,,,,,,,,,,,,,,,,,,,,,,,,,,,,,,,,,,,,0.72,,,4.71,,,,,,,,,,,,,,,,,,,,,,,,,,,,,,,,,,,,,,,,,,,,,,,,,2021-04-26,,5.43,,post-market,,,,,,,,,,,,,15.2866,,,,,,,,,,,,
2021-06-30,AMP,,,,,,,,,,,,,,,,,,,,,,,,,,,,,,,,,,,,,,0.07,,,5.2,,,,,,,,,,,,,,,,,,,,,,,,,,,,,,,,,,,,,,,,,,,,,,,,,2021-07-26,,5.27,,post-market,,,,,,,,,,,,,1.3462,,,,,,,,,,,,
2021-09-30,AMP,,,,,,,,,,,,,,,,,,,,,,,,,,,,,,,,,,,,,,0.37,,,5.49,,,,,,,,,,,,,,,,,,,,,,,,,,,,,,,,,,,,,,,,,,,,,,,,,2021-10-26,,5.86,,post-market,,,,,,,,,,,,,6.7395,,,,,,,,,,,,
2021-12-31,AMP,,,,,,,,,,,,,,,,,,,,,,,,,,,,,,,,,,,,,,0.42,,,5.73,,,,,,,,,,,,,,,,,,,,,,,,,,,,,,,,,,,,,,,,,,,,,,,,,2022-01-26,,6.15,,post-market,,,,,,,,,,,,,7.3298,,,,,,,,,,,,
2022-03-31,AMP,,,,,,,,,,,,,,,,,,,,,,,,,,,,,,,,,,,,,,0.08,,,5.9,,,,,,,,,,,,,,,,,,,,,,,,,,,,,,,,,,,,,,,,,,,,,,,,,2022-04-25,,5.98,,post-market,,,,,,,,,,,,,1.3559,,,,,,,,,,,,
2022-06-30,AMP,,,,,,,,,,,,,,,,,,,,,,,,,,,,,,,,,,,,,,0.26,,,5.55,,,,,,,,,,,,,,,,,,,,,,,,,,,,,,,,,,,,,,,,,,,,,,,,,2022-07-26,,5.81,,post-market,,,,,,,,,,,,,4.6847,,,,,,,,,,,,
2022-09-30,AMP,,,,,,,,,,,,,,,,,,,,,,,,,,,,,,,,,,,,,,-0.61,,,5.85,,,,,,,,,,,,,,,,,,,,,,,,,,,,,,,,,,,,,,,,,,,,,,,,,2022-10-25,,5.24,,post-market,,,,,,,,,,,,,-10.4274,,,,,,,,,,,,
2022-12-31,AMP,,,,,,,,,,,,,,,,,,,,,,,,,,,,,,,,,,,,,,0.46,,,6.48,,,,,,,,,,,,,,,,,,,,,,,,,,,,,,,,,,,,,,,,,,,,,,,,,2023-01-25,,6.94,,post-market,,,,,,,,,,,,,7.0988,,,,,,,,,,,,
2023-03-31,AMP,,,,,,,,,,,,,,,,,,,,,,,,,,,,,,,,,,,,,,0.05,,,7.2,,,,,,,,,,,,,,,,,,,,,,,,,,,,,,,,,,,,,,,,,,,,,,,,,2023-04-24,,7.25,,post-market,,,,,,,,,,,,,0.6944,,,,,,,,,,,,
2023-06-30,AMP,,,,,,,,,,,,,,,,,,,,,,,,,,,,,,,,,,,,,,0.05,,,7.39,,,,,,,,,,,,,,,,,,,,,,,,,,,,,,,,,,,,,,,,,,,,,,,,,2023-07-26,,7.44,,post-market,,,,,,,,,,,,,0.6766,,,,,,,,,,,,
2023-09-30,AMP,,,,,,,,,,,,,,,,,,,,,,,,,,,,,,,,,,,,,,0.08,,,7.6,,,,,,,,,,,,,,,,,,,,,,,,,,,,,,,,,,,,,,,,,,,,,,,,,2023-10-25,,7.68,,post-market,,,,,,,,,,,,,1.0526,,,,,,,,,,,,
2023-12-31,AMP,,,,,,,,,,,,,,,,,,,,,,,,,,,,,,,,,,,,,,-0.5,,,7.7,,,,,,,,,,,,,,,,,,,,,,,,,,,,,,,,,,,,,,,,,,,,,,,,,2024-01-24,,7.2,,post-market,,,,,,,,,,,,,-6.4935,,,,,,,,,,,,
2024-03-31,AMP,,,,,,,,,,,,,,,,,,,,,,,,,,,,,,,,,,,,,,0.19,,,8.2,,,,,,,,,,,,,,,,,,,,,,,,,,,,,,,,,,,,,,,,,,,,,,,,,2024-04-22,,8.39,,post-market,,,,,,,,,,,,,2.3171,,,,,,,,,,,,
2024-06-30,AMP,,,,,,,,,,,,,,,,,,,,,,,,,,,,,,,,,,,,,,0.0,,,8.53,,,,,,,,,,,,,,,,,,,,,,,,,,,,,,,,,,,,,,,,,,,,,,,,,2024-07-24,,8.53,,post-market,,,,,,,,,,,,,0.0,,,,,,,,,,,,
2024-09-30,AMP,,,,,,,,,,,,,,,,,,,,,,,,,,,,,,,,,,,,,,-0.82,,,8.92,,,,,,,,,,,,,,,,,,,,,,,,,,,,,,,,,,,,,,,,,,,,,,,,,2024-10-23,,8.1,,post-market,,,,,,,,,,,,,-9.1928,,,,,,,,,,,,
2024-12-31,AMP,,,,,,,,,,,,,,,,,,,,,,,,,,,,,,,,,,,,,,1.79,,,8.79,,,,,,,,,,,,,,,,,,,,,,,,,,,,,,,,,,,,,,,,,,,,,,,,,2025-01-29,,10.58,,post-market,,,,,,,,,,,,,20.3641,,,,,,,,,,,,
2025-03-31,AMP,,,,,,,,,,,,,,,,,,,,,,,,,,,,,,,,,,,,,,0.42,,,9.08,,,,,,,,,,,,,,,,,,,,,,,,,,,,,,,,,,,,,,,,,,,,,,,,,2025-04-24,,9.5,,pre-market,,,,,,,,,,,,,4.6256,,,,,,,,,,,,
2025-06-30,AMP,,,,,,,,,,,,,,,,,,,,,,,,,,,,,,,,,,,,,,0.11,,,9.0,,,,,,,,,,,,,,,,,,,,,,,,,,,,,,,,,,,,,,,,,,,,,,,,,2025-07-24,,9.11,,pre-market,,,,,,,,,,,,,1.2222,,,,,,,,,,,,
2025-09-30,AMP,,,,,,,,,,,,,,,,,,,,,,,,,,,,,,,,,,,,,,-0.28,,,9.61,,,,,,,,,,,,,,,,,,,,,,,,,,,,,,,,,,,,,,,,,,,,,,,,,2025-10-30,,9.33,,pre-market,,,,,,,,,,,,,-2.9136,,,,,,,,,,,,
2025-12-28,AMP,36.33,18513000000.0,13.81,,1.263,69.31,,,,,,,,,,,,,,,,,,,,,,,,,,6.16,0.0123,,,,0.866,-0.28,,,9.61,,12.25,,10509000000.0,,,,,,,,,,,,,,,,,,,0.373,,,,,,,,,,,,,1.775,7.22,2.555,,,,,,,,0.196,,,2025-10-30,,9.33,,pre-market,,,0.0222,0.596,0.073,189.2,,,,,493.58,469.93,-2.9136,,,,,,,,,13.81,,574.69,392.21
2025-12-28,AMP,36.33,18513000000.0,13.81,,1.263,69.31,,,,,,,,,,,,,,,None,2317000000,2317000000,,,,,,None,-19000000,,6.16,0.0123,,,,0.866,-0.28,1277000000,1258000000,9.61,2025-09-30,12.25,,10509000000.0,2557000000,1174000000,262000000,,,None,82000000,102000000,,None,,,,,912000000,912000000,-84000000,None,0.373,,1299000000,1258000000,,,,,None,,,,,1.775,7.22,2.555,,,,,,,,0.196,,,2025-10-30,quarterly,9.33,USD,pre-market,None,,0.0222,0.596,0.073,189.2,975000000,,,,493.58,469.93,-2.9136,,,,,,,4874000000,,13.81,,574.69,392.21
2025-12-28,AMP,36.33,18513000000.0,13.81,,1.263,69.31,,,,,,,,,,,,,,,None,82000000,82000000,,,,,,None,-27000000,,6.16,0.0123,,,,0.866,-0.28,1433000000,1406000000,9.61,2025-06-30,12.25,,10509000000.0,-197000000,1351000000,291000000,,,None,82000000,115000000,,None,,,,,1060000000,1060000000,-82000000,None,0.373,,3024000000,1351000000,,,,,None,,,,,1.775,7.22,2.555,,,,,,,,0.196,,,2025-10-30,quarterly,9.33,USD,pre-market,None,,0.0222,0.596,0.073,189.2,2543000000,,,,493.58,469.93,-2.9136,,,,,,,4375000000,,13.81,,574.69,392.21
2025-12-28,AMP,36.33,18513000000.0,13.81,,1.263,69.31,,,,,,,,,,,,,,,None,80000000,80000000,,,,,,None,-27000000,,6.16,0.0123,,,,0.866,-0.28,767000000,740000000,9.61,2025-03-31,12.25,,10509000000.0,-207000000,687000000,104000000,,,None,80000000,127000000,,None,,,,,583000000,583000000,-80000000,None,0.373,,3667000000,687000000,,,,,None,,,,,1.775,7.22,2.555,,,,,,,,0.196,,,2025-10-30,quarterly,9.33,USD,pre-market,None,,0.0222,0.596,0.073,189.2,2528000000,,,,493.58,469.93,-2.9136,,,,,,,4354000000,,13.81,,574.69,392.21
2025-12-28,AMP,36.33,18513000000.0,13.81,,1.263,69.31,,,,,,,,,,,,,,,None,77000000,77000000,,,,,,None,-34000000,,6.16,0.0123,,,,0.866,-0.28,1429000000,1395000000,9.61,2024-12-31,12.25,,10509000000.0,-225000000,1352000000,281000000,,,None,77000000,148000000,,None,,,,,1071000000,1071000000,-77000000,None,0.373,,3149000000,1352000000,,,,,None,,,,,1.775,7.22,2.555,,,,,,,,0.196,,,2025-10-30,quarterly,9.33,USD,pre-market,None,,0.0222,0.596,0.073,189.2,2627000000,,,,493.58,469.93,-2.9136,,,,,,,4501000000,,13.81,,574.69,392.21
2025-12-28,AMP,36.33,18513000000.0,13.81,,1.263,69.31,,,,,,,,,,,,,,,None,87000000,87000000,,,,,,None,-36000000,,6.16,0.0123,,,,0.866,-0.28,732000000,696000000,9.61,2024-09-30,12.25,,10509000000.0,4397000000,645000000,134000000,,,None,87000000,163000000,,None,,,,,511000000,511000000,-87000000,None,0.373,,3752000000,645000000,,,,,None,,,,,1.775,7.22,2.555,,,,,,,,0.196,,,2025-10-30,quarterly,9.33,USD,pre-market,None,,0.0222,0.596,0.073,189.2,2514000000,,,,493.58,469.93,-2.9136,,,,,,,4397000000,,13.81,,574.69,392.21
2025-12-28,AMP,36.33,18513000000.0,13.81,,1.263,69.31,,,,,,,,,,,,,,,None,83000000,83000000,,,,,,None,-47000000,,6.16,0.0123,,,,0.866,-0.28,1134000000,1087000000,9.61,2024-06-30,12.25,,10509000000.0,4220000000,1051000000,222000000,,,None,83000000,172000000,,None,,,,,829000000,829000000,-83000000,None,0.373,,3169000000,1051000000,,,,,None,,,,,1.775,7.22,2.555,,,,,,,,0.196,,,2025-10-30,quarterly,9.33,USD,pre-market,None,,0.0222,0.596,0.073,189.2,2407000000,,,,493.58,469.93,-2.9136,,,,,,,4220000000,,13.81,,574.69,392.21
2025-12-28,AMP,36.33,18513000000.0,13.81,,1.263,69.31,,,,,,,,,,,,,,,None,82000000,82000000,,,,,,None,-42000000,,6.16,0.0123,,,,0.866,-0.28,1301000000,1259000000,9.61,2024-03-31,12.25,,10509000000.0,4146000000,1219000000,229000000,,,None,82000000,179000000,,None,,,,,990000000,990000000,-82000000,None,0.373,,2927000000,1219000000,,,,,None,,,,,1.775,7.22,2.555,,,,,,,,0.196,,,2025-10-30,quarterly,9.33,USD,pre-market,None,,0.0222,0.596,0.073,189.2,960000000,,,,493.58,469.93,-2.9136,,,,,,,4146000000,,13.81,,574.69,392.21
2025-12-28,AMP,36.33,18513000000.0,13.81,,1.263,69.31,,,,,,,,,,,,,,,None,1970000000,1970000000,,,,,,None,-1196000000,,6.16,0.0123,,,,0.866,-0.28,578000000,538000000,9.61,2023-12-31,12.25,,10509000000.0,2198000000,494000000,117000000,,,None,84000000,176000000,,None,,,,,377000000,377000000,-84000000,None,0.373,,1002000000,1196000000,,,,,None,,,,,1.775,7.22,2.555,,,,,,,,0.196,,,2025-10-30,quarterly,9.33,USD,pre-market,None,,0.0222,0.596,0.073,189.2,947000000,,,,493.58,469.93,-2.9136,,,,,,,4168000000,,13.81,,574.69,392.21
2025-12-28,AMP,36.33,18513000000.0,13.81,,1.263,69.31,,,,,,,,,,,,,,,None,1479000000,1479000000,,,,,,None,-1659000000,,6.16,0.0123,,,,0.866,-0.28,1201000000,1157000000,9.61,2023-09-30,12.25,,10509000000.0,2597000000,1117000000,245000000,,,None,84000000,151000000,,None,,,,,872000000,872000000,-84000000,None,0.373,,938000000,1659000000,,,,,None,,,,,1.775,7.22,2.555,,,,,,,,0.196,,,2025-10-30,quarterly,9.33,USD,pre-market,None,,0.0222,0.596,0.073,189.2,938000000,,,,493.58,469.93,-2.9136,,,,,,,4076000000,,13.81,,574.69,392.21
2025-12-28,AMP,36.33,18513000000.0,13.81,,1.263,69.31,,,,,,,,,,,,,,,None,1636000000,1636000000,,,,,,None,-1429000000,,6.16,0.0123,,,,0.866,-0.28,1211000000,1176000000,9.61,2023-06-30,12.25,,10509000000.0,2371000000,1127000000,237000000,,,None,84000000,131000000,,None,,,,,890000000,890000000,-84000000,None,0.373,,942000000,1429000000,,,,,None,,,,,1.775,7.22,2.555,,,,,,,,0.196,,,2025-10-30,quarterly,9.33,USD,pre-market,None,,0.0222,0.596,0.073,189.2,942000000,,,,493.58,469.93,-2.9136,,,,,,,4007000000,,13.81,,574.69,392.21
2025-12-28,AMP,36.33,18513000000.0,13.81,,1.263,69.31,,,,,,,,,,,,,,,None,1589000000,1589000000,,,,,,None,-1329000000,,6.16,0.0123,,,,0.866,-0.28,568000000,533000000,9.61,2023-03-31,12.25,,10509000000.0,2256000000,496000000,79000000,,,None,72000000,561000000,,None,,,,,417000000,417000000,-72000000,None,0.373,,927000000,1329000000,,,,,None,,,,,1.775,7.22,2.555,,,,,,,,0.196,,,2025-10-30,quarterly,9.33,USD,pre-market,None,,0.0222,0.596,0.073,189.2,927000000,,,,493.58,469.93,-2.9136,,,,,,,3845000000,,13.81,,574.69,392.21
2025-12-28,AMP,36.33,18513000000.0,13.81,,1.263,69.31,,,,,,,,,,,,,,,None,1585000000,1585000000,,,,,,None,24500000,,6.16,0.0123,,,,0.866,-0.28,1192000000,1216500000,9.61,2022-12-31,12.25,,10509000000.0,2134000000,817000000,168000000,,,None,62000000,62000000,,None,,,,,649000000,494000000,-62000000,None,0.373,,942000000,1192000000,,,,,None,,,,,1.775,7.22,2.555,,,,,,,,0.196,,,2025-10-30,quarterly,9.33,USD,pre-market,None,,0.0222,0.596,0.073,189.2,881000000,,,,493.58,469.93,-2.9136,,,,,,,3719000000,,13.81,,574.69,392.21
2025-12-28,AMP,36.33,18513000000.0,13.81,,1.263,69.31,,,,,,,,,,,,,,,None,1337000000,1337000000,,,,,,None,8000000,,6.16,0.0123,,,,0.866,-0.28,1248000000,1256000000,9.61,2022-09-30,12.25,,10509000000.0,2162000000,1335000000,274000000,,,None,52000000,52000000,,None,,,,,1061000000,548000000,-52000000,None,0.373,,914000000,1248000000,,,,,None,,,,,1.775,7.22,2.555,,,,,,,,0.196,,,2025-10-30,quarterly,9.33,USD,pre-market,None,,0.0222,0.596,0.073,189.2,914000000,,,,493.58,469.93,-2.9136,,,,,,,3499000000,,13.81,,574.69,392.21
2025-12-28,AMP,36.33,18513000000.0,13.81,,1.263,69.31,,,,,,,,,,,,,,,None,1110000000,1110000000,,,,,,None,8000000,,6.16,0.0123,,,,0.866,-0.28,1499000000,1507000000,9.61,2022-06-30,12.25,,10509000000.0,2379000000,773000000,159000000,,,None,44000000,3000000,,None,,,,,614000000,756000000,-189000000,None,0.373,,880000000,1499000000,,,,,None,,,,,1.775,7.22,2.555,,,,,,,,0.196,,,2025-10-30,quarterly,9.33,USD,pre-market,None,,0.0222,0.596,0.073,189.2,880000000,,,,493.58,469.93,-2.9136,,,,,,,3489000000,,13.81,,574.69,392.21
2025-12-28,AMP,36.33,18513000000.0,13.81,,1.263,69.31,,,,,,,,,,,,,,,None,1397000000,1397000000,,,,,,None,24500000,,6.16,0.0123,,,,0.866,-0.28,1293000000,1317500000,9.61,2022-03-31,12.25,,10509000000.0,2230000000,1006000000,181000000,,,None,40000000,2000000,,None,,,,,825000000,761000000,-181000000,None,0.373,,937000000,1293000000,,,,,None,,,,,1.775,7.22,2.555,,,,,,,,0.196,,,2025-10-30,quarterly,9.33,USD,pre-market,None,,0.0222,0.596,0.073,189.2,937000000,,,,493.58,469.93,-2.9136,,,,,,,3627000000,,13.81,,574.69,392.21
2025-12-28,AMP,36.33,18513000000.0,13.81,,1.263,69.31,,,,,,,,,,,,,,,None,1747000000,1747000000,,,,,,None,3000000,,6.16,0.0123,,,,0.866,-0.28,1073000000,1076000000,9.61,2021-12-31,12.25,,10509000000.0,2015000000,866000000,165000000,,,None,42000000,2000000,,None,,,,,701000000,701000000,-42000000,None,0.373,,942000000,1073000000,,,,,None,,,,,1.775,7.22,2.555,,,,,,,,0.196,,,2025-10-30,quarterly,9.33,USD,pre-market,None,,0.0222,0.596,0.073,189.2,885000000,,,,493.58,469.93,-2.9136,,,,,,,3762000000,,13.81,,574.69,392.21
2025-12-28,AMP,36.33,18513000000.0,13.81,,1.263,69.31,,,,,,,,,,,,,,,None,575000000,575000000,,,,,,None,31666635,,6.16,0.0123,,,,0.866,-0.28,1516000000,1547666635,9.61,2021-09-30,12.25,,10509000000.0,2331000000,1270000000,239000000,,,None,64000000,64000000,,None,,,,,1031000000,1031000000,-67000000,None,0.373,,815000000,1516000000,,,,,None,,,,,1.775,7.22,2.555,,,,,,,,0.196,,,2025-10-30,quarterly,9.33,USD,pre-market,None,,0.0222,0.596,0.073,189.2,815000000,,,,493.58,469.93,-2.9136,,,,,,,2906000000,,13.81,,574.69,392.21
2025-12-28,AMP,36.33,18513000000.0,13.81,,1.263,69.31,,,,,,,,,,,,,,,None,1700000000,1700000000,,,,,,None,60000000,,6.16,0.0123,,,,0.866,-0.28,897000000,957000000,9.61,2021-06-30,12.25,,10509000000.0,1720000000,721000000,130000000,,,None,43000000,43000000,,None,,,,,591000000,591000000,-45000000,None,0.373,,823000000,897000000,,,,,None,,,,,1.775,7.22,2.555,,,,,,,,0.196,,,2025-10-30,quarterly,9.33,USD,pre-market,None,,0.0222,0.596,0.073,189.2,823000000,,,,493.58,469.93,-2.9136,,,,,,,3420000000,,13.81,,574.69,392.21
2025-12-28,AMP,36.33,18513000000.0,13.81,,1.263,69.31,,,,,,,,,,,,,,,None,1833000000,1833000000,,,,,,None,60000000,,6.16,0.0123,,,,0.866,-0.28,699000000,759000000,9.61,2021-03-31,12.25,,10509000000.0,1522000000,493000000,56000000,,,None,42000000,42000000,,None,,,,,437000000,437000000,-47000000,None,0.373,,823000000,699000000,,,,,None,,,,,1.775,7.22,2.555,,,,,,,,0.196,,,2025-10-30,quarterly,9.33,USD,pre-market,None,,0.0222,0.596,0.073,189.2,823000000,,,,493.58,469.93,-2.9136,,,,,,,3355000000,,13.81,,574.69,392.21
2025-12-28,AMP,36.33,18513000000.0,13.81,,1.263,69.31,,,,,,,,,,,,,,,None,2006000000,2006000000,,,,,,None,57000000,,6.16,0.0123,,,,0.866,-0.28,355000000,412000000,9.61,2020-12-31,12.25,,10509000000.0,1183000000,190000000,13000000,,,None,38000000,38000000,,None,,,,,177000000,177000000,-44000000,None,0.373,,828000000,355000000,,,,,None,,,,,1.775,7.22,2.555,,,,,,,,0.196,,,2025-10-30,quarterly,9.33,USD,pre-market,None,,0.0222,0.596,0.073,189.2,771000000,,,,493.58,469.93,-2.9136,,,,,,,3189000000,,13.81,,574.69,392.21
2025-12-28,AMP,36.33,18513000000.0,13.81,,1.263,69.31,,,,,,,,,,,,,,,None,2217000000,2217000000,,,,,,None,54000000,,6.16,0.0123,,,,0.866,-0.28,34000000,88000000,9.61,2020-09-30,12.25,,10509000000.0,796000000,-184000000,-44000000,,,None,37000000,37000000,,None,,,,,-140000000,-140000000,-47000000,None,0.373,,762000000,34000000,,,,,None,,,,,1.775,7.22,2.555,,,,,,,,0.196,,,2025-10-30,quarterly,9.33,USD,pre-market,None,,0.0222,0.596,0.073,189.2,762000000,,,,493.58,469.93,-2.9136,,,,,,,3013000000,,13.81,,574.69,392.21
2025-12-28,AMP,36.33,18513000000.0,13.81,,1.263,69.31,,,,,,,,,,,,,,,None,2159000000,2159000000,,,,,,None,49000000,,6.16,0.0123,,,,0.866,-0.28,-203000000,-154000000,9.61,2020-06-30,12.25,,10509000000.0,571000000,-526000000,13000000,,,None,41000000,41000000,,None,,,,,-539000000,-539000000,-59000000,None,0.373,,774000000,-203000000,,,,,None,,,,,1.775,7.22,2.555,,,,,,,,0.196,,,2025-10-30,quarterly,9.33,USD,pre-market,None,,0.0222,0.596,0.073,189.2,774000000,,,,493.58,469.93,-2.9136,,,,,,,2730000000,,13.81,,574.69,392.21
2025-12-28,AMP,36.33,18513000000.0,13.81,,1.263,69.31,,,,,,,,,,,,,,,None,240000000,240000000,,,,,,None,47000000,,6.16,0.0123,,,,0.866,-0.28,2514000000,2561000000,9.61,2020-03-31,12.25,,10509000000.0,3266000000,2351000000,315000000,,,None,46000000,46000000,,None,,,,,2036000000,2036000000,-71000000,None,0.373,,752000000,2514000000,,,,,None,,,,,1.775,7.22,2.555,,,,,,,,0.196,,,2025-10-30,quarterly,9.33,USD,pre-market,None,,0.0222,0.596,0.073,189.2,752000000,,,,493.58,469.93,-2.9136,,,,,,,3506000000,,13.81,,574.69,392.21
2025-12-28,AMP,36.33,18513000000.0,13.81,,1.263,69.31,,,,,,,,,,,,,,,None,1712000000,1712000000,,,,,,None,51000000,,6.16,0.0123,,,,0.866,-0.28,552000000,603000000,9.61,2019-12-31,12.25,,10509000000.0,1385000000,534000000,71000000,,,None,50000000,50000000,,None,,,,,463000000,463000000,-80000000,None,0.373,,833000000,552000000,,,,,213000000,,,,,1.775,7.22,2.555,,,,,,,,0.196,,,2025-10-30,quarterly,9.33,USD,pre-market,None,,0.0222,0.596,0.073,189.2,833000000,,,,493.58,469.93,-2.9136,,,,,,,3097000000,,13.81,,574.69,392.21
2025-12-28,AMP,36.33,18513000000.0,13.81,,1.263,69.31,,,,,,,,,,,,,,,None,1677000000,1677000000,,,,,,None,41000000,,6.16,0.0123,,,,0.866,-0.28,856000000,897000000,9.61,2019-09-30,12.25,,10509000000.0,1674000000,641000000,98000000,,,None,52000000,52000000,,None,,,,,543000000,543000000,-86000000,None,0.373,,818000000,856000000,,,,,None,,,,,1.775,7.22,2.555,,,,,,,,0.196,,,2025-10-30,quarterly,9.33,USD,pre-market,None,,0.0222,0.596,0.073,189.2,818000000,,,,493.58,469.93,-2.9136,,,,,,,3351000000,,13.81,,574.69,392.21
2025-12-28,AMP,36.33,18513000000.0,13.81,,1.263,69.31,,,,,,,,,,,,,,,None,1590000000,1590000000,,,,,,None,45000000,,6.16,0.0123,,,,0.866,-0.28,871000000,916000000,9.61,2019-06-30,12.25,,10509000000.0,1692000000,587000000,95000000,,,None,59000000,59000000,,None,,,,,492000000,492000000,-96000000,None,0.373,,821000000,871000000,,,,,None,,,,,1.775,7.22,2.555,,,,,,,,0.196,,,2025-10-30,quarterly,9.33,USD,pre-market,None,,0.0222,0.596,0.073,189.2,821000000,,,,493.58,469.93,-2.9136,,,,,,,3282000000,,13.81,,574.69,392.21
2025-12-28,AMP,36.33,18513000000.0,13.81,,1.263,69.31,,,,,,,,,,,,,,,None,1586000000,1586000000,,,,,,None,46000000,,6.16,0.0123,,,,0.866,-0.28,766000000,812000000,9.61,2019-03-31,12.25,,10509000000.0,1567000000,470000000,75000000,,,None,53000000,None,,None,,,,,395000000,395000000,-88000000,None,0.373,,801000000,766000000,,,,,None,,,,,1.775,7.22,2.555,,,,,,,,0.196,,,2025-10-30,quarterly,9.33,USD,pre-market,None,,0.0222,0.596,0.073,189.2,801000000,,,,493.58,469.93,-2.9136,,,,,,,3153000000,,13.81,,574.69,392.21
2025-12-28,AMP,36.33,18513000000.0,13.81,,1.263,69.31,,,,,,,,,,,,,,,None,1496000000,1496000000,,,,,,None,46000000,,6.16,0.0123,,,,0.866,-0.28,920000000,966000000,9.61,2018-12-31,12.25,,10509000000.0,1712000000,652000000,113000000,,,None,64000000,None,,None,,,,,539000000,539000000,None,None,0.373,,792000000,920000000,,,,,None,,,,,1.775,7.22,2.555,,,,,,,,0.196,,,2025-10-30,quarterly,9.33,USD,pre-market,0,,0.0222,0.596,0.073,189.2,792000000,,,,493.58,469.93,-2.9136,,,,,,,3208000000,,13.81,,574.69,392.21
2025-12-28,AMP,36.33,18513000000.0,13.81,,1.263,69.31,,,,,,,,,,,,,,,None,1674000000,1674000000,,,,,,None,45000000,,6.16,0.0123,,,,0.866,-0.28,840000000,885000000,9.61,2018-09-30,12.25,,10509000000.0,1642000000,588000000,85000000,,,None,50000000,None,,None,,,,,503000000,503000000,None,None,0.373,,802000000,840000000,,,,,None,,,,,1.775,7.22,2.555,,,,,,,,0.196,,,2025-10-30,quarterly,9.33,USD,pre-market,0,,0.0222,0.596,0.073,189.2,802000000,,,,493.58,469.93,-2.9136,,,,,,,3316000000,,13.81,,574.69,392.21
2025-12-28,AMP,36.33,18513000000.0,13.81,,1.263,69.31,,,,,,,,,,,,,,,None,1600000000,1600000000,,,,,,None,51000000,,6.16,0.0123,,,,0.866,-0.28,828000000,879000000,9.61,2018-06-30,12.25,,10509000000.0,1616000000,548000000,86000000,,,None,80000000,None,,None,,,,,462000000,462000000,None,None,0.373,,788000000,828000000,,,,,None,,,,,1.775,7.22,2.555,,,,,,,,0.196,,,2025-10-30,quarterly,9.33,USD,pre-market,0,,0.0222,0.596,0.073,189.2,788000000,,,,493.58,469.93,-2.9136,,,,,,,3216000000,,13.81,,574.69,392.21
2025-12-28,AMP,36.33,18513000000.0,13.81,,1.263,69.31,,,,,,,,,,,,,,,None,1491000000,1491000000,,,,,,None,56000000,,6.16,0.0123,,,,0.866,-0.28,904000000,960000000,9.61,2018-03-31,12.25,,10509000000.0,1693000000,696000000,102000000,,,None,51000000,None,,None,,,,,594000000,594000000,None,None,0.373,,789000000,904000000,,,,,None,,,,,1.775,7.22,2.555,,,,,,,,0.196,,,2025-10-30,quarterly,9.33,USD,pre-market,0,,0.0222,0.596,0.073,189.2,789000000,,,,493.58,469.93,-2.9136,,,,,,,3184000000,,13.81,,574.69,392.21
2025-12-28,AMP,36.33,18513000000.0,13.81,,1.263,69.31,,,,,,,,,,,,,,,None,1552000000,1552000000,,,,,,None,58000000,,6.16,0.0123,,,,0.866,-0.28,813000000,871000000,9.61,2017-12-31,12.25,,10509000000.0,1642000000,595000000,418000000,,,None,53000000,None,,None,,,,,181000000,181000000,None,None,0.373,,829000000,813000000,,,,,None,,,,,1.775,7.22,2.555,,,,,,,,0.196,,,2025-10-30,quarterly,9.33,USD,pre-market,0,,0.0222,0.596,0.073,189.2,745000000,,,,493.58,469.93,-2.9136,,,,,,,3194000000,,13.81,,574.69,392.21
2025-12-28,AMP,36.33,18513000000.0,13.81,,1.263,69.31,,,,,,,,,,,,,,,None,1372000000,1372000000,,,,,,None,55000000,,6.16,0.0123,,,,0.866,-0.28,874000000,929000000,9.61,2017-09-30,12.25,,10509000000.0,1654000000,633000000,126000000,,,None,52000000,None,,None,,,,,507000000,503000000,None,None,0.373,,780000000,874000000,,,,,None,,,,,1.775,7.22,2.555,,,,,,,,0.196,,,2025-10-30,quarterly,9.33,USD,pre-market,0,,0.0222,0.596,0.073,189.2,780000000,,,,493.58,469.93,-2.9136,,,,,,,3026000000,,13.81,,574.69,392.21
2025-12-28,AMP,36.33,18513000000.0,13.81,,1.263,69.31,,,,,,,,,,,,,,,None,1511000000,1511000000,,,,,,None,58000000,,6.16,0.0123,,,,0.866,-0.28,746000000,804000000,9.61,2017-06-30,12.25,,10509000000.0,1513000000,511000000,118000000,,,None,52000000,None,,None,,,,,393000000,393000000,None,None,0.373,,767000000,746000000,,,,,None,,,,,1.775,7.22,2.555,,,,,,,,0.196,,,2025-10-30,quarterly,9.33,USD,pre-market,0,,0.0222,0.596,0.073,189.2,767000000,,,,493.58,469.93,-2.9136,,,,,,,3024000000,,13.81,,574.69,392.21
2025-12-28,AMP,36.33,18513000000.0,13.81,,1.263,69.31,,,,,,,,,,,,,,,None,1462000000,1462000000,,,,,,None,63000000,,6.16,0.0123,,,,0.866,-0.28,697000000,760000000,9.61,2017-03-31,12.25,,10509000000.0,1474000000,475000000,72000000,,,None,50000000,None,,None,,,,,403000000,404000000,None,None,0.373,,777000000,697000000,,,,,None,,,,,1.775,7.22,2.555,,,,,,,,0.196,,,2025-10-30,quarterly,9.33,USD,pre-market,0,,0.0222,0.596,0.073,189.2,777000000,,,,493.58,469.93,-2.9136,,,,,,,2936000000,,13.81,,574.69,392.21
2025-12-28,AMP,36.33,18513000000.0,13.81,,1.263,69.31,,,,,,,,,,,,,,,None,1598000000,1598000000,,,,,,None,61000000,,6.16,0.0123,,,,0.866,-0.28,722000000,783000000,9.61,2016-12-31,12.25,,10509000000.0,1478000000,469000000,69000000,,,None,81000000,None,,None,,,,,400000000,398000000,None,None,0.373,,756000000,722000000,,,,,None,,,,,1.775,7.22,2.555,,,,,,,,0.196,,,2025-10-30,quarterly,9.33,USD,pre-market,0,,0.0222,0.596,0.073,189.2,697000000,,,,493.58,469.93,-2.9136,,,,,,,3076000000,,13.81,,574.69,392.21
2025-12-28,AMP,36.33,18513000000.0,13.81,,1.263,69.31,,,,,,,,,,,,,,,None,1816000000,1816000000,,,,,,None,60000000,,6.16,0.0123,,,,0.866,-0.28,463000000,523000000,9.61,2016-09-30,12.25,,10509000000.0,1194000000,238000000,23000000,,,None,52000000,None,,None,,,,,215000000,215000000,None,None,0.373,,731000000,463000000,,,,,None,,,,,1.775,7.22,2.555,,,,,,,,0.196,,,2025-10-30,quarterly,9.33,USD,pre-market,0,,0.0222,0.596,0.073,189.2,731000000,,,,493.58,469.93,-2.9136,,,,,,,3010000000,,13.81,,574.69,392.21
2025-12-28,AMP,36.33,18513000000.0,13.81,,1.263,69.31,,,,,,,,,,,,,,,None,1487000000,1487000000,,,,,,None,62000000,,6.16,0.0123,,,,0.866,-0.28,652000000,714000000,9.61,2016-06-30,12.25,,10509000000.0,1392000000,410000000,75000000,,,None,53000000,None,,None,,,,,335000000,335000000,None,None,0.373,,740000000,652000000,,,,,None,,,,,1.775,7.22,2.555,,,,,,,,0.196,,,2025-10-30,quarterly,9.33,USD,pre-market,0,,0.0222,0.596,0.073,189.2,740000000,,,,493.58,469.93,-2.9136,,,,,,,2879000000,,13.81,,574.69,392.21
2025-12-28,AMP,36.33,18513000000.0,13.81,,1.263,69.31,,,,,,,,,,,,,,,None,1362000000,1362000000,,,,,,None,65000000,,6.16,0.0123,,,,0.866,-0.28,685000000,750000000,9.61,2016-03-31,12.25,,10509000000.0,1412000000,475000000,111000000,,,None,55000000,None,,None,,,,,364000000,366000000,None,None,0.373,,727000000,685000000,,,,,None,,,,,1.775,7.22,2.555,,,,,,,,0.196,,,2025-10-30,quarterly,9.33,USD,pre-market,0,,0.0222,0.596,0.073,189.2,727000000,,,,493.58,469.93,-2.9136,,,,,,,2774000000,,13.81,,574.69,392.21
2025-12-28,AMP,36.33,18513000000.0,13.81,,1.263,69.31,,,,,,,,,,,,,,,None,1582000000,1582000000,,,,,,None,63000000,,6.16,0.0123,,,,0.866,-0.28,729000000,792000000,9.61,2015-12-31,12.25,,10509000000.0,1523000000,446000000,66000000,,,None,116000000,None,,None,,,,,357000000,380000000,None,None,0.373,,794000000,729000000,,,,,None,,,,,1.775,7.22,2.555,,,,,,,,0.196,,,2025-10-30,quarterly,9.33,USD,pre-market,0,,0.0222,0.596,0.073,189.2,727000000,,,,493.58,469.93,-2.9136,,,,,,,3105000000,,13.81,,574.69,392.21
2025-12-28,AMP,36.33,18513000000.0,13.81,,1.263,69.31,,,,,,,,,,,,,,,None,1410000000,1410000000,,,,,,None,62000000,,6.16,0.0123,,,,0.866,-0.28,739000000,801000000,9.61,2015-09-30,12.25,,10509000000.0,1483000000,463000000,111000000,,,None,98000000,None,,None,,,,,397000000,352000000,None,None,0.373,,744000000,739000000,,,,,None,,,,,1.775,7.22,2.555,,,,,,,,0.196,,,2025-10-30,quarterly,9.33,USD,pre-market,0,,0.0222,0.596,0.073,189.2,744000000,,,,493.58,469.93,-2.9136,,,,,,,2893000000,,13.81,,574.69,392.21
2025-12-28,AMP,36.33,18513000000.0,13.81,,1.263,69.31,,,,,,,,,,,,,,,None,1472000000,1472000000,,,,,,None,57000000,,6.16,0.0123,,,,0.866,-0.28,864000000,921000000,9.61,2015-06-30,12.25,,10509000000.0,1656000000,615000000,139000000,,,None,89000000,None,,None,,,,,415000000,476000000,None,None,0.373,,792000000,864000000,,,,,None,,,,,1.775,7.22,2.555,,,,,,,,0.196,,,2025-10-30,quarterly,9.33,USD,pre-market,0,,0.0222,0.596,0.073,189.2,792000000,,,,493.58,469.93,-2.9136,,,,,,,3128000000,,13.81,,574.69,392.21
2025-12-28,AMP,36.33,18513000000.0,13.81,,1.263,69.31,,,,,,,,,,,,,,,None,1427000000,1427000000,,,,,,None,66000000,,6.16,0.0123,,,,0.866,-0.28,888000000,954000000,9.61,2015-03-31,12.25,,10509000000.0,1640000000,618000000,139000000,,,None,84000000,None,,None,,,,,393000000,479000000,None,None,0.373,,752000000,888000000,,,,,None,,,,,1.775,7.22,2.555,,,,,,,,0.196,,,2025-10-30,quarterly,9.33,USD,pre-market,0,,0.0222,0.596,0.073,189.2,752000000,,,,493.58,469.93,-2.9136,,,,,,,3067000000,,13.81,,574.69,392.21
2025-12-28,AMP,36.33,18513000000.0,13.81,,1.263,69.31,,,,,,,,,,,,,,,None,1481000000,1481000000,,,,,,None,61000000,,6.16,0.0123,,,,0.866,-0.28,840000000,901000000,9.61,2014-12-31,12.25,,10509000000.0,1615000000,558000000,104000000,,,None,91000000,None,,None,,,,,425000000,454000000,None,None,0.373,,775000000,840000000,,,,,None,,,,,1.775,7.22,2.555,,,,,,,,0.196,,,2025-10-30,quarterly,9.33,USD,pre-market,0,,0.0222,0.596,0.073,189.2,690000000,,,,493.58,469.93,-2.9136,,,,,,,3096000000,,13.81,,574.69,392.21
2025-12-28,AMP,36.33,18513000000.0,13.81,,1.263,69.31,,,,,,,,,,,,,,,None,1387000000,1387000000,,,,,,None,64000000,,6.16,0.0123,,,,0.866,-0.28,974000000,1038000000,9.61,2014-09-30,12.25,,10509000000.0,1731000000,720000000,155000000,,,None,79000000,None,,None,,,,,420000000,565000000,None,None,0.373,,757000000,974000000,,,,,None,,,,,1.775,7.22,2.555,,,,,,,,0.196,,,2025-10-30,quarterly,9.33,USD,pre-market,0,,0.0222,0.596,0.073,189.2,757000000,,,,493.58,469.93,-2.9136,,,,,,,3118000000,,13.81,,574.69,392.21
2025-12-28,AMP,36.33,18513000000.0,13.81,,1.263,69.31,,,,,,,,,,,,,,,None,1394000000,1394000000,,,,,,None,66000000,,6.16,0.0123,,,,0.866,-0.28,880000000,946000000,9.61,2014-06-30,12.25,,10509000000.0,1685000000,619000000,152000000,,,None,79000000,None,,None,,,,,374000000,467000000,None,None,0.373,,805000000,880000000,,,,,None,,,,,1.775,7.22,2.555,,,,,,,,0.196,,,2025-10-30,quarterly,9.33,USD,pre-market,0,,0.0222,0.596,0.073,189.2,805000000,,,,493.58,469.93,-2.9136,,,,,,,3079000000,,13.81,,574.69,392.21
2025-12-28,AMP,36.33,18513000000.0,13.81,,1.263,69.31,,,,,,,,,,,,,,,None,1323000000,1323000000,,,,,,None,63000000,,6.16,0.0123,,,,0.866,-0.28,922000000,985000000,9.61,2014-03-31,12.25,,10509000000.0,1680000000,650000000,134000000,,,None,79000000,None,,None,,,,,400000000,516000000,None,None,0.373,,758000000,922000000,,,,,None,,,,,1.775,7.22,2.555,,,,,,,,0.196,,,2025-10-30,quarterly,9.33,USD,pre-market,0,,0.0222,0.596,0.073,189.2,758000000,,,,493.58,469.93,-2.9136,,,,,,,3003000000,,13.81,,574.69,392.21
2025-12-28,AMP,36.33,18513000000.0,13.81,,1.263,69.31,,,,,,,,,,,,,,,None,1381000000,1381000000,,,,,,None,64000000,,6.16,0.0123,,,,0.866,-0.28,793000000,857000000,9.61,2013-12-31,12.25,,10509000000.0,1572000000,479000000,97000000,,,None,87000000,None,,None,,,,,296000000,382000000,None,None,0.373,,779000000,793000000,,,,,None,,,,,1.775,7.22,2.555,,,,,,,,0.196,,,2025-10-30,quarterly,9.33,USD,pre-market,0,,0.0222,0.596,0.073,189.2,694000000,,,,493.58,469.93,-2.9136,,,,,,,2953000000,,13.81,,574.69,392.21
2025-12-28,AMP,36.33,18513000000.0,13.81,,1.263,69.31,,,,,,,,,,,,,,,None,1209000000,1209000000,,,,,,None,59000000,,6.16,0.0123,,,,0.866,-0.28,882000000,941000000,9.61,2013-09-30,12.25,,10509000000.0,1612000000,602000000,154000000,,,None,68000000,None,,None,,,,,382000000,448000000,None,None,0.373,,730000000,882000000,,,,,None,,,,,1.775,7.22,2.555,,,,,,,,0.196,,,2025-10-30,quarterly,9.33,USD,pre-market,0,,0.0222,0.596,0.073,189.2,730000000,,,,493.58,469.93,-2.9136,,,,,,,2821000000,,13.81,,574.69,392.21
2025-12-28,AMP,36.33,18513000000.0,13.81,,1.263,69.31,,,,,,,,,,,,,,,None,1314000000,1314000000,,,,,,None,58000000,,6.16,0.0123,,,,0.866,-0.28,668000000,726000000,9.61,2013-06-30,12.25,,10509000000.0,1443000000,402000000,120000000,,,None,60000000,None,,None,,,,,321000000,282000000,None,None,0.373,,775000000,668000000,,,,,None,,,,,1.775,7.22,2.555,,,,,,,,0.196,,,2025-10-30,quarterly,9.33,USD,pre-market,0,,0.0222,0.596,0.073,189.2,775000000,,,,493.58,469.93,-2.9136,,,,,,,2757000000,,13.81,,574.69,392.21
2025-12-28,AMP,36.33,18513000000.0,13.81,,1.263,69.31,,,,,,,,,,,,,,,None,1182000000,1182000000,,,,,,None,58000000,,6.16,0.0123,,,,0.866,-0.28,759000000,817000000,9.61,2013-03-31,12.25,,10509000000.0,1517000000,487000000,121000000,,,None,66000000,None,,None,,,,,335000000,366000000,None,None,0.373,,758000000,759000000,,,,,None,,,,,1.775,7.22,2.555,,,,,,,,0.196,,,2025-10-30,quarterly,9.33,USD,pre-market,0,,0.0222,0.596,0.073,189.2,758000000,,,,493.58,469.93,-2.9136,,,,,,,2699000000,,13.81,,574.69,392.21
2025-12-28,AMP,36.33,18513000000.0,13.81,,1.263,69.31,,,,,,,,,,,,,,,None,1234000000,1234000000,,,,,,None,57000000,,6.16,0.0123,,,,0.866,-0.28,713000000,770000000,9.61,2012-12-31,12.25,,10509000000.0,1450000000,418000000,87000000,,,None,35000000,None,,None,,,,,389000000,331000000,None,None,0.373,,746000000,713000000,,,,,None,,,,,1.775,7.22,2.555,,,,,,,,0.196,,,2025-10-30,quarterly,9.33,USD,pre-market,0,,0.0222,0.596,0.073,189.2,737000000,,,,493.58,469.93,-2.9136,,,,,,,2684000000,,13.81,,574.69,392.21
2025-12-28,AMP,36.33,18513000000.0,13.81,,1.263,69.31,,,,,,,,,,,,,,,None,1276000000,1276000000,,,,,,None,58000000,,6.16,0.0123,,,,0.866,-0.28,494000000,552000000,9.61,2012-09-30,12.25,,10509000000.0,1203000000,199000000,47000000,,,None,68000000,None,,None,,,,,173000000,152000000,None,None,0.373,,718000000,494000000,,,,,None,,,,,1.775,7.22,2.555,,,,,,,,0.196,,,2025-10-30,quarterly,9.33,USD,pre-market,0,,0.0222,0.596,0.073,189.2,709000000,,,,493.58,469.93,-2.9136,,,,,,,2479000000,,13.81,,574.69,392.21
2025-12-28,AMP,36.33,18513000000.0,13.81,,1.263,69.31,,,,,,,,,,,,,,,None,406000000,406000000,,,,,,None,54000000,,6.16,0.0123,,,,0.866,-0.28,371000000,425000000,9.61,2012-06-30,12.25,,10509000000.0,2514000000,299000000,128000000,,,None,72000000,None,,None,,,,,223000000,171000000,None,None,0.373,,2215000000,299000000,,,,,None,,,,,1.775,7.22,2.555,,,,,,,,0.196,,,2025-10-30,quarterly,9.33,USD,pre-market,0,,0.0222,0.596,0.073,189.2,763000000,,,,493.58,469.93,-2.9136,,,,,,,2514000000,,13.81,,574.69,392.21
2025-12-28,AMP,36.33,18513000000.0,13.81,,1.263,69.31,,,,,,,,,,,,,,,None,-11000000,-11000000,,,,,,None,56000000,,6.16,0.0123,,,,0.866,-0.28,391000000,447000000,9.61,2012-03-31,12.25,,10509000000.0,2561000000,322000000,73000000,,,None,69000000,None,,None,,,,,244000000,249000000,None,None,0.373,,2239000000,322000000,,,,,None,,,,,1.775,7.22,2.555,,,,,,,,0.196,,,2025-10-30,quarterly,9.33,USD,pre-market,0,,0.0222,0.596,0.073,189.2,762000000,,,,493.58,469.93,-2.9136,,,,,,,2561000000,,13.81,,574.69,392.21
2025-12-28,AMP,36.33,18513000000.0,13.81,,1.263,69.31,,,,,,,,,,,,,,,None,521000000,521000000,,,,,,None,49000000,,6.16,0.0123,,,,0.866,-0.28,495000000,544000000,9.61,2011-12-31,12.25,,10509000000.0,2629000000,352000000,67000000,,,None,143000000,None,,None,,,,,253000000,356000000,None,None,0.373,,2277000000,352000000,,,,,None,,,,,1.775,7.22,2.555,,,,,,,,0.196,,,2025-10-30,quarterly,9.33,USD,pre-market,0,,0.0222,0.596,0.073,189.2,2965000000,,,,493.58,469.93,-2.9136,,,,,,,2629000000,,13.81,,574.69,392.21
2025-12-28,AMP,36.33,18513000000.0,13.81,,1.263,69.31,,,,,,,,,,,,,,,None,12000000,12000000,,,,,,None,-6000000,,6.16,0.0123,,,,0.866,-0.28,409000000,403000000,9.61,2011-09-30,12.25,,10509000000.0,2467000000,326000000,109000000,,,None,83000000,None,,None,,,,,324000000,166000000,None,None,0.373,,2141000000,326000000,,,,,None,,,,,1.775,7.22,2.555,,,,,,,,0.196,,,2025-10-30,quarterly,9.33,USD,pre-market,0,,0.0222,0.596,0.073,189.2,725000000,,,,493.58,469.93,-2.9136,,,,,,,2467000000,,13.81,,574.69,392.21
2025-12-28,AMP,36.33,18513000000.0,13.81,,1.263,69.31,,,,,,,,,,,,,,,None,11000000,11000000,,,,,,None,37000000,,6.16,0.0123,,,,0.866,-0.28,495000000,532000000,9.61,2011-06-30,12.25,,10509000000.0,2634000000,409000000,118000000,,,None,86000000,None,,None,,,,,315000000,285000000,None,None,0.373,,2225000000,409000000,,,,,None,,,,,1.775,7.22,2.555,,,,,,,,0.196,,,2025-10-30,quarterly,9.33,USD,pre-market,0,,0.0222,0.596,0.073,189.2,750000000,,,,493.58,469.93,-2.9136,,,,,,,2634000000,,13.81,,574.69,392.21
2025-12-28,AMP,36.33,18513000000.0,13.81,,1.263,69.31,,,,,,,,,,,,,,,None,397000000,397000000,,,,,,None,30000000,,6.16,0.0123,,,,0.866,-0.28,474000000,504000000,9.61,2011-03-31,12.25,,10509000000.0,2545000000,386000000,92000000,,,None,88000000,None,,None,,,,,241000000,223000000,None,None,0.373,,2159000000,386000000,,,,,None,,,,,1.775,7.22,2.555,,,,,,,,0.196,,,2025-10-30,quarterly,9.33,USD,pre-market,0,,0.0222,0.596,0.073,189.2,885000000,,,,493.58,469.93,-2.9136,,,,,,,2545000000,,13.81,,574.69,392.21
2025-12-28,AMP,36.33,18513000000.0,13.81,,1.263,69.31,,,,,,,,,,,,,,,None,479000000,479000000,,,,,,None,31000000,,6.16,0.0123,,,,0.866,-0.28,-339000000,-308000000,9.61,2010-12-31,12.25,,10509000000.0,2692000000,325000000,71000000,,,None,664000000,None,,None,,,,,280000000,254000000,None,None,0.373,,2367000000,325000000,,,,,None,,,,,1.775,7.22,2.555,,,,,,,,0.196,,,2025-10-30,quarterly,9.33,USD,pre-market,0,,0.0222,0.596,0.073,189.2,2868000000,,,,493.58,469.93,-2.9136,,,,,,,2692000000,,13.81,,574.69,392.21
2025-12-28,AMP,36.33,18513000000.0,13.81,,1.263,69.31,,,,,,,,,,,,,,,None,655000000,655000000,,,,,,None,31000000,,6.16,0.0123,,,,0.866,-0.28,520000000,551000000,9.61,2010-09-30,12.25,,10509000000.0,2334000000,446000000,132000000,,,None,74000000,None,,None,,,,,344000000,312000000,None,None,0.373,,1888000000,446000000,,,,,None,,,,,1.775,7.22,2.555,,,,,,,,0.196,,,2025-10-30,quarterly,9.33,USD,pre-market,0,,0.0222,0.596,0.073,189.2,702000000,,,,493.58,469.93,-2.9136,,,,,,,2334000000,,13.81,,574.69,392.21
2025-12-28,AMP,36.33,18513000000.0,13.81,,1.263,69.31,,,,,,,,,,,,,,,None,-191000000,-191000000,,,,,,None,26000000,,6.16,0.0123,,,,0.866,-0.28,536000000,562000000,9.61,2010-06-30,12.25,,10509000000.0,2462000000,462000000,66000000,,,None,74000000,None,,None,,,,,259000000,398000000,None,None,0.373,,2000000000,462000000,,,,,None,,,,,1.775,7.22,2.555,,,,,,,,0.196,,,2025-10-30,quarterly,9.33,USD,pre-market,0,,0.0222,0.596,0.073,189.2,716000000,,,,493.58,469.93,-2.9136,,,,,,,2462000000,,13.81,,574.69,392.21
2025-12-28,AMP,36.33,18513000000.0,13.81,,1.263,69.31,,,,,,,,,,,,,,,None,375000000,375000000,,,,,,None,22000000,,6.16,0.0123,,,,0.866,-0.28,425000000,447000000,9.61,2010-03-31,12.25,,10509000000.0,2271000000,361000000,65000000,,,None,64000000,None,,None,,,,,214000000,296000000,None,None,0.373,,1910000000,361000000,,,,,None,,,,,1.775,7.22,2.555,,,,,,,,0.196,,,2025-10-30,quarterly,9.33,USD,pre-market,0,,0.0222,0.596,0.073,189.2,621000000,,,,493.58,469.93,-2.9136,,,,,,,2271000000,,13.81,,574.69,392.21
2025-12-28,AMP,36.33,18513000000.0,13.81,,1.263,69.31,,,,,,,,,,,,,,,None,1230000000,1230000000,,,,,,None,19000000,,6.16,0.0123,,,,0.866,-0.28,588000000,607000000,9.61,2009-12-31,12.25,,10509000000.0,2259000000,331000000,57000000,,,None,257000000,None,,None,,,,,237000000,0,None,None,0.373,,1928000000,331000000,,,,,None,,,,,1.775,7.22,2.555,,,,,,,,0.196,,,2025-10-30,quarterly,9.33,USD,pre-market,0,,0.0222,0.596,0.073,189.2,2514000000,,,,493.58,469.93,-2.9136,,,,,,,2259000000,,13.81,,574.69,392.21
2025-12-28,AMP,36.33,18513000000.0,13.81,,1.263,69.31,,,,,,,,,,,,,,,None,339000000,339000000,,,,,,None,20000000,,6.16,0.0123,,,,0.866,-0.28,650000000,670000000,9.61,2009-09-30,12.25,,10509000000.0,1979000000,340000000,80000000,,,None,310000000,None,,None,,,,,260000000,260000000,None,None,0.373,,1639000000,340000000,,,,,None,,,,,1.775,7.22,2.555,,,,,,,,0.196,,,2025-10-30,quarterly,9.33,USD,pre-market,0,,0.0222,0.596,0.073,189.2,625000000,,,,493.58,469.93,-2.9136,,,,,,,1979000000,,13.81,,574.69,392.21
2025-12-28,AMP,36.33,18513000000.0,13.81,,1.263,69.31,,,,,,,,,,,,,,,None,625000000,625000000,,,,,,None,25000000,,6.16,0.0123,,,,0.866,-0.28,418000000,443000000,9.61,2009-06-30,12.25,,10509000000.0,1912000000,115000000,28000000,,,None,303000000,None,,None,,,,,95000000,87000000,None,None,0.373,,1797000000,115000000,,,,,None,,,,,1.775,7.22,2.555,,,,,,,,0.196,,,2025-10-30,quarterly,9.33,USD,pre-market,0,,0.0222,0.596,0.073,189.2,610000000,,,,493.58,469.93,-2.9136,,,,,,,1912000000,,13.81,,574.69,392.21
2025-12-28,AMP,36.33,18513000000.0,13.81,,1.263,69.31,,,,,,,,,,,,,,,None,1017000000,1017000000,,,,,,None,56000000,,6.16,0.0123,,,,0.866,-0.28,407000000,463000000,9.61,2009-03-31,12.25,,10509000000.0,1758000000,134000000,18000000,,,None,273000000,None,,None,,,,,130000000,0,None,None,0.373,,1624000000,134000000,,,,,None,,,,,1.775,7.22,2.555,,,,,,,,0.196,,,2025-10-30,quarterly,9.33,USD,pre-market,0,,0.0222,0.596,0.073,189.2,585000000,,,,493.58,469.93,-2.9136,,,,,,,1758000000,,13.81,,574.69,392.21
2025-12-28,AMP,36.33,18513000000.0,13.81,,1.263,69.31,,,,,,,,,,,,,,,None,1303000000,1303000000,,,,,,None,-539000000,,6.16,0.0123,,,,0.866,-0.28,-566000000,-1105000000,9.61,2008-12-31,12.25,,10509000000.0,1610000000,-641000000,-272000000,,,None,75000000,None,,None,,,,,-369000000,0,None,None,0.373,,2251000000,-641000000,,,,,None,,,,,1.775,7.22,2.555,,,,,,,,0.196,,,2025-10-30,quarterly,9.33,USD,pre-market,0,,0.0222,0.596,0.073,189.2,1284000000,,,,493.58,469.93,-2.9136,,,,,,,1610000000,,13.81,,574.69,392.21
2025-12-28,AMP,36.33,18513000000.0,13.81,,1.263,69.31,,,,,,,,,,,,,,,None,1140000000,1140000000,,,,,,None,72000000,,6.16,0.0123,,,,0.866,-0.28,51000000,123000000,9.61,2008-09-30,12.25,,10509000000.0,1629000000,-176000000,-92000000,,,None,227000000,None,,None,,,,,-70000000,0,None,None,0.373,,1805000000,-176000000,,,,,None,,,,,1.775,7.22,2.555,,,,,,,,0.196,,,2025-10-30,quarterly,9.33,USD,pre-market,0,,0.0222,0.596,0.073,189.2,667000000,,,,493.58,469.93,-2.9136,,,,,,,1629000000,,13.81,,574.69,392.21
2025-12-28,AMP,36.33,18513000000.0,13.81,,1.263,69.31,,,,,,,,,,,,,,,None,1178000000,1178000000,,,,,,None,97000000,,6.16,0.0123,,,,0.866,-0.28,452000000,549000000,9.61,2008-06-30,12.25,,10509000000.0,1968000000,232000000,27000000,,,None,220000000,None,,None,,,,,210000000,0,None,None,0.373,,1736000000,232000000,,,,,None,,,,,1.775,7.22,2.555,,,,,,,,0.196,,,2025-10-30,quarterly,9.33,USD,pre-market,0,,0.0222,0.596,0.073,189.2,567000000,,,,493.58,469.93,-2.9136,,,,,,,1968000000,,13.81,,574.69,392.21
2025-12-28,AMP,36.33,18513000000.0,13.81,,1.263,69.31,,,,,,,,,,,,,,,None,1232000000,1232000000,,,,,,None,45000000,,6.16,0.0123,,,,0.866,-0.28,411000000,456000000,9.61,2008-03-31,12.25,,10509000000.0,1991000000,190000000,4000000,,,None,221000000,None,,None,,,,,191000000,0,None,None,0.373,,1801000000,190000000,,,,,None,,,,,1.775,7.22,2.555,,,,,,,,0.196,,,2025-10-30,quarterly,9.33,USD,pre-market,0,,0.0222,0.596,0.073,189.2,585000000,,,,493.58,469.93,-2.9136,,,,,,,1991000000,,13.81,,574.69,392.21
2025-12-28,AMP,36.33,18513000000.0,13.81,,1.263,69.31,,,,,,,,,,,,,,,None,1228000000,1228000000,,,,,,None,231000000,,6.16,0.0123,,,,0.866,-0.28,357000000,588000000,9.61,2007-12-31,12.25,,10509000000.0,2207000000,338000000,83000000,,,None,19000000,None,,None,,,,,255000000,0,None,None,0.373,,1869000000,338000000,,,,,None,,,,,1.775,7.22,2.555,,,,,,,,0.196,,,2025-10-30,quarterly,9.33,USD,pre-market,0,,0.0222,0.596,0.073,189.2,-44000000,,,,493.58,469.93,-2.9136,,,,,,,2207000000,,13.81,,574.69,392.21
2025-12-28,AMP,36.33,18513000000.0,13.81,,1.263,69.31,,,,,,,,,,,,,,,None,855000000,855000000,,,,,,None,174000000,,6.16,0.0123,,,,0.866,-0.28,301000000,475000000,9.61,2007-09-30,12.25,,10509000000.0,2084000000,217000000,19000000,,,None,84000000,None,,None,,,,,198000000,0,None,None,0.373,,1867000000,217000000,,,,,None,,,,,1.775,7.22,2.555,,,,,,,,0.196,,,2025-10-30,quarterly,9.33,USD,pre-market,0,,0.0222,0.596,0.073,189.2,855000000,,,,493.58,469.93,-2.9136,,,,,,,2084000000,,13.81,,574.69,392.21
2025-12-28,AMP,36.33,18513000000.0,13.81,,1.263,69.31,,,,,,,,,,,,,,,None,905000000,905000000,,,,,,None,333000000,,6.16,0.0123,,,,0.866,-0.28,274000000,607000000,9.61,2007-06-30,12.25,,10509000000.0,3636000000,245000000,49000000,,,None,29000000,None,,None,,,,,196000000,0,None,None,0.373,,3391000000,245000000,,,,,None,,,,,1.775,7.22,2.555,,,,,,,,0.196,,,2025-10-30,quarterly,9.33,USD,pre-market,0,,0.0222,0.596,0.073,189.2,905000000,,,,493.58,469.93,-2.9136,,,,,,,3636000000,,13.81,,574.69,392.21
2025-12-28,AMP,36.33,18513000000.0,13.81,,1.263,69.31,,,,,,,,,,,,,,,None,842000000,842000000,,,,,,None,41000000,,6.16,0.0123,,,,0.866,-0.28,248000000,289000000,9.61,2007-03-31,12.25,,10509000000.0,2027000000,216000000,51000000,,,None,32000000,None,,None,,,,,165000000,0,None,None,0.373,,1811000000,216000000,,,,,None,,,,,1.775,7.22,2.555,,,,,,,,0.196,,,2025-10-30,quarterly,9.33,USD,pre-market,0,,0.0222,0.596,0.073,189.2,842000000,,,,493.58,469.93,-2.9136,,,,,,,2027000000,,13.81,,574.69,392.21
2025-12-28,AMP,36.33,18513000000.0,13.81,,1.263,69.31,,,,,,,,,,,,,,,None,467000000,467000000,,,,,,None,146000000,,6.16,0.0123,,,,0.866,-0.28,236000000,382000000,9.61,2006-12-31,12.25,,10509000000.0,2161000000,203000000,32000000,,,None,33000000,None,,None,,,,,171000000,0,None,None,0.373,,1958000000,203000000,,,,,None,,,,,1.775,7.22,2.555,,,,,,,,0.196,,,2025-10-30,quarterly,9.33,USD,pre-market,0,,0.0222,0.596,0.073,189.2,852000000,,,,493.58,469.93,-2.9136,,,,,,,2161000000,,13.81,,574.69,392.21
2025-12-28,AMP,36.33,18513000000.0,13.81,,1.263,69.31,,,,,,,,,,,,,,,None,756000000,756000000,,,,,,None,443000000,,6.16,0.0123,,,,0.866,-0.28,249000000,692000000,9.61,2006-09-30,12.25,,10509000000.0,1977000000,217000000,43000000,,,None,32000000,None,,None,,,,,174000000,0,None,None,0.373,,1760000000,217000000,,,,,None,,,,,1.775,7.22,2.555,,,,,,,,0.196,,,2025-10-30,quarterly,9.33,USD,pre-market,0,,0.0222,0.596,0.073,189.2,756000000,,,,493.58,469.93,-2.9136,,,,,,,1977000000,,13.81,,574.69,392.21
2025-12-28,AMP,36.33,18513000000.0,13.81,,1.263,69.31,,,,,,,,,,,,,,,None,766000000,766000000,,,,,,None,57000000,,6.16,0.0123,,,,0.866,-0.28,214000000,271000000,9.61,2006-06-30,12.25,,10509000000.0,2053000000,186000000,45000000,,,None,28000000,None,,None,,,,,141000000,0,None,None,0.373,,1867000000,186000000,,,,,None,,,,,1.775,7.22,2.555,,,,,,,,0.196,,,2025-10-30,quarterly,9.33,USD,pre-market,0,,0.0222,0.596,0.073,189.2,766000000,,,,493.58,469.93,-2.9136,,,,,,,2053000000,,13.81,,574.69,392.21
2025-12-28,AMP,36.33,18513000000.0,13.81,,1.263,69.31,,,,,,,,,,,,,,,None,739000000,739000000,,,,,,None,40000000,,6.16,0.0123,,,,0.866,-0.28,214000000,254000000,9.61,2006-03-31,12.25,,10509000000.0,1949000000,191000000,46000000,,,None,23000000,None,,None,,,,,145000000,0,None,None,0.373,,1758000000,191000000,,,,,None,,,,,1.775,7.22,2.555,,,,,,,,0.196,,,2025-10-30,quarterly,9.33,USD,pre-market,0,,0.0222,0.596,0.073,189.2,739000000,,,,493.58,469.93,-2.9136,,,,,,,1949000000,,13.81,,574.69,392.21
2025-12-28,AMP,36.33,18513000000.0,13.81,,1.263,69.31,,,,,,,,,,,,,,,None,1551000000,1551000000,,,,,,None,66000000,,6.16,0.0123,,,,0.866,-0.28,148000000,214000000,9.61,2005-12-31,12.25,,10509000000.0,1869000000,127000000,16000000,,,None,21000000,None,,None,,,,,111000000,0,None,None,0.373,,1742000000,127000000,,,,,None,,,,,1.775,7.22,2.555,,,,,,,,0.196,,,2025-10-30,quarterly,9.33,USD,pre-market,0,,0.0222,0.596,0.073,189.2,655000000,,,,493.58,469.93,-2.9136,,,,,,,1869000000,,13.81,,574.69,392.21
2025-12-28,AMP,36.33,18513000000.0,13.81,,1.263,69.31,,,,,,,,,,,,,,,None,703000000,703000000,,,,,,None,48000000,,6.16,0.0123,,,,0.866,-0.28,197000000,245000000,9.61,2005-09-30,12.25,,10509000000.0,1873000000,181000000,58000000,,,None,16000000,None,,None,,,,,125000000,0,None,None,0.373,,1692000000,181000000,,,,,None,,,,,1.775,7.22,2.555,,,,,,,,0.196,,,2025-10-30,quarterly,9.33,USD,pre-market,0,,0.0222,0.596,0.073,189.2,703000000,,,,493.58,469.93,-2.9136,,,,,,,1873000000,,13.81,,574.69,392.21
2025-12-28,AMP,36.33,18513000000.0,13.81,,1.263,69.31,,,,,,,,,,,,,,,None,329000000,329000000,,,,,,None,-159000000,,6.16,0.0123,,,,0.866,-0.28,4596000000,4437000000,9.61,2024-12-31,12.25,,10509000000.0,-991000000,4267000000,866000000,,,None,662000000,662000000,,None,,,,,3401000000,3401000000,-329000000,None,0.373,,-5258000000,4267000000,,,,,None,,,,,1.775,7.22,2.555,,,,,,,,0.196,,,2025-10-30,annual,9.33,USD,pre-market,None,,0.0222,0.596,0.073,189.2,3903000000,,,,493.58,469.93,-2.9136,,,,,,,17264000000,,13.81,,574.69,392.21
2025-12-28,AMP,36.33,18513000000.0,13.81,,1.263,69.31,,,,,,,,,,,,,,,None,324000000,324000000,,,,,,None,-154000000,,6.16,0.0123,,,,0.866,-0.28,3558000000,3404000000,9.61,2023-12-31,12.25,,10509000000.0,-885000000,3234000000,678000000,,,None,324000000,561000000,,None,,,,,2556000000,2556000000,-324000000,None,0.373,,12301000000,3234000000,,,,,None,,,,,1.775,7.22,2.555,,,,,,,,0.196,,,2025-10-30,annual,9.33,USD,pre-market,0.20,,0.0222,0.596,0.073,189.2,8949000000,,,,493.58,469.93,-2.9136,,,,,,,15535000000,,13.81,,574.69,392.21
2025-12-28,AMP,36.33,18513000000.0,13.81,,1.263,69.31,,,,,,,,,,,,,,,None,198000000,198000000,,,,,,None,-40000000,,6.16,0.0123,,,,0.866,-0.28,4129000000,4089000000,9.61,2022-12-31,12.25,,10509000000.0,-274000000,3931000000,782000000,,,None,198000000,76000000,,None,,,,,3149000000,3149000000,-198000000,None,0.373,,10327000000,3931000000,,,,,None,,,,,1.775,7.22,2.555,,,,,,,,0.196,,,2025-10-30,annual,9.33,USD,pre-market,0.27,,0.0222,0.596,0.073,189.2,8658000000,,,,493.58,469.93,-2.9136,,,,,,,14258000000,,13.81,,574.69,392.21
2025-12-28,AMP,36.33,18513000000.0,13.81,,1.263,69.31,,,,,,,,,,,,,,,None,191000000,191000000,,,,,,None,98000000,,6.16,0.0123,,,,0.866,-0.28,4376000000,4474000000,9.61,2021-12-31,12.25,,10509000000.0,-203000000,4185000000,768000000,,,None,191000000,12000000,,None,,,,,3417000000,3417000000,-191000000,None,0.373,,9192000000,4185000000,,,,,None,,,,,1.775,7.22,2.555,,,,,,,,0.196,,,2025-10-30,annual,9.33,USD,pre-market,0.25,,0.0222,0.596,0.073,189.2,8463000000,,,,493.58,469.93,-2.9136,,,,,,,13377000000,,13.81,,574.69,392.21
2025-12-28,AMP,36.33,18513000000.0,13.81,,1.263,69.31,,,,,,,,,,,,,,,None,6067000000,6067000000,,,,,,None,207000000,,6.16,0.0123,,,,0.866,-0.28,1993000000,2200000000,9.61,2020-12-31,12.25,,10509000000.0,11899000000,1831000000,297000000,,,None,162000000,162000000,,None,,,,,1534000000,1534000000,-221000000,None,0.373,,10068000000,1831000000,,,,,None,,,,,1.775,7.22,2.555,,,,,,,,0.196,,,2025-10-30,annual,9.33,USD,pre-market,0.15,,0.0222,0.596,0.073,189.2,3120000000,,,,493.58,469.93,-2.9136,,,,,,,11899000000,,13.81,,574.69,392.21
2025-12-28,AMP,36.33,18513000000.0,13.81,,1.263,69.31,,,,,,,,,,,,,,,None,6565000000,6565000000,,,,,,None,183000000,,6.16,0.0123,,,,0.866,-0.28,3052000000,3235000000,9.61,2019-12-31,12.25,,10509000000.0,6325000000,2232000000,339000000,,,None,214000000,214000000,,None,,,,,1893000000,1893000000,-350000000,None,0.373,,3273000000,3052000000,,,,,213000000,,,,,1.775,7.22,2.555,,,,,,,,0.196,,,2025-10-30,annual,9.33,USD,pre-market,0.17,,0.0222,0.596,0.073,189.2,3215000000,,,,493.58,469.93,-2.9136,,,,,,,12890000000,,13.81,,574.69,392.21
2025-12-28,AMP,36.33,18513000000.0,13.81,,1.263,69.31,,,,,,,,,,,,,,,None,6261000000,6261000000,,,,,,None,198000000,,6.16,0.0123,,,,0.866,-0.28,3511000000,3709000000,9.61,2018-12-31,12.25,,10509000000.0,6663000000,2484000000,386000000,,,None,245000000,245000000,,None,,,,,2098000000,2098000000,-334000000,None,0.373,,3152000000,3511000000,,,,,None,,,,,1.775,7.22,2.555,,,,,,,,0.196,,,2025-10-30,annual,9.33,USD,pre-market,None,,0.0222,0.596,0.073,189.2,3152000000,,,,493.58,469.93,-2.9136,,,,,,,12924000000,,13.81,,574.69,392.21
2025-12-28,AMP,36.33,18513000000.0,13.81,,1.263,69.31,,,,,,,,,,,,,,,None,5897000000,5897000000,,,,,,None,234000000,,6.16,0.0123,,,,0.866,-0.28,3125000000,3359000000,9.61,2017-12-31,12.25,,10509000000.0,6283000000,2214000000,734000000,,,None,207000000,207000000,,None,,,,,1480000000,1481000000,-255000000,None,0.373,,3158000000,3125000000,,,,,None,,,,,1.775,7.22,2.555,,,,,,,,0.196,,,2025-10-30,annual,9.33,USD,pre-market,0,,0.0222,0.596,0.073,189.2,3158000000,,,,493.58,469.93,-2.9136,,,,,,,12180000000,,13.81,,574.69,392.21
2025-12-28,AMP,36.33,18513000000.0,13.81,,1.263,69.31,,,,,,,,,,,,,,,None,6261000000,6261000000,,,,,,None,248000000,,6.16,0.0123,,,,0.866,-0.28,2517000000,2765000000,9.61,2016-12-31,12.25,,10509000000.0,5578000000,1591000000,278000000,,,None,241000000,241000000,,None,,,,,1313000000,1314000000,-280000000,None,0.373,,3061000000,2517000000,,,,,None,,,,,1.775,7.22,2.555,,,,,,,,0.196,,,2025-10-30,annual,9.33,USD,pre-market,0,,0.0222,0.596,0.073,189.2,3002000000,,,,493.58,469.93,-2.9136,,,,,,,11839000000,,13.81,,574.69,392.21
2025-12-28,AMP,36.33,18513000000.0,13.81,,1.263,69.31,,,,,,,,,,,,,,,None,5891000000,5891000000,,,,,,None,248000000,,6.16,0.0123,,,,0.866,-0.28,3225000000,3473000000,9.61,2015-12-31,12.25,,10509000000.0,6302000000,2142000000,455000000,,,None,387000000,387000000,,None,,,,,1562000000,1687000000,None,None,0.373,,3077000000,3225000000,,,,,None,,,,,1.775,7.22,2.555,,,,,,,,0.196,,,2025-10-30,annual,9.33,USD,pre-market,0,,0.0222,0.596,0.073,189.2,3010000000,,,,493.58,469.93,-2.9136,,,,,,,12193000000,,13.81,,574.69,392.21
2025-12-28,AMP,36.33,18513000000.0,13.81,,1.263,69.31,,,,,,,,,,,,,,,None,5585000000,5585000000,,,,,,None,254000000,,6.16,0.0123,,,,0.866,-0.28,3616000000,3870000000,9.61,2014-12-31,12.25,,10509000000.0,6711000000,2547000000,545000000,,,None,328000000,None,,None,,,,,1619000000,2002000000,None,None,0.373,,3095000000,3616000000,,,,,None,,,,,1.775,7.22,2.555,,,,,,,,0.196,,,2025-10-30,annual,9.33,USD,pre-market,0,,0.0222,0.596,0.073,189.2,3010000000,,,,493.58,469.93,-2.9136,,,,,,,12296000000,,13.81,,574.69,392.21
2025-12-28,AMP,36.33,18513000000.0,13.81,,1.263,69.31,,,,,,,,,,,,,,,None,5086000000,5086000000,,,,,,None,239000000,,6.16,0.0123,,,,0.866,-0.28,3088000000,3327000000,9.61,2013-12-31,12.25,,10509000000.0,6144000000,1970000000,492000000,,,None,281000000,None,,None,,,,,1334000000,1478000000,None,None,0.373,,3056000000,3088000000,,,,,None,,,,,1.775,7.22,2.555,,,,,,,,0.196,,,2025-10-30,annual,9.33,USD,pre-market,0,,0.0222,0.596,0.073,189.2,2971000000,,,,493.58,469.93,-2.9136,,,,,,,11230000000,,13.81,,574.69,392.21
2025-12-28,AMP,36.33,18513000000.0,13.81,,1.263,69.31,,,,,,,,,,,,,,,None,4776000000,4776000000,,,,,,None,225000000,,6.16,0.0123,,,,0.866,-0.28,2454000000,2679000000,9.61,2012-12-31,12.25,,10509000000.0,5483000000,1238000000,335000000,,,None,276000000,None,,None,,,,,1029000000,903000000,None,None,0.373,,3096000000,2454000000,,,,,None,,,,,1.775,7.22,2.555,,,,,,,,0.196,,,2025-10-30,annual,9.33,USD,pre-market,0,,0.0222,0.596,0.073,189.2,2945000000,,,,493.58,469.93,-2.9136,,,,,,,10259000000,,13.81,,574.69,392.21
2025-12-28,AMP,36.33,18513000000.0,13.81,,1.263,69.31,,,,,,,,,,,,,,,None,4993000000,4993000000,,,,,,None,188000000,,6.16,0.0123,,,,0.866,-0.28,1514000000,1702000000,9.61,2011-12-31,12.25,,10509000000.0,5303000000,1385000000,355000000,,,None,317000000,None,,None,,,,,1116000000,1030000000,None,None,0.373,,8745000000,1514000000,,,,,None,,,,,1.775,7.22,2.555,,,,,,,,0.196,,,2025-10-30,annual,9.33,USD,pre-market,0,,0.0222,0.596,0.073,189.2,3010000000,,,,493.58,469.93,-2.9136,,,,,,,10296000000,,13.81,,574.69,392.21
2025-12-28,AMP,36.33,18513000000.0,13.81,,1.263,69.31,,,,,,,,,,,,,,,None,4573000000,4573000000,,,,,,None,206000000,,6.16,0.0123,,,,0.866,-0.28,1782000000,1988000000,9.61,2010-12-31,12.25,,10509000000.0,5258000000,1634000000,350000000,,,None,360000000,None,,None,,,,,1097000000,1260000000,None,None,0.373,,7948000000,1782000000,,,,,None,,,,,1.775,7.22,2.555,,,,,,,,0.196,,,2025-10-30,annual,9.33,USD,pre-market,0,,0.0222,0.596,0.073,189.2,2868000000,,,,493.58,469.93,-2.9136,,,,,,,9831000000,,13.81,,574.69,392.21
2025-12-28,AMP,36.33,18513000000.0,13.81,,1.263,69.31,,,,,,,,,,,,,,,None,5739000000,5739000000,,,,,,None,214000000,,6.16,0.0123,,,,0.866,-0.28,1118000000,1332000000,9.61,2009-12-31,12.25,,10509000000.0,2248000000,920000000,183000000,,,None,127000000,None,,None,,,,,722000000,737000000,None,None,0.373,,7026000000,1118000000,,,,,None,,,,,1.775,7.22,2.555,,,,,,,,0.196,,,2025-10-30,annual,9.33,USD,pre-market,0,,0.0222,0.596,0.073,189.2,2514000000,,,,493.58,469.93,-2.9136,,,,,,,7987000000,,13.81,,574.69,392.21
2025-12-28,AMP,36.33,18513000000.0,13.81,,1.263,69.31,,,,,,,,,,,,,,,None,2774000000,2774000000,,,,,,None,204000000,,6.16,0.0123,,,,0.866,-0.28,451000000,655000000,9.61,2008-12-31,12.25,,10509000000.0,5658000000,-371000000,-333000000,,,None,109000000,None,,None,,,,,-36000000,None,None,None,0.373,,7520000000,451000000,,,,,None,,,,,1.775,7.22,2.555,,,,,,,,0.196,,,2025-10-30,annual,9.33,USD,pre-market,None,,0.0222,0.596,0.073,189.2,2436000000,,,,493.58,469.93,-2.9136,,,,,,,8432000000,,13.81,,574.69,392.21
2025-12-28,AMP,36.33,18513000000.0,13.81,,1.263,69.31,,,,,,,,,,,,,,,None,4612000000,4612000000,,,,,,None,176000000,,6.16,0.0123,,,,0.866,-0.28,1257000000,1433000000,9.61,2007-12-31,12.25,,10509000000.0,4302000000,1016000000,202000000,,,None,361000000,None,,None,,,,,814000000,None,None,None,0.373,,7789000000,1257000000,,,,,None,,,,,1.775,7.22,2.555,,,,,,,,0.196,,,2025-10-30,annual,9.33,USD,pre-market,None,,0.0222,0.596,0.073,189.2,2558000000,,,,493.58,469.93,-2.9136,,,,,,,8914000000,,13.81,,574.69,392.21
2025-12-28,AMP,36.33,18513000000.0,13.81,,1.263,69.31,,,,,,,,,,,,,,,None,2360000000,2360000000,,,,,,None,166000000,,6.16,0.0123,,,,0.866,-0.28,1225000000,1391000000,9.61,2006-12-31,12.25,,10509000000.0,5782000000,862000000,166000000,,,None,116000000,None,,None,,,,,631000000,None,None,None,0.373,,7223000000,1225000000,,,,,None,,,,,1.775,7.22,2.555,,,,,,,,0.196,,,2025-10-30,annual,9.33,USD,pre-market,None,,0.0222,0.596,0.073,189.2,3113000000,,,,493.58,469.93,-2.9136,,,,,,,8142000000,,13.81,,574.69,392.21
2025-12-28,AMP,36.33,18513000000.0,13.81,,1.263,69.31,,,,,,,,,,,,,,,None,2916000000,2916000000,,,,,,None,726000000,,6.16,0.0123,,,,0.866,-0.28,1132000000,1858000000,9.61,2005-12-31,12.25,,10509000000.0,4589000000,745000000,187000000,,,None,73000000,None,,None,,,,,574000000,None,None,None,0.373,,6651000000,1132000000,,,,,None,,,,,1.775,7.22,2.555,,,,,,,,0.196,,,2025-10-30,annual,9.33,USD,pre-market,None,,0.0222,0.596,0.073,189.2,2293000000,,,,493.58,469.93,-2.9136,,,,,,,7505000000,,13.81,,574.69,392.21
2025-12-28,AMP,36.33,18513000000.0,13.81,None,1.263,69.31,,1000000,9762000000,9762000000,,,,,,,,,3000000,97800000,None,2916000000,2916000000,None,None,201000000,15073000000,None,None,726000000,,6.16,0.0123,,,,0.866,-0.28,1132000000,1858000000,9.61,2025-09-30,12.25,None,10509000000.0,4589000000,745000000,187000000,None,None,None,73000000,None,None,None,None,5683000000,None,52645000000,574000000,None,None,None,0.373,,6651000000,1132000000,-15073000000,None,None,None,None,,,,,1.775,7.22,2.555,,,,,,,,0.196,,None,2025-10-30,quarterly,9.33,USD,pre-market,None,26807000000,0.0222,0.596,0.073,189.2,2293000000,5885000000,201000000,37098000000,493.58,469.93,-2.9136,190086000000,61933000000,201000000,183631000000,128153000000,183430000000,7505000000,6455000000,13.81,None,574.69,392.21
2025-12-28,AMP,36.33,18513000000.0,13.81,None,1.263,69.31,,4000000,8381000000,8381000000,,,,,,,,,3000000,98800000,None,2916000000,2916000000,2451000000,None,201000000,14707000000,None,None,726000000,,6.16,0.0123,,,,0.866,-0.28,1132000000,1858000000,9.61,2025-06-30,12.25,None,10509000000.0,4589000000,745000000,187000000,None,None,None,73000000,None,None,None,None,5805000000,None,53231000000,574000000,None,None,None,0.373,,6651000000,1132000000,-23088000000,-2451000000,None,None,None,,,,,1.775,7.22,2.555,,,,,,,,0.196,,None,2025-10-30,quarterly,9.33,USD,pre-market,None,26050000000,0.0222,0.596,0.073,189.2,2293000000,6006000000,201000000,37994000000,493.58,469.93,-2.9136,184903000000,61082000000,201000000,178821000000,123821000000,178620000000,7505000000,6082000000,13.81,None,574.69,392.21
2025-12-28,AMP,36.33,18513000000.0,13.81,None,1.263,69.31,,6000000,7974000000,7974000000,,,,,,,,,3000000,100000000,None,2916000000,2916000000,2264000000,None,201000000,14769000000,None,None,726000000,,6.16,0.0123,,,,0.866,-0.28,1132000000,1858000000,9.61,2025-03-31,12.25,None,10509000000.0,4589000000,745000000,187000000,None,None,None,73000000,None,None,None,None,5970000000,None,54211000000,574000000,None,None,None,0.373,,6651000000,1132000000,9036000000,-2264000000,None,None,None,,,,,1.775,7.22,2.555,,,,,,,,0.196,,None,2025-10-30,quarterly,9.33,USD,pre-market,None,25148000000,0.0222,0.596,0.073,189.2,2293000000,6177000000,201000000,3091000000,493.58,469.93,-2.9136,179059000000,25834000000,201000000,173633000000,153225000000,173432000000,7505000000,5426000000,13.81,None,574.69,392.21
2025-12-28,AMP,36.33,18513000000.0,13.81,None,1.263,69.31,,9000000,8522000000,8522000000,,,,,,,,,3000000,101200000,None,2916000000,2916000000,2704000000,None,701000000,14503000000,None,None,726000000,,6.16,0.0123,,,,0.866,-0.28,1132000000,1858000000,9.61,2024-12-31,12.25,1401000000,10509000000.0,4589000000,745000000,187000000,1171000000,1171000000,None,73000000,None,None,None,None,4762000000,None,52206000000,574000000,None,None,None,0.373,,6651000000,1132000000,10430000000,-2704000000,None,None,None,,,,,1.775,7.22,2.555,,,,,,,,0.196,,254000000,2025-10-30,quarterly,9.33,USD,pre-market,None,24713000000,0.0222,0.596,0.073,189.2,2293000000,5472000000,701000000,52153000000,493.58,469.93,-2.9136,181403000000,75178000000,701000000,176175000000,106225000000,175474000000,7505000000,5228000000,13.81,None,574.69,392.21
2025-12-28,AMP,36.33,18513000000.0,13.81,None,1.263,69.31,,11000000,10699000000,10699000000,,,,,,,,,3000000,102200000,None,2916000000,2916000000,2581000000,None,201000000,14786000000,None,None,726000000,,6.16,0.0123,,,,0.866,-0.28,1132000000,1858000000,9.61,2024-09-30,12.25,None,10509000000.0,4589000000,745000000,187000000,None,None,None,73000000,None,25485000000,None,None,5654000000,None,52472000000,574000000,None,None,None,0.373,,6651000000,1132000000,9668000000,-2581000000,None,None,None,,,,,1.775,7.22,2.555,,,,,,,,0.196,,None,2025-10-30,quarterly,9.33,USD,pre-market,None,23791000000,0.0222,0.596,0.073,189.2,2293000000,5866000000,201000000,52417000000,493.58,469.93,-2.9136,185969000000,77902000000,201000000,180254000000,108067000000,180053000000,7505000000,5715000000,13.81,None,574.69,392.21
2025-12-28,AMP,36.33,18513000000.0,13.81,None,1.263,69.31,,15000000,7868000000,7868000000,,,,,,,,,3000000,103400000,None,2916000000,2916000000,2386000000,None,201000000,14853000000,None,None,726000000,,6.16,0.0123,,,,0.866,-0.28,1132000000,1858000000,9.61,2024-06-30,12.25,None,10509000000.0,4589000000,745000000,187000000,None,None,None,73000000,None,-218000000,None,None,5767000000,None,51747000000,574000000,None,None,None,0.373,,6651000000,1132000000,8953000000,-2386000000,None,None,None,,,,,1.775,7.22,2.555,,,,,,,,0.196,,None,2025-10-30,quarterly,9.33,USD,pre-market,None,23430000000,0.0222,0.596,0.073,189.2,2293000000,5983000000,201000000,51695000000,493.58,469.93,-2.9136,179700000000,74416000000,201000000,174707000000,105284000000,174506000000,7505000000,4993000000,13.81,None,574.69,392.21
2025-12-28,AMP,36.33,18513000000.0,13.81,None,1.263,69.31,,17000000,7206000000,7206000000,,,,,,,,,3000000,103400000,None,2916000000,2916000000,2166000000,None,201000000,14936000000,None,None,726000000,,6.16,0.0123,,,,0.866,-0.28,1132000000,1858000000,9.61,2024-03-31,12.25,None,10509000000.0,4589000000,745000000,187000000,None,None,None,73000000,None,-189000000,None,None,5500000000,None,52290000000,574000000,None,None,None,0.373,,6651000000,1132000000,8599000000,-2166000000,None,None,None,,,,,1.775,7.22,2.555,,,,,,,,0.196,,None,2025-10-30,quarterly,9.33,USD,pre-market,None,22752000000,0.0222,0.596,0.073,189.2,2293000000,5718000000,201000000,52246000000,493.58,469.93,-2.9136,179831000000,74388000000,201000000,174952000000,105443000000,174751000000,7505000000,4879000000,13.81,None,574.69,392.21
2025-12-28,AMP,36.33,18513000000.0,13.81,None,1.263,69.31,,20000000,7564000000,7564000000,,,,,,,,,3000000,105700000,None,2916000000,2916000000,2603000000,None,751000000,15106000000,None,None,726000000,,6.16,0.0123,,,,0.866,-0.28,1132000000,1858000000,9.61,2023-12-31,12.25,1410000000,10509000000.0,4589000000,745000000,187000000,1213000000,1213000000,None,73000000,None,-185000000,None,None,4984000000,None,51607000000,574000000,None,None,None,0.373,,6651000000,1132000000,6231000000,-2603000000,None,None,None,,,,,1.775,7.22,2.555,,,,,,,,0.196,,None,2025-10-30,quarterly,9.33,USD,pre-market,None,21905000000,0.0222,0.596,0.073,189.2,2293000000,5755000000,751000000,51562000000,493.58,469.93,-2.9136,175191000000,74232000000,751000000,170462000000,100959000000,169711000000,7505000000,4729000000,13.81,None,574.69,392.21
2025-12-28,AMP,36.33,18513000000.0,13.81,None,1.263,69.31,,22000000,7101000000,7101000000,,,,,,,,,3000000,107100000,None,2916000000,2916000000,2307000000,None,201000000,14829000000,None,None,726000000,,6.16,0.0123,,,,0.866,-0.28,1132000000,1858000000,9.61,2023-09-30,12.25,None,10509000000.0,4589000000,745000000,187000000,None,None,None,73000000,None,-257000000,None,None,5757000000,None,48238000000,574000000,None,None,None,0.373,,6651000000,1132000000,5876000000,3858000000,None,None,None,,,,,1.775,7.22,2.555,,,,,,,,0.196,,None,2025-10-30,quarterly,9.33,USD,pre-market,None,21670000000,0.0222,0.596,0.073,189.2,2293000000,5980000000,201000000,48193000000,493.58,469.93,-2.9136,165136000000,70123000000,201000000,161311000000,95013000000,161110000000,7505000000,3825000000,13.81,None,574.69,392.21
2025-12-28,AMP,36.33,18513000000.0,13.81,None,1.263,69.31,,23000000,7478000000,7478000000,,,,,,,,,3000000,108400000,None,2916000000,2916000000,2195000000,None,201000000,15091000000,None,None,726000000,,6.16,0.0123,,,,0.866,-0.28,1132000000,1858000000,9.61,2023-06-30,12.25,None,10509000000.0,4589000000,745000000,187000000,None,None,None,73000000,None,-263000000,None,None,5798000000,None,53567000000,574000000,None,None,None,0.373,,6651000000,1132000000,6004000000,4532000000,None,122107000000,None,,,,,1.775,7.22,2.555,,,,,,,,0.196,,None,2025-10-30,quarterly,9.33,USD,pre-market,None,20941000000,0.0222,0.596,0.073,189.2,2293000000,6022000000,201000000,47587000000,493.58,469.93,-2.9136,169781000000,70156000000,201000000,165701000000,99625000000,165500000000,7505000000,4080000000,13.81,None,574.69,392.21
2025-12-28,AMP,36.33,18513000000.0,13.81,None,1.263,69.31,,28000000,8548000000,8548000000,,,,,,,,,3000000,110000000,None,2916000000,2916000000,2027000000,None,201000000,15401000000,None,None,726000000,,6.16,0.0123,,,,0.866,-0.28,1132000000,1858000000,9.61,2023-03-31,12.25,None,10509000000.0,4589000000,745000000,187000000,None,None,None,73000000,None,-336000000,None,None,5927000000,None,50902000000,574000000,None,None,None,0.373,,6651000000,1132000000,5467000000,3731000000,None,120598000000,None,,,,,1.775,7.22,2.555,,,,,,,,0.196,,None,2025-10-30,quarterly,9.33,USD,pre-market,None,20197000000,0.0222,0.596,0.073,189.2,2293000000,6128000000,201000000,44883000000,493.58,469.93,-2.9136,166640000000,68832000000,201000000,162496000000,97808000000,162295000000,7505000000,4144000000,13.81,-23683000000,574.69,392.21
2025-12-28,AMP,36.33,18513000000.0,13.81,None,1.263,69.31,,30000000,7097000000,7097000000,,,,,,,,,3000000,111400000,None,2916000000,2916000000,2242000000,None,201000000,15615000000,None,None,726000000,,6.16,0.0123,,,,0.866,-0.28,1132000000,1858000000,9.61,2022-12-31,12.25,1389000000,10509000000.0,4589000000,745000000,187000000,1096000000,1096000000,None,73000000,None,-267000000,None,None,5154000000,None,46878000000,574000000,None,None,None,0.373,,6651000000,1132000000,4564000000,3046000000,None,116654000000,None,,,,,1.775,7.22,2.555,,,,,,,,0.196,,296000000,2025-10-30,quarterly,9.33,USD,pre-market,None,19918000000,0.0222,0.596,0.073,189.2,2293000000,5385000000,1501000000,40811000000,493.58,469.93,-2.9136,158852000000,63523000000,1501000000,155049000000,95329000000,153548000000,7505000000,3803000000,13.81,None,574.69,392.21
2025-12-28,AMP,36.33,18513000000.0,13.81,None,1.263,69.31,,33000000,7993000000,7993000000,,,,,,,,,3000000,112700000,None,2916000000,2916000000,2058000000,None,201000000,16046000000,None,None,726000000,,6.16,0.0123,,,,0.866,-0.28,1132000000,1858000000,9.61,2022-09-30,12.25,None,10509000000.0,4589000000,745000000,187000000,None,None,None,73000000,None,-377000000,None,None,5190000000,None,42450000000,574000000,None,None,None,0.373,,6651000000,1132000000,5390000000,3698000000,None,114679000000,None,,,,,1.775,7.22,2.555,,,,,,,,0.196,,None,2025-10-30,quarterly,9.33,USD,pre-market,None,19174000000,0.0222,0.596,0.073,189.2,2293000000,5424000000,201000000,36386000000,493.58,469.93,-2.9136,153354000000,60425000000,201000000,150097000000,92929000000,149896000000,7505000000,3257000000,13.81,-22560000000,574.69,392.21
2025-12-28,AMP,36.33,18513000000.0,13.81,None,1.263,69.31,,35000000,7561000000,7561000000,,,,,,,,,3000000,114400000,None,2916000000,2916000000,2206000000,None,200000000,16385000000,None,None,726000000,,6.16,0.0123,,,,0.866,-0.28,1132000000,1858000000,9.61,2022-06-30,12.25,None,10509000000.0,4589000000,745000000,187000000,None,None,None,73000000,None,34289000000,None,None,4867000000,None,40090000000,574000000,None,None,None,0.373,,6651000000,1132000000,5343000000,4163000000,None,122741000000,None,,,,,1.775,7.22,2.555,,,,,,,,0.196,,None,2025-10-30,quarterly,9.33,USD,pre-market,None,18767000000,0.0222,0.596,0.073,189.2,2293000000,5102000000,200000000,34289000000,493.58,469.93,-2.9136,158497000000,58235000000,200000000,154193000000,100262000000,153993000000,7505000000,4304000000,13.81,-22051000000,574.69,392.21
2025-12-28,AMP,36.33,18513000000.0,13.81,None,1.263,69.31,,37000000,6742000000,6742000000,,,,,,,,,3000000,116200000,None,2916000000,2916000000,2050000000,None,200000000,16215000000,None,None,726000000,,6.16,0.0123,,,,0.866,-0.28,1132000000,1858000000,9.61,2022-03-31,12.25,None,10509000000.0,4589000000,745000000,187000000,None,None,None,73000000,None,1044000000,None,None,4449000000,None,38217000000,574000000,None,None,None,0.373,,6651000000,1132000000,6735000000,5797000000,None,133931000000,None,,,,,1.775,7.22,2.555,,,,,,,,0.196,,None,2025-10-30,quarterly,9.33,USD,pre-market,None,18153000000,0.0222,0.596,0.073,189.2,2293000000,4686000000,200000000,32330000000,493.58,469.93,-2.9136,167525000000,55287000000,200000000,162515000000,112238000000,162315000000,7505000000,5010000000,13.81,-21599000000,574.69,392.21
2025-12-28,AMP,36.33,18513000000.0,13.81,None,1.263,69.31,,40000000,7248000000,7248000000,,,,,,,,,3000000,117600000,None,2916000000,2916000000,2527000000,None,200000000,16222000000,None,None,726000000,,6.16,0.0123,,,,0.866,-0.28,1132000000,1858000000,9.61,2021-12-31,12.25,1458000000,10509000000.0,4589000000,745000000,187000000,1110000000,1110000000,None,73000000,None,-1252000000,None,None,4956000000,None,37994000000,574000000,None,None,None,0.373,,6651000000,1132000000,7255000000,6617000000,None,142544000000,None,,,,,1.775,7.22,2.555,,,,,,,,0.196,,919000000,2025-10-30,quarterly,9.33,USD,pre-market,None,17525000000,0.0222,0.596,0.073,189.2,2293000000,5196000000,200000000,32050000000,493.58,469.93,-2.9136,175910000000,55520000000,200000000,169969000000,120390000000,169769000000,7505000000,5941000000,13.81,-21066000000,574.69,392.21
2025-12-28,AMP,36.33,18513000000.0,13.81,None,1.263,69.31,,41000000,7804000000,7804000000,,,,,,,,,3000000,119200000,None,2916000000,2916000000,2146000000,None,200000000,15938000000,None,None,726000000,,6.16,0.0123,,,,0.866,-0.28,1132000000,1858000000,9.61,2021-09-30,12.25,None,10509000000.0,4589000000,745000000,187000000,None,None,None,73000000,None,-1185000000,None,None,4953000000,None,35688000000,574000000,None,None,None,0.373,,6651000000,1132000000,6939000000,6271000000,None,138986000000,None,,,,,1.775,7.22,2.555,,,,,,,,0.196,,None,2025-10-30,quarterly,9.33,USD,pre-market,None,16955000000,0.0222,0.596,0.073,189.2,2293000000,5194000000,200000000,30114000000,493.58,469.93,-2.9136,170726000000,53856000000,200000000,165019000000,116870000000,164819000000,7505000000,5707000000,13.81,-20468000000,574.69,392.21
2025-12-28,AMP,36.33,18513000000.0,13.81,None,1.263,69.31,,44000000,7216000000,7216000000,,,,,,,,,3000000,121200000,None,2916000000,2916000000,2034000000,None,200000000,8078000000,None,None,726000000,,6.16,0.0123,,,,0.866,-0.28,1132000000,1858000000,9.61,2021-06-30,12.25,None,10509000000.0,4589000000,745000000,187000000,None,None,None,73000000,None,-1417000000,None,None,5347000000,None,36148000000,574000000,None,None,None,0.373,,6651000000,1132000000,7228000000,6542000000,None,140596000000,None,,,,,1.775,7.22,2.555,,,,,,,,0.196,,None,2025-10-30,quarterly,9.33,USD,pre-market,None,16057000000,0.0222,0.596,0.073,189.2,2293000000,5591000000,200000000,36146000000,493.58,469.93,-2.9136,171703000000,51440000000,200000000,166017000000,120263000000,165817000000,7505000000,5686000000,13.81,-19883000000,574.69,392.21
2025-12-28,AMP,36.33,18513000000.0,13.81,None,1.263,69.31,,46000000,5787000000,5787000000,,,,,,,,,3000000,122200000,None,2916000000,2916000000,1832000000,None,200000000,8055000000,None,None,726000000,,6.16,0.0123,,,,0.866,-0.28,1132000000,1858000000,9.61,2021-03-31,12.25,None,10509000000.0,4589000000,745000000,187000000,None,None,None,73000000,None,9814000000,None,None,5505000000,None,43079000000,574000000,None,None,None,0.373,,6651000000,1132000000,6893000000,5111000000,None,135079000000,None,,,,,1.775,7.22,2.555,,,,,,,,0.196,,None,2025-10-30,quarterly,9.33,USD,pre-market,None,15600000000,0.0222,0.596,0.073,189.2,2293000000,5705000000,200000000,35832000000,493.58,469.93,-2.9136,165737000000,49674000000,200000000,160235000000,116063000000,160035000000,7505000000,5502000000,13.81,-19400000000,574.69,392.21
2025-12-28,AMP,36.33,18513000000.0,13.81,None,1.263,69.31,,44000000,6845000000,6845000000,,,,,,,,,3000000,122200000,None,2916000000,2916000000,1998000000,None,200000000,7835000000,None,None,726000000,,6.16,0.0123,,,,0.866,-0.28,1132000000,1858000000,9.61,2020-12-31,12.25,1176000000,10509000000.0,4589000000,745000000,187000000,817000000,817000000,None,73000000,None,-1755000000,None,None,4744000000,None,42949000000,574000000,None,None,None,0.373,,6651000000,1132000000,6783000000,6956000000,None,135433000000,None,,,,,1.775,7.22,2.555,,,,,,,,0.196,,861000000,2025-10-30,quarterly,9.33,USD,pre-market,None,15292000000,0.0222,0.596,0.073,189.2,2293000000,4944000000,200000000,36283000000,493.58,469.93,-2.9136,165883000000,50963000000,200000000,160016000000,114920000000,159816000000,7505000000,5867000000,13.81,-18879000000,574.69,392.21
2025-12-28,AMP,36.33,18513000000.0,13.81,None,1.263,69.31,,47000000,7668000000,7668000000,,,,,,,,,3000000,124900000,None,2916000000,2916000000,1770000000,None,200000000,7392000000,None,None,726000000,,6.16,0.0123,,,,0.866,-0.28,1132000000,1858000000,9.61,2020-09-30,12.25,None,10509000000.0,4589000000,745000000,187000000,None,None,None,73000000,None,-2015000000,None,None,4734000000,None,42640000000,574000000,None,None,None,0.373,,6651000000,1132000000,6260000000,6948000000,None,129098000000,None,,,,,1.775,7.22,2.555,,,,,,,,0.196,,274000000,2025-10-30,quarterly,9.33,USD,pre-market,None,15241000000,0.0222,0.596,0.073,189.2,2293000000,4934000000,200000000,35959000000,493.58,469.93,-2.9136,158687000000,51019000000,200000000,152620000000,107668000000,152420000000,7505000000,6067000000,13.81,-18370000000,574.69,392.21
2025-12-28,AMP,36.33,18513000000.0,13.81,None,1.263,69.31,,51000000,7703000000,7703000000,,,,,,,,,3000000,126200000,None,2916000000,2916000000,1650000000,None,200000000,7295000000,None,None,726000000,,6.16,0.0123,,,,0.866,-0.28,1132000000,1858000000,9.61,2020-06-30,12.25,None,10509000000.0,4589000000,745000000,187000000,None,None,None,73000000,None,-1032000000,None,None,4324000000,None,40703000000,574000000,None,None,None,0.373,,6651000000,1132000000,5068000000,6655000000,None,126158000000,None,,,,,1.775,7.22,2.555,,,,,,,,0.196,,None,2025-10-30,quarterly,9.33,USD,pre-market,None,15510000000,0.0222,0.596,0.073,189.2,2293000000,4524000000,200000000,34442000000,493.58,469.93,-2.9136,154902000000,49440000000,200000000,148402000000,105462000000,148202000000,7505000000,6500000000,13.81,-18029000000,574.69,392.21
2025-12-28,AMP,36.33,18513000000.0,13.81,None,1.263,69.31,,54000000,8829000000,8829000000,,,,,,,,,3000000,128200000,None,2916000000,2916000000,1427000000,None,200000000,7188000000,None,None,726000000,,6.16,0.0123,,,,0.866,-0.28,1132000000,1858000000,9.61,2020-03-31,12.25,None,10509000000.0,4589000000,745000000,187000000,None,None,None,73000000,None,-3097000000,None,None,3720000000,None,38024000000,574000000,None,None,None,0.373,,6651000000,1132000000,5560000000,6307000000,None,116632000000,None,,,,,1.775,7.22,2.555,,,,,,,,0.196,,None,2025-10-30,quarterly,9.33,USD,pre-market,None,16180000000,0.0222,0.596,0.073,189.2,2293000000,3920000000,200000000,31846000000,493.58,469.93,-2.9136,145682000000,47863000000,200000000,138989000000,97819000000,138789000000,7505000000,6693000000,13.81,-17773000000,574.69,392.21
2025-12-28,AMP,36.33,18513000000.0,13.81,None,1.263,69.31,,57000000,3827000000,3827000000,,,,,,,,,3000000,131300000,None,2916000000,2916000000,1884000000,None,201000000,7210000000,None,None,726000000,,6.16,0.0123,,,,0.866,-0.28,1132000000,1858000000,9.61,2019-12-31,12.25,1167000000,10509000000.0,4589000000,745000000,187000000,823000000,823000000,None,73000000,None,-1455000000,None,None,4725000000,None,39521000000,574000000,None,None,None,0.373,,6651000000,1132000000,5418000000,4811000000,None,124859000000,None,,,,,1.775,7.22,2.555,,,,,,,,0.196,,877000000,2025-10-30,quarterly,9.33,USD,pre-market,None,14279000000,0.0222,0.596,0.073,189.2,2293000000,4926000000,201000000,33129000000,493.58,469.93,-2.9136,151828000000,44166000000,201000000,146099000000,107662000000,145898000000,7505000000,5729000000,13.81,-17276000000,574.69,392.21
2025-12-28,AMP,36.33,18513000000.0,13.81,None,1.263,69.31,,61000000,5392000000,5392000000,,,,,,,,,3000000,134500000,None,2916000000,2916000000,1783000000,None,201000000,7348000000,None,None,726000000,,6.16,0.0123,,,,0.866,-0.28,1132000000,1858000000,9.61,2019-09-30,12.25,None,10509000000.0,4589000000,745000000,187000000,None,None,None,73000000,None,-1970000000,None,None,4771000000,None,37375000000,574000000,None,None,None,0.373,,6651000000,1132000000,6584000000,6296000000,None,122220000000,None,,,,,1.775,7.22,2.555,,,,,,,,0.196,,274000000,2025-10-30,quarterly,9.33,USD,pre-market,None,13944000000,0.0222,0.596,0.073,189.2,2293000000,4972000000,201000000,30967000000,493.58,469.93,-2.9136,149513000000,43707000000,201000000,143516000000,105806000000,143315000000,7505000000,5997000000,13.81,-16679000000,574.69,392.21
2025-12-28,AMP,36.33,18513000000.0,13.81,None,1.263,69.31,,64000000,4361000000,4361000000,,,,,,,,,3000000,138000000,None,2916000000,2916000000,1686000000,None,201000000,7435000000,None,None,726000000,,6.16,0.0123,,,,0.866,-0.28,1132000000,1858000000,9.61,2019-06-30,12.25,None,10509000000.0,4589000000,745000000,187000000,None,None,None,73000000,None,-1414000000,None,None,4811000000,None,37007000000,574000000,None,None,None,0.373,,6651000000,1132000000,6708000000,5591000000,None,121536000000,None,,,,,1.775,7.22,2.555,,,,,,,,0.196,,281000000,2025-10-30,quarterly,9.33,USD,pre-market,None,13530000000,0.0222,0.596,0.073,189.2,2293000000,5012000000,201000000,30642000000,493.58,469.93,-2.9136,148678000000,42438000000,201000000,142648000000,106240000000,142447000000,7505000000,6030000000,13.81,-16109000000,574.69,392.21
2025-12-28,AMP,36.33,18513000000.0,13.81,None,1.263,69.31,,55000000,3347000000,3347000000,,,,,,,,,3000000,140100000,None,2916000000,2916000000,1596000000,None,201000000,7462000000,None,None,726000000,,6.16,0.0123,,,,0.866,-0.28,1132000000,1858000000,9.61,2019-03-31,12.25,None,10509000000.0,4589000000,745000000,187000000,None,None,None,73000000,None,-936000000,None,None,5125000000,None,35203000000,574000000,None,None,None,0.373,,6651000000,1132000000,6783000000,4814000000,None,118947000000,None,,,,,1.775,7.22,2.555,,,,,,,,0.196,,271000000,2025-10-30,quarterly,9.33,USD,pre-market,None,13172000000,0.0222,0.596,0.073,189.2,2293000000,5326000000,201000000,28764000000,493.58,469.93,-2.9136,144403000000,39573000000,201000000,138560000000,104830000000,138359000000,7505000000,5843000000,13.81,-15637000000,574.69,392.21
2025-12-28,AMP,36.33,18513000000.0,13.81,None,1.263,69.31,,None,3097000000,3097000000,,,,,,,,,3000000,143200000,None,2916000000,2916000000,1862000000,None,424000000,6185000000,None,None,726000000,,6.16,0.0123,,,,0.866,-0.28,1132000000,1858000000,9.61,2018-12-31,12.25,None,10509000000.0,4589000000,745000000,187000000,None,None,None,73000000,None,-796000000,None,None,4610000000,None,37531000000,574000000,None,None,None,0.373,,6651000000,1132000000,4866000000,3186000000,None,113410000000,None,,,,,1.775,7.22,2.555,,,,,,,,0.196,,635000000,2025-10-30,quarterly,9.33,USD,pre-market,None,12909000000,0.0222,0.596,0.073,189.2,2293000000,4811000000,201000000,31058000000,493.58,469.93,-2.9136,137216000000,40340000000,201000000,131628000000,96876000000,131427000000,7505000000,5588000000,13.81,-15293000000,574.69,392.21
2025-12-28,AMP,36.33,18513000000.0,13.81,None,1.263,69.31,,None,2478000000,2478000000,,,,,,,,,3000000,146500000,None,2916000000,2916000000,1867000000,None,603000000,6047000000,None,None,726000000,,6.16,0.0123,,,,0.866,-0.28,1132000000,1858000000,9.61,2018-09-30,12.25,None,10509000000.0,4589000000,745000000,187000000,None,None,None,73000000,None,-617000000,None,None,4240000000,None,36920000000,574000000,None,None,None,0.373,,6651000000,1132000000,5050000000,3290000000,None,122507000000,None,,,,,1.775,7.22,2.555,,,,,,,,0.196,,None,2025-10-30,quarterly,9.33,USD,pre-market,None,12498000000,0.0222,0.596,0.073,189.2,2293000000,4441000000,201000000,30840000000,493.58,469.93,-2.9136,145191000000,39365000000,201000000,139573000000,105826000000,139372000000,7505000000,5618000000,13.81,-14853000000,574.69,392.21
2025-12-28,AMP,36.33,18513000000.0,13.81,None,1.263,69.31,,None,2582000000,2582000000,,,,,,,,,3000000,149000000,None,2916000000,2916000000,1749000000,None,544000000,5930000000,None,None,726000000,,6.16,0.0123,,,,0.866,-0.28,1132000000,1858000000,9.61,2018-06-30,12.25,0,10509000000.0,4589000000,745000000,187000000,0,0,None,73000000,None,-716000000,None,None,4291000000,None,36594000000,574000000,None,None,None,0.373,,6651000000,1132000000,4614000000,2952000000,None,120967000000,None,,,,,1.775,7.22,2.555,,,,,,,,0.196,,0,2025-10-30,quarterly,9.33,USD,pre-market,None,12126000000,0.0222,0.596,0.073,189.2,2293000000,4492000000,201000000,30459000000,493.58,469.93,-2.9136,143268000000,38971000000,201000000,137636000000,104297000000,137435000000,7505000000,5632000000,13.81,-14489000000,574.69,392.21
2025-12-28,AMP,36.33,18513000000.0,13.81,None,1.263,69.31,,None,2201000000,2201000000,,,,,,,,,3000000,152100000,None,2916000000,2916000000,1609000000,None,512000000,5880000000,None,None,726000000,,6.16,0.0123,,,,0.866,-0.28,1132000000,1858000000,9.61,2018-03-31,12.25,0,10509000000.0,4589000000,745000000,187000000,0,0,None,73000000,None,-819000000,None,None,5055000000,None,37431000000,574000000,None,None,None,0.373,,6651000000,1132000000,4739000000,3065000000,None,121817000000,None,,,,,1.775,7.22,2.555,,,,,,,,0.196,,0,2025-10-30,quarterly,9.33,USD,pre-market,None,11796000000,0.0222,0.596,0.073,189.2,2293000000,5256000000,201000000,30319000000,493.58,469.93,-2.9136,144762000000,38400000000,201000000,138922000000,106362000000,138721000000,7505000000,5840000000,13.81,-14070000000,574.69,392.21
2025-12-28,AMP,36.33,18513000000.0,13.81,None,1.263,69.31,,None,2620000000,2620000000,,,,,,,,,3000000,153800000,None,2916000000,2916000000,1975000000,None,416000000,5787000000,None,None,726000000,,6.16,0.0123,,,,0.866,-0.28,1132000000,1858000000,9.61,2017-12-31,12.25,1175000000,10509000000.0,4589000000,745000000,187000000,1313000000,1313000000,None,73000000,None,-1104000000,None,None,5099000000,None,38056000000,574000000,None,None,None,0.373,,6651000000,1132000000,5767000000,12000000,None,123910000000,None,,,,,1.775,7.22,2.555,,,,,,,,0.196,,626000000,2025-10-30,quarterly,9.33,USD,pre-market,None,11326000000,0.0222,0.596,0.073,189.2,2293000000,5297000000,200000000,30927000000,493.58,469.93,-2.9136,147470000000,39334000000,200000000,141485000000,108146000000,141285000000,7505000000,5995000000,13.81,-13648000000,574.69,392.21
2025-12-28,AMP,36.33,18513000000.0,13.81,None,1.263,69.31,,None,2504000000,2504000000,,,,,,,,,3000000,155400000,None,2916000000,2916000000,1728000000,None,416000000,5751000000,None,None,726000000,,6.16,0.0123,,,,0.866,-0.28,1132000000,1858000000,9.61,2017-09-30,12.25,0,10509000000.0,4589000000,745000000,187000000,0,0,None,73000000,None,-1201000000,None,None,5169000000,None,None,574000000,None,None,None,0.373,,6651000000,1132000000,5235000000,3335000000,None,115250000000,None,,,,,1.775,7.22,2.555,,,,,,,,0.196,,0,2025-10-30,quarterly,9.33,USD,pre-market,None,11271000000,0.0222,0.596,0.073,189.2,2293000000,5370000000,201000000,30826000000,493.58,469.93,-2.9136,145486000000,39081000000,201000000,139181000000,106405000000,138980000000,7505000000,6305000000,13.81,-13298000000,574.69,392.21
2025-12-28,AMP,36.33,18513000000.0,13.81,None,1.263,69.31,,None,2563000000,2563000000,,,,,,,,,3000000,157500000,None,2916000000,2916000000,1600000000,None,5867000000,5519000000,None,None,726000000,,6.16,0.0123,,,,0.866,-0.28,1132000000,1858000000,9.61,2017-06-30,12.25,0,10509000000.0,4589000000,745000000,187000000,0,0,None,73000000,None,-1264000000,None,None,5216000000,None,None,574000000,None,None,None,0.373,,6651000000,1132000000,5093000000,3270000000,None,113539000000,None,,,,,1.775,7.22,2.555,,,,,,,,0.196,,0,2025-10-30,quarterly,9.33,USD,pre-market,None,10897000000,0.0222,0.596,0.073,189.2,2293000000,5416000000,200000000,30647000000,493.58,469.93,-2.9136,143144000000,38729000000,200000000,136894000000,104415000000,136694000000,7505000000,6250000000,13.81,-12852000000,574.69,392.21
2025-12-28,AMP,36.33,18513000000.0,13.81,None,1.263,69.31,,None,2177000000,2177000000,,,,,,,,,3000000,160100000,None,2916000000,2916000000,1470000000,None,200000000,5372000000,None,None,726000000,,6.16,0.0123,,,,0.866,-0.28,1132000000,1858000000,9.61,2017-03-31,12.25,0,10509000000.0,4589000000,745000000,187000000,0,0,None,73000000,None,-1142000000,None,None,5252000000,None,None,574000000,None,None,None,0.373,,6651000000,1132000000,5330000000,3114000000,None,111931000000,None,,,,,1.775,7.22,2.555,,,,,,,,0.196,,0,2025-10-30,quarterly,9.33,USD,pre-market,None,10633000000,0.0222,0.596,0.073,189.2,2293000000,5452000000,200000000,30582000000,493.58,469.93,-2.9136,140857000000,38131000000,200000000,134630000000,102726000000,134430000000,7505000000,6227000000,13.81,-12485000000,574.69,392.21
2025-12-28,AMP,36.33,18513000000.0,13.81,None,1.263,69.31,,None,2486000000,2486000000,,,,,,,,,3000000,162400000,None,2916000000,2916000000,1727000000,None,989000000,5310000000,None,None,726000000,,6.16,0.0123,,,,0.866,-0.28,1132000000,1858000000,9.61,2016-12-31,12.25,1104000000,10509000000.0,4589000000,745000000,187000000,1212000000,1212000000,None,73000000,None,-1778000000,None,None,5224000000,None,36488000000,574000000,None,None,None,0.373,,6651000000,1132000000,5178000000,3273000000,None,110412000000,None,,,,,1.775,7.22,2.555,,,,,,,,0.196,,607000000,2025-10-30,quarterly,9.33,USD,pre-market,None,10351000000,0.0222,0.596,0.073,189.2,2293000000,5436000000,200000000,30719000000,493.58,469.93,-2.9136,139821000000,38515000000,200000000,133529000000,101306000000,133329000000,7505000000,6292000000,13.81,-12027000000,574.69,392.21
2025-12-28,AMP,36.33,18513000000.0,13.81,None,1.263,69.31,,None,3329000000,3329000000,,,,,,,,,3000000,165800000,None,2916000000,2916000000,1498000000,None,200000000,5336000000,None,None,726000000,,6.16,0.0123,,,,0.866,-0.28,1132000000,1858000000,9.61,2016-09-30,12.25,0,10509000000.0,4589000000,745000000,187000000,0,0,None,73000000,None,-1663000000,None,None,5644000000,None,None,574000000,None,None,None,0.373,,6651000000,1132000000,5275000000,4222000000,None,112980000000,None,,,,,1.775,7.22,2.555,,,,,,,,0.196,,0,2025-10-30,quarterly,9.33,USD,pre-market,None,10098000000,0.0222,0.596,0.073,189.2,2293000000,5844000000,200000000,30799000000,493.58,469.93,-2.9136,143623000000,39464000000,200000000,136827000000,104159000000,136627000000,7505000000,6796000000,13.81,-11609000000,574.69,392.21
2025-12-28,AMP,36.33,18513000000.0,13.81,None,1.263,69.31,,None,3050000000,3050000000,,,,,,,,,3000000,170100000,None,2916000000,2916000000,1337000000,None,200000000,5190000000,None,None,726000000,,6.16,0.0123,,,,0.866,-0.28,1132000000,1858000000,9.61,2016-06-30,12.25,0,10509000000.0,4589000000,745000000,187000000,0,0,None,73000000,None,-3940000000,None,None,5201000000,None,None,574000000,None,None,None,0.373,,6651000000,1132000000,4807000000,4346000000,None,111472000000,None,,,,,1.775,7.22,2.555,,,,,,,,0.196,,0,2025-10-30,quarterly,9.33,USD,pre-market,None,10007000000,0.0222,0.596,0.073,189.2,2293000000,5401000000,200000000,30158000000,493.58,469.93,-2.9136,142684000000,38398000000,200000000,135595000000,104286000000,135395000000,7505000000,7089000000,13.81,-11218000000,574.69,392.21
2025-12-28,AMP,36.33,18513000000.0,13.81,None,1.263,69.31,,None,2795000000,2795000000,,,,,,,,,3000000,174400000,None,2916000000,2916000000,1254000000,None,200000000,5295000000,None,None,726000000,,6.16,0.0123,,,,0.866,-0.28,1132000000,1858000000,9.61,2016-03-31,12.25,0,10509000000.0,4589000000,745000000,187000000,0,0,None,73000000,None,-3168000000,None,None,5356000000,None,None,574000000,None,None,None,0.373,,6651000000,1132000000,4629000000,3961000000,None,110697000000,None,,,,,1.775,7.22,2.555,,,,,,,,0.196,,0,2025-10-30,quarterly,9.33,USD,pre-market,None,9799000000,0.0222,0.596,0.073,189.2,2293000000,5556000000,200000000,29480000000,493.58,469.93,-2.9136,140250000000,37570000000,200000000,133157000000,102680000000,132957000000,7505000000,7093000000,13.81,-10761000000,574.69,392.21
2025-12-28,AMP,36.33,18513000000.0,13.81,None,1.263,69.31,,None,2859000000,2859000000,,,,,,,,,3000000,178900000,None,2916000000,2916000000,1652000000,None,969000000,5274000000,None,None,726000000,,6.16,0.0123,,,,0.866,-0.28,1132000000,1858000000,9.61,2015-12-31,12.25,1137000000,10509000000.0,4589000000,745000000,187000000,1270000000,1270000000,None,73000000,None,-1940000000,None,None,10215000000,None,39714000000,574000000,None,None,None,0.373,,6651000000,1132000000,5205000000,3000000,None,110048000000,None,,,,,1.775,7.22,2.555,,,,,,,,0.196,,724000000,2025-10-30,quarterly,9.33,USD,pre-market,None,9662000000,0.0222,0.596,0.073,189.2,2293000000,10423000000,200000000,28673000000,493.58,469.93,-2.9136,145259000000,36806000000,200000000,136960000000,108533000000,136760000000,7505000000,7191000000,13.81,-10338000000,574.69,392.21
2025-12-28,AMP,36.33,18513000000.0,13.81,None,1.263,69.31,,None,3570000000,3570000000,,,,,,,,,3000000,182700000,None,2916000000,2916000000,1435000000,None,None,5289000000,None,None,726000000,,6.16,0.0123,,,,0.866,-0.28,1132000000,1858000000,9.61,2015-09-30,12.25,0,10509000000.0,4589000000,745000000,187000000,0,0,None,73000000,None,-2314000000,None,None,10945000000,None,None,574000000,None,None,None,0.373,,6651000000,1132000000,5374000000,3603000000,None,108682000000,None,,,,,1.775,7.22,2.555,,,,,,,,0.196,,0,2025-10-30,quarterly,9.33,USD,pre-market,None,9493000000,0.0222,0.596,0.073,189.2,2293000000,11145000000,200000000,29286000000,493.58,469.93,-2.9136,145320000000,38145000000,200000000,136499000000,107175000000,136299000000,7505000000,7629000000,13.81,-9885000000,574.69,392.21
2025-12-28,AMP,36.33,18513000000.0,13.81,None,1.263,69.31,,None,3041000000,3041000000,,,,,,,,,3000000,186400000,None,2916000000,2916000000,1341000000,None,None,5267000000,None,None,726000000,,6.16,0.0123,,,,0.866,-0.28,1132000000,1858000000,9.61,2015-06-30,12.25,0,10509000000.0,4589000000,745000000,187000000,0,0,None,73000000,None,-1643000000,None,None,10408000000,None,None,574000000,None,None,None,0.373,,6651000000,1132000000,5205000000,3309000000,None,113049000000,None,,,,,1.775,7.22,2.555,,,,,,,,0.196,,0,2025-10-30,quarterly,9.33,USD,pre-market,None,9300000000,0.0222,0.596,0.073,189.2,2293000000,10608000000,200000000,29427000000,493.58,469.93,-2.9136,148806000000,37735000000,200000000,139810000000,111071000000,139610000000,7505000000,7875000000,13.81,-9428000000,574.69,392.21
2025-12-28,AMP,36.33,18513000000.0,13.81,None,1.263,69.31,,None,3147000000,3147000000,,,,,,,,,3000000,189100000,None,2916000000,2916000000,1275000000,None,None,5140000000,None,None,726000000,,6.16,0.0123,,,,0.866,-0.28,1132000000,1858000000,9.61,2015-03-31,12.25,0,10509000000.0,4589000000,745000000,187000000,0,0,None,73000000,None,-2478000000,None,None,9845000000,None,None,574000000,None,None,None,0.373,,6651000000,1132000000,5436000000,3985000000,None,114725000000,None,,,,,1.775,7.22,2.555,,,,,,,,0.196,,0,2025-10-30,quarterly,9.33,USD,pre-market,None,9031000000,0.0222,0.596,0.073,189.2,2293000000,10045000000,200000000,30150000000,493.58,469.93,-2.9136,151448000000,38437000000,200000000,142189000000,113011000000,141989000000,7505000000,8195000000,13.81,-8966000000,574.69,392.21
2025-12-28,AMP,36.33,18513000000.0,13.81,None,1.263,69.31,,None,3028000000,3028000000,,,,,,,,,3000000,191200000,None,2916000000,2916000000,1482000000,None,1494000000,5027000000,None,None,726000000,,6.16,0.0123,,,,0.866,-0.28,1132000000,1858000000,9.61,2014-12-31,12.25,1154000000,10509000000.0,4589000000,745000000,187000000,1313000000,1313000000,None,73000000,None,-2031000000,None,None,9558000000,None,40430000000,574000000,None,None,None,0.373,,6651000000,1132000000,5214000000,8000000,None,113606000000,None,,,,,1.775,7.22,2.555,,,,,,,,0.196,,667000000,2025-10-30,quarterly,9.33,USD,pre-market,None,8703000000,0.0222,0.596,0.073,189.2,2293000000,10129000000,200000000,30027000000,493.58,469.93,-2.9136,148810000000,38082000000,200000000,139505000000,110728000000,139305000000,7505000000,8124000000,13.81,-8589000000,574.69,392.21
2025-12-28,AMP,36.33,18513000000.0,13.81,None,1.263,69.31,,None,3155000000,3155000000,,,,,,,,,3000000,193700000,None,2916000000,2916000000,1411000000,None,None,4895000000,None,None,726000000,,6.16,0.0123,,,,0.866,-0.28,1132000000,1858000000,9.61,2014-09-30,12.25,0,10509000000.0,4589000000,745000000,187000000,0,0,None,73000000,None,-1513000000,None,None,9453000000,None,None,574000000,None,None,None,0.373,,6651000000,1132000000,4680000000,3162000000,None,82420000000,None,,,,,1.775,7.22,2.555,,,,,,,,0.196,,0,2025-10-30,quarterly,9.33,USD,pre-market,None,8460000000,0.0222,0.596,0.073,189.2,2293000000,9653000000,200000000,30256000000,493.58,469.93,-2.9136,147193000000,38306000000,200000000,137853000000,108887000000,137653000000,7505000000,8260000000,13.81,-8181000000,574.69,392.21
2025-12-28,AMP,36.33,18513000000.0,13.81,None,1.263,69.31,,None,2859000000,2859000000,,,,,,,,,3000000,196200000,None,2916000000,2916000000,1274000000,None,None,4909000000,None,None,726000000,,6.16,0.0123,,,,0.866,-0.28,1132000000,1858000000,9.61,2014-06-30,12.25,0,10509000000.0,4589000000,745000000,187000000,0,0,None,73000000,None,-1586000000,None,None,9195000000,None,None,574000000,None,None,None,0.373,,6651000000,1132000000,5009000000,3211000000,None,113634000000,None,,,,,1.775,7.22,2.555,,,,,,,,0.196,,0,2025-10-30,quarterly,9.33,USD,pre-market,None,8163000000,0.0222,0.596,0.073,189.2,2293000000,9395000000,200000000,30486000000,493.58,469.93,-2.9136,149160000000,38254000000,200000000,139483000000,110906000000,139283000000,7505000000,8428000000,13.81,-7802000000,574.69,392.21
2025-12-28,AMP,36.33,18513000000.0,13.81,None,1.263,69.31,,None,2899000000,2899000000,,,,,,,,,3000000,199100000,None,2916000000,2916000000,1187000000,None,None,4714000000,None,None,726000000,,6.16,0.0123,,,,0.866,-0.28,1132000000,1858000000,9.61,2014-03-31,12.25,0,10509000000.0,4589000000,745000000,187000000,0,0,None,73000000,None,-1462000000,None,None,8866000000,None,None,574000000,None,None,None,0.373,,6651000000,1132000000,4688000000,3630000000,None,111497000000,None,,,,,1.775,7.22,2.555,,,,,,,,0.196,,0,2025-10-30,quarterly,9.33,USD,pre-market,None,7938000000,0.0222,0.596,0.073,189.2,2293000000,9166000000,300000000,30478000000,493.58,469.93,-2.9136,145964000000,38091000000,300000000,136519000000,107873000000,136219000000,7505000000,8344000000,13.81,-7389000000,574.69,392.21
2025-12-28,AMP,36.33,18513000000.0,13.81,None,1.263,69.31,,None,3051000000,3051000000,,,,,,,,,3000000,202300000,None,2916000000,2916000000,1367000000,None,None,4610000000,None,None,726000000,,6.16,0.0123,,,,0.866,-0.28,1132000000,1858000000,9.61,2013-12-31,12.25,1164000000,10509000000.0,4589000000,745000000,187000000,1363000000,1363000000,None,73000000,None,-1484000000,None,None,8151000000,None,None,574000000,None,None,None,0.373,,6651000000,1132000000,4785000000,10000000,None,110843000000,None,,,,,1.775,7.22,2.555,,,,,,,,0.196,,705000000,2025-10-30,quarterly,9.33,USD,pre-market,None,7626000000,0.0222,0.596,0.073,189.2,2293000000,8956000000,500000000,30310000000,493.58,469.93,-2.9136,144576000000,37971000000,500000000,135344000000,106605000000,134844000000,7505000000,8192000000,13.81,-6961000000,574.69,392.21
2025-12-28,AMP,36.33,18513000000.0,13.81,None,1.263,69.31,,None,3465000000,3465000000,,,,,,,,,3000000,205100000,None,2916000000,2916000000,1290000000,None,None,4503000000,None,None,726000000,,6.16,0.0123,,,,0.866,-0.28,1132000000,1858000000,9.61,2013-09-30,12.25,0,10509000000.0,4589000000,745000000,187000000,0,0,None,73000000,None,-1642000000,None,None,8189000000,None,None,574000000,None,None,None,0.373,,6651000000,1132000000,4261000000,2657000000,None,107731000000,None,,,,,1.775,7.22,2.555,,,,,,,,0.196,,0,2025-10-30,quarterly,9.33,USD,pre-market,None,7442000000,0.0222,0.596,0.073,189.2,2293000000,8689000000,500000000,30084000000,493.58,469.93,-2.9136,140208000000,38052000000,500000000,131039000000,102156000000,130539000000,7505000000,8325000000,13.81,-6565000000,574.69,392.21
2025-12-28,AMP,36.33,18513000000.0,13.81,None,1.263,69.31,,None,3377000000,3377000000,,,,,,,,,3000000,208600000,None,2916000000,2916000000,1191000000,None,None,4651000000,None,None,726000000,,6.16,0.0123,,,,0.866,-0.28,1132000000,1858000000,9.61,2013-06-30,12.25,0,10509000000.0,4589000000,745000000,187000000,0,0,None,73000000,None,-1638000000,None,None,7649000000,None,None,574000000,None,None,None,0.373,,6651000000,1132000000,6600000000,1161000000,None,111609000000,None,,,,,1.775,7.22,2.555,,,,,,,,0.196,,0,2025-10-30,quarterly,9.33,USD,pre-market,None,7130000000,0.0222,0.596,0.073,189.2,2293000000,8150000000,501000000,30018000000,493.58,469.93,-2.9136,137258000000,38046000000,501000000,128276000000,99212000000,127775000000,7505000000,8340000000,13.81,-6148000000,574.69,392.21
2025-12-28,AMP,36.33,18513000000.0,13.81,None,1.263,69.31,,None,3041000000,3041000000,,,,,,,,,3000000,212300000,None,2916000000,2916000000,1023000000,None,None,4383000000,None,None,726000000,,6.16,0.0123,,,,0.866,-0.28,1132000000,1858000000,9.61,2013-03-31,12.25,0,10509000000.0,4589000000,745000000,187000000,0,0,None,73000000,None,-2094000000,None,None,7537000000,None,None,574000000,None,None,None,0.373,,6651000000,1132000000,6644000000,1314000000,None,111759000000,None,,,,,1.775,7.22,2.555,,,,,,,,0.196,,0,2025-10-30,quarterly,9.33,USD,pre-market,None,6978000000,0.0222,0.596,0.073,189.2,2293000000,8037000000,500000000,31049000000,493.58,469.93,-2.9136,137296000000,38473000000,500000000,127679000000,98823000000,127179000000,7505000000,8960000000,13.81,-5697000000,574.69,392.21
2025-12-28,AMP,36.33,18513000000.0,13.81,None,1.263,69.31,,None,2950000000,2950000000,,,,,,,,,3000000,215100000,None,2916000000,2916000000,1228000000,None,None,4315000000,None,None,726000000,,6.16,0.0123,,,,0.866,-0.28,1132000000,1858000000,9.61,2012-12-31,12.25,1174000000,10509000000.0,4589000000,745000000,187000000,241000000,241000000,None,73000000,None,-2191000000,None,None,7367000000,None,None,574000000,None,None,None,0.373,,6651000000,1132000000,9035000000,3575000000,None,109081000000,None,,,,,1.775,7.22,2.555,,,,,,,,0.196,,753000000,2025-10-30,quarterly,9.33,USD,pre-market,None,6717000000,0.0222,0.596,0.073,189.2,2293000000,7885000000,501000000,31472000000,493.58,469.93,-2.9136,134729000000,38737000000,501000000,125017000000,95992000000,124516000000,7505000000,9092000000,13.81,-5325000000,574.69,392.21
2025-12-28,AMP,36.33,18513000000.0,13.81,None,1.263,69.31,,None,3932000000,3932000000,,,,,,,,,3000000,219100000,None,2916000000,2916000000,1145000000,None,None,5584000000,None,None,726000000,,6.16,0.0123,,,,0.866,-0.28,1132000000,1858000000,9.61,2012-09-30,12.25,0,10509000000.0,4589000000,745000000,187000000,0,0,None,73000000,None,0,None,None,7634000000,None,None,574000000,None,None,None,0.373,,6651000000,1132000000,-50745000000,10048000000,None,37374000000,None,,,,,1.775,7.22,2.555,,,,,,,,0.196,,0,2025-10-30,quarterly,9.33,USD,pre-market,None,6477000000,0.0222,0.596,0.073,189.2,2293000000,8134000000,500000000,2364000000,493.58,469.93,-2.9136,138564000000,9516000000,10548000000,128743000000,129048000000,118195000000,7505000000,6480000000,13.81,-4953000000,574.69,392.21
2025-12-28,AMP,36.33,18513000000.0,13.81,None,1.263,69.31,,None,3272000000,3272000000,,,,,,,,,3000000,225600000,None,2916000000,2916000000,11081000000,None,None,5537000000,None,None,726000000,,6.16,0.0123,,,,0.866,-0.28,1132000000,1858000000,9.61,2012-06-30,12.25,0,10509000000.0,4589000000,745000000,187000000,0,0,None,73000000,None,0,None,None,7616000000,None,None,574000000,None,None,None,0.373,,6651000000,1132000000,1174000000,10079000000,None,37051000000,None,,,,,1.775,7.22,2.555,,,,,,,,0.196,,0,2025-10-30,quarterly,9.33,USD,pre-market,None,6384000000,0.0222,0.596,0.073,189.2,2293000000,8114000000,498000000,43564000000,493.58,469.93,-2.9136,135270000000,8809000000,10577000000,125657000000,126461000000,115080000000,7505000000,9005000000,13.81,-4611000000,574.69,392.21
2025-12-28,AMP,36.33,18513000000.0,13.81,None,1.263,69.31,,None,2874000000,2874000000,,,,,,,,,3000000,231700000,None,2916000000,2916000000,10868000000,None,None,5516000000,None,None,726000000,,6.16,0.0123,,,,0.866,-0.28,1132000000,1858000000,9.61,2012-03-31,12.25,0,10509000000.0,4589000000,745000000,187000000,0,0,None,73000000,None,0,None,None,7612000000,None,None,574000000,None,None,None,0.373,,6651000000,1132000000,1270000000,9961000000,None,36266000000,None,,,,,1.775,7.22,2.555,,,,,,,,0.196,,0,2025-10-30,quarterly,9.33,USD,pre-market,None,6285000000,0.0222,0.596,0.073,189.2,2293000000,2885000000,504000000,43919000000,493.58,469.93,-2.9136,136757000000,8390000000,10465000000,127008000000,128367000000,116543000000,7505000000,9115000000,13.81,-4261000000,574.69,392.21
2025-12-28,AMP,36.33,18513000000.0,13.81,None,1.263,69.31,,None,3251000000,3251000000,,,,,,,,,3000000,231700000,None,2916000000,2916000000,10915000000,None,None,4440000000,None,None,726000000,,6.16,0.0123,,,,0.866,-0.28,1132000000,1858000000,9.61,2011-12-31,12.25,1164000000,10509000000.0,4589000000,745000000,187000000,1446000000,1446000000,None,73000000,None,0,None,None,7571000000,None,None,574000000,None,None,None,0.373,,6651000000,1132000000,-32063000000,9850000000,None,None,None,,,,,1.775,7.22,2.555,,,,,,,,0.196,,774000000,2025-10-30,quarterly,9.33,USD,pre-market,None,7411000000,0.0222,0.596,0.073,189.2,2293000000,8075000000,504000000,34505000000,493.58,469.93,-2.9136,133986000000,42196000000,10354000000,123025000000,90111000000,112259000000,7505000000,10255000000,13.81,-4034000000,574.69,392.21
2025-12-28,AMP,36.33,18513000000.0,13.81,None,1.263,69.31,,None,3093000000,3093000000,,,,,,,,,3000000,242000000,None,2916000000,2916000000,10654000000,None,None,5364000000,None,None,726000000,,6.16,0.0123,,,,0.866,-0.28,1132000000,1858000000,9.61,2011-09-30,12.25,0,10509000000.0,4589000000,745000000,187000000,0,0,None,73000000,None,567000000,None,None,7933000000,None,165000000,574000000,None,None,None,0.373,,6651000000,1132000000,-480000000,9624000000,None,94881000000,None,,,,,1.775,7.22,2.555,,,,,,,,0.196,,0,2025-10-30,quarterly,9.33,USD,pre-market,None,7222000000,0.0222,0.596,0.073,189.2,2293000000,8437000000,504000000,43750000000,493.58,469.93,-2.9136,130380000000,8457000000,10128000000,119393000000,121923000000,109265000000,7505000000,10271000000,13.81,-3772000000,574.69,392.21
2025-12-28,AMP,36.33,18513000000.0,13.81,None,1.263,69.31,,None,3007000000,3007000000,,,,,,,,,3000000,251000000,None,2916000000,2916000000,10502000000,None,None,5335000000,None,None,726000000,,6.16,0.0123,,,,0.866,-0.28,1132000000,1858000000,9.61,2011-06-30,12.25,0,10509000000.0,4589000000,745000000,187000000,0,0,None,73000000,None,52000000,None,None,8034000000,None,None,574000000,None,None,None,0.373,,6651000000,1132000000,-575000000,9430000000,None,None,None,,,,,1.775,7.22,2.555,,,,,,,,0.196,,0,2025-10-30,quarterly,9.33,USD,pre-market,None,7123000000,0.0222,0.596,0.073,189.2,2293000000,8539000000,505000000,43363000000,493.58,469.93,-2.9136,135138000000,8342000000,9935000000,123910000000,126796000000,113975000000,7505000000,10548000000,13.81,-3319000000,574.69,392.21
2025-12-28,AMP,36.33,18513000000.0,13.81,None,1.263,69.31,,None,3366000000,3366000000,,,,,,,,,3000000,257700000,None,2916000000,2916000000,9818000000,None,None,5589000000,None,None,726000000,,6.16,0.0123,,,,0.866,-0.28,1132000000,1858000000,9.61,2011-03-31,12.25,0,10509000000.0,4589000000,745000000,187000000,0,0,None,73000000,None,578000000,None,None,8010000000,None,None,574000000,None,None,None,0.373,,6651000000,1132000000,-990000000,8911000000,None,None,None,,,,,1.775,7.22,2.555,,,,,,,,0.196,,0,2025-10-30,quarterly,9.33,USD,pre-market,None,6915000000,0.0222,0.596,0.073,189.2,2293000000,8507000000,497000000,42820000000,493.58,469.93,-2.9136,133832000000,8955000000,9408000000,122643000000,124877000000,113235000000,7505000000,10551000000,13.81,-2952000000,574.69,392.21
2025-12-28,AMP,36.33,18513000000.0,13.81,None,1.263,69.31,,None,3310000000,3310000000,,,,,,,,,3000000,257700000,None,2916000000,2916000000,9938000000,None,None,4909000000,None,None,726000000,,6.16,0.0123,,,,0.866,-0.28,1132000000,1858000000,9.61,2010-12-31,12.25,1209000000,10509000000.0,4589000000,745000000,187000000,1542000000,1542000000,None,73000000,None,565000000,None,None,7852000000,None,None,574000000,None,None,None,0.373,,6651000000,1132000000,-42818000000,8779000000,None,None,None,,,,,1.775,7.22,2.555,,,,,,,,0.196,,693000000,2025-10-30,quarterly,9.33,USD,pre-market,None,6748000000,0.0222,0.596,0.073,189.2,2293000000,8249000000,397000000,42497000000,493.58,469.93,-2.9136,131192000000,50716000000,9176000000,119907000000,80498000000,110753000000,7505000000,10725000000,13.81,-2620000000,574.69,392.21
2025-12-28,AMP,36.33,18513000000.0,13.81,None,1.263,69.31,,None,4088000000,4088000000,,,,,,,,,3000000,259900000,None,2916000000,2916000000,9598000000,None,None,4969000000,None,None,726000000,,6.16,0.0123,,,,0.866,-0.28,1132000000,1858000000,9.61,2010-09-30,12.25,0,10509000000.0,4589000000,745000000,187000000,0,0,None,73000000,None,5375000000,None,None,7851000000,None,None,574000000,None,None,None,0.373,,6651000000,1132000000,-5855000000,8492000000,None,None,None,,,,,1.775,7.22,2.555,,,,,,,,0.196,,0,2025-10-30,quarterly,9.33,USD,pre-market,None,6545000000,0.0222,0.596,0.073,189.2,2293000000,9060000000,869000000,5375000000,493.58,469.93,-2.9136,129044000000,14432000000,9361000000,117540000000,114612000000,108179000000,7505000000,10950000000,13.81,-2412000000,574.69,392.21
2025-12-28,AMP,36.33,18513000000.0,13.81,None,1.263,69.31,,None,4397000000,4397000000,,,,,,,,,3000000,265300000,None,2916000000,2916000000,9492000000,None,None,4998000000,None,None,726000000,,6.16,0.0123,,,,0.866,-0.28,1132000000,1858000000,9.61,2010-06-30,12.25,0,10509000000.0,4589000000,745000000,187000000,0,0,None,73000000,None,5437000000,None,None,2684000000,None,None,574000000,None,None,None,0.373,,6651000000,1132000000,-6099000000,8421000000,None,None,None,,,,,1.775,7.22,2.555,,,,,,,,0.196,,0,2025-10-30,quarterly,9.33,USD,pre-market,None,6278000000,0.0222,0.596,0.073,189.2,2293000000,8464000000,484000000,5437000000,493.58,469.93,-2.9136,121110000000,14832000000,8905000000,109991000000,106278000000,101086000000,7505000000,10498000000,13.81,-2259000000,574.69,392.21
2025-12-28,AMP,36.33,18513000000.0,13.81,None,1.263,69.31,,None,5429000000,5429000000,,,,,,,,,3000000,265000000,None,2916000000,2916000000,9397000000,None,None,4848000000,None,None,726000000,,6.16,0.0123,,,,0.866,-0.28,1132000000,1858000000,9.61,2010-03-31,12.25,0,10509000000.0,4589000000,745000000,187000000,0,0,None,73000000,None,5349000000,None,None,7774000000,None,None,574000000,None,None,None,0.373,,6651000000,1132000000,-6042000000,8632000000,None,None,None,,,,,1.775,7.22,2.555,,,,,,,,0.196,,0,2025-10-30,quarterly,9.33,USD,pre-market,None,5959000000,0.0222,0.596,0.073,189.2,2293000000,8114000000,None,5349000000,493.58,469.93,-2.9136,122377000000,15626000000,8632000000,111677000000,106751000000,103045000000,7505000000,10108000000,13.81,-2038000000,574.69,392.21
2025-12-28,AMP,36.33,18513000000.0,13.81,None,1.263,69.31,,None,3278000000,3278000000,,,,,,,,,3000000,265000000,None,2916000000,2916000000,9472000000,None,None,4484000000,None,None,726000000,,6.16,0.0123,,,,0.866,-0.28,1132000000,1858000000,9.61,2009-12-31,12.25,1135000000,10509000000.0,4589000000,745000000,187000000,1404000000,1404000000,None,73000000,None,592000000,None,None,2249000000,None,36974000000,574000000,None,None,None,0.373,,6651000000,1132000000,-37204000000,8554000000,None,101649000000,None,,,,,1.775,7.22,2.555,,,,,,,,0.196,,728000000,2025-10-30,quarterly,9.33,USD,pre-market,None,5282000000,0.0222,0.596,0.073,189.2,2293000000,2249000000,None,36974000000,493.58,469.93,-2.9136,113774000000,44736000000,8554000000,103898000000,69034000000,95344000000,7505000000,9273000000,13.81,-2023000000,574.69,392.21
2025-12-28,AMP,36.33,18513000000.0,13.81,None,1.263,69.31,,None,3580000000,3580000000,,,,,,,,,3000000,260700000,None,2916000000,2916000000,9793000000,None,None,4247000000,None,None,726000000,,6.16,0.0123,,,,0.866,-0.28,1132000000,1858000000,9.61,2009-09-30,12.25,0,10509000000.0,4589000000,745000000,187000000,0,0,None,73000000,None,0,None,None,2076000000,None,36847000000,574000000,None,None,None,0.373,,6651000000,1132000000,-4247000000,9028000000,None,99731000000,None,,,,,1.775,7.22,2.555,,,,,,,,0.196,,0,2025-10-30,quarterly,9.33,USD,pre-market,None,5091000000,0.0222,0.596,0.073,189.2,2293000000,2076000000,None,1822000000,493.58,469.93,-2.9136,111201000000,7827000000,9028000000,101807000000,103374000000,92779000000,7505000000,9049000000,13.81,-2021000000,574.69,392.21
2025-12-28,AMP,36.33,18513000000.0,13.81,None,1.263,69.31,,None,4469000000,4469000000,,,,,,,,,3000000,223500000,None,2916000000,2916000000,10041000000,None,None,4067000000,None,None,726000000,,6.16,0.0123,,,,0.866,-0.28,1132000000,1858000000,9.61,2009-06-30,12.25,0,10509000000.0,4589000000,745000000,187000000,0,0,None,73000000,None,0,None,None,2435000000,None,34793000000,574000000,None,None,None,0.373,,6651000000,1132000000,-4067000000,9216000000,None,92405000000,None,,,,,1.775,7.22,2.555,,,,,,,,0.196,,0,2025-10-30,quarterly,9.33,USD,pre-market,None,4875000000,0.0222,0.596,0.073,189.2,2293000000,2435000000,None,1730000000,493.58,469.93,-2.9136,103214000000,8536000000,9216000000,94840000000,94678000000,85624000000,7505000000,8110000000,13.81,-2021000000,574.69,392.21
2025-12-28,AMP,36.33,18513000000.0,13.81,None,1.263,69.31,,None,5796000000,5796000000,,,,,,,,,3000000,223500000,None,2916000000,2916000000,9178000000,None,None,3579000000,None,None,726000000,,6.16,0.0123,,,,0.866,-0.28,1132000000,1858000000,9.61,2009-03-31,12.25,None,10509000000.0,4589000000,745000000,187000000,None,None,None,73000000,None,None,None,None,1922000000,None,None,574000000,None,None,None,0.373,,6651000000,1132000000,-3579000000,8465000000,None,None,None,,,,,1.775,7.22,2.555,,,,,,,,0.196,,None,2025-10-30,quarterly,9.33,USD,pre-market,None,4817000000,0.0222,0.596,0.073,189.2,2293000000,1922000000,None,1811000000,493.58,469.93,-2.9136,94581000000,9375000000,8465000000,87944000000,85206000000,79479000000,7505000000,6384000000,13.81,-2021000000,574.69,392.21
2025-12-28,AMP,36.33,18513000000.0,13.81,None,1.263,69.31,,None,6228000000,6228000000,,,,,,,,,3000000,223500000,None,2916000000,2916000000,9116000000,None,None,3887000000,None,None,726000000,,6.16,0.0123,,,,0.866,-0.28,1132000000,1858000000,9.61,2008-12-31,12.25,1091000000,10509000000.0,4589000000,745000000,187000000,1372000000,1372000000,None,73000000,None,501000000,None,None,2027000000,None,None,574000000,None,None,None,0.373,,6651000000,1132000000,-3887000000,8229000000,None,None,None,,,,,1.775,7.22,2.555,,,,,,,,0.196,,824000000,2025-10-30,quarterly,9.33,USD,pre-market,None,4592000000,0.0222,0.596,0.073,189.2,2293000000,2027000000,None,99000000,493.58,469.93,-2.9136,95676000000,10115000000,8229000000,89498000000,85561000000,81269000000,7505000000,6178000000,13.81,-2012000000,574.69,392.21
2025-12-28,AMP,36.33,18513000000.0,13.81,None,1.263,69.31,,None,4043000000,4043000000,,,,,,,,,3000000,221700000,None,2916000000,2916000000,8485000000,None,None,3921000000,None,None,726000000,,6.16,0.0123,,,,0.866,-0.28,1132000000,1858000000,9.61,2008-09-30,12.25,None,10509000000.0,4589000000,745000000,187000000,None,None,None,73000000,None,None,None,None,2080000000,None,None,574000000,None,None,None,0.373,,6651000000,1132000000,-3921000000,7727000000,None,None,None,,,,,1.775,7.22,2.555,,,,,,,,0.196,,None,2025-10-30,quarterly,9.33,USD,pre-market,None,5004000000,0.0222,0.596,0.073,189.2,2293000000,2080000000,None,None,493.58,469.93,-2.9136,99150000000,7964000000,7727000000,92433000000,91186000000,84706000000,7505000000,6717000000,13.81,-2021000000,574.69,392.21
2025-12-28,AMP,36.33,18513000000.0,13.81,None,1.263,69.31,,None,3373000000,3373000000,,,,,,,,,3000000,226000000,None,2916000000,2916000000,7272000000,None,None,3614000000,None,None,726000000,,6.16,0.0123,,,,0.866,-0.28,1132000000,1858000000,9.61,2008-06-30,12.25,None,10509000000.0,4589000000,745000000,187000000,None,None,None,73000000,None,None,None,None,2018000000,None,None,574000000,None,None,None,0.373,,6651000000,1132000000,-3614000000,6382000000,None,None,None,,,,,1.775,7.22,2.555,,,,,,,,0.196,,None,2025-10-30,quarterly,9.33,USD,pre-market,None,5111000000,0.0222,0.596,0.073,189.2,2293000000,2018000000,None,None,493.58,469.93,-2.9136,104267000000,6987000000,6382000000,96953000000,97280000000,90571000000,7505000000,7314000000,13.81,-1927000000,574.69,392.21
2025-12-28,AMP,36.33,18513000000.0,13.81,None,1.263,69.31,,None,3904000000,3904000000,,,,,,,,,3000000,231500000,None,2916000000,2916000000,7141000000,None,None,3441000000,None,None,726000000,,6.16,0.0123,,,,0.866,-0.28,1132000000,1858000000,9.61,2008-03-31,12.25,None,10509000000.0,4589000000,745000000,187000000,None,None,None,73000000,None,None,None,None,2018000000,None,None,574000000,None,None,None,0.373,,6651000000,1132000000,-3441000000,6307000000,None,None,None,,,,,1.775,7.22,2.555,,,,,,,,0.196,,None,2025-10-30,quarterly,9.33,USD,pre-market,None,4938000000,0.0222,0.596,0.073,189.2,2293000000,2018000000,None,None,493.58,469.93,-2.9136,104902000000,7345000000,6307000000,97321000000,97557000000,91014000000,7505000000,7581000000,13.81,-1710000000,574.69,392.21
2025-12-28,AMP,36.33,18513000000.0,13.81,None,1.263,69.31,,None,3836000000,3836000000,,,,,,,,,3000000,231500000,None,2916000000,2916000000,7388000000,None,None,3441000000,None,None,726000000,,6.16,0.0123,,,,0.866,-0.28,1132000000,1858000000,9.61,2007-12-31,12.25,643000000,10509000000.0,4589000000,745000000,187000000,863000000,863000000,None,73000000,None,None,None,None,2018000000,None,None,574000000,None,None,None,0.373,,6651000000,1132000000,-5975000000,6206000000,None,None,None,,,,,1.775,7.22,2.555,,,,,,,,0.196,,849000000,2025-10-30,quarterly,9.33,USD,pre-market,None,4811000000,0.0222,0.596,0.073,189.2,2293000000,2018000000,None,1053000000,493.58,469.93,-2.9136,109230000000,7277000000,6206000000,101420000000,101953000000,95214000000,7505000000,7810000000,13.81,-1467000000,574.69,392.21
2025-12-28,AMP,36.33,18513000000.0,13.81,None,1.263,69.31,,None,3972000000,3972000000,,,,,,,,,3000000,239200000,None,2916000000,2916000000,1688000000,None,None,3079000000,None,None,726000000,,6.16,0.0123,,,,0.866,-0.28,1132000000,1858000000,9.61,2007-09-30,12.25,None,10509000000.0,4589000000,745000000,187000000,None,None,None,73000000,None,None,None,None,2197000000,None,None,574000000,None,None,None,0.373,,6651000000,1132000000,-3079000000,6029000000,None,None,None,,,,,1.775,7.22,2.555,,,,,,,,0.196,,None,2025-10-30,quarterly,9.33,USD,pre-market,None,4591000000,0.0222,0.596,0.073,189.2,2293000000,2197000000,None,None,493.58,469.93,-2.9136,109854000000,7051000000,6029000000,102096000000,102803000000,96067000000,7505000000,7758000000,13.81,-1180000000,574.69,392.21
2025-12-28,AMP,36.33,18513000000.0,13.81,None,1.263,69.31,,None,3303000000,3303000000,,,,,,,,,3000000,241000000,None,2916000000,2916000000,1850000000,None,None,3207000000,None,None,726000000,,6.16,0.0123,,,,0.866,-0.28,1132000000,1858000000,9.61,2007-06-30,12.25,None,10509000000.0,4589000000,745000000,187000000,None,None,None,73000000,None,None,None,None,2197000000,None,None,574000000,None,None,None,0.373,,6651000000,1132000000,-3207000000,6055000000,None,None,None,,,,,1.775,7.22,2.555,,,,,,,,0.196,,None,2025-10-30,quarterly,9.33,USD,pre-market,None,4428000000,0.0222,0.596,0.073,189.2,2293000000,2197000000,None,None,493.58,469.93,-2.9136,108132000000,6510000000,6055000000,100532000000,101622000000,94477000000,7505000000,7600000000,13.81,-1009000000,574.69,392.21
2025-12-28,AMP,36.33,18513000000.0,13.81,None,1.263,69.31,,None,2413000000,2413000000,,,,,,,,,3000000,244100000,None,2916000000,2916000000,1672000000,None,None,3022000000,None,None,726000000,,6.16,0.0123,,,,0.866,-0.28,1132000000,1858000000,9.61,2007-03-31,12.25,None,10509000000.0,4589000000,745000000,187000000,None,None,None,73000000,None,None,None,None,2225000000,None,None,574000000,None,None,None,0.373,,6651000000,1132000000,-3022000000,6483000000,None,None,None,,,,,1.775,7.22,2.555,,,,,,,,0.196,,None,2025-10-30,quarterly,9.33,USD,pre-market,None,4268000000,0.0222,0.596,0.073,189.2,2293000000,2225000000,None,None,493.58,469.93,-2.9136,105160000000,5435000000,6483000000,97429000000,99725000000,90946000000,7505000000,7731000000,13.81,-865000000,574.69,392.21
2025-12-28,AMP,36.33,18513000000.0,13.81,None,1.263,69.31,,None,2760000000,2760000000,,,,,,,,,3000000,244100000,None,2916000000,2916000000,1984000000,None,None,3161000000,None,None,726000000,,6.16,0.0123,,,,0.866,-0.28,1132000000,1858000000,9.61,2006-12-31,12.25,638000000,10509000000.0,4589000000,745000000,187000000,775000000,775000000,None,73000000,None,None,None,None,2225000000,None,None,574000000,None,None,None,0.373,,6651000000,1132000000,-4513000000,6707000000,None,None,None,,,,,1.775,7.22,2.555,,,,,,,,0.196,,705000000,2025-10-30,quarterly,9.33,USD,pre-market,None,4268000000,0.0222,0.596,0.073,189.2,2293000000,2244000000,None,2058000000,493.58,469.93,-2.9136,104172000000,5921000000,6707000000,96247000000,98560000000,89849000000,7505000000,7925000000,13.81,-490000000,574.69,392.21
2025-12-28,AMP,36.33,18513000000.0,13.81,None,1.263,69.31,,None,3309000000,3309000000,,,,,,,,,3000000,246400000,None,2916000000,2916000000,1952000000,None,None,2504000000,None,None,726000000,,6.16,0.0123,,,,0.866,-0.28,1132000000,1858000000,9.61,2006-09-30,12.25,None,10509000000.0,4589000000,745000000,187000000,None,None,None,73000000,None,None,None,None,2254000000,None,None,574000000,None,None,None,0.373,,6651000000,1132000000,-2504000000,6391000000,None,None,None,,,,,1.775,7.22,2.555,,,,,,,,0.196,,None,2025-10-30,quarterly,9.33,USD,pre-market,None,4123000000,0.0222,0.596,0.073,189.2,2293000000,2254000000,None,None,493.58,469.93,-2.9136,99504000000,5813000000,6391000000,91751000000,93691000000,85360000000,7505000000,7753000000,13.81,-438000000,574.69,392.21
2025-12-28,AMP,36.33,18513000000.0,13.81,None,1.263,69.31,,None,2101000000,2101000000,,,,,,,,,3000000,248000000,None,2916000000,2916000000,2975000000,None,None,2441000000,None,None,726000000,,6.16,0.0123,,,,0.866,-0.28,1132000000,1858000000,9.61,2006-06-30,12.25,None,10509000000.0,4589000000,745000000,187000000,None,None,None,73000000,None,None,None,None,2419000000,None,None,574000000,None,None,None,0.373,,6651000000,1132000000,-2441000000,4863000000,None,None,None,,,,,1.775,7.22,2.555,,,,,,,,0.196,,None,2025-10-30,quarterly,9.33,USD,pre-market,None,3976000000,0.0222,0.596,0.073,189.2,2293000000,2419000000,None,None,493.58,469.93,-2.9136,96049000000,4542000000,4863000000,88814000000,91507000000,83951000000,7505000000,7235000000,13.81,-332000000,574.69,392.21
2025-12-28,AMP,36.33,18513000000.0,13.81,None,1.263,69.31,,None,1650000000,1650000000,,,,,,,,,3000000,253500000,None,2916000000,2916000000,2780000000,None,None,2382000000,None,None,726000000,,6.16,0.0123,,,,0.866,-0.28,1132000000,1858000000,9.61,2006-03-31,12.25,None,10509000000.0,4589000000,745000000,187000000,None,None,None,73000000,None,None,None,None,1921000000,None,None,574000000,None,None,None,0.373,,6651000000,1132000000,-2382000000,5180000000,None,None,None,,,,,1.775,7.22,2.555,,,,,,,,0.196,,None,2025-10-30,quarterly,9.33,USD,pre-market,None,3862000000,0.0222,0.596,0.073,189.2,2293000000,1921000000,50000000,None,493.58,469.93,-2.9136,95821000000,4032000000,5180000000,88480000000,91789000000,83300000000,7505000000,7341000000,13.81,-290000000,574.69,392.21
2025-12-28,AMP,36.33,18513000000.0,13.81,None,1.263,69.31,,None,2474000000,2474000000,,,,,,,,,2000000,253500000,None,2916000000,2916000000,2728000000,None,None,2172000000,None,None,726000000,,6.16,0.0123,,,,0.866,-0.28,1132000000,1858000000,9.61,2005-12-31,12.25,577000000,10509000000.0,4589000000,745000000,187000000,710000000,710000000,None,73000000,None,None,None,None,1783000000,None,None,574000000,None,None,None,0.373,,6651000000,1132000000,-3425000000,6808000000,None,None,None,,,,,1.775,7.22,2.555,,,,,,,,0.196,,658000000,2025-10-30,quarterly,9.33,USD,pre-market,None,3745000000,0.0222,0.596,0.073,189.2,2293000000,1902000000,50000000,2019000000,493.58,469.93,-2.9136,93121000000,4646000000,6858000000,85434000000,88634000000,78735000000,7505000000,7687000000,13.81,None,574.69,392.21
2025-12-28,AMP,36.33,18513000000.0,13.81,None,1.263,69.31,,None,2620000000,2620000000,,,,,,,,,2000000,246200000,None,2916000000,2916000000,2516000000,None,None,2837000000,None,None,726000000,,6.16,0.0123,,,,0.866,-0.28,1132000000,1858000000,9.61,2005-09-30,12.25,None,10509000000.0,4589000000,745000000,187000000,None,None,None,73000000,None,None,None,None,360000000,None,None,574000000,None,None,None,0.373,,6651000000,1132000000,-2837000000,6392000000,None,None,None,,,,,1.775,7.22,2.555,,,,,,,,0.196,,None,2025-10-30,quarterly,9.33,USD,pre-market,None,3661000000,0.0222,0.596,0.073,189.2,2293000000,1711000000,1351000000,None,493.58,469.93,-2.9136,92274000000,5457000000,7743000000,84537000000,86817000000,76794000000,7505000000,7737000000,13.81,None,574.69,392.21
2025-12-28,AMP,36.33,18513000000.0,13.81,None,1.263,69.31,,9000000,8522000000,8522000000,,,,,,,,,3000000,102900000,None,2916000000,2916000000,2704000000,None,701000000,14503000000,None,None,726000000,,6.16,0.0123,,,,0.866,-0.28,1132000000,1858000000,9.61,2024-12-31,12.25,1401000000,10509000000.0,4589000000,745000000,187000000,1171000000,1171000000,None,73000000,None,None,None,None,4762000000,None,52206000000,574000000,None,None,None,0.373,,6651000000,1132000000,10430000000,-2704000000,None,None,None,,,,,1.775,7.22,2.555,,,,,,,,0.196,,987000000,2025-10-30,annual,9.33,USD,pre-market,None,24713000000,0.0222,0.596,0.073,189.2,2293000000,5472000000,701000000,52153000000,493.58,469.93,-2.9136,181403000000,75178000000,701000000,176175000000,106225000000,175474000000,7505000000,5228000000,13.81,None,574.69,392.21
2025-12-28,AMP,36.33,18513000000.0,13.81,None,1.263,69.31,,20000000,7564000000,7564000000,,,,,,,,,3000000,107800000,None,2916000000,2916000000,2603000000,None,751000000,15106000000,None,None,726000000,,6.16,0.0123,,,,0.866,-0.28,1132000000,1858000000,9.61,2023-12-31,12.25,1410000000,10509000000.0,4589000000,745000000,187000000,1213000000,1213000000,None,73000000,None,-185000000,None,None,4984000000,None,51607000000,574000000,None,None,None,0.373,,6651000000,1132000000,6231000000,5514000000,None,None,None,,,,,1.775,7.22,2.555,,,,,,,,0.196,,958000000,2025-10-30,annual,9.33,USD,pre-market,None,21905000000,0.0222,0.596,0.073,189.2,2293000000,5755000000,751000000,51562000000,493.58,469.93,-2.9136,175191000000,74232000000,751000000,170462000000,100959000000,169711000000,7505000000,4729000000,13.81,None,574.69,392.21
2025-12-28,AMP,36.33,18513000000.0,13.81,None,1.263,69.31,,30000000,7097000000,7097000000,,,,,,,,,3000000,113700000,None,2916000000,2916000000,2242000000,None,201000000,15615000000,None,None,726000000,,6.16,0.0123,,,,0.866,-0.28,1132000000,1858000000,9.61,2022-12-31,12.25,1389000000,10509000000.0,4589000000,745000000,187000000,1096000000,1096000000,None,73000000,None,-267000000,None,None,5154000000,None,46878000000,574000000,None,None,None,0.373,,6651000000,1132000000,4564000000,3046000000,None,116654000000,None,,,,,1.775,7.22,2.555,,,,,,,,0.196,,926000000,2025-10-30,annual,9.33,USD,pre-market,None,19918000000,0.0222,0.596,0.073,189.2,2293000000,5385000000,1501000000,40811000000,493.58,469.93,-2.9136,158852000000,63523000000,1501000000,155049000000,95329000000,153548000000,7505000000,3803000000,13.81,None,574.69,392.21
2025-12-28,AMP,36.33,18513000000.0,13.81,None,1.263,69.31,,40000000,7248000000,7248000000,,,,,,,,,3000000,120000000,None,2916000000,2916000000,2527000000,None,200000000,16222000000,None,None,726000000,,6.16,0.0123,,,,0.866,-0.28,1132000000,1858000000,9.61,2021-12-31,12.25,1458000000,10509000000.0,4589000000,745000000,187000000,1110000000,1110000000,None,73000000,None,-1252000000,None,None,4996000000,None,37994000000,574000000,None,None,None,0.373,,6651000000,1132000000,7255000000,6617000000,None,142544000000,None,,,,,1.775,7.22,2.555,,,,,,,,0.196,,919000000,2025-10-30,annual,9.33,USD,pre-market,None,17525000000,0.0222,0.596,0.073,189.2,2293000000,5196000000,200000000,32050000000,493.58,469.93,-2.9136,175910000000,55520000000,200000000,169969000000,120390000000,169769000000,7505000000,5941000000,13.81,-21066000000,574.69,392.21
2025-12-28,AMP,36.33,18513000000.0,13.81,None,1.263,69.31,,44000000,6845000000,6845000000,,,,,,,,,3000000,125700000,None,2916000000,2916000000,1998000000,None,200000000,7835000000,None,None,726000000,,6.16,0.0123,,,,0.866,-0.28,1132000000,1858000000,9.61,2020-12-31,12.25,1176000000,10509000000.0,4589000000,745000000,187000000,817000000,817000000,None,73000000,None,-1755000000,None,None,4744000000,None,42949000000,574000000,None,None,None,0.373,,6651000000,1132000000,6783000000,6956000000,None,135433000000,None,,,,,1.775,7.22,2.555,,,,,,,,0.196,,861000000,2025-10-30,annual,9.33,USD,pre-market,None,15292000000,0.0222,0.596,0.073,189.2,2293000000,4944000000,200000000,36283000000,493.58,469.93,-2.9136,165883000000,50963000000,200000000,160016000000,114920000000,159816000000,7505000000,5867000000,13.81,-18879000000,574.69,392.21
2025-12-28,AMP,36.33,18513000000.0,13.81,None,1.263,69.31,,57000000,3827000000,3827000000,,,,,,,,,3000000,136000000,None,2916000000,2916000000,1884000000,None,201000000,7210000000,None,None,726000000,,6.16,0.0123,,,,0.866,-0.28,1132000000,1858000000,9.61,2019-12-31,12.25,1167000000,10509000000.0,4589000000,745000000,187000000,823000000,823000000,None,73000000,None,-1455000000,None,None,4725000000,None,39521000000,574000000,None,None,None,0.373,,6651000000,1132000000,5418000000,4811000000,None,124859000000,None,,,,,1.775,7.22,2.555,,,,,,,,0.196,,877000000,2025-10-30,annual,9.33,USD,pre-market,None,14279000000,0.0222,0.596,0.073,189.2,2293000000,4926000000,201000000,33129000000,493.58,469.93,-2.9136,151828000000,44166000000,201000000,146099000000,107662000000,145898000000,7505000000,5729000000,13.81,-17276000000,574.69,392.21
2025-12-28,AMP,36.33,18513000000.0,13.81,None,1.263,69.31,,25000000,3097000000,3097000000,,,,,,,,,3000000,147700000,None,2916000000,2916000000,1862000000,None,201000000,6185000000,None,None,726000000,,6.16,0.0123,,,,0.866,-0.28,1132000000,1858000000,9.61,2018-12-31,12.25,1158000000,10509000000.0,4589000000,745000000,187000000,116000000,116000000,None,73000000,None,-796000000,None,None,4610000000,None,37531000000,574000000,None,None,None,0.373,,6651000000,1132000000,4866000000,3186000000,None,113410000000,None,,,,,1.775,7.22,2.555,,,,,,,,0.196,,635000000,2025-10-30,annual,9.33,USD,pre-market,None,12909000000,0.0222,0.596,0.073,189.2,2293000000,4811000000,201000000,31058000000,493.58,469.93,-2.9136,137216000000,40340000000,201000000,131628000000,96876000000,131427000000,7505000000,5588000000,13.81,-15293000000,574.69,392.21
2025-12-28,AMP,36.33,18513000000.0,13.81,None,1.263,69.31,,38000000,2620000000,2620000000,,,,,,,,,3000000,156700000,None,2916000000,2916000000,1975000000,None,200000000,5787000000,None,None,726000000,,6.16,0.0123,,,,0.866,-0.28,1132000000,1858000000,9.61,2017-12-31,12.25,1175000000,10509000000.0,4589000000,745000000,187000000,138000000,138000000,None,73000000,None,-1104000000,None,None,5099000000,None,38056000000,574000000,None,None,None,0.373,,6651000000,1132000000,5767000000,12000000,None,123910000000,None,,,,,1.775,7.22,2.555,,,,,,,,0.196,,626000000,2025-10-30,annual,9.33,USD,pre-market,None,11326000000,0.0222,0.596,0.073,189.2,2293000000,5297000000,200000000,30927000000,493.58,469.93,-2.9136,147470000000,39334000000,200000000,141485000000,108146000000,141285000000,7505000000,5995000000,13.81,-13648000000,574.69,392.21
2025-12-28,AMP,36.33,18513000000.0,13.81,None,1.263,69.31,,49000000,2486000000,2486000000,,,,,,,,,3000000,168200000,None,2916000000,2916000000,1727000000,None,200000000,5310000000,None,None,726000000,,6.16,0.0123,,,,0.866,-0.28,1132000000,1858000000,9.61,2016-12-31,12.25,1104000000,10509000000.0,4589000000,745000000,187000000,108000000,108000000,None,73000000,None,-1778000000,None,None,5187000000,None,30771000000,574000000,None,None,None,0.373,,6651000000,1132000000,5178000000,3273000000,None,110412000000,None,,,,,1.775,7.22,2.555,,,,,,,,0.196,,607000000,2025-10-30,annual,9.33,USD,pre-market,None,10351000000,0.0222,0.596,0.073,189.2,2293000000,5436000000,200000000,30719000000,493.58,469.93,-2.9136,139821000000,38515000000,200000000,133529000000,101306000000,133329000000,7505000000,6292000000,13.81,-12027000000,574.69,392.21
2025-12-28,AMP,36.33,18513000000.0,13.81,None,1.263,69.31,,None,2859000000,2859000000,,,,,,,,,3000000,184200000,None,2916000000,2916000000,1652000000,None,969000000,5274000000,None,None,726000000,,6.16,0.0123,,,,0.866,-0.28,1132000000,1858000000,9.61,2015-12-31,12.25,1137000000,10509000000.0,4589000000,745000000,187000000,1270000000,1270000000,None,73000000,None,-1940000000,None,None,10223000000,None,39714000000,574000000,None,None,None,0.373,,6651000000,1132000000,5205000000,3000000,None,110048000000,None,,,,,1.775,7.22,2.555,,,,,,,,0.196,,724000000,2025-10-30,annual,9.33,USD,pre-market,None,9662000000,0.0222,0.596,0.073,189.2,2293000000,10423000000,200000000,28673000000,493.58,469.93,-2.9136,145259000000,36806000000,200000000,136960000000,108533000000,136760000000,7505000000,7191000000,13.81,-10338000000,574.69,392.21
2025-12-28,AMP,36.33,18513000000.0,13.81,None,1.263,69.31,,None,3028000000,3028000000,,,,,,,,,3000000,195000000,None,2916000000,2916000000,1482000000,None,1494000000,5027000000,None,None,726000000,,6.16,0.0123,,,,0.866,-0.28,1132000000,1858000000,9.61,2014-12-31,12.25,1154000000,10509000000.0,4589000000,745000000,187000000,1313000000,1313000000,None,73000000,None,-2031000000,None,None,9558000000,None,40430000000,574000000,None,None,None,0.373,,6651000000,1132000000,5214000000,8000000,None,113606000000,None,,,,,1.775,7.22,2.555,,,,,,,,0.196,,667000000,2025-10-30,annual,9.33,USD,pre-market,None,8703000000,0.0222,0.596,0.073,189.2,2293000000,10129000000,200000000,30027000000,493.58,469.93,-2.9136,148810000000,38082000000,200000000,139505000000,110728000000,139305000000,7505000000,8124000000,13.81,-8589000000,574.69,392.21
2025-12-28,AMP,36.33,18513000000.0,13.81,None,1.263,69.31,,None,3051000000,3051000000,,,,,,,,,3000000,207100000,None,2916000000,2916000000,1367000000,None,None,4610000000,None,None,726000000,,6.16,0.0123,,,,0.866,-0.28,1132000000,1858000000,9.61,2013-12-31,12.25,1164000000,10509000000.0,4589000000,745000000,187000000,1363000000,1363000000,None,73000000,None,-1484000000,None,None,8151000000,None,None,574000000,None,None,None,0.373,,6651000000,1132000000,4785000000,10000000,None,110843000000,None,,,,,1.775,7.22,2.555,,,,,,,,0.196,,705000000,2025-10-30,annual,9.33,USD,pre-market,None,7626000000,0.0222,0.596,0.073,189.2,2293000000,8956000000,500000000,30310000000,493.58,469.93,-2.9136,144576000000,37971000000,500000000,135344000000,106605000000,134844000000,7505000000,8192000000,13.81,-6961000000,574.69,392.21
2025-12-28,AMP,36.33,18513000000.0,13.81,None,1.263,69.31,,None,2950000000,2950000000,,,,,,,,,3000000,222800000,None,2916000000,2916000000,1228000000,None,None,4315000000,None,None,726000000,,6.16,0.0123,,,,0.866,-0.28,1132000000,1858000000,9.61,2012-12-31,12.25,1174000000,10509000000.0,4589000000,745000000,187000000,241000000,241000000,None,73000000,None,-2191000000,None,None,7367000000,None,None,574000000,None,None,None,0.373,,6651000000,1132000000,9035000000,3575000000,None,109081000000,None,,,,,1.775,7.22,2.555,,,,,,,,0.196,,753000000,2025-10-30,annual,9.33,USD,pre-market,None,6717000000,0.0222,0.596,0.073,189.2,2293000000,7885000000,501000000,31472000000,493.58,469.93,-2.9136,134729000000,38737000000,501000000,125017000000,95992000000,124516000000,7505000000,9092000000,13.81,-5325000000,574.69,392.21
2025-12-28,AMP,36.33,18513000000.0,13.81,None,1.263,69.31,,None,3251000000,3251000000,,,,,,,,,3000000,246300000,None,2916000000,2916000000,1065000000,None,None,4440000000,None,None,726000000,,6.16,0.0123,,,,0.866,-0.28,1132000000,1858000000,9.61,2011-12-31,12.25,1164000000,10509000000.0,4589000000,745000000,187000000,1446000000,1446000000,None,73000000,None,0,None,None,7571000000,None,None,574000000,None,None,None,0.373,,6651000000,1132000000,-32063000000,9850000000,None,None,None,,,,,1.775,7.22,2.555,,,,,,,,0.196,,774000000,2025-10-30,annual,9.33,USD,pre-market,None,7473000000,0.0222,0.596,0.073,189.2,2293000000,8075000000,504000000,34505000000,493.58,469.93,-2.9136,133986000000,42196000000,10354000000,122963000000,90111000000,112259000000,7505000000,10317000000,13.81,-4034000000,574.69,392.21
2025-12-28,AMP,36.33,18513000000.0,13.81,None,1.263,69.31,,None,3310000000,3310000000,,,,,,,,,3000000,262149533,None,2916000000,2916000000,1159000000,None,None,4909000000,None,None,726000000,,6.16,0.0123,,,,0.866,-0.28,1132000000,1858000000,9.61,2010-12-31,12.25,1209000000,10509000000.0,4589000000,745000000,187000000,1542000000,1542000000,None,73000000,None,42497000000,None,None,7852000000,None,None,574000000,None,None,None,0.373,,6651000000,1132000000,-42818000000,8779000000,None,None,None,,,,,1.775,7.22,2.555,,,,,,,,0.196,,693000000,2025-10-30,annual,9.33,USD,pre-market,None,6773000000,0.0222,0.596,0.073,189.2,2293000000,8249000000,397000000,42497000000,493.58,469.93,-2.9136,131192000000,50716000000,9176000000,119882000000,80498000000,110753000000,7505000000,10750000000,13.81,-2620000000,574.69,392.21
2025-12-28,AMP,36.33,18513000000.0,13.81,None,1.263,69.31,,None,3278000000,3278000000,,,,,,,,,3000000,244400000,None,2916000000,2916000000,918000000,None,None,4484000000,None,None,726000000,,6.16,0.0123,,,,0.866,-0.28,1132000000,1858000000,9.61,2009-12-31,12.25,1135000000,10509000000.0,4589000000,745000000,187000000,1404000000,1404000000,None,73000000,None,592000000,None,None,2249000000,None,36974000000,574000000,None,None,None,0.373,,6651000000,1132000000,-37204000000,8554000000,None,101649000000,None,,,,,1.775,7.22,2.555,,,,,,,,0.196,,728000000,2025-10-30,annual,9.33,USD,pre-market,None,5282000000,0.0222,0.596,0.073,189.2,2293000000,2249000000,None,36974000000,493.58,469.93,-2.9136,113774000000,44736000000,8554000000,103898000000,69034000000,95344000000,7505000000,9273000000,13.81,-2023000000,574.69,392.21
2025-12-28,AMP,36.33,18513000000.0,13.81,None,1.263,69.31,,None,6228000000,6228000000,,,,,,,,,3000000,226400000,None,2916000000,2916000000,887000000,None,None,3887000000,None,None,726000000,,6.16,0.0123,,,,0.866,-0.28,1132000000,1858000000,9.61,2008-12-31,12.25,1091000000,10509000000.0,4589000000,745000000,187000000,1372000000,1372000000,None,73000000,None,501000000,None,None,2027000000,None,None,574000000,None,None,None,0.373,,6651000000,1132000000,-3887000000,8229000000,None,None,None,,,,,1.775,7.22,2.555,,,,,,,,0.196,,824000000,2025-10-30,annual,9.33,USD,pre-market,None,4592000000,0.0222,0.596,0.073,189.2,2293000000,2027000000,None,99000000,493.58,469.93,-2.9136,95676000000,10115000000,8229000000,89498000000,85561000000,81269000000,7505000000,6178000000,13.81,-2012000000,574.69,392.21
2025-12-28,AMP,36.33,18513000000.0,13.81,None,1.263,69.31,,None,3836000000,3836000000,,,,,,,,,3000000,239900000,None,2916000000,2916000000,1187000000,None,None,3441000000,None,None,726000000,,6.16,0.0123,,,,0.866,-0.28,1132000000,1858000000,9.61,2007-12-31,12.25,643000000,10509000000.0,4589000000,745000000,187000000,863000000,863000000,None,73000000,None,None,None,None,2018000000,None,None,574000000,None,None,None,0.373,,6651000000,1132000000,-5975000000,6206000000,None,None,None,,,,,1.775,7.22,2.555,,,,,,,,0.196,,849000000,2025-10-30,annual,9.33,USD,pre-market,None,4811000000,0.0222,0.596,0.073,189.2,2293000000,2018000000,None,1053000000,493.58,469.93,-2.9136,109230000000,7277000000,6206000000,101420000000,101953000000,95214000000,7505000000,7810000000,13.81,-1467000000,574.69,392.21
2025-12-28,AMP,36.33,18513000000.0,13.81,None,1.263,69.31,,None,2760000000,2760000000,,,,,,,,,3000000,248500000,None,2916000000,2916000000,1984000000,None,None,3161000000,None,None,726000000,,6.16,0.0123,,,,0.866,-0.28,1132000000,1858000000,9.61,2006-12-31,12.25,638000000,10509000000.0,4589000000,745000000,187000000,871000000,871000000,None,73000000,None,None,None,None,2225000000,None,None,574000000,None,None,None,0.373,,6651000000,1132000000,-4331000000,6707000000,None,None,None,,,,,1.775,7.22,2.555,,,,,,,,0.196,,705000000,2025-10-30,annual,9.33,USD,pre-market,None,4268000000,0.0222,0.596,0.073,189.2,2293000000,2244000000,None,2058000000,493.58,469.93,-2.9136,104172000000,5921000000,6707000000,96247000000,98560000000,89849000000,7505000000,7925000000,13.81,-490000000,574.69,392.21
2025-12-28,AMP,36.33,18513000000.0,13.81,None,1.263,69.31,,None,2474000000,2474000000,,,,,,,,,2000000,247200000,None,2916000000,2916000000,2728000000,None,None,2172000000,None,None,726000000,,6.16,0.0123,,,,0.866,-0.28,1132000000,1858000000,9.61,2005-12-31,12.25,577000000,10509000000.0,4589000000,745000000,187000000,815000000,815000000,None,73000000,None,None,None,None,1783000000,None,None,574000000,None,None,None,0.373,,6651000000,1132000000,-3454000000,6808000000,None,None,None,,,,,1.775,7.22,2.555,,,,,,,,0.196,,658000000,2025-10-30,annual,9.33,USD,pre-market,None,3745000000,0.0222,0.596,0.073,189.2,2293000000,1902000000,50000000,2019000000,493.58,469.93,-2.9136,93121000000,4646000000,6858000000,85434000000,88634000000,78735000000,7505000000,7687000000,13.81,None,574.69,392.21
2025-12-28,AMP,36.33,18513000000.0,13.81,None,1.263,69.31,44000000,None,2474000000,2474000000,-1858000000,1004000000,None,None,None,None,None,None,2000000,247200000,None,2916000000,2916000000,2728000000,None,None,2172000000,None,None,726000000,-19000000,6.16,0.0123,151000000,151000000,None,0.866,-0.28,1132000000,1858000000,9.61,2025-09-30,12.25,577000000,10509000000.0,4589000000,745000000,187000000,815000000,815000000,None,73000000,None,None,None,None,1783000000,None,None,912000000,None,None,None,0.373,2204000000,6651000000,1132000000,-3454000000,6808000000,None,None,None,None,None,None,None,1.775,7.22,2.555,None,None,None,None,None,-701000000,None,0.196,None,658000000,2025-10-30,quarterly,9.33,USD,pre-market,None,3745000000,0.0222,0.596,0.073,189.2,2293000000,1902000000,50000000,2019000000,493.58,469.93,-2.9136,93121000000,4646000000,6858000000,85434000000,88634000000,78735000000,7505000000,7687000000,13.81,None,574.69,392.21
2025-12-28,AMP,36.33,18513000000.0,13.81,None,1.263,69.31,38000000,None,2474000000,2474000000,-1940000000,802000000,None,None,None,None,None,None,2000000,247200000,None,2916000000,2916000000,2728000000,None,None,2172000000,None,None,726000000,-27000000,6.16,0.0123,152000000,152000000,None,0.866,-0.28,1132000000,1858000000,9.61,2025-06-30,12.25,577000000,10509000000.0,4589000000,745000000,187000000,815000000,815000000,None,73000000,None,None,None,None,1783000000,None,None,1060000000,None,None,None,0.373,1764000000,6651000000,1132000000,-3454000000,6808000000,None,None,None,None,None,None,None,1.775,7.22,2.555,None,None,None,None,None,-581000000,None,0.196,None,658000000,2025-10-30,quarterly,9.33,USD,pre-market,None,3745000000,0.0222,0.596,0.073,189.2,2293000000,1902000000,50000000,2019000000,493.58,469.93,-2.9136,93121000000,4646000000,6858000000,85434000000,88634000000,78735000000,7505000000,7687000000,13.81,None,574.69,392.21
2025-12-28,AMP,36.33,18513000000.0,13.81,None,1.263,69.31,36000000,None,2474000000,2474000000,-488000000,-1741000000,None,None,None,None,None,None,2000000,247200000,None,2916000000,2916000000,2728000000,None,None,2172000000,None,None,726000000,-27000000,6.16,0.0123,144000000,144000000,None,0.866,-0.28,1132000000,1858000000,9.61,2025-03-31,12.25,577000000,10509000000.0,4589000000,745000000,187000000,815000000,815000000,None,73000000,None,None,None,None,1783000000,None,None,583000000,None,None,None,0.373,1686000000,6651000000,1132000000,-3454000000,6808000000,None,None,None,None,None,None,None,1.775,7.22,2.555,None,None,None,None,None,-730000000,None,0.196,None,658000000,2025-10-30,quarterly,9.33,USD,pre-market,None,3745000000,0.0222,0.596,0.073,189.2,2293000000,1902000000,50000000,2019000000,493.58,469.93,-2.9136,93121000000,4646000000,6858000000,85434000000,88634000000,78735000000,7505000000,7687000000,13.81,None,574.69,392.21
2025-12-28,AMP,36.33,18513000000.0,13.81,None,1.263,69.31,58000000,None,2474000000,2474000000,-1458000000,-783000000,None,None,None,None,None,None,2000000,247200000,None,2916000000,2916000000,2728000000,None,None,2172000000,None,None,726000000,-34000000,6.16,0.0123,144000000,144000000,None,0.866,-0.28,1132000000,1858000000,9.61,2024-12-31,12.25,577000000,10509000000.0,4589000000,745000000,187000000,815000000,815000000,None,73000000,None,None,None,None,1783000000,None,None,1071000000,None,None,None,0.373,383000000,6651000000,1132000000,-3454000000,6808000000,None,None,None,None,None,None,None,1.775,7.22,2.555,None,None,None,None,None,-665000000,None,0.196,None,658000000,2025-10-30,quarterly,9.33,USD,pre-market,None,3745000000,0.0222,0.596,0.073,189.2,2293000000,1902000000,50000000,2019000000,493.58,469.93,-2.9136,93121000000,4646000000,6858000000,85434000000,88634000000,78735000000,7505000000,7687000000,13.81,None,574.69,392.21
2025-12-28,AMP,36.33,18513000000.0,13.81,None,1.263,69.31,49000000,None,2474000000,2474000000,-1173000000,635000000,None,None,None,None,None,None,2000000,247200000,None,2916000000,2916000000,2728000000,None,None,2172000000,None,None,726000000,-36000000,6.16,0.0123,145000000,145000000,None,0.866,-0.28,1132000000,1858000000,9.61,2024-09-30,12.25,577000000,10509000000.0,4589000000,745000000,187000000,815000000,815000000,None,73000000,None,None,None,None,1783000000,None,None,511000000,None,None,None,0.373,3048000000,6651000000,1132000000,-3454000000,6808000000,None,None,None,None,None,None,None,1.775,7.22,2.555,None,None,None,None,None,-582000000,None,0.196,None,658000000,2025-10-30,quarterly,9.33,USD,pre-market,None,3745000000,0.0222,0.596,0.073,189.2,2293000000,1902000000,50000000,2019000000,493.58,469.93,-2.9136,93121000000,4646000000,6858000000,85434000000,88634000000,78735000000,7505000000,7687000000,13.81,None,574.69,392.21
2025-12-28,AMP,36.33,18513000000.0,13.81,None,1.263,69.31,17000000,None,2474000000,2474000000,-1103000000,166000000,None,None,None,None,None,None,2000000,247200000,None,2916000000,2916000000,2728000000,None,None,2172000000,None,None,726000000,-47000000,6.16,0.0123,147000000,147000000,None,0.866,-0.28,1132000000,1858000000,9.61,2024-06-30,12.25,577000000,10509000000.0,4589000000,745000000,187000000,815000000,815000000,None,73000000,None,None,None,None,1783000000,None,None,829000000,None,None,None,0.373,1720000000,6651000000,1132000000,-3454000000,6808000000,None,None,None,None,None,None,None,1.775,7.22,2.555,None,None,None,None,None,-573000000,None,0.196,None,658000000,2025-10-30,quarterly,9.33,USD,pre-market,None,3745000000,0.0222,0.596,0.073,189.2,2293000000,1902000000,50000000,2019000000,493.58,469.93,-2.9136,93121000000,4646000000,6858000000,85434000000,88634000000,78735000000,7505000000,7687000000,13.81,None,574.69,392.21
2025-12-28,AMP,36.33,18513000000.0,13.81,None,1.263,69.31,52000000,None,2474000000,2474000000,-1431000000,-569000000,None,None,None,None,None,None,2000000,247200000,None,2916000000,2916000000,2728000000,None,None,2172000000,None,None,726000000,-42000000,6.16,0.0123,138000000,138000000,None,0.866,-0.28,1132000000,1858000000,9.61,2024-03-31,12.25,577000000,10509000000.0,4589000000,745000000,187000000,815000000,815000000,None,73000000,None,None,None,None,1783000000,None,None,990000000,None,None,None,0.373,1444000000,6651000000,1132000000,-3454000000,6808000000,None,None,None,None,None,None,None,1.775,7.22,2.555,None,None,None,None,None,-628000000,None,0.196,None,658000000,2025-10-30,quarterly,9.33,USD,pre-market,None,3745000000,0.0222,0.596,0.073,189.2,2293000000,1902000000,50000000,2019000000,493.58,469.93,-2.9136,93121000000,4646000000,6858000000,85434000000,88634000000,78735000000,7505000000,7687000000,13.81,None,574.69,392.21
2025-12-28,AMP,36.33,18513000000.0,13.81,None,1.263,69.31,50000000,None,2474000000,2474000000,381000000,-1920000000,None,None,-242000000,None,None,None,2000000,247200000,None,2916000000,2916000000,2728000000,None,None,2172000000,None,None,726000000,-40000000,6.16,0.0123,136000000,136000000,None,0.866,-0.28,1132000000,1858000000,9.61,2023-12-31,12.25,577000000,10509000000.0,4589000000,745000000,187000000,815000000,815000000,None,73000000,None,None,None,None,1783000000,None,None,377000000,None,None,None,0.373,2143000000,6651000000,1132000000,-3454000000,6808000000,None,None,None,None,None,None,None,1.775,7.22,2.555,None,None,None,None,None,-467000000,None,0.196,None,658000000,2025-10-30,quarterly,9.33,USD,pre-market,None,3745000000,0.0222,0.596,0.073,189.2,2293000000,1902000000,50000000,2019000000,493.58,469.93,-2.9136,93121000000,4646000000,6858000000,85434000000,88634000000,78735000000,7505000000,7687000000,13.81,None,574.69,392.21
2025-12-28,AMP,36.33,18513000000.0,13.81,None,1.263,69.31,50000000,None,2474000000,2474000000,-322000000,-1322000000,None,None,38000000,None,None,None,2000000,247200000,None,2916000000,2916000000,2728000000,None,None,2172000000,None,None,726000000,-44000000,6.16,0.0123,139000000,139000000,None,0.866,-0.28,1132000000,1858000000,9.61,2023-09-30,12.25,577000000,10509000000.0,4589000000,745000000,187000000,815000000,815000000,None,73000000,None,None,None,None,1783000000,None,None,872000000,None,None,None,0.373,925000000,6651000000,1132000000,-3454000000,6808000000,None,None,None,None,None,None,None,1.775,7.22,2.555,None,None,None,None,None,-545000000,None,0.196,None,658000000,2025-10-30,quarterly,9.33,USD,pre-market,None,3745000000,0.0222,0.596,0.073,189.2,2293000000,1902000000,50000000,2019000000,493.58,469.93,-2.9136,93121000000,4646000000,6858000000,85434000000,88634000000,78735000000,7505000000,7687000000,13.81,None,574.69,392.21
2025-12-28,AMP,36.33,18513000000.0,13.81,None,1.263,69.31,43000000,None,2474000000,2474000000,1190000000,-2874000000,-1123000000,None,-389000000,None,None,223000000,2000000,247200000,None,2916000000,2916000000,2728000000,None,None,2172000000,None,None,726000000,-35000000,6.16,0.0123,141000000,141000000,None,0.866,-0.28,1132000000,1858000000,9.61,2023-06-30,12.25,577000000,10509000000.0,4589000000,745000000,187000000,815000000,815000000,None,73000000,None,None,None,None,1783000000,None,None,890000000,None,None,None,0.373,561000000,6651000000,1132000000,-3454000000,6808000000,None,None,None,None,None,None,None,1.775,7.22,2.555,None,None,None,None,None,-498000000,None,0.196,None,658000000,2025-10-30,quarterly,9.33,USD,pre-market,None,3745000000,0.0222,0.596,0.073,189.2,2293000000,1902000000,50000000,2019000000,493.58,469.93,-2.9136,93121000000,4646000000,6858000000,85434000000,88634000000,78735000000,7505000000,7687000000,13.81,None,574.69,392.21
2025-12-28,AMP,36.33,18513000000.0,13.81,None,1.263,69.31,41000000,None,2474000000,2474000000,3162000000,-3146000000,1072000000,None,None,None,None,256000000,2000000,247200000,None,2916000000,2916000000,2728000000,None,None,2172000000,None,None,726000000,-35000000,6.16,0.0123,134000000,134000000,None,0.866,-0.28,1132000000,1858000000,9.61,2023-03-31,12.25,577000000,10509000000.0,4589000000,745000000,187000000,815000000,815000000,None,73000000,None,None,None,None,1783000000,None,None,417000000,None,None,None,0.373,1056000000,6651000000,1132000000,-3454000000,6808000000,None,None,None,None,None,None,None,1.775,7.22,2.555,None,None,None,None,None,-617000000,None,0.196,None,658000000,2025-10-30,quarterly,9.33,USD,pre-market,None,3745000000,0.0222,0.596,0.073,189.2,2293000000,1902000000,50000000,2019000000,493.58,469.93,-2.9136,93121000000,4646000000,6858000000,85434000000,88634000000,78735000000,7505000000,7687000000,13.81,None,574.69,392.21
2025-12-28,AMP,36.33,18513000000.0,13.81,None,1.263,69.31,56000000,None,2474000000,2474000000,2217000000,-13583000000,-908000000,None,-401000000,None,None,176000000,2000000,247200000,None,2916000000,2916000000,2728000000,None,None,2172000000,None,None,726000000,-29000000,6.16,0.0123,133000000,133000000,None,0.866,-0.28,1132000000,1858000000,9.61,2022-12-31,12.25,577000000,10509000000.0,4589000000,745000000,187000000,815000000,815000000,None,73000000,None,None,None,None,1783000000,None,None,494000000,None,None,None,0.373,1217000000,6651000000,1132000000,-3454000000,6808000000,None,None,None,None,None,None,None,1.775,7.22,2.555,None,None,None,None,None,-488000000,None,0.196,None,658000000,2025-10-30,quarterly,9.33,USD,pre-market,None,3745000000,0.0222,0.596,0.073,189.2,2293000000,1902000000,50000000,2019000000,493.58,469.93,-2.9136,93121000000,4646000000,6858000000,85434000000,88634000000,78735000000,7505000000,7687000000,13.81,None,574.69,392.21
2025-12-28,AMP,36.33,18513000000.0,13.81,None,1.263,69.31,42000000,None,2474000000,2474000000,3606000000,-4649000000,329000000,None,102000000,None,None,79000000,2000000,247200000,None,2916000000,2916000000,2728000000,None,None,2172000000,None,None,726000000,-7000000,6.16,0.0123,135000000,135000000,None,0.866,-0.28,1132000000,1858000000,9.61,2022-09-30,12.25,577000000,10509000000.0,4589000000,745000000,187000000,815000000,815000000,None,73000000,None,None,None,None,1783000000,None,None,548000000,None,None,None,0.373,1372000000,6651000000,1132000000,-3454000000,6808000000,None,None,None,None,None,None,None,1.775,7.22,2.555,None,None,None,None,None,-501000000,None,0.196,None,658000000,2025-10-30,quarterly,9.33,USD,pre-market,None,3745000000,0.0222,0.596,0.073,189.2,2293000000,1902000000,50000000,2019000000,493.58,469.93,-2.9136,93121000000,4646000000,6858000000,85434000000,88634000000,78735000000,7505000000,7687000000,13.81,None,574.69,392.21
2025-12-28,AMP,36.33,18513000000.0,13.81,None,1.263,69.31,40000000,None,2474000000,2474000000,2089000000,-2927000000,571000000,None,None,None,None,-128000000,2000000,247200000,None,2916000000,2916000000,2728000000,None,None,2172000000,None,None,726000000,8000000,6.16,0.0123,137000000,137000000,None,0.866,-0.28,1132000000,1858000000,9.61,2022-06-30,12.25,577000000,10509000000.0,4589000000,745000000,187000000,815000000,815000000,None,73000000,None,None,None,None,1783000000,None,None,756000000,None,None,None,0.373,1409000000,6651000000,1132000000,-3454000000,6808000000,None,None,None,None,None,None,None,1.775,7.22,2.555,None,None,None,None,None,-448000000,None,0.196,None,658000000,2025-10-30,quarterly,9.33,USD,pre-market,None,3745000000,0.0222,0.596,0.073,189.2,2293000000,1902000000,50000000,2019000000,493.58,469.93,-2.9136,93121000000,4646000000,6858000000,85434000000,88634000000,78735000000,7505000000,7687000000,13.81,None,574.69,392.21
2025-12-28,AMP,36.33,18513000000.0,13.81,None,1.263,69.31,44000000,None,2474000000,2474000000,518000000,-1665000000,-738000000,None,401000000,None,None,-83000000,2000000,247200000,None,2916000000,2916000000,2728000000,None,None,2172000000,None,None,726000000,-12000000,6.16,0.0123,129000000,129000000,None,0.866,-0.28,1132000000,1858000000,9.61,2022-03-31,12.25,577000000,10509000000.0,4589000000,745000000,187000000,815000000,815000000,None,73000000,None,None,None,None,1783000000,None,None,761000000,None,None,None,0.373,409000000,6651000000,1132000000,-3454000000,6808000000,None,None,None,None,None,None,None,1.775,7.22,2.555,None,None,None,None,None,-541000000,None,0.196,None,658000000,2025-10-30,quarterly,9.33,USD,pre-market,None,3745000000,0.0222,0.596,0.073,189.2,2293000000,1902000000,50000000,2019000000,493.58,469.93,-2.9136,93121000000,4646000000,6858000000,85434000000,88634000000,78735000000,7505000000,7687000000,13.81,None,574.69,392.21
2025-12-28,AMP,36.33,18513000000.0,13.81,None,1.263,69.31,34000000,None,2474000000,2474000000,1464000000,-3007000000,8000000,None,1295000000,None,None,-160000000,2000000,247200000,None,2916000000,2916000000,2728000000,None,None,2172000000,None,None,726000000,3000000,6.16,0.0123,127000000,127000000,None,0.866,-0.28,1132000000,1858000000,9.61,2021-12-31,12.25,577000000,10509000000.0,4589000000,745000000,187000000,815000000,815000000,None,73000000,None,None,None,None,1783000000,None,None,701000000,None,None,None,0.373,1551000000,6651000000,1132000000,-3454000000,6808000000,None,None,None,None,None,None,None,1.775,7.22,2.555,None,None,None,None,None,-563000000,None,0.196,None,658000000,2025-10-30,quarterly,9.33,USD,pre-market,None,3745000000,0.0222,0.596,0.073,189.2,2293000000,1902000000,50000000,2019000000,493.58,469.93,-2.9136,93121000000,4646000000,6858000000,85434000000,88634000000,78735000000,7505000000,7687000000,13.81,None,574.69,392.21
2025-12-28,AMP,36.33,18513000000.0,13.81,None,1.263,69.31,31000000,None,2474000000,2474000000,360000000,-464000000,739000000,None,None,None,None,-124000000,2000000,247200000,None,2916000000,2916000000,2728000000,None,None,2172000000,None,None,726000000,-25000000,6.16,0.0123,129000000,129000000,None,0.866,-0.28,1132000000,1858000000,9.61,2021-09-30,12.25,577000000,10509000000.0,4589000000,745000000,187000000,815000000,815000000,None,73000000,None,None,None,None,1783000000,None,None,1031000000,None,None,None,0.373,843000000,6651000000,1132000000,-3454000000,6808000000,None,None,None,None,None,None,None,1.775,7.22,2.555,None,None,None,None,None,-556000000,None,0.196,None,658000000,2025-10-30,quarterly,9.33,USD,pre-market,None,3745000000,0.0222,0.596,0.073,189.2,2293000000,1902000000,50000000,2019000000,493.58,469.93,-2.9136,93121000000,4646000000,6858000000,85434000000,88634000000,78735000000,7505000000,7687000000,13.81,None,574.69,392.21
2025-12-28,AMP,36.33,18513000000.0,13.81,None,1.263,69.31,33000000,None,2474000000,2474000000,-534000000,-100000000,1297000000,None,None,None,None,2000000,2000000,247200000,None,2916000000,2916000000,2728000000,None,None,2172000000,None,None,726000000,60000000,6.16,0.0123,126000000,126000000,None,0.866,-0.28,1132000000,1858000000,9.61,2021-06-30,12.25,577000000,10509000000.0,4589000000,745000000,187000000,815000000,815000000,None,73000000,None,None,None,None,1783000000,None,None,591000000,None,None,None,0.373,1931000000,6651000000,1132000000,-3454000000,6808000000,None,None,None,None,None,None,None,1.775,7.22,2.555,None,None,None,None,None,-441000000,None,0.196,None,658000000,2025-10-30,quarterly,9.33,USD,pre-market,None,3745000000,0.0222,0.596,0.073,189.2,2293000000,1902000000,50000000,2019000000,493.58,469.93,-2.9136,93121000000,4646000000,6858000000,85434000000,88634000000,78735000000,7505000000,7687000000,13.81,None,574.69,392.21
2025-12-28,AMP,36.33,18513000000.0,13.81,None,1.263,69.31,22000000,None,2474000000,2474000000,433000000,-809000000,-1376000000,None,-1527000000,None,None,-238000000,2000000,247200000,None,2916000000,2916000000,2728000000,None,None,2172000000,None,None,726000000,60000000,6.16,0.0123,129000000,129000000,None,0.866,-0.28,1132000000,1858000000,9.61,2021-03-31,12.25,577000000,10509000000.0,4589000000,745000000,187000000,815000000,815000000,None,73000000,None,None,None,None,1783000000,None,None,437000000,None,None,None,0.373,-1000000000,6651000000,1132000000,-3454000000,6808000000,None,None,None,None,None,None,None,1.775,7.22,2.555,None,None,None,None,None,-470000000,None,0.196,None,658000000,2025-10-30,quarterly,9.33,USD,pre-market,None,3745000000,0.0222,0.596,0.073,189.2,2293000000,1902000000,50000000,2019000000,493.58,469.93,-2.9136,93121000000,4646000000,6858000000,85434000000,88634000000,78735000000,7505000000,7687000000,13.81,None,574.69,392.21
2025-12-28,AMP,36.33,18513000000.0,13.81,None,1.263,69.31,40000000,None,2474000000,2474000000,159000000,-473000000,-1316000000,14000000,-1249000000,None,None,864000000,2000000,247200000,None,2916000000,2916000000,2728000000,None,None,2172000000,None,None,726000000,57000000,6.16,0.0123,122000000,122000000,None,0.866,-0.28,1132000000,1858000000,9.61,2020-12-31,12.25,577000000,10509000000.0,4589000000,745000000,187000000,815000000,815000000,None,73000000,None,None,None,None,1783000000,None,None,177000000,None,None,None,0.373,-1016000000,6651000000,1132000000,-3454000000,6808000000,None,None,None,None,None,None,None,1.775,7.22,2.555,None,None,None,None,None,-405000000,None,0.196,None,658000000,2025-10-30,quarterly,9.33,USD,pre-market,None,3745000000,0.0222,0.596,0.073,189.2,2293000000,1902000000,50000000,2019000000,493.58,469.93,-2.9136,93121000000,4646000000,6858000000,85434000000,88634000000,78735000000,7505000000,7687000000,13.81,None,574.69,392.21
2025-12-28,AMP,36.33,18513000000.0,13.81,None,1.263,69.31,45000000,None,2474000000,2474000000,676000000,-1525000000,100000000,13000000,None,None,None,-85000000,2000000,247200000,None,2916000000,2916000000,2728000000,None,None,2172000000,None,None,726000000,54000000,6.16,0.0123,125000000,125000000,None,0.866,-0.28,1132000000,1858000000,9.61,2020-09-30,12.25,577000000,10509000000.0,4589000000,745000000,187000000,815000000,815000000,None,73000000,None,None,None,None,1783000000,None,None,-140000000,None,None,None,0.373,936000000,6651000000,1132000000,-3454000000,6808000000,None,None,None,None,None,None,None,1.775,7.22,2.555,None,None,None,None,None,-320000000,None,0.196,None,658000000,2025-10-30,quarterly,9.33,USD,pre-market,None,3745000000,0.0222,0.596,0.073,189.2,2293000000,1902000000,50000000,2019000000,493.58,469.93,-2.9136,93121000000,4646000000,6858000000,85434000000,88634000000,78735000000,7505000000,7687000000,13.81,None,574.69,392.21
2025-12-28,AMP,36.33,18513000000.0,13.81,None,1.263,69.31,33000000,None,2474000000,2474000000,-511000000,-856000000,-1558000000,-1000000,None,None,None,-118000000,2000000,247200000,None,2916000000,2916000000,2728000000,None,None,2172000000,None,None,726000000,49000000,6.16,0.0123,128000000,128000000,None,0.866,-0.28,1132000000,1858000000,9.61,2020-06-30,12.25,577000000,10509000000.0,4589000000,745000000,187000000,815000000,815000000,None,73000000,None,None,None,None,1783000000,None,None,-539000000,None,None,None,0.373,-190000000,6651000000,1132000000,-3454000000,6808000000,None,None,None,None,None,None,None,1.775,7.22,2.555,None,None,None,None,None,-236000000,None,0.196,None,658000000,2025-10-30,quarterly,9.33,USD,pre-market,None,3745000000,0.0222,0.596,0.073,189.2,2293000000,1902000000,50000000,2019000000,493.58,469.93,-2.9136,93121000000,4646000000,6858000000,85434000000,88634000000,78735000000,7505000000,7687000000,13.81,None,574.69,392.21
2025-12-28,AMP,36.33,18513000000.0,13.81,None,1.263,69.31,29000000,None,2474000000,2474000000,628000000,-40000000,5464000000,-17000000,3464000000,None,None,-13000000,2000000,247200000,None,2916000000,2916000000,2728000000,None,None,2172000000,None,None,726000000,47000000,6.16,0.0123,122000000,122000000,None,0.866,-0.28,1132000000,1858000000,9.61,2020-03-31,12.25,577000000,10509000000.0,4589000000,745000000,187000000,815000000,815000000,None,73000000,None,None,None,None,1783000000,None,None,2036000000,None,None,None,0.373,4893000000,6651000000,1132000000,-3454000000,6808000000,None,None,None,None,None,None,None,1.775,7.22,2.555,None,None,None,None,None,-480000000,None,0.196,None,658000000,2025-10-30,quarterly,9.33,USD,pre-market,None,3745000000,0.0222,0.596,0.073,189.2,2293000000,1902000000,50000000,2019000000,493.58,469.93,-2.9136,93121000000,4646000000,6858000000,85434000000,88634000000,78735000000,7505000000,7687000000,13.81,None,574.69,392.21
2025-12-28,AMP,36.33,18513000000.0,13.81,None,1.263,69.31,43000000,None,2474000000,2474000000,150000000,-1498000000,-1353000000,24000000,None,None,None,119000000,2000000,247200000,None,2916000000,2916000000,2728000000,None,None,2172000000,None,None,726000000,51000000,6.16,0.0123,124000000,124000000,None,0.866,-0.28,1132000000,1858000000,9.61,2019-12-31,12.25,577000000,10509000000.0,4589000000,745000000,187000000,815000000,815000000,None,73000000,None,None,None,None,1783000000,None,None,463000000,None,None,None,0.373,-233000000,6651000000,1132000000,-3454000000,6808000000,None,None,None,None,None,None,None,1.775,7.22,2.555,None,None,None,None,None,-551000000,None,0.196,None,658000000,2025-10-30,quarterly,9.33,USD,pre-market,None,3745000000,0.0222,0.596,0.073,189.2,2293000000,1902000000,50000000,2019000000,493.58,469.93,-2.9136,93121000000,4646000000,6858000000,85434000000,88634000000,78735000000,7505000000,7687000000,13.81,None,574.69,392.21
2025-12-28,AMP,36.33,18513000000.0,13.81,None,1.263,69.31,33000000,None,2474000000,2474000000,-432000000,-107000000,828000000,-17000000,None,None,None,85000000,2000000,247200000,None,2916000000,2916000000,2728000000,None,None,2172000000,None,None,726000000,41000000,6.16,0.0123,127000000,127000000,None,0.866,-0.28,1132000000,1858000000,9.61,2019-09-30,12.25,577000000,10509000000.0,4589000000,745000000,187000000,815000000,815000000,None,73000000,None,None,None,None,1783000000,None,None,543000000,None,None,None,0.373,1422000000,6651000000,1132000000,-3454000000,6808000000,None,None,None,None,None,None,None,1.775,7.22,2.555,None,None,None,None,None,-565000000,None,0.196,None,658000000,2025-10-30,quarterly,9.33,USD,pre-market,None,3745000000,0.0222,0.596,0.073,189.2,2293000000,1902000000,50000000,2019000000,493.58,469.93,-2.9136,93121000000,4646000000,6858000000,85434000000,88634000000,78735000000,7505000000,7687000000,13.81,None,574.69,392.21
2025-12-28,AMP,36.33,18513000000.0,13.81,None,1.263,69.31,36000000,None,2474000000,2474000000,1205000000,-1148000000,977000000,-5000000,None,None,None,-5000000,2000000,247200000,None,2916000000,2916000000,2728000000,None,None,2172000000,None,None,726000000,45000000,6.16,0.0123,129000000,129000000,None,0.866,-0.28,1132000000,1858000000,9.61,2019-06-30,12.25,577000000,10509000000.0,4589000000,745000000,187000000,815000000,815000000,None,73000000,None,None,None,None,1783000000,None,None,492000000,None,None,None,0.373,980000000,6651000000,1132000000,-3454000000,6808000000,None,None,None,None,None,None,None,1.775,7.22,2.555,None,None,None,None,None,-442000000,None,0.196,None,658000000,2025-10-30,quarterly,9.33,USD,pre-market,None,3745000000,0.0222,0.596,0.073,189.2,2293000000,1902000000,50000000,2019000000,493.58,469.93,-2.9136,93121000000,4646000000,6858000000,85434000000,88634000000,78735000000,7505000000,7687000000,13.81,None,574.69,392.21
2025-12-28,AMP,36.33,18513000000.0,13.81,None,1.263,69.31,31000000,None,2474000000,2474000000,291000000,-481000000,-122000000,7000000,-545000000,None,None,125000000,2000000,247200000,None,2916000000,2916000000,2728000000,None,None,2172000000,None,None,726000000,46000000,6.16,0.0123,124000000,124000000,None,0.866,-0.28,1132000000,1858000000,9.61,2019-03-31,12.25,577000000,10509000000.0,4589000000,745000000,187000000,815000000,815000000,None,73000000,None,None,None,None,1783000000,None,None,395000000,None,None,None,0.373,172000000,6651000000,1132000000,-3454000000,6808000000,None,None,None,None,None,None,None,1.775,7.22,2.555,None,None,None,None,None,-385000000,None,0.196,None,658000000,2025-10-30,quarterly,9.33,USD,pre-market,None,3745000000,0.0222,0.596,0.073,189.2,2293000000,1902000000,50000000,2019000000,493.58,469.93,-2.9136,93121000000,4646000000,6858000000,85434000000,88634000000,78735000000,7505000000,7687000000,13.81,None,574.69,392.21
2025-12-28,AMP,36.33,18513000000.0,13.81,None,1.263,69.31,45000000,None,2474000000,2474000000,-59000000,-238000000,1186000000,-5000000,None,None,None,-134000000,2000000,247200000,None,2916000000,2916000000,2728000000,None,None,2172000000,None,None,726000000,46000000,6.16,0.0123,126000000,126000000,None,0.866,-0.28,1132000000,1858000000,9.61,2018-12-31,12.25,577000000,10509000000.0,4589000000,745000000,187000000,815000000,815000000,None,73000000,None,None,None,None,1783000000,None,None,539000000,None,None,None,0.373,1488000000,6651000000,1132000000,-3454000000,6808000000,None,None,None,None,None,None,None,1.775,7.22,2.555,None,None,None,None,None,-438000000,None,0.196,None,658000000,2025-10-30,quarterly,9.33,USD,pre-market,None,3745000000,0.0222,0.596,0.073,189.2,2293000000,1902000000,50000000,2019000000,493.58,469.93,-2.9136,93121000000,4646000000,6858000000,85434000000,88634000000,78735000000,7505000000,7687000000,13.81,None,574.69,392.21
2025-12-28,AMP,36.33,18513000000.0,13.81,None,1.263,69.31,48000000,None,2474000000,2474000000,-57000000,-565000000,-77000000,-15000000,None,None,None,-143000000,2000000,247200000,None,2916000000,2916000000,2728000000,None,None,2172000000,None,None,726000000,45000000,6.16,0.0123,127000000,127000000,None,0.866,-0.28,1132000000,1858000000,9.61,2018-09-30,12.25,577000000,10509000000.0,4589000000,745000000,187000000,815000000,815000000,None,73000000,None,None,None,None,1783000000,None,None,503000000,None,None,None,0.373,611000000,6651000000,1132000000,-3454000000,6808000000,None,None,None,None,None,None,None,1.775,7.22,2.555,None,None,None,None,None,-363000000,None,0.196,None,658000000,2025-10-30,quarterly,9.33,USD,pre-market,None,3745000000,0.0222,0.596,0.073,189.2,2293000000,1902000000,50000000,2019000000,493.58,469.93,-2.9136,93121000000,4646000000,6858000000,85434000000,88634000000,78735000000,7505000000,7687000000,13.81,None,574.69,392.21
2025-12-28,AMP,36.33,18513000000.0,13.81,None,1.263,69.31,36000000,None,2474000000,2474000000,-583000000,129000000,303000000,None,0,None,None,-43000000,2000000,247200000,None,2916000000,2916000000,2728000000,None,None,2172000000,None,None,726000000,51000000,6.16,0.0123,131000000,131000000,None,0.866,-0.28,1132000000,1858000000,9.61,2018-06-30,12.25,577000000,10509000000.0,4589000000,745000000,187000000,815000000,815000000,None,73000000,None,None,None,None,1783000000,None,None,462000000,None,None,None,0.373,686000000,6651000000,1132000000,-3454000000,6808000000,None,None,None,None,None,None,None,1.775,7.22,2.555,None,None,None,None,None,-404000000,None,0.196,None,658000000,2025-10-30,quarterly,9.33,USD,pre-market,None,3745000000,0.0222,0.596,0.073,189.2,2293000000,1902000000,50000000,2019000000,493.58,469.93,-2.9136,93121000000,4646000000,6858000000,85434000000,88634000000,78735000000,7505000000,7687000000,13.81,None,574.69,392.21
2025-12-28,AMP,36.33,18513000000.0,13.81,None,1.263,69.31,33000000,None,2474000000,2474000000,-564000000,87000000,-673000000,12000000,-465000000,None,None,-78000000,2000000,247200000,None,2916000000,2916000000,2728000000,None,None,2172000000,None,None,726000000,56000000,6.16,0.0123,122000000,122000000,None,0.866,-0.28,1132000000,1858000000,9.61,2018-03-31,12.25,577000000,10509000000.0,4589000000,745000000,187000000,815000000,815000000,None,73000000,None,None,None,None,1783000000,None,None,594000000,None,None,None,0.373,-208000000,6651000000,1132000000,-3454000000,6808000000,None,None,None,None,None,None,None,1.775,7.22,2.555,None,None,None,None,None,-425000000,None,0.196,None,658000000,2025-10-30,quarterly,9.33,USD,pre-market,None,3745000000,0.0222,0.596,0.073,189.2,2293000000,1902000000,50000000,2019000000,493.58,469.93,-2.9136,93121000000,4646000000,6858000000,85434000000,88634000000,78735000000,7505000000,7687000000,13.81,None,574.69,392.21
2025-12-28,AMP,36.33,18513000000.0,13.81,None,1.263,69.31,37000000,None,2474000000,2474000000,-499000000,-93000000,-67000000,3000000,0,None,None,-12000000,2000000,247200000,None,2916000000,2916000000,2728000000,None,None,2172000000,None,None,726000000,58000000,6.16,0.0123,123000000,123000000,None,0.866,-0.28,1132000000,1858000000,9.61,2017-12-31,12.25,577000000,10509000000.0,4589000000,745000000,187000000,815000000,815000000,None,73000000,None,None,None,None,1783000000,None,None,181000000,None,None,None,0.373,522000000,6651000000,1132000000,-3454000000,6808000000,None,None,None,None,None,None,None,1.775,7.22,2.555,None,None,None,None,None,-324000000,None,0.196,None,658000000,2025-10-30,quarterly,9.33,USD,pre-market,None,3745000000,0.0222,0.596,0.073,189.2,2293000000,1902000000,50000000,2019000000,493.58,469.93,-2.9136,93121000000,4646000000,6858000000,85434000000,88634000000,78735000000,7505000000,7687000000,13.81,None,574.69,392.21
2025-12-28,AMP,36.33,18513000000.0,13.81,None,1.263,69.31,53000000,None,2474000000,2474000000,-420000000,-333000000,-299000000,11000000,0,None,None,-277000000,2000000,247200000,None,2916000000,2916000000,2728000000,None,None,2172000000,None,None,726000000,55000000,6.16,0.0123,124000000,124000000,None,0.866,-0.28,1132000000,1858000000,9.61,2017-09-30,12.25,577000000,10509000000.0,4589000000,745000000,187000000,815000000,815000000,None,73000000,None,None,None,None,1783000000,None,None,503000000,None,None,None,0.373,443000000,6651000000,1132000000,-3454000000,6808000000,None,None,None,None,None,None,None,1.775,7.22,2.555,None,None,None,None,None,-373000000,None,0.196,None,658000000,2025-10-30,quarterly,9.33,USD,pre-market,None,3745000000,0.0222,0.596,0.073,189.2,2293000000,1902000000,50000000,2019000000,493.58,469.93,-2.9136,93121000000,4646000000,6858000000,85434000000,88634000000,78735000000,7505000000,7687000000,13.81,None,574.69,392.21
2025-12-28,AMP,36.33,18513000000.0,13.81,None,1.263,69.31,39000000,None,2474000000,2474000000,-432000000,16000000,330000000,16000000,0,None,None,-109000000,2000000,247200000,None,2916000000,2916000000,2728000000,None,None,2172000000,None,None,726000000,58000000,6.16,0.0123,127000000,127000000,None,0.866,-0.28,1132000000,1858000000,9.61,2017-06-30,12.25,577000000,10509000000.0,4589000000,745000000,187000000,815000000,815000000,None,73000000,None,None,None,None,1783000000,None,None,393000000,None,None,None,0.373,730000000,6651000000,1132000000,-3454000000,6808000000,None,None,None,None,None,None,None,1.775,7.22,2.555,None,None,None,None,None,-352000000,None,0.196,None,658000000,2025-10-30,quarterly,9.33,USD,pre-market,None,3745000000,0.0222,0.596,0.073,189.2,2293000000,1902000000,50000000,2019000000,493.58,469.93,-2.9136,93121000000,4646000000,6858000000,85434000000,88634000000,78735000000,7505000000,7687000000,13.81,None,574.69,392.21
2025-12-28,AMP,36.33,18513000000.0,13.81,None,1.263,69.31,33000000,None,2474000000,2474000000,-434000000,211000000,-212000000,5000000,0,None,None,-59000000,2000000,247200000,None,2916000000,2916000000,2728000000,None,None,2172000000,None,None,726000000,63000000,6.16,0.0123,117000000,117000000,None,0.866,-0.28,1132000000,1858000000,9.61,2017-03-31,12.25,577000000,10509000000.0,4589000000,745000000,187000000,815000000,815000000,None,73000000,None,None,None,None,1783000000,None,None,403000000,None,None,None,0.373,6000000,6651000000,1132000000,-3454000000,6808000000,None,None,None,None,None,None,None,1.775,7.22,2.555,None,None,None,None,None,-436000000,None,0.196,None,658000000,2025-10-30,quarterly,9.33,USD,pre-market,None,3745000000,0.0222,0.596,0.073,189.2,2293000000,1902000000,50000000,2019000000,493.58,469.93,-2.9136,93121000000,4646000000,6858000000,85434000000,88634000000,78735000000,7505000000,7687000000,13.81,None,574.69,392.21
2025-12-28,AMP,36.33,18513000000.0,13.81,None,1.263,69.31,26000000,None,2474000000,2474000000,-563000000,-438000000,-757000000,-22000000,-965000000,None,None,27000000,2000000,247200000,None,2916000000,2916000000,2728000000,None,None,2172000000,None,None,726000000,61000000,6.16,0.0123,118000000,118000000,None,0.866,-0.28,1132000000,1858000000,9.61,2016-12-31,12.25,577000000,10509000000.0,4589000000,745000000,187000000,815000000,815000000,None,73000000,None,None,None,None,1783000000,None,None,400000000,None,None,None,0.373,266000000,6651000000,1132000000,-3454000000,6808000000,None,None,None,None,None,None,None,1.775,7.22,2.555,None,None,None,None,None,-388000000,None,0.196,None,658000000,2025-10-30,quarterly,9.33,USD,pre-market,None,3745000000,0.0222,0.596,0.073,189.2,2293000000,1902000000,50000000,2019000000,493.58,469.93,-2.9136,93121000000,4646000000,6858000000,85434000000,88634000000,78735000000,7505000000,7687000000,13.81,None,574.69,392.21
2025-12-28,AMP,36.33,18513000000.0,13.81,None,1.263,69.31,30000000,None,2474000000,2474000000,340000000,-429000000,256000000,-15000000,0,None,None,-151000000,2000000,247200000,None,2916000000,2916000000,2728000000,None,None,2172000000,None,None,726000000,60000000,6.16,0.0123,122000000,122000000,None,0.866,-0.28,1132000000,1858000000,9.61,2016-09-30,12.25,577000000,10509000000.0,4589000000,745000000,187000000,815000000,815000000,None,73000000,None,None,None,None,1783000000,None,None,215000000,None,None,None,0.373,360000000,6651000000,1132000000,-3454000000,6808000000,None,None,None,None,None,None,None,1.775,7.22,2.555,None,None,None,None,None,-418000000,None,0.196,None,658000000,2025-10-30,quarterly,9.33,USD,pre-market,None,3745000000,0.0222,0.596,0.073,189.2,2293000000,1902000000,50000000,2019000000,493.58,469.93,-2.9136,93121000000,4646000000,6858000000,85434000000,88634000000,78735000000,7505000000,7687000000,13.81,None,574.69,392.21
2025-12-28,AMP,36.33,18513000000.0,13.81,None,1.263,69.31,8000000,None,2474000000,2474000000,-589000000,61000000,170000000,-26000000,0,None,None,36000000,2000000,247200000,None,2916000000,2916000000,2728000000,None,None,2172000000,None,None,726000000,62000000,6.16,0.0123,124000000,124000000,None,0.866,-0.28,1132000000,1858000000,9.61,2016-06-30,12.25,577000000,10509000000.0,4589000000,745000000,187000000,815000000,815000000,None,73000000,None,None,None,None,1783000000,None,None,335000000,None,None,None,0.373,724000000,6651000000,1132000000,-3454000000,6808000000,None,None,None,None,None,None,None,1.775,7.22,2.555,None,None,None,None,None,-420000000,None,0.196,None,658000000,2025-10-30,quarterly,9.33,USD,pre-market,None,3745000000,0.0222,0.596,0.073,189.2,2293000000,1902000000,50000000,2019000000,493.58,469.93,-2.9136,93121000000,4646000000,6858000000,85434000000,88634000000,78735000000,7505000000,7687000000,13.81,None,574.69,392.21
2025-12-28,AMP,36.33,18513000000.0,13.81,None,1.263,69.31,28000000,None,2474000000,2474000000,-319000000,2000000,292000000,-12000000,0,None,None,-62000000,2000000,247200000,None,2916000000,2916000000,2728000000,None,None,2172000000,None,None,726000000,65000000,6.16,0.0123,115000000,115000000,None,0.866,-0.28,1132000000,1858000000,9.61,2016-03-31,12.25,577000000,10509000000.0,4589000000,745000000,187000000,815000000,815000000,None,73000000,None,None,None,None,1783000000,None,None,364000000,None,None,None,0.373,621000000,6651000000,1132000000,-3454000000,6808000000,None,None,None,None,None,None,None,1.775,7.22,2.555,None,None,None,None,None,-481000000,None,0.196,None,658000000,2025-10-30,quarterly,9.33,USD,pre-market,None,3745000000,0.0222,0.596,0.073,189.2,2293000000,1902000000,50000000,2019000000,493.58,469.93,-2.9136,93121000000,4646000000,6858000000,85434000000,88634000000,78735000000,7505000000,7687000000,13.81,None,574.69,392.21
2025-12-28,AMP,36.33,18513000000.0,13.81,None,1.263,69.31,24000000,None,2474000000,2474000000,-1016000000,-67000000,-423000000,-9000000,461000000,None,None,17000000,2000000,247200000,None,2916000000,2916000000,2728000000,None,None,2172000000,None,None,726000000,63000000,6.16,0.0123,117000000,117000000,None,0.866,-0.28,1132000000,1858000000,9.61,2015-12-31,12.25,577000000,10509000000.0,4589000000,745000000,187000000,815000000,815000000,None,73000000,None,None,None,None,1783000000,None,None,380000000,None,None,None,0.373,669000000,6651000000,1132000000,-3454000000,6808000000,None,None,None,None,None,None,None,1.775,7.22,2.555,None,None,None,None,None,-448000000,None,0.196,None,658000000,2025-10-30,quarterly,9.33,USD,pre-market,None,3745000000,0.0222,0.596,0.073,189.2,2293000000,1902000000,50000000,2019000000,493.58,469.93,-2.9136,93121000000,4646000000,6858000000,85434000000,88634000000,78735000000,7505000000,7687000000,13.81,None,574.69,392.21
2025-12-28,AMP,36.33,18513000000.0,13.81,None,1.263,69.31,42000000,None,2474000000,2474000000,119000000,-265000000,210000000,-15000000,0,None,None,-16000000,2000000,247200000,None,2916000000,2916000000,2728000000,None,None,2172000000,None,None,726000000,62000000,6.16,0.0123,119000000,119000000,None,0.866,-0.28,1132000000,1858000000,9.61,2015-09-30,12.25,577000000,10509000000.0,4589000000,745000000,187000000,815000000,815000000,None,73000000,None,None,None,None,1783000000,None,None,352000000,None,None,None,0.373,371000000,6651000000,1132000000,-3454000000,6808000000,None,None,None,None,None,None,None,1.775,7.22,2.555,None,None,None,None,None,-467000000,None,0.196,None,658000000,2025-10-30,quarterly,9.33,USD,pre-market,None,3745000000,0.0222,0.596,0.073,189.2,2293000000,1902000000,50000000,2019000000,493.58,469.93,-2.9136,93121000000,4646000000,6858000000,85434000000,88634000000,78735000000,7505000000,7687000000,13.81,None,574.69,392.21
2025-12-28,AMP,36.33,18513000000.0,13.81,None,1.263,69.31,38000000,None,2474000000,2474000000,-516000000,-364000000,-239000000,22000000,0,None,None,-94000000,2000000,247200000,None,2916000000,2916000000,2728000000,None,None,2172000000,None,None,726000000,57000000,6.16,0.0123,122000000,122000000,None,0.866,-0.28,1132000000,1858000000,9.61,2015-06-30,12.25,577000000,10509000000.0,4589000000,745000000,187000000,815000000,815000000,None,73000000,None,None,None,None,1783000000,None,None,476000000,None,None,None,0.373,619000000,6651000000,1132000000,-3454000000,6808000000,None,None,None,None,None,None,None,1.775,7.22,2.555,None,None,None,None,None,-432000000,None,0.196,None,658000000,2025-10-30,quarterly,9.33,USD,pre-market,None,3745000000,0.0222,0.596,0.073,189.2,2293000000,1902000000,50000000,2019000000,493.58,469.93,-2.9136,93121000000,4646000000,6858000000,85434000000,88634000000,78735000000,7505000000,7687000000,13.81,None,574.69,392.21
2025-12-28,AMP,36.33,18513000000.0,13.81,None,1.263,69.31,29000000,None,2474000000,2474000000,-905000000,182000000,171000000,-19000000,389000000,None,None,-184000000,2000000,247200000,None,2916000000,2916000000,2728000000,None,None,2172000000,None,None,726000000,66000000,6.16,0.0123,107000000,107000000,None,0.866,-0.28,1132000000,1858000000,9.61,2015-03-31,12.25,577000000,10509000000.0,4589000000,745000000,187000000,815000000,815000000,None,73000000,None,None,None,None,1783000000,None,None,479000000,None,None,None,0.373,913000000,6651000000,1132000000,-3454000000,6808000000,None,None,None,None,None,None,None,1.775,7.22,2.555,None,None,None,None,None,-394000000,None,0.196,None,658000000,2025-10-30,quarterly,9.33,USD,pre-market,None,3745000000,0.0222,0.596,0.073,189.2,2293000000,1902000000,50000000,2019000000,493.58,469.93,-2.9136,93121000000,4646000000,6858000000,85434000000,88634000000,78735000000,7505000000,7687000000,13.81,None,574.69,392.21
2025-12-28,AMP,36.33,18513000000.0,13.81,None,1.263,69.31,24000000,None,2474000000,2474000000,-99000000,-543000000,-238000000,-14000000,0,None,None,-77000000,2000000,247200000,None,2916000000,2916000000,2728000000,None,None,2172000000,None,None,726000000,61000000,6.16,0.0123,107000000,107000000,None,0.866,-0.28,1132000000,1858000000,9.61,2014-12-31,12.25,577000000,10509000000.0,4589000000,745000000,187000000,815000000,815000000,None,73000000,None,None,None,None,1783000000,None,None,453000000,None,None,None,0.373,418000000,6651000000,1132000000,-3454000000,6808000000,None,None,None,None,None,None,None,1.775,7.22,2.555,None,None,None,None,None,-386000000,None,0.196,None,658000000,2025-10-30,quarterly,9.33,USD,pre-market,None,3745000000,0.0222,0.596,0.073,189.2,2293000000,1902000000,50000000,2019000000,493.58,469.93,-2.9136,93121000000,4646000000,6858000000,85434000000,88634000000,78735000000,7505000000,7687000000,13.81,None,574.69,392.21
2025-12-28,AMP,36.33,18513000000.0,13.81,None,1.263,69.31,49000000,None,2474000000,2474000000,-531000000,-330000000,735000000,-21000000,0,None,None,-52000000,2000000,247200000,None,2916000000,2916000000,2728000000,None,None,2172000000,None,None,726000000,64000000,6.16,0.0123,108000000,108000000,None,0.866,-0.28,1132000000,1858000000,9.61,2014-09-30,12.25,577000000,10509000000.0,4589000000,745000000,187000000,815000000,815000000,None,73000000,None,None,None,None,1783000000,None,None,565000000,None,None,None,0.373,1617000000,6651000000,1132000000,-3454000000,6808000000,None,None,None,None,None,None,None,1.775,7.22,2.555,None,None,None,None,None,-353000000,None,0.196,None,658000000,2025-10-30,quarterly,9.33,USD,pre-market,None,3745000000,0.0222,0.596,0.073,189.2,2293000000,1902000000,50000000,2019000000,493.58,469.93,-2.9136,93121000000,4646000000,6858000000,85434000000,88634000000,78735000000,7505000000,7687000000,13.81,None,574.69,392.21
2025-12-28,AMP,36.33,18513000000.0,13.81,None,1.263,69.31,20000000,None,2474000000,2474000000,-506000000,303000000,-262000000,11000000,0,None,None,-150000000,2000000,247200000,None,2916000000,2916000000,2728000000,None,None,2172000000,None,None,726000000,66000000,6.16,0.0123,111000000,111000000,None,0.866,-0.28,1132000000,1858000000,9.61,2014-06-30,12.25,577000000,10509000000.0,4589000000,745000000,187000000,815000000,815000000,None,73000000,None,None,None,None,1783000000,None,None,467000000,None,None,None,0.373,-70000000,6651000000,1132000000,-3454000000,6808000000,None,None,None,None,None,None,None,1.775,7.22,2.555,None,None,None,None,None,-381000000,None,0.196,None,658000000,2025-10-30,quarterly,9.33,USD,pre-market,None,3745000000,0.0222,0.596,0.073,189.2,2293000000,1902000000,50000000,2019000000,493.58,469.93,-2.9136,93121000000,4646000000,6858000000,85434000000,88634000000,78735000000,7505000000,7687000000,13.81,None,574.69,392.21
2025-12-28,AMP,36.33,18513000000.0,13.81,None,1.263,69.31,20000000,None,2474000000,2474000000,-521000000,-145000000,-229000000,3000000,0,None,None,-144000000,2000000,247200000,None,2916000000,2916000000,2728000000,None,None,2172000000,None,None,726000000,63000000,6.16,0.0123,100000000,100000000,None,0.866,-0.28,1132000000,1858000000,9.61,2014-03-31,12.25,577000000,10509000000.0,4589000000,745000000,187000000,815000000,815000000,None,73000000,None,None,None,None,1783000000,None,None,515000000,None,None,None,0.373,434000000,6651000000,1132000000,-3454000000,6808000000,None,None,None,None,None,None,None,1.775,7.22,2.555,None,None,None,None,None,-457000000,None,0.196,None,658000000,2025-10-30,quarterly,9.33,USD,pre-market,None,3745000000,0.0222,0.596,0.073,189.2,2293000000,1902000000,50000000,2019000000,493.58,469.93,-2.9136,93121000000,4646000000,6858000000,85434000000,88634000000,78735000000,7505000000,7687000000,13.81,None,574.69,392.21
2025-12-28,AMP,36.33,18513000000.0,13.81,None,1.263,69.31,37000000,None,2474000000,2474000000,-99000000,-659000000,-493000000,7000000,0,None,None,-129000000,2000000,247200000,None,2916000000,2916000000,2728000000,None,None,2172000000,None,None,726000000,64000000,6.16,0.0123,101000000,101000000,None,0.866,-0.28,1132000000,1858000000,9.61,2013-12-31,12.25,577000000,10509000000.0,4589000000,745000000,187000000,815000000,815000000,None,73000000,None,None,None,None,1783000000,None,None,380000000,None,None,None,0.373,258000000,6651000000,1132000000,-3454000000,6808000000,None,None,None,None,None,None,None,1.775,7.22,2.555,None,None,None,None,None,-378000000,None,0.196,None,658000000,2025-10-30,quarterly,9.33,USD,pre-market,None,3745000000,0.0222,0.596,0.073,189.2,2293000000,1902000000,50000000,2019000000,493.58,469.93,-2.9136,93121000000,4646000000,6858000000,85434000000,88634000000,78735000000,7505000000,7687000000,13.81,None,574.69,392.21
2025-12-28,AMP,36.33,18513000000.0,13.81,None,1.263,69.31,30000000,None,2474000000,2474000000,411000000,-833000000,794000000,17000000,0,None,None,101000000,2000000,247200000,None,2916000000,2916000000,2728000000,None,None,2172000000,None,None,726000000,59000000,6.16,0.0123,103000000,103000000,None,0.866,-0.28,1132000000,1858000000,9.61,2013-09-30,12.25,577000000,10509000000.0,4589000000,745000000,187000000,815000000,815000000,None,73000000,None,None,None,None,1783000000,None,None,449000000,None,None,None,0.373,1199000000,6651000000,1132000000,-3454000000,6808000000,None,None,None,None,None,None,None,1.775,7.22,2.555,None,None,None,None,None,-398000000,None,0.196,None,658000000,2025-10-30,quarterly,9.33,USD,pre-market,None,3745000000,0.0222,0.596,0.073,189.2,2293000000,1902000000,50000000,2019000000,493.58,469.93,-2.9136,93121000000,4646000000,6858000000,85434000000,88634000000,78735000000,7505000000,7687000000,13.81,None,574.69,392.21
2025-12-28,AMP,36.33,18513000000.0,13.81,None,1.263,69.31,24000000,None,2474000000,2474000000,-504000000,301000000,171000000,1000000,0,None,None,-162000000,2000000,247200000,None,2916000000,2916000000,2728000000,None,None,2172000000,None,None,726000000,58000000,6.16,0.0123,105000000,105000000,None,0.866,-0.28,1132000000,1858000000,9.61,2013-06-30,12.25,577000000,10509000000.0,4589000000,745000000,187000000,815000000,815000000,None,73000000,None,None,None,None,1783000000,None,None,281000000,None,None,None,0.373,373000000,6651000000,1132000000,-3454000000,6808000000,None,None,None,None,None,None,None,1.775,7.22,2.555,None,None,None,None,None,-401000000,None,0.196,None,658000000,2025-10-30,quarterly,9.33,USD,pre-market,None,3745000000,0.0222,0.596,0.073,189.2,2293000000,1902000000,50000000,2019000000,493.58,469.93,-2.9136,93121000000,4646000000,6858000000,85434000000,88634000000,78735000000,7505000000,7687000000,13.81,None,574.69,392.21
2025-12-28,AMP,36.33,18513000000.0,13.81,None,1.263,69.31,14000000,None,2474000000,2474000000,-114000000,389000000,-211000000,-20000000,0,None,None,-77000000,2000000,247200000,None,2916000000,2916000000,2728000000,None,None,2172000000,None,None,726000000,58000000,6.16,0.0123,92000000,92000000,None,0.866,-0.28,1132000000,1858000000,9.61,2013-03-31,12.25,577000000,10509000000.0,4589000000,745000000,187000000,815000000,815000000,None,73000000,None,None,None,None,1783000000,None,None,365000000,None,None,None,0.373,-466000000,6651000000,1132000000,-3454000000,6808000000,None,None,None,None,None,None,None,1.775,7.22,2.555,None,None,None,None,None,-406000000,None,0.196,None,658000000,2025-10-30,quarterly,9.33,USD,pre-market,None,3745000000,0.0222,0.596,0.073,189.2,2293000000,1902000000,50000000,2019000000,493.58,469.93,-2.9136,93121000000,4646000000,6858000000,85434000000,88634000000,78735000000,7505000000,7687000000,13.81,None,574.69,392.21
2025-12-28,AMP,36.33,18513000000.0,13.81,None,1.263,69.31,143000000,None,2474000000,2474000000,-4881000000,3304000000,-954000000,1000000,-257000000,None,None,9000000,2000000,247200000,None,2916000000,2916000000,2728000000,None,None,2172000000,None,None,726000000,57000000,6.16,0.0123,93000000,93000000,None,0.866,-0.28,1132000000,1858000000,9.61,2012-12-31,12.25,577000000,10509000000.0,4589000000,745000000,187000000,815000000,815000000,None,73000000,None,None,None,None,1783000000,None,None,332000000,None,None,None,0.373,622000000,6651000000,1132000000,-3454000000,6808000000,None,None,None,None,None,None,None,1.775,7.22,2.555,None,None,None,None,None,-373000000,None,0.196,None,658000000,2025-10-30,quarterly,9.33,USD,pre-market,None,3745000000,0.0222,0.596,0.073,189.2,2293000000,1902000000,50000000,2019000000,493.58,469.93,-2.9136,93121000000,4646000000,6858000000,85434000000,88634000000,78735000000,7505000000,7687000000,13.81,None,574.69,392.21
2025-12-28,AMP,36.33,18513000000.0,13.81,None,1.263,69.31,44000000,None,2474000000,2474000000,-758000000,940000000,604000000,7000000,0,None,None,-100000000,2000000,247200000,None,2916000000,2916000000,2728000000,None,None,2172000000,None,None,726000000,58000000,6.16,0.0123,73000000,73000000,None,0.866,-0.28,1132000000,1858000000,9.61,2012-09-30,12.25,577000000,10509000000.0,4589000000,745000000,187000000,815000000,815000000,None,73000000,None,None,None,None,1783000000,None,None,151000000,None,None,None,0.373,415000000,6651000000,1132000000,-3454000000,6808000000,None,None,None,None,None,None,None,1.775,7.22,2.555,None,None,None,None,None,-342000000,None,0.196,None,658000000,2025-10-30,quarterly,9.33,USD,pre-market,None,3745000000,0.0222,0.596,0.073,189.2,2293000000,1902000000,50000000,2019000000,493.58,469.93,-2.9136,93121000000,4646000000,6858000000,85434000000,88634000000,78735000000,7505000000,7687000000,13.81,None,574.69,392.21
2025-12-28,AMP,36.33,18513000000.0,13.81,None,1.263,69.31,38000000,None,2474000000,2474000000,-286000000,407000000,409000000,-5000000,0,None,None,-32000000,2000000,247200000,None,2916000000,2916000000,2728000000,None,None,2172000000,None,None,726000000,54000000,6.16,0.0123,77000000,77000000,None,0.866,-0.28,1132000000,1858000000,9.61,2012-06-30,12.25,577000000,10509000000.0,4589000000,745000000,187000000,815000000,815000000,None,73000000,None,None,None,None,1783000000,None,None,170000000,None,None,None,0.373,293000000,6651000000,1132000000,-3454000000,6808000000,None,None,None,None,None,None,None,1.775,7.22,2.555,None,None,None,None,None,-374000000,None,0.196,None,658000000,2025-10-30,quarterly,9.33,USD,pre-market,None,3745000000,0.0222,0.596,0.073,189.2,2293000000,1902000000,50000000,2019000000,493.58,469.93,-2.9136,93121000000,4646000000,6858000000,85434000000,88634000000,78735000000,7505000000,7687000000,13.81,None,574.69,392.21
2025-12-28,AMP,36.33,18513000000.0,13.81,None,1.263,69.31,61000000,None,2474000000,2474000000,-417000000,-234000000,-469000000,7000000,175000000,None,None,-7000000,2000000,247200000,None,2916000000,2916000000,2728000000,None,None,2172000000,None,None,726000000,56000000,6.16,0.0123,62000000,62000000,None,0.866,-0.28,1132000000,1858000000,9.61,2012-03-31,12.25,577000000,10509000000.0,4589000000,745000000,187000000,815000000,815000000,None,73000000,None,None,None,None,1783000000,None,None,248000000,None,None,None,0.373,175000000,6651000000,1132000000,-3454000000,6808000000,None,None,None,None,None,None,None,1.775,7.22,2.555,None,None,None,None,None,-292000000,None,0.196,None,658000000,2025-10-30,quarterly,9.33,USD,pre-market,None,3745000000,0.0222,0.596,0.073,189.2,2293000000,1902000000,50000000,2019000000,493.58,469.93,-2.9136,93121000000,4646000000,6858000000,85434000000,88634000000,78735000000,7505000000,7687000000,13.81,None,574.69,392.21
2025-12-28,AMP,36.33,18513000000.0,13.81,None,1.263,69.31,101000000,None,2474000000,2474000000,-552000000,-87000000,88000000,None,327000000,None,None,-121000000,2000000,247200000,None,2916000000,2916000000,2728000000,None,None,2172000000,None,None,726000000,49000000,6.16,0.0123,54000000,54000000,None,0.866,-0.28,1132000000,1858000000,9.61,2011-12-31,12.25,577000000,10509000000.0,4589000000,745000000,187000000,815000000,815000000,None,73000000,None,None,None,None,1783000000,None,None,298000000,None,None,None,0.373,727000000,6651000000,1132000000,-3454000000,6808000000,None,None,None,None,None,None,None,1.775,7.22,2.555,None,None,None,None,None,-262000000,None,0.196,None,658000000,2025-10-30,quarterly,9.33,USD,pre-market,None,3745000000,0.0222,0.596,0.073,189.2,2293000000,1902000000,50000000,2019000000,493.58,469.93,-2.9136,93121000000,4646000000,6858000000,85434000000,88634000000,78735000000,7505000000,7687000000,13.81,None,574.69,392.21
2025-12-28,AMP,36.33,18513000000.0,13.81,None,1.263,69.31,60000000,None,2474000000,2474000000,-185000000,-463000000,140000000,-5000000,0,None,None,18000000,2000000,247200000,None,2916000000,2916000000,2728000000,None,None,2172000000,None,None,726000000,-6000000,6.16,0.0123,55000000,55000000,None,0.866,-0.28,1132000000,1858000000,9.61,2011-09-30,12.25,577000000,10509000000.0,4589000000,745000000,187000000,815000000,815000000,None,73000000,None,None,None,None,1783000000,None,None,168000000,None,None,None,0.373,793000000,6651000000,1132000000,-3454000000,6808000000,None,None,None,None,None,None,None,1.775,7.22,2.555,None,None,None,None,None,-438000000,None,0.196,None,658000000,2025-10-30,quarterly,9.33,USD,pre-market,None,3745000000,0.0222,0.596,0.073,189.2,2293000000,1902000000,50000000,2019000000,493.58,469.93,-2.9136,93121000000,4646000000,6858000000,85434000000,88634000000,78735000000,7505000000,7687000000,13.81,None,574.69,392.21
2025-12-28,AMP,36.33,18513000000.0,13.81,None,1.263,69.31,42000000,None,2474000000,2474000000,-27000000,-523000000,93000000,None,0,None,None,191000000,2000000,247200000,None,2916000000,2916000000,2728000000,None,None,2172000000,None,None,726000000,37000000,6.16,0.0123,57000000,57000000,None,0.866,-0.28,1132000000,1858000000,9.61,2011-06-30,12.25,577000000,10509000000.0,4589000000,745000000,187000000,815000000,815000000,None,73000000,None,None,None,None,1783000000,None,None,281000000,None,None,None,0.373,643000000,6651000000,1132000000,-3454000000,6808000000,None,None,None,None,None,None,None,1.775,7.22,2.555,None,None,None,None,None,-402000000,None,0.196,None,658000000,2025-10-30,quarterly,9.33,USD,pre-market,None,3745000000,0.0222,0.596,0.073,189.2,2293000000,1902000000,50000000,2019000000,493.58,469.93,-2.9136,93121000000,4646000000,6858000000,85434000000,88634000000,78735000000,7505000000,7687000000,13.81,None,574.69,392.21
2025-12-28,AMP,36.33,18513000000.0,13.81,None,1.263,69.31,47000000,None,2474000000,2474000000,-347000000,-73000000,-401000000,4000000,75000000,None,None,-348000000,2000000,247200000,None,2916000000,2916000000,2728000000,None,None,2172000000,None,None,726000000,30000000,6.16,0.0123,46000000,46000000,None,0.866,-0.28,1132000000,1858000000,9.61,2011-03-31,12.25,577000000,10509000000.0,4589000000,745000000,187000000,815000000,815000000,None,73000000,None,None,None,None,1783000000,None,None,223000000,None,None,None,0.373,15000000,6651000000,1132000000,-3454000000,6808000000,None,None,None,None,None,None,None,1.775,7.22,2.555,None,None,None,None,None,-393000000,None,0.196,None,658000000,2025-10-30,quarterly,9.33,USD,pre-market,None,3745000000,0.0222,0.596,0.073,189.2,2293000000,1902000000,50000000,2019000000,493.58,469.93,-2.9136,93121000000,4646000000,6858000000,85434000000,88634000000,78735000000,7505000000,7687000000,13.81,None,574.69,392.21
2025-12-28,AMP,36.33,18513000000.0,13.81,None,1.263,69.31,43000000,None,2474000000,2474000000,-1136000000,193000000,-824000000,-1000000,554000000,None,None,-65000000,2000000,247200000,None,2916000000,2916000000,2728000000,None,None,2172000000,None,None,726000000,31000000,6.16,0.0123,216000000,216000000,None,0.866,-0.28,1132000000,1858000000,9.61,2010-12-31,12.25,577000000,10509000000.0,4589000000,745000000,187000000,815000000,815000000,None,73000000,None,None,None,None,1783000000,None,None,254000000,None,None,None,0.373,120000000,6651000000,1132000000,-3454000000,6808000000,None,None,None,None,None,None,None,1.775,7.22,2.555,None,None,None,None,None,-193000000,None,0.196,None,658000000,2025-10-30,quarterly,9.33,USD,pre-market,None,3745000000,0.0222,0.596,0.073,189.2,2293000000,1902000000,50000000,2019000000,493.58,469.93,-2.9136,93121000000,4646000000,6858000000,85434000000,88634000000,78735000000,7505000000,7687000000,13.81,None,574.69,392.21
2025-12-28,AMP,36.33,18513000000.0,13.81,None,1.263,69.31,34000000,None,2474000000,2474000000,161000000,-909000000,-142000000,7000000,0,None,None,71000000,2000000,247200000,None,2916000000,2916000000,2728000000,None,None,2172000000,None,None,726000000,31000000,6.16,0.0123,47000000,47000000,None,0.866,-0.28,1132000000,1858000000,9.61,2010-09-30,12.25,577000000,10509000000.0,4589000000,745000000,187000000,815000000,815000000,None,73000000,None,None,None,None,1783000000,None,None,312000000,None,None,None,0.373,599000000,6651000000,1132000000,-3454000000,6808000000,None,None,None,None,None,None,None,1.775,7.22,2.555,None,None,None,None,None,-183000000,None,0.196,None,658000000,2025-10-30,quarterly,9.33,USD,pre-market,None,3745000000,0.0222,0.596,0.073,189.2,2293000000,1902000000,50000000,2019000000,493.58,469.93,-2.9136,93121000000,4646000000,6858000000,85434000000,88634000000,78735000000,7505000000,7687000000,13.81,None,574.69,392.21
2025-12-28,AMP,36.33,18513000000.0,13.81,None,1.263,69.31,33000000,None,2474000000,2474000000,-1127000000,-1045000000,-989000000,-2000000,0,None,None,-223000000,2000000,247200000,None,2916000000,2916000000,2728000000,None,None,2172000000,None,None,726000000,26000000,6.16,0.0123,46000000,46000000,None,0.866,-0.28,1132000000,1858000000,9.61,2010-06-30,12.25,577000000,10509000000.0,4589000000,745000000,187000000,815000000,815000000,None,73000000,None,None,None,None,1783000000,None,None,398000000,None,None,None,0.373,1185000000,6651000000,1132000000,-3454000000,6808000000,None,None,None,None,None,None,None,1.775,7.22,2.555,None,None,None,None,None,-191000000,None,0.196,None,658000000,2025-10-30,quarterly,9.33,USD,pre-market,None,3745000000,0.0222,0.596,0.073,189.2,2293000000,1902000000,50000000,2019000000,493.58,469.93,-2.9136,93121000000,4646000000,6858000000,85434000000,88634000000,78735000000,7505000000,7687000000,13.81,None,574.69,392.21
2025-12-28,AMP,36.33,18513000000.0,13.81,None,1.263,69.31,21000000,None,2474000000,2474000000,759000000,839000000,1719000000,-10000000,-122000000,None,None,-267000000,2000000,247200000,None,2916000000,2916000000,2728000000,None,None,2172000000,None,None,726000000,22000000,6.16,0.0123,45000000,45000000,None,0.866,-0.28,1132000000,1858000000,9.61,2010-03-31,12.25,577000000,10509000000.0,4589000000,745000000,187000000,815000000,815000000,None,73000000,None,None,None,None,1783000000,None,None,296000000,None,None,None,0.373,131000000,6651000000,1132000000,-3454000000,6808000000,None,None,None,None,None,None,None,1.775,7.22,2.555,None,None,None,None,None,-15000000,None,0.196,None,658000000,2025-10-30,quarterly,9.33,USD,pre-market,None,3745000000,0.0222,0.596,0.073,189.2,2293000000,1902000000,50000000,2019000000,493.58,469.93,-2.9136,93121000000,4646000000,6858000000,85434000000,88634000000,78735000000,7505000000,7687000000,13.81,None,574.69,392.21
2025-12-28,AMP,36.33,18513000000.0,13.81,None,1.263,69.31,27000000,None,2474000000,2474000000,106000000,-268000000,None,None,0,None,None,None,2000000,247200000,None,2916000000,2916000000,2728000000,None,None,2172000000,None,None,726000000,19000000,6.16,0.0123,46000000,46000000,None,0.866,-0.28,1132000000,1858000000,9.61,2009-12-31,12.25,577000000,10509000000.0,4589000000,745000000,187000000,815000000,815000000,None,73000000,None,None,None,None,1783000000,None,None,274000000,None,None,None,0.373,-320000000,6651000000,1132000000,-3454000000,6808000000,None,None,None,None,None,None,None,1.775,7.22,2.555,None,None,None,None,None,-2000000,None,0.196,None,658000000,2025-10-30,quarterly,9.33,USD,pre-market,None,3745000000,0.0222,0.596,0.073,189.2,2293000000,1902000000,50000000,2019000000,493.58,469.93,-2.9136,93121000000,4646000000,6858000000,85434000000,88634000000,78735000000,7505000000,7687000000,13.81,None,574.69,392.21
2025-12-28,AMP,36.33,18513000000.0,13.81,None,1.263,69.31,21000000,None,2474000000,2474000000,-607000000,-899000000,None,None,0,None,None,None,2000000,247200000,None,2916000000,2916000000,2728000000,None,None,2172000000,None,None,726000000,20000000,6.16,0.0123,44000000,44000000,None,0.866,-0.28,1132000000,1858000000,9.61,2009-09-30,12.25,577000000,10509000000.0,4589000000,745000000,187000000,815000000,815000000,None,73000000,None,None,None,None,1783000000,None,None,260000000,None,None,None,0.373,623000000,6651000000,1132000000,-3454000000,6808000000,None,None,None,None,None,None,None,1.775,7.22,2.555,None,None,None,None,None,869000000,None,0.196,None,658000000,2025-10-30,quarterly,9.33,USD,pre-market,None,3745000000,0.0222,0.596,0.073,189.2,2293000000,1902000000,50000000,2019000000,493.58,469.93,-2.9136,93121000000,4646000000,6858000000,85434000000,88634000000,78735000000,7505000000,7687000000,13.81,None,574.69,392.21
2025-12-28,AMP,36.33,18513000000.0,13.81,None,1.263,69.31,20000000,None,2474000000,2474000000,2835000000,-3189000000,None,None,0,None,None,None,2000000,247200000,None,2916000000,2916000000,2728000000,None,None,2172000000,None,None,726000000,28000000,6.16,0.0123,37000000,37000000,None,0.866,-0.28,1132000000,1858000000,9.61,2009-06-30,12.25,577000000,10509000000.0,4589000000,745000000,187000000,815000000,815000000,None,73000000,None,None,None,None,1783000000,None,None,87000000,None,None,None,0.373,-997000000,6651000000,1132000000,-3454000000,6808000000,None,None,None,None,None,None,None,1.775,7.22,2.555,None,None,None,None,None,869000000,None,0.196,None,658000000,2025-10-30,quarterly,9.33,USD,pre-market,None,3745000000,0.0222,0.596,0.073,189.2,2293000000,1902000000,50000000,2019000000,493.58,469.93,-2.9136,93121000000,4646000000,6858000000,85434000000,88634000000,78735000000,7505000000,7687000000,13.81,None,574.69,392.21
2025-12-28,AMP,36.33,18513000000.0,13.81,None,1.263,69.31,15000000,None,2474000000,2474000000,2211000000,-2077000000,None,None,93000000,None,None,None,2000000,247200000,None,2916000000,2916000000,2728000000,None,None,2172000000,None,None,726000000,53000000,6.16,0.0123,37000000,37000000,None,0.866,-0.28,1132000000,1858000000,9.61,2009-03-31,12.25,577000000,10509000000.0,4589000000,745000000,187000000,815000000,815000000,None,73000000,None,None,None,None,1783000000,None,None,116000000,None,None,None,0.373,-564000000,6651000000,1132000000,-3454000000,6808000000,None,None,None,None,None,None,None,1.775,7.22,2.555,None,None,None,None,None,-9000000,None,0.196,None,658000000,2025-10-30,quarterly,9.33,USD,pre-market,None,3745000000,0.0222,0.596,0.073,189.2,2293000000,1902000000,50000000,2019000000,493.58,469.93,-2.9136,93121000000,4646000000,6858000000,85434000000,88634000000,78735000000,7505000000,7687000000,13.81,None,574.69,392.21
2025-12-28,AMP,36.33,18513000000.0,13.81,None,1.263,69.31,25000000,None,2474000000,2474000000,1086000000,-612000000,None,None,346000000,None,None,None,2000000,247200000,None,2916000000,2916000000,2728000000,None,None,2172000000,None,None,726000000,-539000000,6.16,0.0123,38000000,38000000,None,0.866,-0.28,1132000000,1858000000,9.61,2008-12-31,12.25,577000000,10509000000.0,4589000000,745000000,187000000,815000000,815000000,None,73000000,None,None,None,None,1783000000,None,None,-369000000,None,None,None,0.373,1741000000,6651000000,1132000000,-3454000000,6808000000,None,None,None,None,None,None,None,1.775,7.22,2.555,None,None,None,None,None,-2000000,None,0.196,None,658000000,2025-10-30,quarterly,9.33,USD,pre-market,None,3745000000,0.0222,0.596,0.073,189.2,2293000000,1902000000,50000000,2019000000,493.58,469.93,-2.9136,93121000000,4646000000,6858000000,85434000000,88634000000,78735000000,7505000000,7687000000,13.81,None,574.69,392.21
2025-12-28,AMP,36.33,18513000000.0,13.81,None,1.263,69.31,20000000,None,2474000000,2474000000,387000000,246000000,None,None,None,None,None,None,2000000,247200000,None,2916000000,2916000000,2728000000,None,None,2172000000,None,None,726000000,314000000,6.16,0.0123,37000000,37000000,None,0.866,-0.28,1132000000,1858000000,9.61,2008-09-30,12.25,577000000,10509000000.0,4589000000,745000000,187000000,815000000,815000000,None,73000000,None,None,None,None,1783000000,None,None,-70000000,None,None,None,0.373,61000000,6651000000,1132000000,-3454000000,6808000000,None,None,None,None,None,None,None,1.775,7.22,2.555,None,None,None,None,None,-96000000,None,0.196,None,658000000,2025-10-30,quarterly,9.33,USD,pre-market,None,3745000000,0.0222,0.596,0.073,189.2,2293000000,1902000000,50000000,2019000000,493.58,469.93,-2.9136,93121000000,4646000000,6858000000,85434000000,88634000000,78735000000,7505000000,7687000000,13.81,None,574.69,392.21
2025-12-28,AMP,36.33,18513000000.0,13.81,None,1.263,69.31,36000000,None,2474000000,2474000000,-438000000,-106000000,None,None,296000000,None,None,None,2000000,247200000,None,2916000000,2916000000,2728000000,None,None,2172000000,None,None,726000000,189000000,6.16,0.0123,34000000,34000000,None,0.866,-0.28,1132000000,1858000000,9.61,2008-06-30,12.25,577000000,10509000000.0,4589000000,745000000,187000000,815000000,815000000,None,73000000,None,None,None,None,1783000000,None,None,210000000,None,None,None,0.373,13000000,6651000000,1132000000,-3454000000,6808000000,None,None,None,None,None,None,None,1.775,7.22,2.555,None,None,None,None,None,-263000000,None,0.196,None,658000000,2025-10-30,quarterly,9.33,USD,pre-market,None,3745000000,0.0222,0.596,0.073,189.2,2293000000,1902000000,50000000,2019000000,493.58,469.93,-2.9136,93121000000,4646000000,6858000000,85434000000,88634000000,78735000000,7505000000,7687000000,13.81,None,574.69,392.21
2025-12-28,AMP,36.33,18513000000.0,13.81,None,1.263,69.31,44000000,None,2474000000,2474000000,-606000000,487000000,None,None,-479000000,None,None,None,2000000,247200000,None,2916000000,2916000000,2728000000,None,None,2172000000,None,None,726000000,240000000,6.16,0.0123,34000000,34000000,None,0.866,-0.28,1132000000,1858000000,9.61,2008-03-31,12.25,577000000,10509000000.0,4589000000,745000000,187000000,815000000,815000000,None,73000000,None,None,None,None,1783000000,None,None,191000000,None,None,None,0.373,187000000,6651000000,1132000000,-3454000000,6808000000,None,None,None,None,None,None,None,1.775,7.22,2.555,None,None,None,None,None,-277000000,None,0.196,None,658000000,2025-10-30,quarterly,9.33,USD,pre-market,None,3745000000,0.0222,0.596,0.073,189.2,2293000000,1902000000,50000000,2019000000,493.58,469.93,-2.9136,93121000000,4646000000,6858000000,85434000000,88634000000,78735000000,7505000000,7687000000,13.81,None,574.69,392.21
2025-12-28,AMP,36.33,18513000000.0,13.81,None,1.263,69.31,68000000,None,2474000000,2474000000,-596000000,314000000,None,None,47000000,None,None,None,2000000,247200000,None,2916000000,2916000000,2728000000,None,None,2172000000,None,None,726000000,231000000,6.16,0.0123,35000000,35000000,None,0.866,-0.28,1132000000,1858000000,9.61,2007-12-31,12.25,577000000,10509000000.0,4589000000,745000000,187000000,815000000,815000000,None,73000000,None,None,None,None,1783000000,None,None,255000000,None,None,None,0.373,110000000,6651000000,1132000000,-3454000000,6808000000,None,None,None,None,None,None,None,1.775,7.22,2.555,None,None,None,None,None,-287000000,None,0.196,None,658000000,2025-10-30,quarterly,9.33,USD,pre-market,None,3745000000,0.0222,0.596,0.073,189.2,2293000000,1902000000,50000000,2019000000,493.58,469.93,-2.9136,93121000000,4646000000,6858000000,85434000000,88634000000,78735000000,7505000000,7687000000,13.81,None,574.69,392.21
2025-12-28,AMP,36.33,18513000000.0,13.81,None,1.263,69.31,83000000,None,2474000000,2474000000,-893000000,811000000,None,None,-62000000,None,None,None,2000000,247200000,None,2916000000,2916000000,2728000000,None,None,2172000000,None,None,726000000,117000000,6.16,0.0123,35000000,35000000,None,0.866,-0.28,1132000000,1858000000,9.61,2007-09-30,12.25,577000000,10509000000.0,4589000000,745000000,187000000,815000000,815000000,None,73000000,None,None,None,None,1783000000,None,None,198000000,None,None,None,0.373,747000000,6651000000,1132000000,-3454000000,6808000000,None,None,None,None,None,None,None,1.775,7.22,2.555,None,None,None,None,None,-172000000,None,0.196,None,658000000,2025-10-30,quarterly,9.33,USD,pre-market,None,3745000000,0.0222,0.596,0.073,189.2,2293000000,1902000000,50000000,2019000000,493.58,469.93,-2.9136,93121000000,4646000000,6858000000,85434000000,88634000000,78735000000,7505000000,7687000000,13.81,None,574.69,392.21
2025-12-28,AMP,36.33,18513000000.0,13.81,None,1.263,69.31,87000000,None,2474000000,2474000000,-1382000000,2208000000,None,None,-20000000,None,None,None,2000000,247200000,None,2916000000,2916000000,2728000000,None,None,2172000000,None,None,726000000,253000000,6.16,0.0123,36000000,36000000,None,0.866,-0.28,1132000000,1858000000,9.61,2007-06-30,12.25,577000000,10509000000.0,4589000000,745000000,187000000,815000000,815000000,None,73000000,None,None,None,None,1783000000,None,None,196000000,None,None,None,0.373,58000000,6651000000,1132000000,-3454000000,6808000000,None,None,None,None,None,None,None,1.775,7.22,2.555,None,None,None,None,None,-144000000,None,0.196,None,658000000,2025-10-30,quarterly,9.33,USD,pre-market,None,3745000000,0.0222,0.596,0.073,189.2,2293000000,1902000000,50000000,2019000000,493.58,469.93,-2.9136,93121000000,4646000000,6858000000,85434000000,88634000000,78735000000,7505000000,7687000000,13.81,None,574.69,392.21
2025-12-28,AMP,36.33,18513000000.0,13.81,None,1.263,69.31,68000000,None,2474000000,2474000000,-1398000000,1162000000,None,None,-160000000,None,None,None,2000000,247200000,None,2916000000,2916000000,2728000000,None,None,2172000000,None,None,726000000,179000000,6.16,0.0123,27000000,27000000,None,0.866,-0.28,1132000000,1858000000,9.61,2007-03-31,12.25,577000000,10509000000.0,4589000000,745000000,187000000,815000000,815000000,None,73000000,None,None,None,None,1783000000,None,None,165000000,None,None,None,0.373,-70000000,6651000000,1132000000,-3454000000,6808000000,None,None,None,None,None,None,None,1.775,7.22,2.555,None,None,None,None,None,-386000000,None,0.196,None,658000000,2025-10-30,quarterly,9.33,USD,pre-market,None,3745000000,0.0222,0.596,0.073,189.2,2293000000,1902000000,50000000,2019000000,493.58,469.93,-2.9136,93121000000,4646000000,6858000000,85434000000,88634000000,78735000000,7505000000,7687000000,13.81,None,574.69,392.21
2025-12-28,AMP,36.33,18513000000.0,13.81,None,1.263,69.31,72000000,None,2474000000,2474000000,-645000000,133000000,None,None,129000000,None,None,None,2000000,247200000,None,2916000000,2916000000,2728000000,None,None,2172000000,None,None,726000000,146000000,6.16,0.0123,26000000,26000000,None,0.866,-0.28,1132000000,1858000000,9.61,2006-12-31,12.25,577000000,10509000000.0,4589000000,745000000,187000000,815000000,815000000,None,73000000,None,None,None,None,1783000000,None,None,171000000,None,None,None,0.373,-97000000,6651000000,1132000000,-3454000000,6808000000,None,None,None,None,None,None,None,1.775,7.22,2.555,None,None,None,None,None,-52000000,None,0.196,None,658000000,2025-10-30,quarterly,9.33,USD,pre-market,None,3745000000,0.0222,0.596,0.073,189.2,2293000000,1902000000,50000000,2019000000,493.58,469.93,-2.9136,93121000000,4646000000,6858000000,85434000000,88634000000,78735000000,7505000000,7687000000,13.81,None,574.69,392.21
2025-12-28,AMP,36.33,18513000000.0,13.81,None,1.263,69.31,47000000,None,2474000000,2474000000,-1200000000,2220000000,None,None,-10000000,None,None,None,2000000,247200000,None,2916000000,2916000000,2728000000,None,None,2172000000,None,None,726000000,139000000,6.16,0.0123,27000000,27000000,None,0.866,-0.28,1132000000,1858000000,9.61,2006-09-30,12.25,577000000,10509000000.0,4589000000,745000000,187000000,815000000,815000000,None,73000000,None,None,None,None,1783000000,None,None,174000000,None,None,None,0.373,180000000,6651000000,1132000000,-3454000000,6808000000,None,None,None,None,None,None,None,1.775,7.22,2.555,None,None,None,None,None,-106000000,None,0.196,None,658000000,2025-10-30,quarterly,9.33,USD,pre-market,None,3745000000,0.0222,0.596,0.073,189.2,2293000000,1902000000,50000000,2019000000,493.58,469.93,-2.9136,93121000000,4646000000,6858000000,85434000000,88634000000,78735000000,7505000000,7687000000,13.81,None,574.69,392.21
2025-12-28,AMP,36.33,18513000000.0,13.81,None,1.263,69.31,34000000,None,2474000000,2474000000,-671000000,682000000,None,None,None,None,None,None,2000000,247200000,None,2916000000,2916000000,2728000000,None,None,2172000000,None,None,726000000,221000000,6.16,0.0123,27000000,27000000,None,0.866,-0.28,1132000000,1858000000,9.61,2006-06-30,12.25,577000000,10509000000.0,4589000000,745000000,187000000,815000000,815000000,None,73000000,None,None,None,None,1783000000,None,None,141000000,None,None,None,0.373,429000000,6651000000,1132000000,-3454000000,6808000000,None,None,None,None,None,None,None,1.775,7.22,2.555,None,None,None,None,None,-42000000,None,0.196,None,658000000,2025-10-30,quarterly,9.33,USD,pre-market,None,3745000000,0.0222,0.596,0.073,189.2,2293000000,1902000000,50000000,2019000000,493.58,469.93,-2.9136,93121000000,4646000000,6858000000,85434000000,88634000000,78735000000,7505000000,7687000000,13.81,None,574.69,392.21
2025-12-28,AMP,36.33,18513000000.0,13.81,None,1.263,69.31,34000000,None,2474000000,2474000000,-1421000000,488000000,None,None,None,None,None,None,2000000,247200000,None,2916000000,2916000000,2728000000,None,None,2172000000,None,None,726000000,180000000,6.16,0.0123,28000000,28000000,None,0.866,-0.28,1132000000,1858000000,9.61,2006-03-31,12.25,577000000,10509000000.0,4589000000,745000000,187000000,815000000,815000000,None,73000000,None,None,None,None,1783000000,None,None,145000000,None,None,None,0.373,107000000,6651000000,1132000000,-3454000000,6808000000,None,None,None,None,None,None,None,1.775,7.22,2.555,None,None,None,None,None,-290000000,None,0.196,None,658000000,2025-10-30,quarterly,9.33,USD,pre-market,None,3745000000,0.0222,0.596,0.073,189.2,2293000000,1902000000,50000000,2019000000,493.58,469.93,-2.9136,93121000000,4646000000,6858000000,85434000000,88634000000,78735000000,7505000000,7687000000,13.81,None,574.69,392.21
2025-12-28,AMP,36.33,18513000000.0,13.81,None,1.263,69.31,47000000,None,2474000000,2474000000,-1125000000,-164000000,None,None,118000000,None,None,None,2000000,247200000,None,2916000000,2916000000,2728000000,None,None,2172000000,None,None,726000000,66000000,6.16,0.0123,80000000,80000000,None,0.866,-0.28,1132000000,1858000000,9.61,2005-12-31,12.25,577000000,10509000000.0,4589000000,745000000,187000000,815000000,815000000,None,73000000,None,None,None,None,1783000000,None,None,79000000,None,None,None,0.373,576000000,6651000000,1132000000,-3454000000,6808000000,None,None,None,None,None,None,None,1.775,7.22,2.555,None,None,None,None,None,None,None,0.196,None,658000000,2025-10-30,quarterly,9.33,USD,pre-market,None,3745000000,0.0222,0.596,0.073,189.2,2293000000,1902000000,50000000,2019000000,493.58,469.93,-2.9136,93121000000,4646000000,6858000000,85434000000,88634000000,78735000000,7505000000,7687000000,13.81,None,574.69,392.21
2025-12-28,AMP,36.33,18513000000.0,13.81,None,1.263,69.31,40000000,None,2474000000,2474000000,908000000,-351000000,None,None,None,None,None,None,2000000,247200000,None,2916000000,2916000000,2728000000,None,None,2172000000,None,None,726000000,146000000,6.16,0.0123,None,None,None,0.866,-0.28,1132000000,1858000000,9.61,2005-09-30,12.25,577000000,10509000000.0,4589000000,745000000,187000000,815000000,815000000,None,73000000,None,None,None,None,1783000000,None,None,127000000,None,None,None,0.373,-27000000,6651000000,1132000000,-3454000000,6808000000,None,None,None,None,None,None,None,1.775,7.22,2.555,None,None,None,None,None,None,None,0.196,None,658000000,2025-10-30,quarterly,9.33,USD,pre-market,None,3745000000,0.0222,0.596,0.073,189.2,2293000000,1902000000,50000000,2019000000,493.58,469.93,-2.9136,93121000000,4646000000,6858000000,85434000000,88634000000,78735000000,7505000000,7687000000,13.81,None,574.69,392.21
2025-12-28,AMP,36.33,18513000000.0,13.81,None,1.263,69.31,176000000,None,2474000000,2474000000,-5165000000,-551000000,None,None,None,None,None,None,2000000,247200000,None,2916000000,2916000000,2728000000,None,None,2172000000,None,None,726000000,-159000000,6.16,0.0123,574000000,574000000,None,0.866,-0.28,1132000000,1858000000,9.61,2024-12-31,12.25,577000000,10509000000.0,4589000000,745000000,187000000,815000000,815000000,None,73000000,None,None,None,None,1783000000,None,None,3401000000,None,None,None,0.373,6595000000,6651000000,1132000000,-3454000000,6808000000,None,None,None,None,None,None,None,1.775,7.22,2.555,None,None,None,None,None,-2448000000,None,0.196,None,658000000,2025-10-30,annual,9.33,USD,pre-market,None,3745000000,0.0222,0.596,0.073,189.2,2293000000,1902000000,50000000,2019000000,493.58,469.93,-2.9136,93121000000,4646000000,6858000000,85434000000,88634000000,78735000000,7505000000,7687000000,13.81,None,574.69,392.21
2025-12-28,AMP,36.33,18513000000.0,13.81,None,1.263,69.31,184000000,None,2474000000,2474000000,4411000000,-9262000000,None,None,-630000000,None,None,None,2000000,247200000,None,2916000000,2916000000,2728000000,None,None,2172000000,None,None,726000000,-154000000,6.16,0.0123,550000000,550000000,None,0.866,-0.28,1132000000,1858000000,9.61,2023-12-31,12.25,577000000,10509000000.0,4589000000,745000000,187000000,815000000,815000000,None,73000000,None,None,None,None,1783000000,None,None,2556000000,None,None,None,0.373,4685000000,6651000000,1132000000,-3454000000,6808000000,None,None,None,None,None,None,None,1.775,7.22,2.555,None,None,None,None,None,-2127000000,None,0.196,None,658000000,2025-10-30,annual,9.33,USD,pre-market,None,3745000000,0.0222,0.596,0.073,189.2,2293000000,1902000000,50000000,2019000000,493.58,469.93,-2.9136,93121000000,4646000000,6858000000,85434000000,88634000000,78735000000,7505000000,7687000000,13.81,None,574.69,392.21
2025-12-28,AMP,36.33,18513000000.0,13.81,None,1.263,69.31,182000000,None,2474000000,2474000000,8430000000,-13583000000,-746000000,None,175000000,None,None,44000000,2000000,247200000,None,2916000000,2916000000,2728000000,None,None,2172000000,None,None,726000000,-40000000,6.16,0.0123,534000000,534000000,None,0.866,-0.28,1132000000,1858000000,9.61,2022-12-31,12.25,577000000,10509000000.0,4589000000,745000000,187000000,815000000,815000000,None,73000000,None,None,None,None,1783000000,None,None,2559000000,None,None,None,0.373,4407000000,6651000000,1132000000,-3454000000,6808000000,None,None,None,None,None,None,None,1.775,7.22,2.555,None,None,None,None,None,-1978000000,None,0.196,None,658000000,2025-10-30,annual,9.33,USD,pre-market,None,3745000000,0.0222,0.596,0.073,189.2,2293000000,1902000000,50000000,2019000000,493.58,469.93,-2.9136,93121000000,4646000000,6858000000,85434000000,88634000000,78735000000,7505000000,7687000000,13.81,None,574.69,392.21
2025-12-28,AMP,36.33,18513000000.0,13.81,None,1.263,69.31,120000000,None,2474000000,2474000000,1723000000,-4380000000,668000000,None,-370000000,None,None,-520000000,2000000,247200000,None,2916000000,2916000000,2728000000,None,None,2172000000,None,None,726000000,98000000,6.16,0.0123,511000000,511000000,None,0.866,-0.28,1132000000,1858000000,9.61,2021-12-31,12.25,577000000,10509000000.0,4589000000,745000000,187000000,815000000,815000000,None,73000000,None,None,None,None,1783000000,None,None,2760000000,None,None,None,0.373,3325000000,6651000000,1132000000,-3454000000,6808000000,None,None,None,None,None,None,None,1.775,7.22,2.555,None,None,None,None,None,-2030000000,None,0.196,None,658000000,2025-10-30,annual,9.33,USD,pre-market,None,3745000000,0.0222,0.596,0.073,189.2,2293000000,1902000000,50000000,2019000000,493.58,469.93,-2.9136,93121000000,4646000000,6858000000,85434000000,88634000000,78735000000,7505000000,7687000000,13.81,None,574.69,392.21
2025-12-28,AMP,36.33,18513000000.0,13.81,None,1.263,69.31,147000000,None,2474000000,2474000000,952000000,-2894000000,2690000000,9000000,-370000000,None,None,648000000,2000000,247200000,None,2916000000,2916000000,2728000000,None,None,2172000000,None,None,726000000,207000000,6.16,0.0123,497000000,497000000,None,0.866,-0.28,1132000000,1858000000,9.61,2020-12-31,12.25,577000000,10509000000.0,4589000000,745000000,187000000,815000000,815000000,None,73000000,None,None,None,None,1783000000,None,None,1534000000,None,None,None,0.373,4623000000,6651000000,1132000000,-3454000000,6808000000,None,None,None,None,None,None,None,1.775,7.22,2.555,None,None,None,None,None,-1441000000,None,0.196,None,658000000,2025-10-30,annual,9.33,USD,pre-market,None,3745000000,0.0222,0.596,0.073,189.2,2293000000,1902000000,50000000,2019000000,493.58,469.93,-2.9136,93121000000,4646000000,6858000000,85434000000,88634000000,78735000000,7505000000,7687000000,13.81,None,574.69,392.21
2025-12-28,AMP,36.33,18513000000.0,13.81,None,1.263,69.31,143000000,None,2474000000,2474000000,1214000000,-3234000000,330000000,9000000,-370000000,None,None,324000000,2000000,247200000,None,2916000000,2916000000,2728000000,None,None,2172000000,None,None,726000000,183000000,6.16,0.0123,504000000,504000000,None,0.866,-0.28,1132000000,1858000000,9.61,2019-12-31,12.25,577000000,10509000000.0,4589000000,745000000,187000000,815000000,815000000,None,73000000,None,None,None,None,1783000000,None,None,1893000000,None,None,None,0.373,2341000000,6651000000,1132000000,-3454000000,6808000000,None,None,None,None,None,None,None,1.775,7.22,2.555,None,None,None,None,None,-1943000000,None,0.196,None,658000000,2025-10-30,annual,9.33,USD,pre-market,None,3745000000,0.0222,0.596,0.073,189.2,2293000000,1902000000,50000000,2019000000,493.58,469.93,-2.9136,93121000000,4646000000,6858000000,85434000000,88634000000,78735000000,7505000000,7687000000,13.81,None,574.69,392.21
2025-12-28,AMP,36.33,18513000000.0,13.81,None,1.263,69.31,162000000,None,2474000000,2474000000,-1263000000,-587000000,739000000,-8000000,None,None,None,-398000000,2000000,247200000,None,2916000000,2916000000,2728000000,None,None,2172000000,None,None,726000000,198000000,6.16,0.0123,506000000,506000000,None,0.866,-0.28,1132000000,1858000000,9.61,2018-12-31,12.25,577000000,10509000000.0,4589000000,745000000,187000000,815000000,815000000,None,73000000,None,None,None,None,1783000000,None,None,2098000000,None,None,None,0.373,2597000000,6651000000,1132000000,-3454000000,6808000000,None,None,None,None,None,None,None,1.775,7.22,2.555,None,None,None,None,None,-1630000000,None,0.196,None,658000000,2025-10-30,annual,9.33,USD,pre-market,None,3745000000,0.0222,0.596,0.073,189.2,2293000000,1902000000,50000000,2019000000,493.58,469.93,-2.9136,93121000000,4646000000,6858000000,85434000000,88634000000,78735000000,7505000000,7687000000,13.81,None,574.69,392.21
2025-12-28,AMP,36.33,18513000000.0,13.81,None,1.263,69.31,162000000,None,2474000000,2474000000,-1785000000,-199000000,-248000000,35000000,0,None,None,-457000000,2000000,247200000,None,2916000000,2916000000,2728000000,None,None,2172000000,None,None,726000000,234000000,6.16,0.0123,491000000,491000000,None,0.866,-0.28,1132000000,1858000000,9.61,2017-12-31,12.25,577000000,10509000000.0,4589000000,745000000,187000000,815000000,815000000,None,73000000,None,None,None,None,1783000000,None,None,1480000000,None,None,None,0.373,1701000000,6651000000,1132000000,-3454000000,6808000000,None,None,None,None,None,None,None,1.775,7.22,2.555,None,None,None,None,None,-1485000000,None,0.196,None,658000000,2025-10-30,annual,9.33,USD,pre-market,None,3745000000,0.0222,0.596,0.073,189.2,2293000000,1902000000,50000000,2019000000,493.58,469.93,-2.9136,93121000000,4646000000,6858000000,85434000000,88634000000,78735000000,7505000000,7687000000,13.81,None,574.69,392.21
2025-12-28,AMP,36.33,18513000000.0,13.81,None,1.263,69.31,92000000,None,2474000000,2474000000,-1131000000,-804000000,-39000000,-75000000,-9000000,None,None,-150000000,2000000,247200000,None,2916000000,2916000000,2728000000,None,None,2172000000,None,None,726000000,248000000,6.16,0.0123,479000000,479000000,None,0.866,-0.28,1132000000,1858000000,9.61,2016-12-31,12.25,577000000,10509000000.0,4589000000,745000000,187000000,815000000,815000000,None,73000000,None,None,None,None,1783000000,None,None,1314000000,None,None,None,0.373,1971000000,6651000000,1132000000,-3454000000,6808000000,None,None,None,None,None,None,None,1.775,7.22,2.555,None,None,None,None,None,-1707000000,None,0.196,None,658000000,2025-10-30,annual,9.33,USD,pre-market,None,3745000000,0.0222,0.596,0.073,189.2,2293000000,1902000000,50000000,2019000000,493.58,469.93,-2.9136,93121000000,4646000000,6858000000,85434000000,88634000000,78735000000,7505000000,7687000000,13.81,None,574.69,392.21
2025-12-28,AMP,36.33,18513000000.0,13.81,None,1.263,69.31,133000000,None,2474000000,2474000000,-2318000000,-514000000,-281000000,-21000000,349000000,None,None,-277000000,2000000,247200000,None,2916000000,2916000000,2728000000,None,None,2172000000,None,None,726000000,248000000,6.16,0.0123,465000000,465000000,None,0.866,-0.28,1132000000,1858000000,9.61,2015-12-31,12.25,577000000,10509000000.0,4589000000,745000000,187000000,815000000,815000000,None,73000000,None,None,None,None,1783000000,None,None,1687000000,None,None,None,0.373,2572000000,6651000000,1132000000,-3454000000,6808000000,None,None,None,None,None,None,None,1.775,7.22,2.555,None,None,None,None,None,-1741000000,None,0.196,None,658000000,2025-10-30,annual,9.33,USD,pre-market,None,3745000000,0.0222,0.596,0.073,189.2,2293000000,1902000000,50000000,2019000000,493.58,469.93,-2.9136,93121000000,4646000000,6858000000,85434000000,88634000000,78735000000,7505000000,7687000000,13.81,None,574.69,392.21
2025-12-28,AMP,36.33,18513000000.0,13.81,None,1.263,69.31,113000000,None,2474000000,2474000000,-1657000000,-715000000,6000000,-21000000,0,None,None,-423000000,2000000,247200000,None,2916000000,2916000000,2728000000,None,None,2172000000,None,None,726000000,254000000,6.16,0.0123,426000000,426000000,None,0.866,-0.28,1132000000,1858000000,9.61,2014-12-31,12.25,577000000,10509000000.0,4589000000,745000000,187000000,815000000,815000000,None,73000000,None,None,None,None,1783000000,None,None,2000000000,None,None,None,0.373,2399000000,6651000000,1132000000,-3454000000,6808000000,None,None,None,None,None,None,None,1.775,7.22,2.555,None,None,None,None,None,-1577000000,None,0.196,None,658000000,2025-10-30,annual,9.33,USD,pre-market,None,3745000000,0.0222,0.596,0.073,189.2,2293000000,1902000000,50000000,2019000000,493.58,469.93,-2.9136,93121000000,4646000000,6858000000,85434000000,88634000000,78735000000,7505000000,7687000000,13.81,None,574.69,392.21
2025-12-28,AMP,36.33,18513000000.0,13.81,None,1.263,69.31,105000000,None,2474000000,2474000000,-306000000,-802000000,261000000,5000000,0,None,None,-267000000,2000000,247200000,None,2916000000,2916000000,2728000000,None,None,2172000000,None,None,726000000,239000000,6.16,0.0123,401000000,401000000,None,0.866,-0.28,1132000000,1858000000,9.61,2013-12-31,12.25,577000000,10509000000.0,4589000000,745000000,187000000,815000000,815000000,None,73000000,None,None,None,None,1783000000,None,None,1475000000,None,None,None,0.373,1364000000,6651000000,1132000000,-3454000000,6808000000,None,None,None,None,None,None,None,1.775,7.22,2.555,None,None,None,None,None,-1583000000,None,0.196,None,658000000,2025-10-30,annual,9.33,USD,pre-market,None,3745000000,0.0222,0.596,0.073,189.2,2293000000,1902000000,50000000,2019000000,493.58,469.93,-2.9136,93121000000,4646000000,6858000000,85434000000,88634000000,78735000000,7505000000,7687000000,13.81,None,574.69,392.21
2025-12-28,AMP,36.33,18513000000.0,13.81,None,1.263,69.31,137000000,None,2474000000,2474000000,-6342000000,4417000000,-410000000,10000000,83000000,None,None,-130000000,2000000,247200000,None,2916000000,2916000000,2728000000,None,None,2172000000,None,None,726000000,225000000,6.16,0.0123,305000000,305000000,None,0.866,-0.28,1132000000,1858000000,9.61,2012-12-31,12.25,577000000,10509000000.0,4589000000,745000000,187000000,815000000,815000000,None,73000000,None,None,None,None,1783000000,None,None,901000000,None,None,None,0.373,1505000000,6651000000,1132000000,-3454000000,6808000000,None,None,None,None,None,None,None,1.775,7.22,2.555,None,None,None,None,None,-1381000000,None,0.196,None,658000000,2025-10-30,annual,9.33,USD,pre-market,None,3745000000,0.0222,0.596,0.073,189.2,2293000000,1902000000,50000000,2019000000,493.58,469.93,-2.9136,93121000000,4646000000,6858000000,85434000000,88634000000,78735000000,7505000000,7687000000,13.81,None,574.69,392.21
2025-12-28,AMP,36.33,18513000000.0,13.81,None,1.263,69.31,250000000,None,2474000000,2474000000,-1111000000,-1146000000,-80000000,-1000000,360000000,None,None,-260000000,2000000,247200000,None,2916000000,2916000000,2728000000,None,None,2172000000,None,None,726000000,110000000,6.16,0.0123,212000000,212000000,None,0.866,-0.28,1132000000,1858000000,9.61,2011-12-31,12.25,577000000,10509000000.0,4589000000,745000000,187000000,815000000,815000000,None,73000000,None,None,None,None,1783000000,None,None,970000000,None,None,None,0.373,2178000000,6651000000,1132000000,-3454000000,6808000000,None,None,None,None,None,None,None,1.775,7.22,2.555,None,None,None,None,None,-1495000000,None,0.196,None,658000000,2025-10-30,annual,9.33,USD,pre-market,None,3745000000,0.0222,0.596,0.073,189.2,2293000000,1902000000,50000000,2019000000,493.58,469.93,-2.9136,93121000000,4646000000,6858000000,85434000000,88634000000,78735000000,7505000000,7687000000,13.81,None,574.69,392.21
2025-12-28,AMP,36.33,18513000000.0,13.81,None,1.263,69.31,131000000,None,2474000000,2474000000,-1343000000,-922000000,-236000000,-6000000,422000000,None,None,-484000000,2000000,247200000,None,2916000000,2916000000,2728000000,None,None,2172000000,None,None,726000000,110000000,6.16,0.0123,354000000,354000000,None,0.866,-0.28,1132000000,1858000000,9.61,2010-12-31,12.25,577000000,10509000000.0,4589000000,745000000,187000000,815000000,815000000,None,73000000,None,None,None,None,1783000000,None,None,1260000000,None,None,None,0.373,2035000000,6651000000,1132000000,-3454000000,6808000000,None,None,None,None,None,None,None,1.775,7.22,2.555,None,None,None,None,None,-582000000,None,0.196,None,658000000,2025-10-30,annual,9.33,USD,pre-market,None,3745000000,0.0222,0.596,0.073,189.2,2293000000,1902000000,50000000,2019000000,493.58,469.93,-2.9136,93121000000,4646000000,6858000000,85434000000,88634000000,78735000000,7505000000,7687000000,13.81,None,574.69,392.21
2025-12-28,AMP,36.33,18513000000.0,13.81,None,1.263,69.31,83000000,None,2474000000,2474000000,4545000000,-6433000000,-3131000000,15000000,0,None,None,-126000000,2000000,247200000,None,2916000000,2916000000,2728000000,None,None,2172000000,None,None,726000000,120000000,6.16,0.0123,164000000,164000000,None,0.866,-0.28,1132000000,1858000000,9.61,2009-12-31,12.25,577000000,10509000000.0,4589000000,745000000,187000000,815000000,815000000,None,73000000,None,None,None,None,1783000000,None,None,737000000,None,None,None,0.373,-1258000000,6651000000,1132000000,-3454000000,6808000000,None,None,None,None,None,None,None,1.775,7.22,2.555,None,None,None,None,None,-11000000,None,0.196,None,658000000,2025-10-30,annual,9.33,USD,pre-market,None,3745000000,0.0222,0.596,0.073,189.2,2293000000,1902000000,50000000,2019000000,493.58,469.93,-2.9136,93121000000,4646000000,6858000000,85434000000,88634000000,78735000000,7505000000,7687000000,13.81,None,574.69,392.21
2025-12-28,AMP,36.33,18513000000.0,13.81,None,1.263,69.31,125000000,None,2474000000,2474000000,429000000,15000000,None,None,None,None,None,None,2000000,247200000,None,2916000000,2916000000,2728000000,None,None,2172000000,None,None,726000000,204000000,6.16,0.0123,143000000,143000000,None,0.866,-0.28,1132000000,1858000000,9.61,2008-12-31,12.25,577000000,10509000000.0,4589000000,745000000,187000000,815000000,815000000,None,73000000,None,None,None,None,1783000000,None,None,-38000000,None,None,None,0.373,2002000000,6651000000,1132000000,-3454000000,6808000000,None,None,None,None,None,None,None,1.775,7.22,2.555,None,None,None,None,None,-638000000,None,0.196,None,658000000,2025-10-30,annual,9.33,USD,pre-market,None,3745000000,0.0222,0.596,0.073,189.2,2293000000,1902000000,50000000,2019000000,493.58,469.93,-2.9136,93121000000,4646000000,6858000000,85434000000,88634000000,78735000000,7505000000,7687000000,13.81,None,574.69,392.21
2025-12-28,AMP,36.33,18513000000.0,13.81,None,1.263,69.31,306000000,None,2474000000,2474000000,-4269000000,4495000000,None,None,-195000000,None,None,None,2000000,247200000,None,2916000000,2916000000,2728000000,None,None,2172000000,None,None,726000000,780000000,6.16,0.0123,133000000,133000000,None,0.866,-0.28,1132000000,1858000000,9.61,2007-12-31,12.25,577000000,10509000000.0,4589000000,745000000,187000000,815000000,815000000,None,73000000,None,None,None,None,1783000000,None,None,814000000,None,None,None,0.373,845000000,6651000000,1132000000,-3454000000,6808000000,None,None,None,None,None,None,None,1.775,7.22,2.555,None,None,None,None,None,-989000000,None,0.196,None,658000000,2025-10-30,annual,9.33,USD,pre-market,None,3745000000,0.0222,0.596,0.073,189.2,2293000000,1902000000,50000000,2019000000,493.58,469.93,-2.9136,93121000000,4646000000,6858000000,85434000000,88634000000,78735000000,7505000000,7687000000,13.81,None,574.69,392.21
2025-12-28,AMP,36.33,18513000000.0,13.81,None,1.263,69.31,187000000,None,2474000000,2474000000,-3937000000,3523000000,None,None,-105000000,None,None,None,2000000,247200000,None,2916000000,2916000000,2728000000,None,None,2172000000,None,None,726000000,686000000,6.16,0.0123,108000000,108000000,None,0.866,-0.28,1132000000,1858000000,9.61,2006-12-31,12.25,577000000,10509000000.0,4589000000,745000000,187000000,815000000,815000000,None,73000000,None,None,None,None,1783000000,None,None,631000000,None,None,None,0.373,619000000,6651000000,1132000000,-3454000000,6808000000,None,None,None,None,None,None,None,1.775,7.22,2.555,None,None,None,None,None,-490000000,None,0.196,None,658000000,2025-10-30,annual,9.33,USD,pre-market,None,3745000000,0.0222,0.596,0.073,189.2,2293000000,1902000000,50000000,2019000000,493.58,469.93,-2.9136,93121000000,4646000000,6858000000,85434000000,88634000000,78735000000,7505000000,7687000000,13.81,None,574.69,392.21
2025-12-28,AMP,36.33,18513000000.0,13.81,None,1.263,69.31,141000000,None,2474000000,2474000000,207000000,-255000000,None,None,-49000000,None,None,None,2000000,247200000,None,2916000000,2916000000,2728000000,None,None,2172000000,None,None,726000000,295000000,6.16,0.0123,27000000,27000000,None,0.866,-0.28,1132000000,1858000000,9.61,2005-12-31,12.25,577000000,10509000000.0,4589000000,745000000,187000000,815000000,815000000,None,73000000,None,None,None,None,1783000000,None,None,558000000,None,None,None,0.373,945000000,6651000000,1132000000,-3454000000,6808000000,None,None,None,None,None,None,None,1.775,7.22,2.555,None,None,None,None,None,None,None,0.196,None,658000000,2025-10-30,annual,9.33,USD,pre-market,None,3745000000,0.0222,0.596,0.073,189.2,2293000000,1902000000,50000000,2019000000,493.58,469.93,-2.9136,93121000000,4646000000,6858000000,85434000000,88634000000,78735000000,7505000000,7687000000,13.81,None,574.69,392.21
