date,symbol,eps,revenue_ttm,pe_ratio,accumulateddepreciationamortizationppe,beta,book_value,capitalexpenditures,capitalleaseobligations,cashandcashequivalentsatcarryingvalue,cashandshortterminvestments,cashflowfromfinancing,cashflowfrominvestment,changeincashandcashequivalents,changeinexchangerate,changeininventory,changeinoperatingassets,changeinoperatingliabilities,changeinreceivables,commonstock,commonstocksharesoutstanding,comprehensiveincomenetoftax,costofgoodsandservicessold,costofrevenue,currentaccountspayable,currentdebt,currentlongtermdebt,currentnetreceivables,deferredrevenue,depreciation,depreciationandamortization,depreciationdepletionandamortization,dividend_per_share,dividend_yield,dividendpayout,dividendpayoutcommonstock,dividendpayoutpreferredstock,earnings_growth_yoy,earnings_surprise,ebit,ebitda,estimated_eps,fiscaldateending,forward_pe,goodwill,gross_profit_ttm,grossprofit,incomebeforetax,incometaxexpense,intangibleassets,intangibleassetsexcludinggoodwill,interestanddebtexpense,interestexpense,interestincome,inventory,investmentincomenet,investments,longtermdebt,longtermdebtnoncurrent,longterminvestments,netincome,netincomefromcontinuingoperations,netinterestincome,noninterestincome,operating_margin_ttm,operatingcashflow,operatingexpenses,operatingincome,othercurrentassets,othercurrentliabilities,othernoncurrentassets,othernoncurrentliabilities,othernonoperatingincome,paymentsforoperatingactivities,paymentsforrepurchaseofcommonstock,paymentsforrepurchaseofequity,paymentsforrepurchaseofpreferredstock,peg_ratio,price_to_book,price_to_sales_ttm,proceedsfromissuanceofcommonstock,proceedsfromissuanceoflongtermdebtandcapitalsecuritiesnet,proceedsfromissuanceofpreferredstock,proceedsfromoperatingactivities,proceedsfromrepaymentsofshorttermdebt,proceedsfromrepurchaseofequity,proceedsfromsaleoftreasurystock,profit_margin,profitloss,propertyplantequipment,report_date,report_type,reported_eps,reportedcurrency,reporttime,researchanddevelopment,retainedearnings,return_on_assets_ttm,return_on_equity_ttm,revenue_growth_yoy,revenue_per_share_ttm,sellinggeneralandadministrative,shortlongtermdebttotal,shorttermdebt,shortterminvestments,sma_200,sma_50,surprise_pct,totalassets,totalcurrentassets,totalcurrentliabilities,totalliabilities,totalnoncurrentassets,totalnoncurrentliabilities,totalrevenue,totalshareholderequity,trailing_pe,treasurystock,week_52_high,week_52_low
1996-03-31,AON,,,,,,,,,,,,,,,,,,,,,,,,,,,,,,,,,,,,,,-0.07,,,0.44,,,,,,,,,,,,,,,,,,,,,,,,,,,,,,,,,,,,,,,,,,,,,,,,,1996-05-02,,0.37,,pre-market,,,,,,,,,,,,,-15.9091,,,,,,,,,,,,
1996-06-30,AON,,,,,,,,,,,,,,,,,,,,,,,,,,,,,,,,,,,,,,-0.02,,,0.34,,,,,,,,,,,,,,,,,,,,,,,,,,,,,,,,,,,,,,,,,,,,,,,,,1996-08-01,,0.32,,pre-market,,,,,,,,,,,,,-5.8824,,,,,,,,,,,,
1996-09-30,AON,,,,,,,,,,,,,,,,,,,,,,,,,,,,,,,,,,,,,,-0.01,,,0.32,,,,,,,,,,,,,,,,,,,,,,,,,,,,,,,,,,,,,,,,,,,,,,,,,1996-11-05,,0.31,,pre-market,,,,,,,,,,,,,-3.125,,,,,,,,,,,,
1996-12-31,AON,,,,,,,,,,,,,,,,,,,,,,,,,,,,,,,,,,,,,,0.01,,,0.31,,,,,,,,,,,,,,,,,,,,,,,,,,,,,,,,,,,,,,,,,,,,,,,,,1997-02-11,,0.32,,pre-market,,,,,,,,,,,,,3.2258,,,,,,,,,,,,
1997-03-31,AON,,,,,,,,,,,,,,,,,,,,,,,,,,,,,,,,,,,,,,-0.03,,,0.38,,,,,,,,,,,,,,,,,,,,,,,,,,,,,,,,,,,,,,,,,,,,,,,,,1997-05-01,,0.35,,pre-market,,,,,,,,,,,,,-7.8947,,,,,,,,,,,,
1997-06-30,AON,,,,,,,,,,,,,,,,,,,,,,,,,,,,,,,,,,,,,,0.03,,,0.36,,,,,,,,,,,,,,,,,,,,,,,,,,,,,,,,,,,,,,,,,,,,,,,,,1997-08-05,,0.39,,pre-market,,,,,,,,,,,,,8.3333,,,,,,,,,,,,
1997-09-30,AON,,,,,,,,,,,,,,,,,,,,,,,,,,,,,,,,,,,,,,-0.02,,,0.39,,,,,,,,,,,,,,,,,,,,,,,,,,,,,,,,,,,,,,,,,,,,,,,,,1997-11-04,,0.37,,pre-market,,,,,,,,,,,,,-5.1282,,,,,,,,,,,,
1997-12-31,AON,,,,,,,,,,,,,,,,,,,,,,,,,,,,,,,,,,,,,,0.03,,,0.4,,,,,,,,,,,,,,,,,,,,,,,,,,,,,,,,,,,,,,,,,,,,,,,,,1998-02-10,,0.43,,pre-market,,,,,,,,,,,,,7.5,,,,,,,,,,,,
1998-03-31,AON,,,,,,,,,,,,,,,,,,,,,,,,,,,,,,,,,,,,,,0.0,,,0.53,,,,,,,,,,,,,,,,,,,,,,,,,,,,,,,,,,,,,,,,,,,,,,,,,1998-05-05,,0.53,,pre-market,,,,,,,,,,,,,0.0,,,,,,,,,,,,
1998-06-30,AON,,,,,,,,,,,,,,,,,,,,,,,,,,,,,,,,,,,,,,0.01,,,0.53,,,,,,,,,,,,,,,,,,,,,,,,,,,,,,,,,,,,,,,,,,,,,,,,,1998-08-05,,0.54,,pre-market,,,,,,,,,,,,,1.8868,,,,,,,,,,,,
1998-09-30,AON,,,,,,,,,,,,,,,,,,,,,,,,,,,,,,,,,,,,,,-0.05,,,0.52,,,,,,,,,,,,,,,,,,,,,,,,,,,,,,,,,,,,,,,,,,,,,,,,,1998-11-03,,0.47,,pre-market,,,,,,,,,,,,,-9.6154,,,,,,,,,,,,
1998-12-31,AON,,,,,,,,,,,,,,,,,,,,,,,,,,,,,,,,,,,,,,0.0,,,0.53,,,,,,,,,,,,,,,,,,,,,,,,,,,,,,,,,,,,,,,,,,,,,,,,,1999-02-09,,0.53,,pre-market,,,,,,,,,,,,,0.0,,,,,,,,,,,,
1999-03-31,AON,,,,,,,,,,,,,,,,,,,,,,,,,,,,,,,,,,,,,,0.01,,,0.57,,,,,,,,,,,,,,,,,,,,,,,,,,,,,,,,,,,,,,,,,,,,,,,,,1999-05-04,,0.58,,pre-market,,,,,,,,,,,,,1.7544,,,,,,,,,,,,
1999-06-30,AON,,,,,,,,,,,,,,,,,,,,,,,,,,,,,,,,,,,,,,0.0,,,0.57,,,,,,,,,,,,,,,,,,,,,,,,,,,,,,,,,,,,,,,,,,,,,,,,,1999-08-03,,0.57,,pre-market,,,,,,,,,,,,,0.0,,,,,,,,,,,,
1999-09-30,AON,,,,,,,,,,,,,,,,,,,,,,,,,,,,,,,,,,,,,,-0.01,,,0.53,,,,,,,,,,,,,,,,,,,,,,,,,,,,,,,,,,,,,,,,,,,,,,,,,1999-11-02,,0.52,,pre-market,,,,,,,,,,,,,-1.8868,,,,,,,,,,,,
1999-12-31,AON,,,,,,,,,,,,,,,,,,,,,,,,,,,,,,,,,,,,,,-0.04,,,0.44,,,,,,,,,,,,,,,,,,,,,,,,,,,,,,,,,,,,,,,,,,,,,,,,,2000-02-08,,0.4,,pre-market,,,,,,,,,,,,,-9.0909,,,,,,,,,,,,
2000-03-31,AON,,,,,,,,,,,,,,,,,,,,,,,,,,,,,,,,,,,,,,-0.01,,,0.48,,,,,,,,,,,,,,,,,,,,,,,,,,,,,,,,,,,,,,,,,,,,,,,,,2000-05-04,,0.47,,pre-market,,,,,,,,,,,,,-2.0833,,,,,,,,,,,,
2000-06-30,AON,,,,,,,,,,,,,,,,,,,,,,,,,,,,,,,,,,,,,,0.0,,,0.49,,,,,,,,,,,,,,,,,,,,,,,,,,,,,,,,,,,,,,,,,,,,,,,,,2000-08-02,,0.49,,pre-market,,,,,,,,,,,,,0.0,,,,,,,,,,,,
2000-09-30,AON,,,,,,,,,,,,,,,,,,,,,,,,,,,,,,,,,,,,,,-0.01,,,0.54,,,,,,,,,,,,,,,,,,,,,,,,,,,,,,,,,,,,,,,,,,,,,,,,,2000-11-02,,0.53,,pre-market,,,,,,,,,,,,,-1.8519,,,,,,,,,,,,
2000-12-31,AON,,,,,,,,,,,,,,,,,,,,,,,,,,,,,,,,,,,,,,-0.01,,,0.53,,,,,,,,,,,,,,,,,,,,,,,,,,,,,,,,,,,,,,,,,,,,,,,,,2001-02-08,,0.52,,pre-market,,,,,,,,,,,,,-1.8868,,,,,,,,,,,,
2001-03-31,AON,,,,,,,,,,,,,,,,,,,,,,,,,,,,,,,,,,,,,,-0.01,,,0.24,,,,,,,,,,,,,,,,,,,,,,,,,,,,,,,,,,,,,,,,,,,,,,,,,2001-05-03,,0.23,,pre-market,,,,,,,,,,,,,-4.1667,,,,,,,,,,,,
2001-06-30,AON,,,,,,,,,,,,,,,,,,,,,,,,,,,,,,,,,,,,,,-0.01,,,0.45,,,,,,,,,,,,,,,,,,,,,,,,,,,,,,,,,,,,,,,,,,,,,,,,,2001-08-02,,0.44,,pre-market,,,,,,,,,,,,,-2.2222,,,,,,,,,,,,
2001-09-30,AON,,,,,,,,,,,,,,,,,,,,,,,,,,,,,,,,,,,,,,-0.01,,,0.39,,,,,,,,,,,,,,,,,,,,,,,,,,,,,,,,,,,,,,,,,,,,,,,,,2001-11-07,,0.38,,pre-market,,,,,,,,,,,,,-2.5641,,,,,,,,,,,,
2001-12-31,AON,,,,,,,,,,,,,,,,,,,,,,,,,,,,,,,,,,,,,,0.0,,,0.33,,,,,,,,,,,,,,,,,,,,,,,,,,,,,,,,,,,,,,,,,,,,,,,,,2002-02-12,,0.33,,pre-market,,,,,,,,,,,,,0.0,,,,,,,,,,,,
2002-03-31,AON,,,,,,,,,,,,,,,,,,,,,,,,,,,,,,,,,,,,,,0.03,,,0.44,,,,,,,,,,,,,,,,,,,,,,,,,,,,,,,,,,,,,,,,,,,,,,,,,2002-04-30,,0.47,,pre-market,,,,,,,,,,,,,6.8182,,,,,,,,,,,,
2002-06-30,AON,,,,,,,,,,,,,,,,,,,,,,,,,,,,,,,,,,,,,,-0.36,,,0.49,,,,,,,,,,,,,,,,,,,,,,,,,,,,,,,,,,,,,,,,,,,,,,,,,2002-08-07,,0.13,,pre-market,,,,,,,,,,,,,-73.4694,,,,,,,,,,,,
2002-09-30,AON,,,,,,,,,,,,,,,,,,,,,,,,,,,,,,,,,,,,,,-0.02,,,0.44,,,,,,,,,,,,,,,,,,,,,,,,,,,,,,,,,,,,,,,,,,,,,,,,,2002-10-31,,0.42,,pre-market,,,,,,,,,,,,,-4.5455,,,,,,,,,,,,
2002-12-31,AON,,,,,,,,,,,,,,,,,,,,,,,,,,,,,,,,,,,,,,0.03,,,0.54,,,,,,,,,,,,,,,,,,,,,,,,,,,,,,,,,,,,,,,,,,,,,,,,,2003-02-12,,0.57,,pre-market,,,,,,,,,,,,,5.5556,,,,,,,,,,,,
2003-03-31,AON,,,,,,,,,,,,,,,,,,,,,,,,,,,,,,,,,,,,,,0.02,,,0.46,,,,,,,,,,,,,,,,,,,,,,,,,,,,,,,,,,,,,,,,,,,,,,,,,2003-05-05,,0.48,,pre-market,,,,,,,,,,,,,4.3478,,,,,,,,,,,,
2003-06-30,AON,,,,,,,,,,,,,,,,,,,,,,,,,,,,,,,,,,,,,,0.02,,,0.44,,,,,,,,,,,,,,,,,,,,,,,,,,,,,,,,,,,,,,,,,,,,,,,,,2003-08-06,,0.46,,pre-market,,,,,,,,,,,,,4.5455,,,,,,,,,,,,
2003-09-30,AON,,,,,,,,,,,,,,,,,,,,,,,,,,,,,,,,,,,,,,-0.01,,,0.45,,,,,,,,,,,,,,,,,,,,,,,,,,,,,,,,,,,,,,,,,,,,,,,,,2003-11-04,,0.44,,pre-market,,,,,,,,,,,,,-2.2222,,,,,,,,,,,,
2003-12-31,AON,,,,,,,,,,,,,,,,,,,,,,,,,,,,,,,,,,,,,,0.01,,,0.54,,,,,,,,,,,,,,,,,,,,,,,,,,,,,,,,,,,,,,,,,,,,,,,,,2004-02-10,,0.55,,post-market,,,,,,,,,,,,,1.8519,,,,,,,,,,,,
2004-03-31,AON,,,,,,,,,,,,,,,,,,,,,,,,,,,,,,,,,,,,,,0.02,,,0.58,,,,,,,,,,,,,,,,,,,,,,,,,,,,,,,,,,,,,,,,,,,,,,,,,2004-05-03,,0.6,,post-market,,,,,,,,,,,,,3.4483,,,,,,,,,,,,
2004-06-30,AON,,,,,,,,,,,,,,,,,,,,,,,,,,,,,,,,,,,,,,0.0,,,0.52,,,,,,,,,,,,,,,,,,,,,,,,,,,,,,,,,,,,,,,,,,,,,,,,,2004-08-04,,0.52,,post-market,,,,,,,,,,,,,0.0,,,,,,,,,,,,
2004-09-30,AON,,,,,,,,,,,,,,,,,,,,,,,,,,,,,,,,,,,,,,-0.14,,,0.5,,,,,,,,,,,,,,,,,,,,,,,,,,,,,,,,,,,,,,,,,,,,,,,,,2004-10-28,,0.36,,post-market,,,,,,,,,,,,,-28.0,,,,,,,,,,,,
2004-12-31,AON,,,,,,,,,,,,,,,,,,,,,,,,,,,,,,,,,,,,,,0.11,,,0.46,,,,,,,,,,,,,,,,,,,,,,,,,,,,,,,,,,,,,,,,,,,,,,,,,2005-02-08,,0.57,,post-market,,,,,,,,,,,,,23.913,,,,,,,,,,,,
2005-03-31,AON,,,,,,,,,,,,,,,,,,,,,,,,,,,,,,,,,,,,,,0.1,,,0.45,,,,,,,,,,,,,,,,,,,,,,,,,,,,,,,,,,,,,,,,,,,,,,,,,2005-05-03,,0.55,,post-market,,,,,,,,,,,,,22.2222,,,,,,,,,,,,
2005-06-30,AON,,,,,,,,,,,,,,,,,,,,,,,,,,,,,,,,,,,,,,0.1,,,0.48,,,,,,,,,,,,,,,,,,,,,,,,,,,,,,,,,,,,,,,,,,,,,,,,,2005-08-02,,0.58,,post-market,,,,,,,,,,,,,20.8333,,,,,,,,,,,,
2005-09-30,AON,,,,,,,,,,,,,,,,,,,,,,,,,,,,,,,,,,,,,,-0.03,,,0.46,,,,,,,,,,,,,,,,,,,,,,,,,,,,,,,,,,,,,,,,,,,,,,,,,2005-11-03,,0.43,,post-market,,,,,,,,,,,,,-6.5217,,,,,,,,,,,,
2005-12-31,AON,,,,,,,,,,,,,,,,,,,,,,,,,,,,,,,,,,,,,,0.11,,,0.56,,,,,,,,,,,,,,,,,,,,,,,,,,,,,,,,,,,,,,,,,,,,,,,,,2006-02-09,,0.67,,post-market,,,,,,,,,,,,,19.6429,,,,,,,,,,,,
2006-03-31,AON,,,,,,,,,,,,,,,,,,,,,,,,,,,,,,,,,,,,,,-0.03,,,0.63,,,,,,,,,,,,,,,,,,,,,,,,,,,,,,,,,,,,,,,,,,,,,,,,,2006-05-04,,0.6,,post-market,,,,,,,,,,,,,-4.7619,,,,,,,,,,,,
2006-06-30,AON,,,,,,,,,,,,,,,,,,,,,,,,,,,,,,,,,,,,,,-0.02,,,0.6,,,,,,,,,,,,,,,,,,,,,,,,,,,,,,,,,,,,,,,,,,,,,,,,,2006-08-03,,0.58,,post-market,,,,,,,,,,,,,-3.3333,,,,,,,,,,,,
2006-09-30,AON,,,,,,,,,,,,,,,,,,,,,,,,,,,,,,,,,,,,,,-0.04,,,0.48,,,,,,,,,,,,,,,,,,,,,,,,,,,,,,,,,,,,,,,,,,,,,,,,,2006-11-01,,0.44,,post-market,,,,,,,,,,,,,-8.3333,,,,,,,,,,,,
2006-12-31,AON,,,,,,,,,,,,,,,,,,,,,,,,,,,,,,,,,,,,,,0.04,,,0.63,,,,,,,,,,,,,,,,,,,,,,,,,,,,,,,,,,,,,,,,,,,,,,,,,2007-02-08,,0.67,,post-market,,,,,,,,,,,,,6.3492,,,,,,,,,,,,
2007-03-31,AON,,,,,,,,,,,,,,,,,,,,,,,,,,,,,,,,,,,,,,0.04,,,0.66,,,,,,,,,,,,,,,,,,,,,,,,,,,,,,,,,,,,,,,,,,,,,,,,,2007-05-03,,0.7,,post-market,,,,,,,,,,,,,6.0606,,,,,,,,,,,,
2007-06-30,AON,,,,,,,,,,,,,,,,,,,,,,,,,,,,,,,,,,,,,,0.07,,,0.67,,,,,,,,,,,,,,,,,,,,,,,,,,,,,,,,,,,,,,,,,,,,,,,,,2007-07-31,,0.74,,post-market,,,,,,,,,,,,,10.4478,,,,,,,,,,,,
2007-09-30,AON,,,,,,,,,,,,,,,,,,,,,,,,,,,,,,,,,,,,,,0.11,,,0.59,,,,,,,,,,,,,,,,,,,,,,,,,,,,,,,,,,,,,,,,,,,,,,,,,2007-10-31,,0.7,,post-market,,,,,,,,,,,,,18.6441,,,,,,,,,,,,
2007-12-31,AON,,,,,,,,,,,,,,,,,,,,,,,,,,,,,,,,,,,,,,0.02,,,0.67,,,,,,,,,,,,,,,,,,,,,,,,,,,,,,,,,,,,,,,,,,,,,,,,,2008-02-07,,0.69,,post-market,,,,,,,,,,,,,2.9851,,,,,,,,,,,,
2008-03-31,AON,,,,,,,,,,,,,,,,,,,,,,,,,,,,,,,,,,,,,,0.08,,,0.63,,,,,,,,,,,,,,,,,,,,,,,,,,,,,,,,,,,,,,,,,,,,,,,,,2008-05-01,,0.71,,pre-market,,,,,,,,,,,,,12.6984,,,,,,,,,,,,
2008-06-30,AON,,,,,,,,,,,,,,,,,,,,,,,,,,,,,,,,,,,,,,0.02,,,0.69,,,,,,,,,,,,,,,,,,,,,,,,,,,,,,,,,,,,,,,,,,,,,,,,,2008-07-31,,0.71,,post-market,,,,,,,,,,,,,2.8986,,,,,,,,,,,,
2008-09-30,AON,,,,,,,,,,,,,,,,,,,,,,,,,,,,,,,,,,,,,,0.05,,,0.64,,,,,,,,,,,,,,,,,,,,,,,,,,,,,,,,,,,,,,,,,,,,,,,,,2008-10-31,,0.69,,pre-market,,,,,,,,,,,,,7.8125,,,,,,,,,,,,
2008-12-31,AON,,,,,,,,,,,,,,,,,,,,,,,,,,,,,,,,,,,,,,0.02,,,0.79,,,,,,,,,,,,,,,,,,,,,,,,,,,,,,,,,,,,,,,,,,,,,,,,,2009-02-06,,0.81,,pre-market,,,,,,,,,,,,,2.5316,,,,,,,,,,,,
2009-03-31,AON,,,,,,,,,,,,,,,,,,,,,,,,,,,,,,,,,,,,,,-0.12,,,0.88,,,,,,,,,,,,,,,,,,,,,,,,,,,,,,,,,,,,,,,,,,,,,,,,,2009-05-01,,0.76,,pre-market,,,,,,,,,,,,,-13.6364,,,,,,,,,,,,
2009-06-30,AON,,,,,,,,,,,,,,,,,,,,,,,,,,,,,,,,,,,,,,0.02,,,0.74,,,,,,,,,,,,,,,,,,,,,,,,,,,,,,,,,,,,,,,,,,,,,,,,,2009-07-30,,0.76,,pre-market,,,,,,,,,,,,,2.7027,,,,,,,,,,,,
2009-09-30,AON,,,,,,,,,,,,,,,,,,,,,,,,,,,,,,,,,,,,,,-0.01,,,0.66,,,,,,,,,,,,,,,,,,,,,,,,,,,,,,,,,,,,,,,,,,,,,,,,,2009-10-30,,0.65,,pre-market,,,,,,,,,,,,,-1.5152,,,,,,,,,,,,
2009-12-31,AON,,,,,,,,,,,,,,,,,,,,,,,,,,,,,,,,,,,,,,0.14,,,0.82,,,,,,,,,,,,,,,,,,,,,,,,,,,,,,,,,,,,,,,,,,,,,,,,,2010-02-05,,0.96,,pre-market,,,,,,,,,,,,,17.0732,,,,,,,,,,,,
2010-03-31,AON,,,,,,,,,,,,,,,,,,,,,,,,,,,,,,,,,,,,,,0.01,,,0.82,,,,,,,,,,,,,,,,,,,,,,,,,,,,,,,,,,,,,,,,,,,,,,,,,2010-04-30,,0.83,,pre-market,,,,,,,,,,,,,1.2195,,,,,,,,,,,,
2010-06-30,AON,,,,,,,,,,,,,,,,,,,,,,,,,,,,,,,,,,,,,,0.05,,,0.76,,,,,,,,,,,,,,,,,,,,,,,,,,,,,,,,,,,,,,,,,,,,,,,,,2010-07-30,,0.81,,pre-market,,,,,,,,,,,,,6.5789,,,,,,,,,,,,
2010-09-30,AON,,,,,,,,,,,,,,,,,,,,,,,,,,,,,,,,,,,,,,-0.06,,,0.67,,,,,,,,,,,,,,,,,,,,,,,,,,,,,,,,,,,,,,,,,,,,,,,,,2010-10-29,,0.61,,pre-market,,,,,,,,,,,,,-8.9552,,,,,,,,,,,,
2010-12-31,AON,,,,,,,,,,,,,,,,,,,,,,,,,,,,,,,,,,,,,,0.02,,,0.82,,,,,,,,,,,,,,,,,,,,,,,,,,,,,,,,,,,,,,,,,,,,,,,,,2011-02-04,,0.84,,pre-market,,,,,,,,,,,,,2.439,,,,,,,,,,,,
2011-03-31,AON,,,,,,,,,,,,,,,,,,,,,,,,,,,,,,,,,,,,,,0.01,,,0.79,,,,,,,,,,,,,,,,,,,,,,,,,,,,,,,,,,,,,,,,,,,,,,,,,2011-04-29,,0.8,,pre-market,,,,,,,,,,,,,1.2658,,,,,,,,,,,,
2011-06-30,AON,,,,,,,,,,,,,,,,,,,,,,,,,,,,,,,,,,,,,,0.01,,,0.82,,,,,,,,,,,,,,,,,,,,,,,,,,,,,,,,,,,,,,,,,,,,,,,,,2011-07-29,,0.83,,pre-market,,,,,,,,,,,,,1.2195,,,,,,,,,,,,
2011-09-30,AON,,,,,,,,,,,,,,,,,,,,,,,,,,,,,,,,,,,,,,-0.03,,,0.72,,,,,,,,,,,,,,,,,,,,,,,,,,,,,,,,,,,,,,,,,,,,,,,,,2011-10-28,,0.69,,pre-market,,,,,,,,,,,,,-4.1667,,,,,,,,,,,,
2011-12-31,AON,,,,,,,,,,,,,,,,,,,,,,,,,,,,,,,,,,,,,,0.01,,,0.96,,,,,,,,,,,,,,,,,,,,,,,,,,,,,,,,,,,,,,,,,,,,,,,,,2012-02-03,,0.97,,pre-market,,,,,,,,,,,,,1.0417,,,,,,,,,,,,
2012-03-31,AON,,,,,,,,,,,,,,,,,,,,,,,,,,,,,,,,,,,,,,0.11,,,0.87,,,,,,,,,,,,,,,,,,,,,,,,,,,,,,,,,,,,,,,,,,,,,,,,,2012-05-04,,0.98,,pre-market,,,,,,,,,,,,,12.6437,,,,,,,,,,,,
2012-06-30,AON,,,,,,,,,,,,,,,,,,,,,,,,,,,,,,,,,,,,,,0.01,,,1.01,,,,,,,,,,,,,,,,,,,,,,,,,,,,,,,,,,,,,,,,,,,,,,,,,2012-07-27,,1.02,,pre-market,,,,,,,,,,,,,0.9901,,,,,,,,,,,,
2012-09-30,AON,,,,,,,,,,,,,,,,,,,,,,,,,,,,,,,,,,,,,,0.07,,,0.88,,,,,,,,,,,,,,,,,,,,,,,,,,,,,,,,,,,,,,,,,,,,,,,,,2012-10-26,,0.95,,pre-market,,,,,,,,,,,,,7.9545,,,,,,,,,,,,
2012-12-31,AON,,,,,,,,,,,,,,,,,,,,,,,,,,,,,,,,,,,,,,0.02,,,1.25,,,,,,,,,,,,,,,,,,,,,,,,,,,,,,,,,,,,,,,,,,,,,,,,,2013-02-01,,1.27,,pre-market,,,,,,,,,,,,,1.6,,,,,,,,,,,,
2013-03-31,AON,,,,,,,,,,,,,,,,,,,,,,,,,,,,,,,,,,,,,,0.02,,,1.09,,,,,,,,,,,,,,,,,,,,,,,,,,,,,,,,,,,,,,,,,,,,,,,,,2013-04-26,,1.11,,pre-market,,,,,,,,,,,,,1.8349,,,,,,,,,,,,
2013-06-30,AON,,,,,,,,,,,,,,,,,,,,,,,,,,,,,,,,,,,,,,0.01,,,1.1,,,,,,,,,,,,,,,,,,,,,,,,,,,,,,,,,,,,,,,,,,,,,,,,,2013-07-26,,1.11,,pre-market,,,,,,,,,,,,,0.9091,,,,,,,,,,,,
2013-09-30,AON,,,,,,,,,,,,,,,,,,,,,,,,,,,,,,,,,,,,,,0.09,,,1.04,,,,,,,,,,,,,,,,,,,,,,,,,,,,,,,,,,,,,,,,,,,,,,,,,2013-10-25,,1.13,,pre-market,,,,,,,,,,,,,8.6538,,,,,,,,,,,,
2013-12-31,AON,,,,,,,,,,,,,,,,,,,,,,,,,,,,,,,,,,,,,,0.03,,,1.51,,,,,,,,,,,,,,,,,,,,,,,,,,,,,,,,,,,,,,,,,,,,,,,,,2014-01-31,,1.54,,pre-market,,,,,,,,,,,,,1.9868,,,,,,,,,,,,
2014-03-31,AON,,,,,,,,,,,,,,,,,,,,,,,,,,,,,,,,,,,,,,0.1,,,1.18,,,,,,,,,,,,,,,,,,,,,,,,,,,,,,,,,,,,,,,,,,,,,,,,,2014-04-25,,1.28,,pre-market,,,,,,,,,,,,,8.4746,,,,,,,,,,,,
2014-06-30,AON,,,,,,,,,,,,,,,,,,,,,,,,,,,,,,,,,,,,,,0.05,,,1.2,,,,,,,,,,,,,,,,,,,,,,,,,,,,,,,,,,,,,,,,,,,,,,,,,2014-07-25,,1.25,,pre-market,,,,,,,,,,,,,4.1667,,,,,,,,,,,,
2014-09-30,AON,,,,,,,,,,,,,,,,,,,,,,,,,,,,,,,,,,,,,,0.17,,,1.12,,,,,,,,,,,,,,,,,,,,,,,,,,,,,,,,,,,,,,,,,,,,,,,,,2014-10-31,,1.29,,pre-market,,,,,,,,,,,,,15.1786,,,,,,,,,,,,
2014-12-31,AON,,,,,,,,,,,,,,,,,,,,,,,,,,,,,,,,,,,,,,0.03,,,1.86,,,,,,,,,,,,,,,,,,,,,,,,,,,,,,,,,,,,,,,,,,,,,,,,,2015-02-06,,1.89,,pre-market,,,,,,,,,,,,,1.6129,,,,,,,,,,,,
2015-03-31,AON,,,,,,,,,,,,,,,,,,,,,,,,,,,,,,,,,,,,,,0.09,,,1.28,,,,,,,,,,,,,,,,,,,,,,,,,,,,,,,,,,,,,,,,,,,,,,,,,2015-05-01,,1.37,,pre-market,,,,,,,,,,,,,7.0313,,,,,,,,,,,,
2015-06-30,AON,,,,,,,,,,,,,,,,,,,,,,,,,,,,,,,,,,,,,,0.01,,,1.3,,,,,,,,,,,,,,,,,,,,,,,,,,,,,,,,,,,,,,,,,,,,,,,,,2015-07-31,,1.31,,pre-market,,,,,,,,,,,,,0.7692,,,,,,,,,,,,
2015-09-30,AON,,,,,,,,,,,,,,,,,,,,,,,,,,,,,,,,,,,,,,0.0,,,1.24,,,,,,,,,,,,,,,,,,,,,,,,,,,,,,,,,,,,,,,,,,,,,,,,,2015-10-30,,1.24,,pre-market,,,,,,,,,,,,,0.0,,,,,,,,,,,,
2015-12-31,AON,,,,,,,,,,,,,,,,,,,,,,,,,,,,,,,,,,,,,,0.19,,,2.08,,,,,,,,,,,,,,,,,,,,,,,,,,,,,,,,,,,,,,,,,,,,,,,,,2016-02-05,,2.27,,pre-market,,,,,,,,,,,,,9.1346,,,,,,,,,,,,
2016-03-31,AON,,,,,,,,,,,,,,,,,,,,,,,,,,,,,,,,,,,,,,0.02,,,1.33,,,,,,,,,,,,,,,,,,,,,,,,,,,,,,,,,,,,,,,,,,,,,,,,,2016-04-29,,1.35,,pre-market,,,,,,,,,,,,,1.5038,,,,,,,,,,,,
2016-06-30,AON,,,,,,,,,,,,,,,,,,,,,,,,,,,,,,,,,,,,,,0.0,,,1.39,,,,,,,,,,,,,,,,,,,,,,,,,,,,,,,,,,,,,,,,,,,,,,,,,2016-07-29,,1.39,,pre-market,,,,,,,,,,,,,0.0,,,,,,,,,,,,
2016-09-30,AON,,,,,,,,,,,,,,,,,,,,,,,,,,,,,,,,,,,,,,0.01,,,1.28,,,,,,,,,,,,,,,,,,,,,,,,,,,,,,,,,,,,,,,,,,,,,,,,,2016-10-28,,1.29,,pre-market,,,,,,,,,,,,,0.7813,,,,,,,,,,,,
2016-12-31,AON,,,,,,,,,,,,,,,,,,,,,,,,,,,,,,,,,,,,,,0.07,,,2.49,,,,,,,,,,,,,,,,,,,,,,,,,,,,,,,,,,,,,,,,,,,,,,,,,2017-02-10,,2.56,,pre-market,,,,,,,,,,,,,2.8112,,,,,,,,,,,,
2017-03-31,AON,,,,,,,,,,,,,,,,,,,,,,,,,,,,,,,,,,,,,,0.18,,,1.27,,,,,,,,,,,,,,,,,,,,,,,,,,,,,,,,,,,,,,,,,,,,,,,,,2017-05-09,,1.45,,pre-market,,,,,,,,,,,,,14.1732,,,,,,,,,,,,
2017-06-30,AON,,,,,,,,,,,,,,,,,,,,,,,,,,,,,,,,,,,,,,0.01,,,1.44,,,,,,,,,,,,,,,,,,,,,,,,,,,,,,,,,,,,,,,,,,,,,,,,,2017-08-04,,1.45,,pre-market,,,,,,,,,,,,,0.6944,,,,,,,,,,,,
2017-09-30,AON,,,,,,,,,,,,,,,,,,,,,,,,,,,,,,,,,,,,,,0.01,,,1.28,,,,,,,,,,,,,,,,,,,,,,,,,,,,,,,,,,,,,,,,,,,,,,,,,2017-10-27,,1.29,,pre-market,,,,,,,,,,,,,0.7813,,,,,,,,,,,,
2017-12-31,AON,,,,,,,,,,,,,,,,,,,,,,,,,,,,,,,,,,,,,,0.01,,,2.34,,,,,,,,,,,,,,,,,,,,,,,,,,,,,,,,,,,,,,,,,,,,,,,,,2018-02-02,,2.35,,pre-market,,,,,,,,,,,,,0.4274,,,,,,,,,,,,
2018-03-31,AON,,,,,,,,,,,,,,,,,,,,,,,,,,,,,,,,,,,,,,0.16,,,2.81,,,,,,,,,,,,,,,,,,,,,,,,,,,,,,,,,,,,,,,,,,,,,,,,,2018-05-04,,2.97,,pre-market,,,,,,,,,,,,,5.694,,,,,,,,,,,,
2018-06-30,AON,,,,,,,,,,,,,,,,,,,,,,,,,,,,,,,,,,,,,,0.07,,,1.64,,,,,,,,,,,,,,,,,,,,,,,,,,,,,,,,,,,,,,,,,,,,,,,,,2018-07-27,,1.71,,pre-market,,,,,,,,,,,,,4.2683,,,,,,,,,,,,
2018-09-30,AON,,,,,,,,,,,,,,,,,,,,,,,,,,,,,,,,,,,,,,0.09,,,1.22,,,,,,,,,,,,,,,,,,,,,,,,,,,,,,,,,,,,,,,,,,,,,,,,,2018-10-26,,1.31,,pre-market,,,,,,,,,,,,,7.377,,,,,,,,,,,,
2018-12-31,AON,,,,,,,,,,,,,,,,,,,,,,,,,,,,,,,,,,,,,,0.03,,,2.13,,,,,,,,,,,,,,,,,,,,,,,,,,,,,,,,,,,,,,,,,,,,,,,,,2019-02-01,,2.16,,pre-market,,,,,,,,,,,,,1.4085,,,,,,,,,,,,
2019-03-31,AON,,,,,,,,,,,,,,,,,,,,,,,,,,,,,,,,,,,,,,0.01,,,3.3,,,,,,,,,,,,,,,,,,,,,,,,,,,,,,,,,,,,,,,,,,,,,,,,,2019-04-26,,3.31,,pre-market,,,,,,,,,,,,,0.303,,,,,,,,,,,,
2019-06-30,AON,,,,,,,,,,,,,,,,,,,,,,,,,,,,,,,,,,,,,,0.0,,,1.87,,,,,,,,,,,,,,,,,,,,,,,,,,,,,,,,,,,,,,,,,,,,,,,,,2019-07-26,,1.87,,pre-market,,,,,,,,,,,,,0.0,,,,,,,,,,,,
2019-09-30,AON,,,,,,,,,,,,,,,,,,,,,,,,,,,,,,,,,,,,,,0.02,,,1.43,,,,,,,,,,,,,,,,,,,,,,,,,,,,,,,,,,,,,,,,,,,,,,,,,2019-10-25,,1.45,,pre-market,,,,,,,,,,,,,1.3986,,,,,,,,,,,,
2019-12-31,AON,,,,,,,,,,,,,,,,,,,,,,,,,,,,,,,,,,,,,,0.06,,,2.47,,,,,,,,,,,,,,,,,,,,,,,,,,,,,,,,,,,,,,,,,,,,,,,,,2020-01-31,,2.53,,pre-market,,,,,,,,,,,,,2.4291,,,,,,,,,,,,
2020-03-31,AON,,,,,,,,,,,,,,,,,,,,,,,,,,,,,,,,,,,,,,0.01,,,3.67,,,,,,,,,,,,,,,,,,,,,,,,,,,,,,,,,,,,,,,,,,,,,,,,,2020-05-01,,3.68,,pre-market,,,,,,,,,,,,,0.2725,,,,,,,,,,,,
2020-06-30,AON,,,,,,,,,,,,,,,,,,,,,,,,,,,,,,,,,,,,,,0.04,,,1.92,,,,,,,,,,,,,,,,,,,,,,,,,,,,,,,,,,,,,,,,,,,,,,,,,2020-07-31,,1.96,,pre-market,,,,,,,,,,,,,2.0833,,,,,,,,,,,,
2020-09-30,AON,,,,,,,,,,,,,,,,,,,,,,,,,,,,,,,,,,,,,,0.05,,,1.48,,,,,,,,,,,,,,,,,,,,,,,,,,,,,,,,,,,,,,,,,,,,,,,,,2020-10-30,,1.53,,pre-market,,,,,,,,,,,,,3.3784,,,,,,,,,,,,
2020-12-31,AON,,,,,,,,,,,,,,,,,,,,,,,,,,,,,,,,,,,,,,0.16,,,2.46,,,,,,,,,,,,,,,,,,,,,,,,,,,,,,,,,,,,,,,,,,,,,,,,,2021-02-05,,2.62,,pre-market,,,,,,,,,,,,,6.5041,,,,,,,,,,,,
2021-03-31,AON,,,,,,,,,,,,,,,,,,,,,,,,,,,,,,,,,,,,,,0.23,,,4.05,,,,,,,,,,,,,,,,,,,,,,,,,,,,,,,,,,,,,,,,,,,,,,,,,2021-04-30,,4.28,,pre-market,,,,,,,,,,,,,5.679,,,,,,,,,,,,
2021-06-30,AON,,,,,,,,,,,,,,,,,,,,,,,,,,,,,,,,,,,,,,0.44,,,1.85,,,,,,,,,,,,,,,,,,,,,,,,,,,,,,,,,,,,,,,,,,,,,,,,,2021-07-30,,2.29,,pre-market,,,,,,,,,,,,,23.7838,,,,,,,,,,,,
2021-09-30,AON,,,,,,,,,,,,,,,,,,,,,,,,,,,,,,,,,,,,,,0.04,,,1.7,,,,,,,,,,,,,,,,,,,,,,,,,,,,,,,,,,,,,,,,,,,,,,,,,2021-10-29,,1.74,,pre-market,,,,,,,,,,,,,2.3529,,,,,,,,,,,,
2021-12-31,AON,,,,,,,,,,,,,,,,,,,,,,,,,,,,,,,,,,,,,,0.37,,,3.34,,,,,,,,,,,,,,,,,,,,,,,,,,,,,,,,,,,,,,,,,,,,,,,,,2022-02-04,,3.71,,pre-market,,,,,,,,,,,,,11.0778,,,,,,,,,,,,
2022-03-31,AON,,,,,,,,,,,,,,,,,,,,,,,,,,,,,,,,,,,,,,0.02,,,4.81,,,,,,,,,,,,,,,,,,,,,,,,,,,,,,,,,,,,,,,,,,,,,,,,,2022-04-29,,4.83,,pre-market,,,,,,,,,,,,,0.4158,,,,,,,,,,,,
2022-06-30,AON,,,,,,,,,,,,,,,,,,,,,,,,,,,,,,,,,,,,,,0.08,,,2.55,,,,,,,,,,,,,,,,,,,,,,,,,,,,,,,,,,,,,,,,,,,,,,,,,2022-07-29,,2.63,,pre-market,,,,,,,,,,,,,3.1373,,,,,,,,,,,,
2022-09-30,AON,,,,,,,,,,,,,,,,,,,,,,,,,,,,,,,,,,,,,,0.03,,,1.99,,,,,,,,,,,,,,,,,,,,,,,,,,,,,,,,,,,,,,,,,,,,,,,,,2022-10-28,,2.02,,pre-market,,,,,,,,,,,,,1.5075,,,,,,,,,,,,
2022-12-31,AON,,,,,,,,,,,,,,,,,,,,,,,,,,,,,,,,,,,,,,0.23,,,3.66,,,,,,,,,,,,,,,,,,,,,,,,,,,,,,,,,,,,,,,,,,,,,,,,,2023-02-03,,3.89,,pre-market,,,,,,,,,,,,,6.2842,,,,,,,,,,,,
2023-03-31,AON,,,,,,,,,,,,,,,,,,,,,,,,,,,,,,,,,,,,,,-0.15,,,5.32,,,,,,,,,,,,,,,,,,,,,,,,,,,,,,,,,,,,,,,,,,,,,,,,,2023-04-28,,5.17,,pre-market,,,,,,,,,,,,,-2.8195,,,,,,,,,,,,
2023-06-30,AON,,,,,,,,,,,,,,,,,,,,,,,,,,,,,,,,,,,,,,-0.08,,,2.84,,,,,,,,,,,,,,,,,,,,,,,,,,,,,,,,,,,,,,,,,,,,,,,,,2023-07-28,,2.76,,pre-market,,,,,,,,,,,,,-2.8169,,,,,,,,,,,,
2023-09-30,AON,,,,,,,,,,,,,,,,,,,,,,,,,,,,,,,,,,,,,,0.11,,,2.21,,,,,,,,,,,,,,,,,,,,,,,,,,,,,,,,,,,,,,,,,,,,,,,,,2023-10-27,,2.32,,pre-market,,,,,,,,,,,,,4.9774,,,,,,,,,,,,
2023-12-31,AON,,,,,,,,,,,,,,,,,,,,,,,,,,,,,,,,,,,,,,-0.17,,,4.06,,,,,,,,,,,,,,,,,,,,,,,,,,,,,,,,,,,,,,,,,,,,,,,,,2024-02-02,,3.89,,pre-market,,,,,,,,,,,,,-4.1872,,,,,,,,,,,,
2024-03-31,AON,,,,,,,,,,,,,,,,,,,,,,,,,,,,,,,,,,,,,,-0.26,,,5.92,,,,,,,,,,,,,,,,,,,,,,,,,,,,,,,,,,,,,,,,,,,,,,,,,2024-04-26,,5.66,,pre-market,,,,,,,,,,,,,-4.3919,,,,,,,,,,,,
2024-06-30,AON,,,,,,,,,,,,,,,,,,,,,,,,,,,,,,,,,,,,,,-0.15,,,3.08,,,,,,,,,,,,,,,,,,,,,,,,,,,,,,,,,,,,,,,,,,,,,,,,,2024-07-26,,2.93,,pre-market,,,,,,,,,,,,,-4.8701,,,,,,,,,,,,
2024-09-30,AON,,,,,,,,,,,,,,,,,,,,,,,,,,,,,,,,,,,,,,0.15,,,1.42,,,,,,,,,,,,,,,,,,,,,,,,,,,,,,,,,,,,,,,,,,,,,,,,,2024-10-25,,1.57,,pre-market,,,,,,,,,,,,,10.5634,,,,,,,,,,,,
2024-12-31,AON,,,,,,,,,,,,,,,,,,,,,,,,,,,,,,,,,,,,,,0.17,,,4.25,,,,,,,,,,,,,,,,,,,,,,,,,,,,,,,,,,,,,,,,,,,,,,,,,2025-01-31,,4.42,,pre-market,,,,,,,,,,,,,4.0,,,,,,,,,,,,
2025-03-31,AON,,,,,,,,,,,,,,,,,,,,,,,,,,,,,,,,,,,,,,-0.37,,,6.04,,,,,,,,,,,,,,,,,,,,,,,,,,,,,,,,,,,,,,,,,,,,,,,,,2025-04-25,,5.67,,pre-market,,,,,,,,,,,,,-6.1258,,,,,,,,,,,,
2025-06-30,AON,,,,,,,,,,,,,,,,,,,,,,,,,,,,,,,,,,,,,,0.29,,,2.37,,,,,,,,,,,,,,,,,,,,,,,,,,,,,,,,,,,,,,,,,,,,,,,,,2025-07-25,,2.66,,pre-market,,,,,,,,,,,,,12.2363,,,,,,,,,,,,
2025-09-30,AON,,,,,,,,,,,,,,,,,,,,,,,,,,,,,,,,,,,,,,0.26,,,1.85,,,,,,,,,,,,,,,,,,,,,,,,,,,,,,,,,,,,,,,,,,,,,,,,,2025-10-31,,2.11,,pre-market,,,,,,,,,,,,,14.0541,,,,,,,,,,,,
2025-12-28,AON,12.48,17028000000.0,28.58,,0.833,36.89,,,,,,,,,,,,,,,,,,,,,,,,,,2.91,0.0082,,,,0.344,0.26,,,1.85,,18.76,,7962000000.0,,,,,,,,,,,,,,,,,,,0.204,,,,,,,,,,,,,1.577,9.66,4.516,,,,,,,,0.16,,,2025-10-31,,2.11,,pre-market,,,0.0559,0.377,0.074,78.76,,,,,360.12,346.14,14.0541,,,,,,,,,28.58,,410.34,321.67
2025-12-28,AON,12.48,17028000000.0,28.58,,0.833,36.89,,,,,,,,,,,,,,,None,2862900000,2862900000,,,,,,None,193000000,,2.91,0.0082,,,,0.344,0.26,816000000,1009000000,1.85,2025-09-30,18.76,,7962000000.0,1134100000,597000000,115000000,,,None,206000000,199000000,,None,,,,,470000000,470000000,-206000000,None,0.204,,318100000,816000000,,,,,None,,,,,1.577,9.66,4.516,,,,,,,,0.16,,,2025-10-31,quarterly,2.11,USD,pre-market,None,,0.0559,0.377,0.074,78.76,531000000,,,,360.12,346.14,14.0541,,,,,,,3997000000,,28.58,,410.34,321.67
2025-12-28,AON,12.48,17028000000.0,28.58,,0.833,36.89,,,,,,,,,,,,,,,None,2360000000,2360000000,,,,,,None,248000000,,2.91,0.0082,,,,0.344,0.26,915000000,1163000000,1.85,2025-06-30,18.76,,7962000000.0,1795000000,703000000,109000000,,,None,212000000,135000000,,None,,,,,579000000,594000000,-212000000,None,0.204,,936000000,859000000,,,,,None,,,,,1.577,9.66,4.516,,,,,,,,0.16,,,2025-10-31,quarterly,2.11,USD,pre-market,None,,0.0559,0.377,0.074,78.76,479000000,,,,360.12,346.14,14.0541,,,,,,,4155000000,,28.58,,410.34,321.67
2025-12-28,AON,12.48,17028000000.0,28.58,,0.833,36.89,,,,,,,,,,,,,,,None,2249000000,2249000000,,,,,,None,245000000,,2.91,0.0082,,,,0.344,0.26,1456000000,1701000000,1.85,2025-03-31,18.76,,7962000000.0,2480000000,1250000000,268000000,,,None,206000000,5000000,,None,,,,,965000000,982000000,-201000000,None,0.204,,1019000000,1461000000,,,,,None,,,,,1.577,9.66,4.516,,,,,,,,0.16,,,2025-10-31,quarterly,2.11,USD,pre-market,None,,0.0559,0.377,0.074,78.76,551000000,,,,360.12,346.14,14.0541,,,,,,,4729000000,,28.58,,410.34,321.67
2025-12-28,AON,12.48,17028000000.0,28.58,,0.833,36.89,,,,,,,,,,,,,,,None,2120000000,2120000000,,,,,,None,232000000,,2.91,0.0082,,,,0.344,0.26,1097000000,1329000000,1.85,2024-12-31,18.76,,7962000000.0,2027000000,891000000,157000000,,,None,206000000,4000000,,None,,,,,716000000,734000000,-202000000,None,0.204,,936000000,1091000000,,,,,None,,,,,1.577,9.66,4.516,,,,,,,,0.16,,,2025-10-31,quarterly,2.11,USD,pre-market,None,,0.0559,0.377,0.074,78.76,506000000,,,,360.12,346.14,14.0541,,,,,,,4147000000,,28.58,,410.34,321.67
2025-12-28,AON,12.48,17028000000.0,28.58,,0.833,36.89,,,,,,,,,,,,,,,None,2150000000,2150000000,,,,,,None,221000000,,2.91,0.0082,,,,0.344,0.26,662000000,883000000,1.85,2024-09-30,18.76,,7962000000.0,1571000000,449000000,94000000,,,None,213000000,4000000,,None,,,,,343000000,355000000,-209000000,None,0.204,,948000000,623000000,,,,,None,,,,,1.577,9.66,4.516,,,,,,,,0.16,,,2025-10-31,quarterly,2.11,USD,pre-market,None,,0.0559,0.377,0.074,78.76,531000000,,,,360.12,346.14,14.0541,,,,,,,3721000000,,28.58,,410.34,321.67
2025-12-28,AON,12.48,17028000000.0,28.58,,0.833,36.89,,,,,,,,,,,,,,,None,2130000000,2130000000,,,,,,None,173000000,,2.91,0.0082,,,,0.344,0.26,923000000,1096000000,1.85,2024-06-30,18.76,,7962000000.0,1630000000,698000000,160000000,,,None,225000000,31000000,,None,,,,,524000000,538000000,-194000000,None,0.204,,974000000,656000000,,,,,None,,,,,1.577,9.66,4.516,,,,,,,,0.16,,,2025-10-31,quarterly,2.11,USD,pre-market,None,,0.0559,0.377,0.074,78.76,548000000,,,,360.12,346.14,14.0541,,,,,,,3760000000,,28.58,,410.34,321.67
2025-12-28,AON,12.48,17028000000.0,28.58,,0.833,36.89,,,,,,,,,,,,,,,None,1883000000,1883000000,,,,,,None,60000000,,2.91,0.0082,,,,0.344,0.26,1568000000,1628000000,1.85,2024-03-31,18.76,,7962000000.0,2187000000,1424000000,331000000,,,None,144000000,28000000,,None,,,,,1071000000,1093000000,-116000000,None,0.204,,722000000,1465000000,,,,,None,,,,,1.577,9.66,4.516,,,,,,,,0.16,,,2025-10-31,quarterly,2.11,USD,pre-market,None,,0.0559,0.377,0.074,78.76,429000000,,,,360.12,346.14,14.0541,,,,,,,4070000000,,28.58,,410.34,321.67
2025-12-28,AON,12.48,17028000000.0,28.58,,0.833,36.89,,,,,,,,,,,,,,,None,1671000000,1671000000,,,,,,None,67000000,,2.91,0.0082,,,,0.344,0.26,733000000,800000000,1.85,2023-12-31,18.76,,7962000000.0,1704000000,609000000,102000000,,,None,124000000,12000000,,None,,,,,498000000,507000000,-112000000,None,0.204,,925000000,779000000,,,,,None,,,,,1.577,9.66,4.516,,,,,,,,0.16,,,2025-10-31,quarterly,2.11,USD,pre-market,None,,0.0559,0.377,0.074,78.76,618000000,,,,360.12,346.14,14.0541,,,,,,,3375000000,,28.58,,410.34,321.67
2025-12-28,AON,12.48,17028000000.0,28.58,,0.833,36.89,,,,,,,,,,,,,,,None,1685000000,1685000000,,,,,,None,62000000,,2.91,0.0082,,,,0.344,0.26,679000000,741000000,1.85,2023-09-30,18.76,,7962000000.0,1268000000,560000000,93000000,,,None,119000000,9000000,,None,,,,,456000000,467000000,-110000000,None,0.204,,577000000,691000000,,,,,None,,,,,1.577,9.66,4.516,,,,,,,,0.16,,,2025-10-31,quarterly,2.11,USD,pre-market,None,,0.0559,0.377,0.074,78.76,392000000,,,,360.12,346.14,14.0541,,,,,,,2953000000,,28.58,,410.34,321.67
2025-12-28,AON,12.48,17028000000.0,28.58,,0.833,36.89,,,,,,,,,,,,,,,None,1754000000,1754000000,,,,,,None,64000000,,2.91,0.0082,,,,0.344,0.26,788000000,852000000,1.85,2023-06-30,18.76,,7962000000.0,1423000000,658000000,83000000,,,None,130000000,125000000,,None,,,,,560000000,575000000,-125000000,None,0.204,,581000000,842000000,,,,,-54000000,,,,,1.577,9.66,4.516,,,,,,,,0.16,,,2025-10-31,quarterly,2.11,USD,pre-market,None,,0.0559,0.377,0.074,78.76,431000000,,,,360.12,346.14,14.0541,,,,,,,3177000000,,28.58,,410.34,321.67
2025-12-28,AON,12.48,17028000000.0,28.58,,0.833,36.89,,,,,,,,,,,,,,,None,1792000000,1792000000,,,,,,None,63000000,,2.91,0.0082,,,,0.344,0.26,1453000000,1516000000,1.85,2023-03-31,18.76,,7962000000.0,2079000000,1342000000,263000000,,,None,111000000,106000000,,None,,,,,1050000000,1079000000,-106000000,None,0.204,,606000000,1473000000,,,,,-20000000,,,,,1.577,9.66,4.516,,,,,,,,0.16,,,2025-10-31,quarterly,2.11,USD,pre-market,None,,0.0559,0.377,0.074,78.76,421000000,,,,360.12,346.14,14.0541,,,,,,,3871000000,,28.58,,410.34,321.67
2025-12-28,AON,12.48,17028000000.0,28.58,,0.833,36.89,,,,,,,,,,,,,,,None,1539000000,1539000000,,,,,,None,62000000,,2.91,0.0082,,,,0.344,0.26,819000000,881000000,1.85,2022-12-31,18.76,,7962000000.0,1591000000,709000000,43000000,,,None,110000000,107000000,,None,,,,,657000000,666000000,-107000000,None,0.204,,579000000,1012000000,,,,,-193000000,,,,,1.577,9.66,4.516,,,,,,,,0.16,,,2025-10-31,quarterly,2.11,USD,pre-market,None,,0.0559,0.377,0.074,78.76,549000000,,,,360.12,346.14,14.0541,,,,,,,3130000000,,28.58,,410.34,321.67
2025-12-28,AON,12.48,17028000000.0,28.58,,0.833,36.89,,,,,,,,,,,,,,,None,1532000000,1532000000,,,,,,None,71000000,,2.91,0.0082,,,,0.344,0.26,613000000,684000000,1.85,2022-09-30,18.76,,7962000000.0,1164000000,510000000,92000000,,,None,103000000,96000000,,None,,,,,408000000,418000000,-96000000,None,0.204,,574000000,590000000,,,,,23000000,,,,,1.577,9.66,4.516,,,,,,,,0.16,,,2025-10-31,quarterly,2.11,USD,pre-market,None,,0.0559,0.377,0.074,78.76,373000000,,,,360.12,346.14,14.0541,,,,,,,2696000000,,28.58,,410.34,321.67
2025-12-28,AON,12.48,17028000000.0,28.58,,0.833,36.89,,,,,,,,,,,,,,,None,1639000000,1639000000,,,,,,None,65000000,,2.91,0.0082,,,,0.344,0.26,735000000,800000000,1.85,2022-06-30,18.76,,7962000000.0,1344000000,633000000,119000000,,,None,102000000,5000000,,None,,,,,501000000,514000000,-97000000,None,0.204,,644000000,700000000,,,,,35000000,,,,,1.577,9.66,4.516,,,,,,,,0.16,,,2025-10-31,quarterly,2.11,USD,pre-market,None,,0.0559,0.377,0.074,78.76,467000000,,,,360.12,346.14,14.0541,,,,,,,2983000000,,28.58,,410.34,321.67
2025-12-28,AON,12.48,17028000000.0,28.58,,0.833,36.89,,,,,,,,,,,,,,,None,1767000000,1767000000,,,,,,None,66000000,,2.91,0.0082,,,,0.344,0.26,1395000000,1461000000,1.85,2022-03-31,18.76,,7962000000.0,1903000000,1304000000,256000000,,,None,91000000,3000000,,None,,,,,1023000000,1048000000,-88000000,None,0.204,,536000000,1367000000,,,,,28000000,,,,,1.577,9.66,4.516,,,,,,,,0.16,,,2025-10-31,quarterly,2.11,USD,pre-market,None,,0.0559,0.377,0.074,78.76,350000000,,,,360.12,346.14,14.0541,,,,,,,3670000000,,28.58,,410.34,321.67
2025-12-28,AON,12.48,17028000000.0,28.58,,0.833,36.89,,,,,,,,,,,,,,,None,1556000000,1556000000,,,,,,None,76000000,,2.91,0.0082,,,,0.344,0.26,1121000000,1197000000,1.85,2021-12-31,18.76,,7962000000.0,1524000000,1036000000,163000000,,,None,85000000,2000000,,None,,,,,863000000,873000000,-83000000,None,0.204,,550000000,974000000,,,,,147000000,,,,,1.577,9.66,4.516,,,,,,,,0.16,,,2025-10-31,quarterly,2.11,USD,pre-market,None,,0.0559,0.377,0.074,78.76,335000000,,,,360.12,346.14,14.0541,,,,,,,3080000000,,28.58,,410.34,321.67
2025-12-28,AON,12.48,17028000000.0,28.58,,0.833,36.89,,,,,,,,,,,,,,,None,1835000000,1835000000,,,,,,None,92000000,,2.91,0.0082,,,,0.344,0.26,-788000000,-696000000,1.85,2021-09-30,18.76,,7962000000.0,867000000,-868000000,23000000,,,None,80000000,3000000,,None,,,,,-900000000,-891000000,-77000000,None,0.204,,1668000000,-801000000,,,,,13000000,,,,,1.577,9.66,4.516,,,,,,,,0.16,,,2025-10-31,quarterly,2.11,USD,pre-market,None,,0.0559,0.377,0.074,78.76,1446000000,,,,360.12,346.14,14.0541,,,,,,,2702000000,,28.58,,410.34,321.67
2025-12-28,AON,12.48,17028000000.0,28.58,,0.833,36.89,,,,,,,,,,,,,,,None,1628000000,1628000000,,,,,,None,77000000,,2.91,0.0082,,,,0.344,0.26,674000000,751000000,1.85,2021-06-30,18.76,,7962000000.0,1258000000,596000000,203000000,,,None,78000000,3000000,,None,,,,,379000000,393000000,-75000000,None,0.204,,586000000,672000000,,,,,2000000,,,,,1.577,9.66,4.516,,,,,,,,0.16,,,2025-10-31,quarterly,2.11,USD,pre-market,None,,0.0559,0.377,0.074,78.76,394000000,,,,360.12,346.14,14.0541,,,,,,,2886000000,,28.58,,410.34,321.67
2025-12-28,AON,12.48,17028000000.0,28.58,,0.833,36.89,,,,,,,,,,,,,,,None,1719000000,1719000000,,,,,,None,81000000,,2.91,0.0082,,,,0.344,0.26,1246000000,1327000000,1.85,2021-03-31,18.76,,7962000000.0,1806000000,1167000000,234000000,,,None,79000000,3000000,,None,,,,,913000000,933000000,-76000000,None,0.204,,561000000,1245000000,,,,,1000000,,,,,1.577,9.66,4.516,,,,,,,,0.16,,,2025-10-31,quarterly,2.11,USD,pre-market,None,,0.0559,0.377,0.074,78.76,366000000,,,,360.12,346.14,14.0541,,,,,,,3525000000,,28.58,,410.34,321.67
2025-12-28,AON,12.48,17028000000.0,28.58,,0.833,36.89,,,,,,,,,,,,,,,None,1635000000,1635000000,,,,,,None,84000000,,2.91,0.0082,,,,0.344,0.26,708000000,792000000,1.85,2020-12-31,18.76,,7962000000.0,1330000000,626000000,92000000,,,None,82000000,1000000,,None,,,,,524000000,534000000,-81000000,None,0.204,,617000000,713000000,,,,,24000000,,,,,1.577,9.66,4.516,,,,,,,,0.16,,,2025-10-31,quarterly,2.11,USD,pre-market,None,,0.0559,0.377,0.074,78.76,401000000,,,,360.12,346.14,14.0541,,,,,,,2965000000,,28.58,,410.34,321.67
2025-12-28,AON,12.48,17028000000.0,28.58,,0.833,36.89,,,,,,,,,,,,,,,None,1387000000,1387000000,,,,,,None,92000000,,2.91,0.0082,,,,0.344,0.26,444000000,536000000,1.85,2020-09-30,18.76,,7962000000.0,998000000,364000000,82000000,,,None,80000000,82000000,,None,,,,,275000000,281000000,-77000000,None,0.204,,557000000,441000000,,,,,2000000,,,,,1.577,9.66,4.516,,,,,,,,0.16,,,2025-10-31,quarterly,2.11,USD,pre-market,None,,0.0559,0.377,0.074,78.76,358000000,,,,360.12,346.14,14.0541,,,,,,,2385000000,,28.58,,410.34,321.67
2025-12-28,AON,12.48,17028000000.0,28.58,,0.833,36.89,,,,,,,,,,,,,,,None,1361000000,1361000000,,,,,,None,99000000,,2.91,0.0082,,,,0.344,0.26,585000000,684000000,1.85,2020-06-30,18.76,,7962000000.0,1136000000,496000000,85000000,,,None,89000000,94000000,,None,,,,,398000000,410000000,-89000000,None,0.204,,542000000,594000000,,,,,-10000000,,,,,1.577,9.66,4.516,,,,,,,,0.16,,,2025-10-31,quarterly,2.11,USD,pre-market,None,,0.0559,0.377,0.074,78.76,336000000,,,,360.12,346.14,14.0541,,,,,,,2497000000,,28.58,,410.34,321.67
2025-12-28,AON,12.48,17028000000.0,28.58,,0.833,36.89,,,,,,,,,,,,,,,None,1522000000,1522000000,,,,,,None,138000000,,2.91,0.0082,,,,0.344,0.26,1063000000,1201000000,1.85,2020-03-31,18.76,,7962000000.0,1697000000,980000000,189000000,,,None,83000000,2000000,,None,,,,,772000000,792000000,-81000000,None,0.204,,664000000,1033000000,,,,,2000000,,,,,1.577,9.66,4.516,,,,,,,,0.16,,,2025-10-31,quarterly,2.11,USD,pre-market,None,,0.0559,0.377,0.074,78.76,415000000,,,,360.12,346.14,14.0541,,,,,,,3219000000,,28.58,,410.34,321.67
2025-12-28,AON,12.48,17028000000.0,28.58,,0.833,36.89,,,,,,,,,,,,,,,None,1601000000,1601000000,,,,,,None,145000000,,2.91,0.0082,,,,0.344,0.26,521000000,666000000,1.85,2019-12-31,18.76,,7962000000.0,1284000000,441000000,59000000,,,None,80000000,4000000,,None,,,,,374000000,382000000,-76000000,None,0.204,,760000000,524000000,,,,,4000000,,,,,1.577,9.66,4.516,,,,,,,,0.16,,,2025-10-31,quarterly,2.11,USD,pre-market,None,,0.0559,0.377,0.074,78.76,475000000,,,,360.12,346.14,14.0541,,,,,,,2885000000,,28.58,,410.34,321.67
2025-12-28,AON,12.48,17028000000.0,28.58,,0.833,36.89,,,,,,,,,,,,,,,None,1368000000,1368000000,,,,,,None,145000000,,2.91,0.0082,,,,0.344,0.26,363000000,508000000,1.85,2019-09-30,18.76,,7962000000.0,1011000000,285000000,56000000,,,None,78000000,1000000,,None,,,,,222000000,229000000,-77000000,None,0.204,,651000000,360000000,,,,,1000000,,,,,1.577,9.66,4.516,,,,,,,,0.16,,,2025-10-31,quarterly,2.11,USD,pre-market,None,,0.0559,0.377,0.074,78.76,386000000,,,,360.12,346.14,14.0541,,,,,,,2379000000,,28.58,,410.34,321.67
2025-12-28,AON,12.48,17028000000.0,28.58,,0.833,36.89,,,,,,,,,,,,,,,None,1501000000,1501000000,,,,,,None,137000000,,2.91,0.0082,,,,0.344,0.26,420000000,557000000,1.85,2019-06-30,18.76,,7962000000.0,1105000000,343000000,56000000,,,None,77000000,1000000,,None,,,,,277000000,287000000,-76000000,None,0.204,,692000000,413000000,,,,,1000000,,,,,1.577,9.66,4.516,,,,,,,,0.16,,,2025-10-31,quarterly,2.11,USD,pre-market,None,,0.0559,0.377,0.074,78.76,429000000,,,,360.12,346.14,14.0541,,,,,,,2606000000,,28.58,,410.34,321.67
2025-12-28,AON,12.48,17028000000.0,28.58,,0.833,36.89,,,,,,,,,,,,,,,None,1584000000,1584000000,,,,,,None,137000000,,2.91,0.0082,,,,0.344,0.26,874000000,1011000000,1.85,2019-03-31,18.76,,7962000000.0,1559000000,802000000,126000000,,,None,72000000,79000000,,None,,,,,659000000,676000000,-70000000,None,0.204,,687000000,872000000,,,,,2000000,,,,,1.577,9.66,4.516,,,,,,,,0.16,,,2025-10-31,quarterly,2.11,USD,pre-market,None,,0.0559,0.377,0.074,78.76,433000000,,,,360.12,346.14,14.0541,,,,,,,3143000000,,28.58,,410.34,321.67
2025-12-28,AON,12.48,17028000000.0,28.58,,0.833,36.89,,,,,,,,,,,,,,,None,1601000000,1601000000,,,,,,None,151000000,,2.91,0.0082,,,,0.344,0.26,491000000,642000000,1.85,2018-12-31,18.76,,7962000000.0,1169000000,421000000,137000000,,,None,70000000,None,,None,,,,,345000000,284000000,None,None,0.204,,670000000,499000000,,,,,-1000000,,,,,1.577,9.66,4.516,,,,,,,,0.16,,,2025-10-31,quarterly,2.11,USD,pre-market,0,,0.0559,0.377,0.074,78.76,397000000,,,,360.12,346.14,14.0541,,,,,,,2770000000,,28.58,,410.34,321.67
2025-12-28,AON,12.48,17028000000.0,28.58,,0.833,36.89,,,,,,,,,,,,,,,None,1392000000,1392000000,,,,,,None,140000000,,2.91,0.0082,,,,0.344,0.26,263000000,403000000,1.85,2018-09-30,18.76,,7962000000.0,957000000,194000000,39000000,,,None,69000000,None,,None,,,,,147000000,155000000,None,None,0.204,,695000000,262000000,,,,,1000000,,,,,1.577,9.66,4.516,,,,,,,,0.16,,,2025-10-31,quarterly,2.11,USD,pre-market,0,,0.0559,0.377,0.074,78.76,430000000,,,,360.12,346.14,14.0541,,,,,,,2349000000,,28.58,,410.34,321.67
2025-12-28,AON,12.48,17028000000.0,28.58,,0.833,36.89,,,,,,,,,,,,,,,None,1494000000,1494000000,,,,,,None,329000000,,2.91,0.0082,,,,0.344,0.26,-18000000,311000000,1.85,2018-06-30,18.76,,7962000000.0,1067000000,-87000000,-144000000,,,None,69000000,None,,None,,,,,48000000,57000000,None,None,0.204,,1083000000,-16000000,,,,,1000000,,,,,1.577,9.66,4.516,,,,,,,,0.16,,,2025-10-31,quarterly,2.11,USD,pre-market,0,,0.0559,0.377,0.074,78.76,638000000,,,,360.12,346.14,14.0541,,,,,,,2561000000,,28.58,,410.34,321.67
2025-12-28,AON,12.48,17028000000.0,28.58,,0.833,36.89,,,,,,,,,,,,,,,None,1616000000,1616000000,,,,,,None,149000000,,2.91,0.0082,,,,0.344,0.26,788000000,937000000,1.85,2018-03-31,18.76,,7962000000.0,1474000000,718000000,114000000,,,None,70000000,None,,None,,,,,594000000,604000000,None,None,0.204,,675000000,799000000,,,,,4000000,,,,,1.577,9.66,4.516,,,,,,,,0.16,,,2025-10-31,quarterly,2.11,USD,pre-market,0,,0.0559,0.377,0.074,78.76,411000000,,,,360.12,346.14,14.0541,,,,,,,3090000000,,28.58,,410.34,321.67
2025-12-28,AON,12.48,17028000000.0,28.58,,0.833,36.89,,,,,,,,,,,,,,,None,1752000000,1752000000,,,,,,None,139000000,,2.91,0.0082,,,,0.344,0.26,477000000,616000000,1.85,2017-12-31,18.76,,7962000000.0,1157000000,406000000,389000000,,,None,71000000,None,,None,,,,,-19000000,17000000,None,None,0.204,,668000000,489000000,,,,,7000000,,,,,1.577,9.66,4.516,,,,,,,,0.16,,,2025-10-31,quarterly,2.11,USD,pre-market,0,,0.0559,0.377,0.074,78.76,405000000,,,,360.12,346.14,14.0541,,,,,,,2909000000,,28.58,,410.34,321.67
2025-12-28,AON,12.48,17028000000.0,28.58,,0.833,36.89,,,,,,,,,,,,,,,None,1428000000,1428000000,,,,,,None,141000000,,2.91,0.0082,,,,0.344,0.26,270000000,411000000,1.85,2017-09-30,18.76,,7962000000.0,912000000,200000000,4000000,,,None,70000000,None,,None,,,,,185000000,196000000,None,None,0.204,,656000000,256000000,,,,,10000000,,,,,1.577,9.66,4.516,,,,,,,,0.16,,,2025-10-31,quarterly,2.11,USD,pre-market,0,,0.0559,0.377,0.074,78.76,406000000,,,,360.12,346.14,14.0541,,,,,,,2340000000,,28.58,,410.34,321.67
2025-12-28,AON,12.48,17028000000.0,28.58,,0.833,36.89,,,,,,,,,,,,,,,None,1466000000,1466000000,,,,,,None,514000000,,2.91,0.0082,,,,0.344,0.26,-115000000,399000000,1.85,2017-06-30,18.76,,7962000000.0,902000000,-186000000,-143000000,,,None,71000000,None,,None,,,,,769000000,-43000000,None,None,0.204,,1029000000,-127000000,,,,,8000000,,,,,1.577,9.66,4.516,,,,,,,,0.16,,,2025-10-31,quarterly,2.11,USD,pre-market,0,,0.0559,0.377,0.074,78.76,417000000,,,,360.12,346.14,14.0541,,,,,,,2368000000,,28.58,,410.34,321.67
2025-12-28,AON,12.48,17028000000.0,28.58,,0.833,36.89,,,,,,,,,,,,,,,None,1469000000,1469000000,,,,,,None,97000000,,2.91,0.0082,,,,0.344,0.26,335000000,432000000,1.85,2017-03-31,18.76,,7962000000.0,912000000,265000000,-26000000,,,None,70000000,None,,None,,,,,291000000,265000000,None,None,0.204,,577000000,335000000,,,,,2000000,,,,,1.577,9.66,4.516,,,,,,,,0.16,,,2025-10-31,quarterly,2.11,USD,pre-market,0,,0.0559,0.377,0.074,78.76,392000000,,,,360.12,346.14,14.0541,,,,,,,2381000000,,28.58,,410.34,321.67
2025-12-28,AON,12.48,17028000000.0,28.58,,0.833,36.89,,,,,,,,,,,,,,,None,1966000000,1966000000,,,,,,None,131000000,,2.91,0.0082,,,,0.344,0.26,641000000,772000000,1.85,2016-12-31,18.76,,7962000000.0,1357000000,571000000,62000000,,,None,70000000,None,,None,,,,,502000000,236000000,None,None,0.204,,728000000,629000000,,,,,3000000,,,,,1.577,9.66,4.516,,,,,,,,0.16,,,2025-10-31,quarterly,2.11,USD,pre-market,0,,0.0559,0.377,0.074,78.76,728000000,,,,360.12,346.14,14.0541,,,,,,,3323000000,,28.58,,410.34,321.67
2025-12-28,AON,12.48,17028000000.0,28.58,,0.833,36.89,,,,,,,,,,,,,,,None,1300000000,1300000000,,,,,,None,81000000,,2.91,0.0082,,,,0.344,0.26,379000000,460000000,1.85,2016-09-30,18.76,,7962000000.0,901000000,309000000,25000000,,,None,70000000,None,,None,,,,,319000000,541000000,None,None,0.204,,533000000,368000000,,,,,1000000,,,,,1.577,9.66,4.516,,,,,,,,0.16,,,2025-10-31,quarterly,2.11,USD,pre-market,0,,0.0559,0.377,0.074,78.76,353000000,,,,360.12,346.14,14.0541,,,,,,,2201000000,,28.58,,410.34,321.67
2025-12-28,AON,12.48,17028000000.0,28.58,,0.833,36.89,,,,,,,,,,,,,,,None,1396000000,1396000000,,,,,,None,79000000,,2.91,0.0082,,,,0.344,0.26,389000000,468000000,1.85,2016-06-30,18.76,,7962000000.0,886000000,316000000,43000000,,,None,73000000,None,,None,,,,,300000000,536000000,None,None,0.204,,499000000,387000000,,,,,3000000,,,,,1.577,9.66,4.516,,,,,,,,0.16,,,2025-10-31,quarterly,2.11,USD,pre-market,0,,0.0559,0.377,0.074,78.76,321000000,,,,360.12,346.14,14.0541,,,,,,,2282000000,,28.58,,410.34,321.67
2025-12-28,AON,12.48,17028000000.0,28.58,,0.833,36.89,,,,,,,,,,,,,,,None,1345000000,1345000000,,,,,,None,75000000,,2.91,0.0082,,,,0.344,0.26,440000000,515000000,1.85,2016-03-31,18.76,,7962000000.0,931000000,371000000,59000000,,,None,69000000,None,,None,,,,,325000000,595000000,None,None,0.204,,511000000,420000000,,,,,2000000,,,,,1.577,9.66,4.516,,,,,,,,0.16,,,2025-10-31,quarterly,2.11,USD,pre-market,0,,0.0559,0.377,0.074,78.76,353000000,,,,360.12,346.14,14.0541,,,,,,,2276000000,,28.58,,410.34,321.67
2025-12-28,AON,12.48,17028000000.0,28.58,,0.833,36.89,,,,,,,,,,,,,,,None,1857000000,1857000000,,,,,,None,137000000,,2.91,0.0082,,,,0.344,0.26,770000000,907000000,1.85,2015-12-31,18.76,,7962000000.0,1431000000,702000000,112000000,,,None,68000000,None,,None,,,,,584000000,455000000,None,None,0.204,,714000000,717000000,,,,,4000000,,,,,1.577,9.66,4.516,,,,,,,,0.16,,,2025-10-31,quarterly,2.11,USD,pre-market,0,,0.0559,0.377,0.074,78.76,714000000,,,,360.12,346.14,14.0541,,,,,,,3288000000,,28.58,,410.34,321.67
2025-12-28,AON,12.48,17028000000.0,28.58,,0.833,36.89,,,,,,,,,,,,,,,None,1644000000,1644000000,,,,,,None,134000000,,2.91,0.0082,,,,0.344,0.26,424000000,558000000,1.85,2015-09-30,18.76,,7962000000.0,1098000000,352000000,49000000,,,None,72000000,None,,None,,,,,295000000,537000000,None,None,0.204,,685000000,413000000,,,,,3000000,,,,,1.577,9.66,4.516,,,,,,,,0.16,,,2025-10-31,quarterly,2.11,USD,pre-market,0,,0.0559,0.377,0.074,78.76,685000000,,,,360.12,346.14,14.0541,,,,,,,2742000000,,28.58,,410.34,321.67
2025-12-28,AON,12.48,17028000000.0,28.58,,0.833,36.89,,,,,,,,,,,,,,,None,1653000000,1653000000,,,,,,None,136000000,,2.91,0.0082,,,,0.344,0.26,282000000,418000000,1.85,2015-06-30,18.76,,7962000000.0,1152000000,214000000,26000000,,,None,68000000,None,,None,,,,,178000000,375000000,None,None,0.204,,875000000,277000000,,,,,4000000,,,,,1.577,9.66,4.516,,,,,,,,0.16,,,2025-10-31,quarterly,2.11,USD,pre-market,0,,0.0559,0.377,0.074,78.76,875000000,,,,360.12,346.14,14.0541,,,,,,,2805000000,,28.58,,410.34,321.67
2025-12-28,AON,12.48,17028000000.0,28.58,,0.833,36.89,,,,,,,,,,,,,,,None,1683000000,1683000000,,,,,,None,136000000,,2.91,0.0082,,,,0.344,0.26,486000000,622000000,1.85,2015-03-31,18.76,,7962000000.0,1164000000,421000000,80000000,,,None,65000000,None,,None,,,,,328000000,589000000,None,None,0.204,,723000000,441000000,,,,,3000000,,,,,1.577,9.66,4.516,,,,,,,,0.16,,,2025-10-31,quarterly,2.11,USD,pre-market,0,,0.0559,0.377,0.074,78.76,723000000,,,,360.12,346.14,14.0541,,,,,,,2847000000,,28.58,,410.34,321.67
2025-12-28,AON,12.48,17028000000.0,28.58,,0.833,36.89,,,,,,,,,,,,,,,None,1848000000,1848000000,,,,,,None,148000000,,2.91,0.0082,,,,0.344,0.26,648000000,796000000,1.85,2014-12-31,18.76,,7962000000.0,1451000000,581000000,114000000,,,None,67000000,None,,None,,,,,459000000,509000000,None,None,0.204,,816000000,635000000,,,,,3000000,,,,,1.577,9.66,4.516,,,,,,,,0.16,,,2025-10-31,quarterly,2.11,USD,pre-market,0,,0.0559,0.377,0.074,78.76,816000000,,,,360.12,346.14,14.0541,,,,,,,3299000000,,28.58,,410.34,321.67
2025-12-28,AON,12.48,17028000000.0,28.58,,0.833,36.89,,,,,,,,,,,,,,,None,1707000000,1707000000,,,,,,None,151000000,,2.91,0.0082,,,,0.344,0.26,455000000,606000000,1.85,2014-09-30,18.76,,7962000000.0,1173000000,390000000,75000000,,,None,65000000,None,,None,,,,,309000000,560000000,None,None,0.204,,756000000,417000000,,,,,3000000,,,,,1.577,9.66,4.516,,,,,,,,0.16,,,2025-10-31,quarterly,2.11,USD,pre-market,0,,0.0559,0.377,0.074,78.76,756000000,,,,360.12,346.14,14.0541,,,,,,,2880000000,,28.58,,410.34,321.67
2025-12-28,AON,12.48,17028000000.0,28.58,,0.833,36.89,,,,,,,,,,,,,,,None,1708000000,1708000000,,,,,,None,149000000,,2.91,0.0082,,,,0.344,0.26,445000000,594000000,1.85,2014-06-30,18.76,,7962000000.0,1211000000,380000000,67000000,,,None,65000000,None,,None,,,,,304000000,579000000,None,None,0.204,,766000000,445000000,,,,,2000000,,,,,1.577,9.66,4.516,,,,,,,,0.16,,,2025-10-31,quarterly,2.11,USD,pre-market,0,,0.0559,0.377,0.074,78.76,766000000,,,,360.12,346.14,14.0541,,,,,,,2919000000,,28.58,,410.34,321.67
2025-12-28,AON,12.48,17028000000.0,28.58,,0.833,36.89,,,,,,,,,,,,,,,None,1751000000,1751000000,,,,,,None,146000000,,2.91,0.0082,,,,0.344,0.26,472000000,618000000,1.85,2014-03-31,18.76,,7962000000.0,1196000000,414000000,78000000,,,None,58000000,None,,None,,,,,325000000,451000000,None,None,0.204,,727000000,469000000,,,,,2000000,,,,,1.577,9.66,4.516,,,,,,,,0.16,,,2025-10-31,quarterly,2.11,USD,pre-market,0,,0.0559,0.377,0.074,78.76,727000000,,,,360.12,346.14,14.0541,,,,,,,2947000000,,28.58,,410.34,321.67
2025-12-28,AON,12.48,17028000000.0,28.58,,0.833,36.89,,,,,,,,,,,,,,,None,1842000000,1842000000,,,,,,None,162000000,,2.91,0.0082,,,,0.344,0.26,532000000,694000000,1.85,2013-12-31,18.76,,7962000000.0,1367000000,475000000,115000000,,,None,57000000,None,,None,,,,,355000000,360000000,None,None,0.204,,852000000,515000000,,,,,56000000,,,,,1.577,9.66,4.516,,,,,,,,0.16,,,2025-10-31,quarterly,2.11,USD,pre-market,0,,0.0559,0.377,0.074,78.76,852000000,,,,360.12,346.14,14.0541,,,,,,,3209000000,,28.58,,410.34,321.67
2025-12-28,AON,12.48,17028000000.0,28.58,,0.833,36.89,,,,,,,,,,,,,,,None,1666000000,1666000000,,,,,,None,157000000,,2.91,0.0082,,,,0.344,0.26,406000000,563000000,1.85,2013-09-30,18.76,,7962000000.0,1128000000,353000000,89000000,,,None,53000000,None,,None,,,,,256000000,264000000,None,None,0.204,,764000000,364000000,,,,,3000000,,,,,1.577,9.66,4.516,,,,,,,,0.16,,,2025-10-31,quarterly,2.11,USD,pre-market,0,,0.0559,0.377,0.074,78.76,764000000,,,,360.12,346.14,14.0541,,,,,,,2794000000,,28.58,,410.34,321.67
2025-12-28,AON,12.48,17028000000.0,28.58,,0.833,36.89,,,,,,,,,,,,,,,None,1712000000,1712000000,,,,,,None,158000000,,2.91,0.0082,,,,0.344,0.26,390000000,548000000,1.85,2013-06-30,18.76,,7962000000.0,1185000000,342000000,90000000,,,None,48000000,None,,None,,,,,241000000,252000000,None,None,0.204,,803000000,382000000,,,,,8000000,,,,,1.577,9.66,4.516,,,,,,,,0.16,,,2025-10-31,quarterly,2.11,USD,pre-market,0,,0.0559,0.377,0.074,78.76,803000000,,,,360.12,346.14,14.0541,,,,,,,2897000000,,28.58,,410.34,321.67
2025-12-28,AON,12.48,17028000000.0,28.58,,0.833,36.89,,,,,,,,,,,,,,,None,1725000000,1725000000,,,,,,None,158000000,,2.91,0.0082,,,,0.344,0.26,420000000,578000000,1.85,2013-03-31,18.76,,7962000000.0,1190000000,368000000,96000000,,,None,52000000,None,,None,,,,,261000000,272000000,None,None,0.204,,780000000,410000000,,,,,10000000,,,,,1.577,9.66,4.516,,,,,,,,0.16,,,2025-10-31,quarterly,2.11,USD,pre-market,0,,0.0559,0.377,0.074,78.76,780000000,,,,360.12,346.14,14.0541,,,,,,,2915000000,,28.58,,410.34,321.67
2025-12-28,AON,12.48,17028000000.0,28.58,,0.833,36.89,,,,,,,,,,,,,,,None,6709000000,6709000000,,,,,,None,174000000,,2.91,0.0082,,,,0.344,0.26,465000000,639000000,1.85,2012-12-31,18.76,,7962000000.0,-3594000000,410000000,103000000,,,None,55000000,None,,None,,,,,305000000,307000000,None,None,0.204,,-4055000000,461000000,,,,,4000000,,,,,1.577,9.66,4.516,,,,,,,,0.16,,,2025-10-31,quarterly,2.11,USD,pre-market,0,,0.0559,0.377,0.074,78.76,4055000000,,,,360.12,346.14,14.0541,,,,,,,3115000000,,28.58,,410.34,321.67
2025-12-28,AON,12.48,17028000000.0,28.58,,0.833,36.89,,,,,,,,,,,,,,,None,1620000000,1620000000,,,,,,None,161000000,,2.91,0.0082,,,,0.344,0.26,331000000,492000000,1.85,2012-09-30,18.76,,7962000000.0,1117000000,274000000,64000000,,,None,57000000,None,,None,,,,,204000000,210000000,None,None,0.204,,778000000,339000000,,,,,-8000000,,,,,1.577,9.66,4.516,,,,,,,,0.16,,,2025-10-31,quarterly,2.11,USD,pre-market,0,,0.0559,0.377,0.074,78.76,778000000,,,,360.12,346.14,14.0541,,,,,,,2737000000,,28.58,,410.34,321.67
2025-12-28,AON,12.48,17028000000.0,28.58,,0.833,36.89,,,,,,,,,,,,,,,None,1639000000,1639000000,,,,,,None,161000000,,2.91,0.0082,,,,0.344,0.26,408000000,569000000,1.85,2012-06-30,18.76,,7962000000.0,1182000000,351000000,96000000,,,None,57000000,None,,None,,,,,246000000,255000000,None,None,0.204,,788000000,394000000,,,,,14000000,,,,,1.577,9.66,4.516,,,,,,,,0.16,,,2025-10-31,quarterly,2.11,USD,pre-market,0,,0.0559,0.377,0.074,78.76,788000000,,,,360.12,346.14,14.0541,,,,,,,2821000000,,28.58,,410.34,321.67
2025-12-28,AON,12.48,17028000000.0,28.58,,0.833,36.89,,,,,,,,,,,,,,,None,1661000000,1661000000,,,,,,None,159000000,,2.91,0.0082,,,,0.344,0.26,405000000,564000000,1.85,2012-03-31,18.76,,7962000000.0,1180000000,346000000,97000000,,,None,59000000,None,,None,,,,,238000000,249000000,None,None,0.204,,778000000,402000000,,,,,3000000,,,,,1.577,9.66,4.516,,,,,,,,0.16,,,2025-10-31,quarterly,2.11,USD,pre-market,0,,0.0559,0.377,0.074,78.76,778000000,,,,360.12,346.14,14.0541,,,,,,,2841000000,,28.58,,410.34,321.67
2025-12-28,AON,12.48,17028000000.0,28.58,,0.833,36.89,,,,,,,,,,,,,,,None,2363000000,2363000000,,,,,,None,145000000,,2.91,0.0082,,,,0.344,0.26,443000000,588000000,1.85,2011-12-31,18.76,,7962000000.0,2994000000,384000000,104000000,,,None,59000000,None,,None,,,,,277000000,280000000,None,None,0.204,,2559000000,435000000,,,,,8000000,,,,,1.577,9.66,4.516,,,,,,,,0.16,,,2025-10-31,quarterly,2.11,USD,pre-market,0,,0.0559,0.377,0.074,78.76,2559000000,,,,360.12,346.14,14.0541,,,,,,,2994000000,,28.58,,410.34,321.67
2025-12-28,AON,12.48,17028000000.0,28.58,,0.833,36.89,,,,,,,,,,,,,,,None,1634000000,1634000000,,,,,,None,144000000,,2.91,0.0082,,,,0.344,0.26,352000000,496000000,1.85,2011-09-30,18.76,,7962000000.0,2723000000,292000000,84000000,,,None,60000000,None,,None,,,,,198000000,208000000,None,None,0.204,,2395000000,328000000,,,,,11000000,,,,,1.577,9.66,4.516,,,,,,,,0.16,,,2025-10-31,quarterly,2.11,USD,pre-market,0,,0.0559,0.377,0.074,78.76,2395000000,,,,360.12,346.14,14.0541,,,,,,,2723000000,,28.58,,410.34,321.67
2025-12-28,AON,12.48,17028000000.0,28.58,,0.833,36.89,,,,,,,,,,,,,,,None,1612000000,1612000000,,,,,,None,149000000,,2.91,0.0082,,,,0.344,0.26,415000000,564000000,1.85,2011-06-30,18.76,,7962000000.0,2811000000,352000000,87000000,,,None,63000000,None,,None,,,,,258000000,265000000,None,None,0.204,,2371000000,440000000,,,,,-19000000,,,,,1.577,9.66,4.516,,,,,,,,0.16,,,2025-10-31,quarterly,2.11,USD,pre-market,0,,0.0559,0.377,0.074,78.76,2371000000,,,,360.12,346.14,14.0541,,,,,,,2811000000,,28.58,,410.34,321.67
2025-12-28,AON,12.48,17028000000.0,28.58,,0.833,36.89,,,,,,,,,,,,,,,None,1597000000,1597000000,,,,,,None,144000000,,2.91,0.0082,,,,0.344,0.26,419000000,563000000,1.85,2011-03-31,18.76,,7962000000.0,2759000000,356000000,103000000,,,None,63000000,None,,None,,,,,246000000,253000000,None,None,0.204,,2361000000,398000000,,,,,23000000,,,,,1.577,9.66,4.516,,,,,,,,0.16,,,2025-10-31,quarterly,2.11,USD,pre-market,0,,0.0559,0.377,0.074,78.76,2361000000,,,,360.12,346.14,14.0541,,,,,,,2759000000,,28.58,,410.34,321.67
2025-12-28,AON,12.48,17028000000.0,28.58,,0.833,36.89,,,,,,,,,,,,,,,None,2274000000,2274000000,,,,,,None,126000000,,2.91,0.0082,,,,0.344,0.26,425000000,551000000,1.85,2010-12-31,18.76,,7962000000.0,2909000000,360000000,118000000,,,None,65000000,None,,None,,,,,231000000,242000000,None,None,0.204,,2487000000,422000000,,,,,3000000,,,,,1.577,9.66,4.516,,,,,,,,0.16,,,2025-10-31,quarterly,2.11,USD,pre-market,0,,0.0559,0.377,0.074,78.76,2487000000,,,,360.12,346.14,14.0541,,,,,,,2909000000,,28.58,,410.34,321.67
2025-12-28,AON,12.48,17028000000.0,28.58,,0.833,36.89,,,,,,,,,,,,,,,None,1050000000,1050000000,,,,,,None,61000000,,2.91,0.0082,,,,0.344,0.26,258000000,319000000,1.85,2010-09-30,18.76,,7962000000.0,1801000000,208000000,61000000,,,None,50000000,None,,None,,,,,144000000,147000000,None,None,0.204,,1538000000,263000000,,,,,-5000000,,,,,1.577,9.66,4.516,,,,,,,,0.16,,,2025-10-31,quarterly,2.11,USD,pre-market,0,,0.0559,0.377,0.074,78.76,1538000000,,,,360.12,346.14,14.0541,,,,,,,1801000000,,28.58,,410.34,321.67
2025-12-28,AON,12.48,17028000000.0,28.58,,0.833,36.89,,,,,,,,,,,,,,,None,1169000000,1169000000,,,,,,None,60000000,,2.91,0.0082,,,,0.344,0.26,277000000,337000000,1.85,2010-06-30,18.76,,7962000000.0,1898000000,244000000,60000000,,,None,33000000,None,,None,,,,,153000000,184000000,None,None,0.204,,1630000000,268000000,,,,,9000000,,,,,1.577,9.66,4.516,,,,,,,,0.16,,,2025-10-31,quarterly,2.11,USD,pre-market,0,,0.0559,0.377,0.074,78.76,1630000000,,,,360.12,346.14,14.0541,,,,,,,1898000000,,28.58,,410.34,321.67
2025-12-28,AON,12.48,17028000000.0,28.58,,0.833,36.89,,,,,,,,,,,,,,,None,1163000000,1163000000,,,,,,None,58000000,,2.91,0.0082,,,,0.344,0.26,281000000,339000000,1.85,2010-03-31,18.76,,7962000000.0,1904000000,247000000,61000000,,,None,34000000,None,,None,,,,,178000000,186000000,None,None,0.204,,1631000000,273000000,,,,,8000000,,,,,1.577,9.66,4.516,,,,,,,,0.16,,,2025-10-31,quarterly,2.11,USD,pre-market,0,,0.0559,0.377,0.074,78.76,1631000000,,,,360.12,346.14,14.0541,,,,,,,1904000000,,28.58,,410.34,321.67
2025-12-28,AON,12.48,17028000000.0,28.58,,0.833,36.89,,,,,,,,,,,,,,,None,1591000000,1591000000,,,,,,None,68000000,,2.91,0.0082,,,,0.344,0.26,253000000,321000000,1.85,2009-12-31,18.76,,7962000000.0,2048000000,218000000,56000000,,,None,35000000,None,,None,,,,,198000000,0,None,None,0.204,,1846000000,202000000,,,,,None,,,,,1.577,9.66,4.516,,,,,,,,0.16,,,2025-10-31,quarterly,2.11,USD,pre-market,0,,0.0559,0.377,0.074,78.76,2020000000,,,,360.12,346.14,14.0541,,,,,,,2048000000,,28.58,,410.34,321.67
2025-12-28,AON,12.48,17028000000.0,28.58,,0.833,36.89,,,,,,,,,,,,,,,None,1119000000,1119000000,,,,,,None,56000000,,2.91,0.0082,,,,0.344,0.26,210000000,266000000,1.85,2009-09-30,18.76,,7962000000.0,1794000000,178000000,47000000,,,None,32000000,None,,None,,,,,120000000,131000000,None,None,0.204,,1600000000,194000000,,,,,1000000,,,,,1.577,9.66,4.516,,,,,,,,0.16,,,2025-10-31,quarterly,2.11,USD,pre-market,0,,0.0559,0.377,0.074,78.76,1600000000,,,,360.12,346.14,14.0541,,,,,,,1794000000,,28.58,,410.34,321.67
2025-12-28,AON,12.48,17028000000.0,28.58,,0.833,36.89,,,,,,,,,,,,,,,None,1134000000,1134000000,,,,,,None,58000000,,2.91,0.0082,,,,0.344,0.26,236000000,294000000,1.85,2009-06-30,18.76,,7962000000.0,1882000000,210000000,57000000,,,None,26000000,None,,None,,,,,149000000,153000000,None,None,0.204,,1662000000,220000000,,,,,9000000,,,,,1.577,9.66,4.516,,,,,,,,0.16,,,2025-10-31,quarterly,2.11,USD,pre-market,0,,0.0559,0.377,0.074,78.76,1662000000,,,,360.12,346.14,14.0541,,,,,,,1882000000,,28.58,,410.34,321.67
2025-12-28,AON,12.48,17028000000.0,28.58,,0.833,36.89,,,,,,,,,,,,,,,None,1014000000,1014000000,,,,,,None,60000000,,2.91,0.0082,,,,0.344,0.26,372000000,432000000,1.85,2009-03-31,18.76,,7962000000.0,1846000000,343000000,108000000,,,None,29000000,None,,None,,,,,280000000,0,None,None,0.204,,1480000000,366000000,,,,,None,,,,,1.577,9.66,4.516,,,,,,,,0.16,,,2025-10-31,quarterly,2.11,USD,pre-market,0,,0.0559,0.377,0.074,78.76,1480000000,,,,360.12,346.14,14.0541,,,,,,,1846000000,,28.58,,410.34,321.67
2025-12-28,AON,12.48,17028000000.0,28.58,,0.833,36.89,,,,,,,,,,,,,,,None,1509000000,1509000000,,,,,,None,65000000,,2.91,0.0082,,,,0.344,0.26,208000000,273000000,1.85,2008-12-31,18.76,,7962000000.0,1920000000,178000000,51000000,,,None,30000000,None,,None,,,,,-6000000,0,None,None,0.204,,1664000000,256000000,,,,,None,,,,,1.577,9.66,4.516,,,,,,,,0.16,,,2025-10-31,quarterly,2.11,USD,pre-market,0,,0.0559,0.377,0.074,78.76,1599000000,,,,360.12,346.14,14.0541,,,,,,,1920000000,,28.58,,410.34,321.67
2025-12-28,AON,12.48,17028000000.0,28.58,,0.833,36.89,,,,,,,,,,,,,,,None,1132000000,1132000000,,,,,,None,49000000,,2.91,0.0082,,,,0.344,0.26,250000000,299000000,1.85,2008-09-30,18.76,,7962000000.0,1846000000,218000000,59000000,,,None,32000000,None,,None,,,,,117000000,0,None,None,0.204,,1599000000,247000000,,,,,None,,,,,1.577,9.66,4.516,,,,,,,,0.16,,,2025-10-31,quarterly,2.11,USD,pre-market,0,,0.0559,0.377,0.074,78.76,1550000000,,,,360.12,346.14,14.0541,,,,,,,1846000000,,28.58,,410.34,321.67
2025-12-28,AON,12.48,17028000000.0,28.58,,0.833,36.89,,,,,,,,,,,,,,,None,1155000000,1155000000,,,,,,None,58000000,,2.91,0.0082,,,,0.344,0.26,257000000,315000000,1.85,2008-06-30,18.76,,7962000000.0,1956000000,226000000,57000000,,,None,31000000,None,,None,,,,,1133000000,0,None,None,0.204,,1701000000,255000000,,,,,None,,,,,1.577,9.66,4.516,,,,,,,,0.16,,,2025-10-31,quarterly,2.11,USD,pre-market,0,,0.0559,0.377,0.074,78.76,1643000000,,,,360.12,346.14,14.0541,,,,,,,1956000000,,28.58,,410.34,321.67
2025-12-28,AON,12.48,17028000000.0,28.58,,0.833,36.89,,,,,,,,,,,,,,,None,1166000000,1166000000,,,,,,None,50000000,,2.91,0.0082,,,,0.344,0.26,291000000,341000000,1.85,2008-03-31,18.76,,7962000000.0,1905000000,258000000,76000000,,,None,33000000,None,,None,,,,,218000000,0,None,None,0.204,,1618000000,287000000,,,,,None,,,,,1.577,9.66,4.516,,,,,,,,0.16,,,2025-10-31,quarterly,2.11,USD,pre-market,0,,0.0559,0.377,0.074,78.76,1568000000,,,,360.12,346.14,14.0541,,,,,,,1905000000,,28.58,,410.34,321.67
2025-12-28,AON,12.48,17028000000.0,28.58,,0.833,36.89,,,,,,,,,,,,,,,None,1600000000,1600000000,,,,,,None,87000000,,2.91,0.0082,,,,0.344,0.26,71000000,158000000,1.85,2007-12-31,18.76,,7962000000.0,195000000,36000000,2000000,,,None,36000000,None,,None,,,,,207000000,0,None,None,0.204,,122000000,73000000,,,,,None,,,,,1.577,9.66,4.516,,,,,,,,0.16,,,2025-10-31,quarterly,2.11,USD,pre-market,0,,0.0559,0.377,0.074,78.76,2599000000,,,,360.12,346.14,14.0541,,,,,,,195000000,,28.58,,410.34,321.67
2025-12-28,AON,12.48,17028000000.0,28.58,,0.833,36.89,,,,,,,,,,,,,,,None,1156000000,1156000000,,,,,,None,50000000,,2.91,0.0082,,,,0.344,0.26,256000000,306000000,1.85,2007-09-30,18.76,,7962000000.0,1749000000,223000000,93000000,,,None,33000000,None,,None,,,,,204000000,0,None,None,0.204,,1493000000,256000000,,,,,None,,,,,1.577,9.66,4.516,,,,,,,,0.16,,,2025-10-31,quarterly,2.11,USD,pre-market,0,,0.0559,0.377,0.074,78.76,1445000000,,,,360.12,346.14,14.0541,,,,,,,1749000000,,28.58,,410.34,321.67
2025-12-28,AON,12.48,17028000000.0,28.58,,0.833,36.89,,,,,,,,,,,,,,,None,1207000000,1207000000,,,,,,None,49000000,,2.91,0.0082,,,,0.344,0.26,315000000,364000000,1.85,2007-06-30,18.76,,7962000000.0,1866000000,281000000,98000000,,,None,34000000,None,,None,,,,,240000000,0,None,None,0.204,,1580000000,286000000,,,,,None,,,,,1.577,9.66,4.516,,,,,,,,0.16,,,2025-10-31,quarterly,2.11,USD,pre-market,0,,0.0559,0.377,0.074,78.76,1534000000,,,,360.12,346.14,14.0541,,,,,,,1866000000,,28.58,,410.34,321.67
2025-12-28,AON,12.48,17028000000.0,28.58,,0.833,36.89,,,,,,,,,,,,,,,None,1152000000,1152000000,,,,,,None,50000000,,2.91,0.0082,,,,0.344,0.26,275000000,325000000,1.85,2007-03-31,18.76,,7962000000.0,1798000000,240000000,75000000,,,None,35000000,None,,None,,,,,213000000,0,None,None,0.204,,1523000000,275000000,,,,,None,,,,,1.577,9.66,4.516,,,,,,,,0.16,,,2025-10-31,quarterly,2.11,USD,pre-market,0,,0.0559,0.377,0.074,78.76,1053000000,,,,360.12,346.14,14.0541,,,,,,,1798000000,,28.58,,410.34,321.67
2025-12-28,AON,12.48,17028000000.0,28.58,,0.833,36.89,,,,,,,,,,,,,,,None,1977000000,1977000000,,,,,,None,71000000,,2.91,0.0082,,,,0.344,0.26,279000000,350000000,1.85,2006-12-31,18.76,,7962000000.0,2413000000,248000000,60000000,,,None,178000000,None,,None,,,,,223000000,0,None,None,0.204,,2135000000,278000000,,,,,None,,,,,1.577,9.66,4.516,,,,,,,,0.16,,,2025-10-31,quarterly,2.11,USD,pre-market,0,,0.0559,0.377,0.074,78.76,3179000000,,,,360.12,346.14,14.0541,,,,,,,2413000000,,28.58,,410.34,321.67
2025-12-28,AON,12.48,17028000000.0,28.58,,0.833,36.89,,,,,,,,,,,,,,,None,1116000000,1116000000,,,,,,None,56000000,,2.91,0.0082,,,,0.344,0.26,173000000,229000000,1.85,2006-09-30,18.76,,7962000000.0,2168000000,139000000,49000000,,,None,99000000,None,,None,,,,,106000000,0,None,None,0.204,,1995000000,173000000,,,,,None,,,,,1.577,9.66,4.516,,,,,,,,0.16,,,2025-10-31,quarterly,2.11,USD,pre-market,0,,0.0559,0.377,0.074,78.76,1116000000,,,,360.12,346.14,14.0541,,,,,,,2168000000,,28.58,,410.34,321.67
2025-12-28,AON,12.48,17028000000.0,28.58,,0.833,36.89,,,,,,,,,,,,,,,None,1136000000,1136000000,,,,,,None,55000000,,2.91,0.0082,,,,0.344,0.26,301000000,356000000,1.85,2006-06-30,18.76,,7962000000.0,2208000000,267000000,92000000,,,None,34000000,None,,None,,,,,193000000,0,None,None,0.204,,1907000000,301000000,,,,,None,,,,,1.577,9.66,4.516,,,,,,,,0.16,,,2025-10-31,quarterly,2.11,USD,pre-market,0,,0.0559,0.377,0.074,78.76,1590000000,,,,360.12,346.14,14.0541,,,,,,,2208000000,,28.58,,410.34,321.67
2025-12-28,AON,12.48,17028000000.0,28.58,,0.833,36.89,,,,,,,,,,,,,,,None,1138000000,1138000000,,,,,,None,55000000,,2.91,0.0082,,,,0.344,0.26,521000000,576000000,1.85,2006-03-31,18.76,,7962000000.0,2165000000,266000000,93000000,,,None,31000000,None,,None,,,,,198000000,0,None,None,0.204,,1899000000,266000000,,,,,None,,,,,1.577,9.66,4.516,,,,,,,,0.16,,,2025-10-31,quarterly,2.11,USD,pre-market,0,,0.0559,0.377,0.074,78.76,1097000000,,,,360.12,346.14,14.0541,,,,,,,2165000000,,28.58,,410.34,321.67
2025-12-28,AON,12.48,17028000000.0,28.58,,0.833,36.89,,,,,,,,,,,,,,,None,1890000000,1890000000,,,,,,None,137000000,,2.91,0.0082,,,,0.344,0.26,237000000,374000000,1.85,2005-12-31,18.76,,7962000000.0,2523000000,205000000,61000000,,,None,31000000,None,,None,,,,,224000000,0,None,None,0.204,,2287000000,236000000,,,,,None,,,,,1.577,9.66,4.516,,,,,,,,0.16,,,2025-10-31,quarterly,2.11,USD,pre-market,0,,0.0559,0.377,0.074,78.76,1843000000,,,,360.12,346.14,14.0541,,,,,,,2523000000,,28.58,,410.34,321.67
2025-12-28,AON,12.48,17028000000.0,28.58,,0.833,36.89,,,,,,,,,,,,,,,None,1747000000,1747000000,,,,,,None,77000000,,2.91,0.0082,,,,0.344,0.26,173000000,250000000,1.85,2005-09-30,18.76,,7962000000.0,2018000000,144000000,47000000,,,None,94000000,None,,None,,,,,122000000,0,None,None,0.204,,1845000000,173000000,,,,,None,,,,,1.577,9.66,4.516,,,,,,,,0.16,,,2025-10-31,quarterly,2.11,USD,pre-market,0,,0.0559,0.377,0.074,78.76,1697000000,,,,360.12,346.14,14.0541,,,,,,,2018000000,,28.58,,410.34,321.67
2025-12-28,AON,12.48,17028000000.0,28.58,,0.833,36.89,,,,,,,,,,,,,,,None,8283000000,8283000000,,,,,,None,686000000,,2.91,0.0082,,,,0.344,0.26,4250000000,4936000000,1.85,2024-12-31,18.76,,7962000000.0,7415000000,3462000000,742000000,,,None,788000000,67000000,,None,,,,,2654000000,2720000000,-721000000,None,0.204,,3580000000,3835000000,,,,,None,,,,,1.577,9.66,4.516,,,,,,,,0.16,,,2025-10-31,annual,2.11,USD,pre-market,None,,0.0559,0.377,0.074,78.76,2014000000,,,,360.12,346.14,14.0541,,,,,,,15698000000,,28.58,,410.34,321.67
2025-12-28,AON,12.48,17028000000.0,28.58,,0.833,36.89,,,,,,,,,,,,,,,None,6902000000,6902000000,,,,,,None,256000000,,2.91,0.0082,,,,0.344,0.26,3785000000,3785000000,1.85,2023-12-31,18.76,,7962000000.0,6474000000,3169000000,541000000,,,None,484000000,22000000,,None,,,,,2564000000,2787000000,-448000000,None,0.204,,9591000000,3785000000,,,,,None,,,,,1.577,9.66,4.516,,,,,,,,0.16,,,2025-10-31,annual,2.11,USD,pre-market,0.24,,0.0559,0.377,0.074,78.76,1793000000,,,,360.12,346.14,14.0541,,,,,,,13376000000,,28.58,,410.34,321.67
2025-12-28,AON,12.48,17028000000.0,28.58,,0.833,36.89,,,,,,,,,,,,,,,None,6477000000,6477000000,,,,,,None,264000000,,2.91,0.0082,,,,0.344,0.26,3562000000,3826000000,1.85,2022-12-31,18.76,,7962000000.0,6002000000,3156000000,510000000,,,None,406000000,388000000,,None,,,,,2589000000,2646000000,-388000000,None,0.204,,2333000000,3669000000,,,,,-107000000,,,,,1.577,9.66,4.516,,,,,,,,0.16,,,2025-10-31,annual,2.11,USD,pre-market,0.25,,0.0559,0.377,0.074,78.76,1739000000,,,,360.12,346.14,14.0541,,,,,,,12479000000,,28.58,,410.34,321.67
2025-12-28,AON,12.48,17028000000.0,28.58,,0.833,36.89,,,,,,,,,,,,,,,None,6738000000,6738000000,,,,,,None,326000000,,2.91,0.0082,,,,0.344,0.26,2253000000,2579000000,1.85,2021-12-31,18.76,,7962000000.0,5455000000,1931000000,623000000,,,None,322000000,311000000,,None,,,,,1255000000,1308000000,-311000000,None,0.204,,3365000000,2090000000,,,,,163000000,,,,,1.577,9.66,4.516,,,,,,,,0.16,,,2025-10-31,annual,2.11,USD,pre-market,0.16,,0.0559,0.377,0.074,78.76,2541000000,,,,360.12,346.14,14.0541,,,,,,,12193000000,,28.58,,410.34,321.67
2025-12-28,AON,12.48,17028000000.0,28.58,,0.833,36.89,,,,,,,,,,,,,,,None,5905000000,5905000000,,,,,,None,413000000,,2.91,0.0082,,,,0.344,0.26,2800000000,3213000000,1.85,2020-12-31,18.76,,7962000000.0,5161000000,2466000000,448000000,,,None,334000000,6000000,,None,,,,,1969000000,2017000000,-328000000,None,0.204,,2380000000,2781000000,,,,,18000000,,,,,1.577,9.66,4.516,,,,,,,,0.16,,,2025-10-31,annual,2.11,USD,pre-market,0.22,,0.0559,0.377,0.074,78.76,1510000000,,,,360.12,346.14,14.0541,,,,,,,11066000000,,28.58,,410.34,321.67
2025-12-28,AON,12.48,17028000000.0,28.58,,0.833,36.89,,,,,,,,,,,,,,,None,6054000000,6054000000,,,,,,None,564000000,,2.91,0.0082,,,,0.344,0.26,2177000000,2741000000,1.85,2019-12-31,18.76,,7962000000.0,4959000000,1870000000,297000000,,,None,307000000,8000000,,None,,,,,1532000000,1574000000,-299000000,None,0.204,,2790000000,2169000000,,,,,8000000,,,,,1.577,9.66,4.516,,,,,,,,0.16,,,2025-10-31,annual,2.11,USD,pre-market,None,,0.0559,0.377,0.074,78.76,1723000000,,,,360.12,346.14,14.0541,,,,,,,11013000000,,28.58,,410.34,321.67
2025-12-28,AON,12.48,17028000000.0,28.58,,0.833,36.89,,,,,,,,,,,,,,,None,6103000000,6103000000,,,,,,None,769000000,,2.91,0.0082,,,,0.344,0.26,1524000000,2293000000,1.85,2018-12-31,18.76,,7962000000.0,4667000000,1246000000,146000000,,,None,278000000,5000000,,None,,,,,1134000000,1100000000,-273000000,None,0.204,,3123000000,1544000000,,,,,5000000,,,,,1.577,9.66,4.516,,,,,,,,0.16,,,2025-10-31,annual,2.11,USD,pre-market,0,,0.0559,0.377,0.074,78.76,1869000000,,,,360.12,346.14,14.0541,,,,,,,10770000000,,28.58,,410.34,321.67
2025-12-28,AON,12.48,17028000000.0,28.58,,0.833,36.89,,,,,,,,,,,,,,,None,6003000000,6003000000,,,,,,None,891000000,,2.91,0.0082,,,,0.344,0.26,967000000,1858000000,1.85,2017-12-31,18.76,,7962000000.0,3995000000,685000000,250000000,,,None,282000000,27000000,,None,,,,,1226000000,435000000,-255000000,None,0.204,,2930000000,1065000000,,,,,27000000,,,,,1.577,9.66,4.516,,,,,,,,0.16,,,2025-10-31,annual,2.11,USD,pre-market,0,,0.0559,0.377,0.074,78.76,1706000000,,,,360.12,346.14,14.0541,,,,,,,9998000000,,28.58,,410.34,321.67
2025-12-28,AON,12.48,17028000000.0,28.58,,0.833,36.89,,,,,,,,,,,,,,,None,5514000000,5514000000,,,,,,None,319000000,,2.91,0.0082,,,,0.344,0.26,1683000000,2002000000,1.85,2016-12-31,18.76,,7962000000.0,3895000000,1401000000,148000000,,,None,282000000,9000000,,None,,,,,1396000000,1908000000,-273000000,None,0.204,,2084000000,1811000000,,,,,9000000,,,,,1.577,9.66,4.516,,,,,,,,0.16,,,2025-10-31,annual,2.11,USD,pre-market,0,,0.0559,0.377,0.074,78.76,1552000000,,,,360.12,346.14,14.0541,,,,,,,9409000000,,28.58,,410.34,321.67
2025-12-28,AON,12.48,17028000000.0,28.58,,0.833,36.89,,,,,,,,,,,,,,,None,5605000000,5605000000,,,,,,None,338000000,,2.91,0.0082,,,,0.344,0.26,1701000000,2039000000,1.85,2015-12-31,18.76,,7962000000.0,3875000000,1428000000,175000000,,,None,273000000,240000000,,None,,,,,1385000000,1956000000,None,None,0.204,,2288000000,1587000000,,,,,14000000,,,,,1.577,9.66,4.516,,,,,,,,0.16,,,2025-10-31,annual,2.11,USD,pre-market,0,,0.0559,0.377,0.074,78.76,1562000000,,,,360.12,346.14,14.0541,,,,,,,9480000000,,28.58,,410.34,321.67
2025-12-28,AON,12.48,17028000000.0,28.58,,0.833,36.89,,,,,,,,,,,,,,,None,7014000000,7014000000,,,,,,None,594000000,,2.91,0.0082,,,,0.344,0.26,2020000000,2614000000,1.85,2014-12-31,18.76,,7962000000.0,5031000000,1765000000,334000000,,,None,255000000,None,,None,,,,,1397000000,2099000000,None,None,0.204,,3065000000,1966000000,,,,,10000000,,,,,1.577,9.66,4.516,,,,,,,,0.16,,,2025-10-31,annual,2.11,USD,pre-market,0,,0.0559,0.377,0.074,78.76,3065000000,,,,360.12,346.14,14.0541,,,,,,,12045000000,,28.58,,410.34,321.67
2025-12-28,AON,12.48,17028000000.0,28.58,,0.833,36.89,,,,,,,,,,,,,,,None,6945000000,6945000000,,,,,,None,635000000,,2.91,0.0082,,,,0.344,0.26,1748000000,2383000000,1.85,2013-12-31,18.76,,7962000000.0,4870000000,1538000000,390000000,,,None,210000000,None,,None,,,,,1113000000,1148000000,None,None,0.204,,3199000000,1671000000,,,,,77000000,,,,,1.577,9.66,4.516,,,,,,,,0.16,,,2025-10-31,annual,2.11,USD,pre-market,0,,0.0559,0.377,0.074,78.76,3199000000,,,,360.12,346.14,14.0541,,,,,,,11815000000,,28.58,,410.34,321.67
2025-12-28,AON,12.48,17028000000.0,28.58,,0.833,36.89,,,,,,,,,,,,,,,None,6709000000,6709000000,,,,,,None,655000000,,2.91,0.0082,,,,0.344,0.26,1608000000,2263000000,1.85,2012-12-31,18.76,,7962000000.0,4805000000,1380000000,360000000,,,None,228000000,None,,None,,,,,993000000,1021000000,None,None,0.204,,3209000000,1596000000,,,,,13000000,,,,,1.577,9.66,4.516,,,,,,,,0.16,,,2025-10-31,annual,2.11,USD,pre-market,0,,0.0559,0.377,0.074,78.76,3209000000,,,,360.12,346.14,14.0541,,,,,,,11514000000,,28.58,,410.34,321.67
2025-12-28,AON,12.48,17028000000.0,28.58,,0.833,36.89,,,,,,,,,,,,,,,None,6567000000,6567000000,,,,,,None,582000000,,2.91,0.0082,,,,0.344,0.26,1633000000,2215000000,1.85,2011-12-31,18.76,,7962000000.0,4720000000,1388000000,378000000,,,None,245000000,None,,None,,,,,979000000,1006000000,None,None,0.204,,3124000000,1596000000,,,,,23000000,,,,,1.577,9.66,4.516,,,,,,,,0.16,,,2025-10-31,annual,2.11,USD,pre-market,0,,0.0559,0.377,0.074,78.76,3124000000,,,,360.12,346.14,14.0541,,,,,,,11287000000,,28.58,,410.34,321.67
2025-12-28,AON,12.48,17028000000.0,28.58,,0.833,36.89,,,,,,,,,,,,,,,None,5097000000,5097000000,,,,,,None,305000000,,2.91,0.0082,,,,0.344,0.26,1241000000,1546000000,1.85,2010-12-31,18.76,,7962000000.0,3415000000,1059000000,300000000,,,None,182000000,None,,None,,,,,706000000,759000000,None,None,0.204,,2171000000,1244000000,,,,,15000000,,,,,1.577,9.66,4.516,,,,,,,,0.16,,,2025-10-31,annual,2.11,USD,pre-market,0,,0.0559,0.377,0.074,78.76,2171000000,,,,360.12,346.14,14.0541,,,,,,,8512000000,,28.58,,410.34,321.67
2025-12-28,AON,12.48,17028000000.0,28.58,,0.833,36.89,,,,,,,,,,,,,,,None,5913000000,5913000000,,,,,,None,242000000,,2.91,0.0082,,,,0.344,0.26,1071000000,1313000000,1.85,2009-12-31,18.76,,7962000000.0,7595000000,949000000,268000000,,,None,122000000,None,,None,,,,,747000000,681000000,None,None,0.204,,6574000000,1021000000,,,,,50000000,,,,,1.577,9.66,4.516,,,,,,,,0.16,,,2025-10-31,annual,2.11,USD,pre-market,0,,0.0559,0.377,0.074,78.76,6574000000,,,,360.12,346.14,14.0541,,,,,,,7595000000,,28.58,,410.34,321.67
2025-12-28,AON,12.48,17028000000.0,28.58,,0.833,36.89,,,,,,,,,,,,,,,None,6103000000,6103000000,,,,,,None,222000000,,2.91,0.0082,,,,0.344,0.26,1005000000,1227000000,1.85,2008-12-31,18.76,,7962000000.0,7528000000,879000000,242000000,,,None,126000000,None,,None,,,,,1462000000,None,None,None,0.204,,6588000000,940000000,,,,,None,,,,,1.577,9.66,4.516,,,,,,,,0.16,,,2025-10-31,annual,2.11,USD,pre-market,None,,0.0559,0.377,0.074,78.76,6588000000,,,,360.12,346.14,14.0541,,,,,,,7528000000,,28.58,,410.34,321.67
2025-12-28,AON,12.48,17028000000.0,28.58,,0.833,36.89,,,,,,,,,,,,,,,None,5998000000,5998000000,,,,,,None,205000000,,2.91,0.0082,,,,0.344,0.26,1148000000,1353000000,1.85,2007-12-31,18.76,,7962000000.0,7359000000,1010000000,348000000,,,None,138000000,None,,None,,,,,864000000,None,None,None,0.204,,6196000000,1163000000,,,,,None,,,,,1.577,9.66,4.516,,,,,,,,0.16,,,2025-10-31,annual,2.11,USD,pre-market,None,,0.0559,0.377,0.074,78.76,6053000000,,,,360.12,346.14,14.0541,,,,,,,7359000000,,28.58,,410.34,321.67
2025-12-28,AON,12.48,17028000000.0,28.58,,0.833,36.89,,,,,,,,,,,,,,,None,7528000000,7528000000,,,,,,None,244000000,,2.91,0.0082,,,,0.344,0.26,792000000,1036000000,1.85,2006-12-31,18.76,,7962000000.0,6881000000,663000000,216000000,,,None,129000000,None,,None,,,,,720000000,None,None,None,0.204,,6086000000,795000000,,,,,None,,,,,1.577,9.66,4.516,,,,,,,,0.16,,,2025-10-31,annual,2.11,USD,pre-market,None,,0.0559,0.377,0.074,78.76,5862000000,,,,360.12,346.14,14.0541,,,,,,,6881000000,,28.58,,410.34,321.67
2025-12-28,AON,12.48,17028000000.0,28.58,,0.833,36.89,,,,,,,,,,,,,,,None,8324000000,8324000000,,,,,,None,277000000,,2.91,0.0082,,,,0.344,0.26,702000000,979000000,1.85,2005-12-31,18.76,,7962000000.0,6651000000,577000000,161000000,,,None,125000000,None,,None,,,,,735000000,None,None,None,0.204,,5944000000,707000000,,,,,None,,,,,1.577,9.66,4.516,,,,,,,,0.16,,,2025-10-31,annual,2.11,USD,pre-market,None,,0.0559,0.377,0.074,78.76,5700000000,,,,360.12,346.14,14.0541,,,,,,,6651000000,,28.58,,410.34,321.67
2025-12-28,AON,12.48,17028000000.0,28.58,None,0.833,36.89,,828000000,1095000000,1095000000,,,,,,,,,2000000,216700000,None,8324000000,8324000000,2398000000,None,1735000000,15041000000,None,None,277000000,,2.91,0.0082,,,,0.344,0.26,702000000,979000000,1.85,2025-09-30,18.76,15704000000,7962000000.0,6651000000,577000000,161000000,5827000000,5827000000,None,125000000,None,None,None,None,15055000000,None,163000000,735000000,None,None,None,0.204,,5944000000,707000000,10226000000,20424000000,None,151000000,None,,,,,1.577,9.66,4.516,,,,,,,,0.16,,1365000000,2025-10-31,quarterly,2.11,USD,pre-market,None,-1527000000,0.0559,0.377,0.074,78.76,5700000000,17626000000,1920000000,207000000,360.12,346.14,14.0541,51637000000,26569000000,25103000000,43538000000,25068000000,18335000000,6651000000,7939000000,28.58,None,410.34,321.67
2025-12-28,AON,12.48,17028000000.0,28.58,None,0.833,36.89,,890000000,1008000000,1008000000,,,,,,,,,2000000,217300000,None,8324000000,8324000000,2294000000,None,1837000000,17356000000,None,None,277000000,,2.91,0.0082,,,,0.344,0.26,702000000,979000000,1.85,2025-06-30,18.76,16024000000,7962000000.0,6651000000,577000000,161000000,6733000000,6733000000,None,125000000,None,None,None,None,15451000000,None,101000000,735000000,None,None,None,0.204,,5944000000,707000000,765000000,22374000000,None,199000000,None,,,,,1.577,9.66,4.516,,,,,,,,0.16,,1399000000,2025-10-31,quarterly,2.11,USD,pre-market,None,-1574000000,0.0559,0.377,0.074,78.76,5700000000,18178000000,2022000000,8694000000,360.12,346.14,14.0541,54010000000,27823000000,27075000000,45921000000,26187000000,18846000000,6651000000,7843000000,28.58,None,410.34,321.67
2025-12-28,AON,12.48,17028000000.0,28.58,None,0.833,36.89,,878000000,964000000,964000000,,,,,,,,,2000000,217900000,None,8324000000,8324000000,2088000000,None,1348000000,15385000000,None,None,277000000,,2.91,0.0082,,,,0.344,0.26,702000000,979000000,1.85,2025-03-31,18.76,15697000000,7962000000.0,6651000000,577000000,161000000,6865000000,6865000000,None,125000000,None,None,None,None,16284000000,None,97000000,735000000,None,None,None,0.204,,5944000000,707000000,637000000,19347000000,None,236000000,None,,,,,1.577,9.66,4.516,,,,,,,,0.16,,1366000000,2025-10-31,quarterly,2.11,USD,pre-market,None,-1740000000,0.0559,0.377,0.074,78.76,5700000000,18510000000,1537000000,7428000000,360.12,346.14,14.0541,50304000000,24414000000,23333000000,43030000000,25890000000,19697000000,6651000000,7004000000,28.58,None,410.34,321.67
2025-12-28,AON,12.48,17028000000.0,28.58,None,0.833,36.89,,876000000,1085000000,1085000000,,,,,,,,,2000000,218300000,None,8324000000,8324000000,2905000000,None,751000000,11093000000,None,None,277000000,,2.91,0.0082,,,,0.344,0.26,702000000,979000000,1.85,2024-12-31,18.76,15234000000,7962000000.0,6651000000,577000000,161000000,6743000000,6743000000,None,125000000,None,-135000000,None,None,16265000000,None,90000000,735000000,None,None,None,0.204,,5944000000,707000000,716000000,18608000000,None,168000000,None,,,,,1.577,9.66,4.516,,,,,,,,0.16,,1357000000,2025-10-31,quarterly,2.11,USD,pre-market,None,-2309000000,0.0559,0.377,0.074,78.76,5700000000,17892000000,942000000,10538000000,360.12,346.14,14.0541,48965000000,23432000000,22995000000,42535000000,25533000000,19540000000,6651000000,6121000000,28.58,None,410.34,321.67
2025-12-28,AON,12.48,17028000000.0,28.58,None,0.833,36.89,,911000000,1103000000,1103000000,,,,,,,,,2000000,218400000,None,8324000000,8324000000,2588000000,None,None,13737000000,None,None,277000000,,2.91,0.0082,,,,0.344,0.26,702000000,979000000,1.85,2024-09-30,18.76,15612000000,7962000000.0,6651000000,577000000,161000000,6789000000,6789000000,None,125000000,None,172000000,None,None,17090000000,None,87000000,735000000,None,None,None,0.204,,5944000000,707000000,8617000000,18614000000,None,204000000,None,,,,,1.577,9.66,4.516,,,,,,,,0.16,,1400000000,2025-10-31,quarterly,2.11,USD,pre-market,None,-2682000000,0.0559,0.377,0.074,78.76,5700000000,18200000000,398000000,196000000,360.12,346.14,14.0541,49885000000,23653000000,22098000000,43332000000,26232000000,21234000000,6651000000,6244000000,28.58,None,410.34,321.67
2025-12-28,AON,12.48,17028000000.0,28.58,None,0.833,36.89,,905000000,974000000,974000000,,,,,,,,,2000000,213300000,None,8324000000,8324000000,2319000000,None,4000000,16052000000,None,None,277000000,,2.91,0.0082,,,,0.344,0.26,702000000,979000000,1.85,2024-06-30,18.76,15281000000,7962000000.0,6651000000,577000000,161000000,6794000000,6794000000,None,125000000,None,None,None,None,17610000000,None,83000000,735000000,None,None,None,0.204,,5944000000,707000000,8335000000,20244000000,None,324000000,None,,,,,1.577,9.66,4.516,,,,,,,,0.16,,None,2025-10-31,quarterly,2.11,USD,pre-market,None,-2574000000,0.0559,0.377,0.074,78.76,5700000000,18519000000,207000000,182000000,360.12,346.14,14.0541,51453000000,25543000000,23498000000,45295000000,25910000000,21797000000,6651000000,5860000000,28.58,None,410.34,321.67
2025-12-28,AON,12.48,17028000000.0,28.58,None,0.833,36.89,,795000000,995000000,995000000,,,,,,,,,2000000,200100000,None,8324000000,8324000000,1925000000,None,606000000,4054000000,None,None,277000000,,2.91,0.0082,,,,0.344,0.26,702000000,979000000,1.85,2024-03-31,18.76,8302000000,7962000000.0,6651000000,577000000,161000000,217000000,217000000,None,125000000,None,None,None,None,15916000000,None,80000000,735000000,None,None,None,0.204,,5944000000,707000000,18162000000,18371000000,None,146000000,None,,,,,1.577,9.66,4.516,,,,,,,,0.16,,None,2025-10-31,quarterly,2.11,USD,pre-market,None,-2700000000,0.0559,0.377,0.074,78.76,5700000000,17317000000,785000000,5413000000,360.12,346.14,14.0541,40767000000,28624000000,21838000000,40795000000,12143000000,18957000000,6651000000,-133000000,28.58,None,410.34,321.67
2025-12-28,AON,12.48,17028000000.0,28.58,None,0.833,36.89,,833000000,778000000,778000000,,,,,,,,,2000000,202000000,None,8324000000,8324000000,2262000000,None,1204000000,3289000000,None,None,277000000,,2.91,0.0082,,,,0.344,0.26,702000000,979000000,1.85,2023-12-31,18.76,8414000000,7962000000.0,6651000000,577000000,161000000,234000000,234000000,None,125000000,None,None,None,None,9995000000,None,45000000,735000000,None,None,None,0.204,,5944000000,707000000,17268000000,17442000000,None,145000000,None,,,,,1.577,9.66,4.516,,,,,,,,0.16,,None,2025-10-31,quarterly,2.11,USD,pre-market,None,-3399000000,0.0559,0.377,0.074,78.76,5700000000,12032000000,1386000000,369000000,360.12,346.14,14.0541,33959000000,21704000000,21651000000,34701000000,12255000000,13050000000,6651000000,-826000000,28.58,None,410.34,321.67
2025-12-28,AON,12.48,17028000000.0,28.58,None,0.833,36.89,,640000000,808000000,808000000,,,,,,,,,2000000,204600000,None,8324000000,8324000000,1749000000,None,1282000000,12074000000,None,None,277000000,,2.91,0.0082,,,,0.344,0.26,702000000,979000000,1.85,2023-09-30,18.76,8245000000,7962000000.0,6651000000,577000000,161000000,252000000,252000000,None,125000000,None,15965000000,None,None,9969000000,None,45000000,735000000,None,None,None,0.204,,5944000000,707000000,838000000,17033000000,None,1004000000,None,,,,,1.577,9.66,4.516,,,,,,,,0.16,,1298000000,2025-10-31,quarterly,2.11,USD,pre-market,None,-3024000000,0.0559,0.377,0.074,78.76,5700000000,12087000000,1463000000,7405000000,360.12,346.14,14.0541,33112000000,21125000000,20722000000,33598000000,11987000000,12876000000,6651000000,-586000000,28.58,None,410.34,321.67
2025-12-28,AON,12.48,17028000000.0,28.58,None,0.833,36.89,,675000000,952000000,952000000,,,,,,,,,2000000,206300000,None,8324000000,8324000000,1625000000,None,1338000000,14470000000,None,None,277000000,,2.91,0.0082,,,,0.344,0.26,702000000,979000000,1.85,2023-06-30,18.76,8360000000,7962000000.0,6651000000,577000000,161000000,268000000,268000000,None,125000000,None,18193000000,None,None,9989000000,None,45000000,735000000,None,None,None,0.204,,5944000000,707000000,789000000,19219000000,None,1834000000,None,,,,,1.577,9.66,4.516,,,,,,,,0.16,,639000000,2025-10-31,quarterly,2.11,USD,pre-market,None,-2505000000,0.0559,0.377,0.074,78.76,5700000000,12205000000,1522000000,7738000000,360.12,346.14,14.0541,36049000000,23949000000,22949000000,35887000000,12100000000,12938000000,6651000000,65000000,28.58,None,410.34,321.67
2025-12-28,AON,12.48,17028000000.0,28.58,None,0.833,36.89,,681000000,1119000000,1119000000,,,,,,,,,2000000,207100000,None,8324000000,8324000000,1681000000,None,775000000,13310000000,None,None,277000000,,2.91,0.0082,,,,0.344,0.26,702000000,979000000,1.85,2023-03-31,18.76,8319000000,7962000000.0,6651000000,577000000,161000000,425000000,425000000,None,125000000,None,16629000000,None,None,10577000000,None,63000000,735000000,None,None,None,0.204,,5944000000,707000000,476000000,17375000000,None,1850000000,None,,,,,1.577,9.66,4.516,,,,,,,,0.16,,605000000,2025-10-31,quarterly,2.11,USD,pre-market,None,-2388000000,0.0559,0.377,0.074,78.76,5700000000,12239000000,957000000,7239000000,360.12,346.14,14.0541,34253000000,22144000000,20595000000,34195000000,12109000000,13600000000,6651000000,-70000000,28.58,None,410.34,321.67
2025-12-28,AON,12.48,17028000000.0,28.58,None,0.833,36.89,,693000000,690000000,690000000,,,,,,,,,2000000,209300000,None,8324000000,8324000000,2114000000,None,945000000,3109000000,None,None,277000000,,2.91,0.0082,,,,0.344,0.26,702000000,979000000,1.85,2022-12-31,18.76,8292000000,7962000000.0,6651000000,577000000,161000000,447000000,447000000,None,125000000,None,15900000000,None,None,9825000000,None,60000000,735000000,None,None,None,0.204,,5944000000,707000000,16472000000,16618000000,None,1024000000,None,,,,,1.577,9.66,4.516,,,,,,,,0.16,,1257000000,2025-10-31,quarterly,2.11,USD,pre-market,None,-2772000000,0.0559,0.377,0.074,78.76,5700000000,11677000000,1131000000,452000000,360.12,346.14,14.0541,32704000000,20723000000,20306000000,33133000000,11981000000,12827000000,6651000000,-529000000,28.58,None,410.34,321.67
2025-12-28,AON,12.48,17028000000.0,28.58,None,0.833,36.89,,880000000,692000000,692000000,,,,,,,,,2000000,212600000,None,8324000000,8324000000,1798000000,None,711000000,11231000000,None,None,277000000,,2.91,0.0082,,,,0.344,0.26,702000000,979000000,1.85,2022-09-30,18.76,7979000000,7962000000.0,6651000000,577000000,161000000,456000000,456000000,None,125000000,None,7824999057,None,None,10116000000,None,62000000,735000000,None,None,None,0.204,,5944000000,707000000,7944999308,15508000000,None,1904000000,None,,,,,1.577,9.66,4.516,,,,,,,,0.16,,1178000000,2025-10-31,quarterly,2.11,USD,pre-market,None,-2638000000,0.0559,0.377,0.074,78.76,5700000000,11707000000,891000000,251,360.12,346.14,14.0541,31223000000,19176000000,18688000000,31893000000,12047000000,13205000000,6651000000,-783000000,28.58,None,410.34,321.67
2025-12-28,AON,12.48,17028000000.0,28.58,None,0.833,36.89,,927000000,740000000,740000000,,,,,,,,,2000000,214700000,None,8324000000,8324000000,1728000000,None,739000000,3716000000,None,None,277000000,,2.91,0.0082,,,,0.344,0.26,702000000,979000000,1.85,2022-06-30,18.76,8295000000,7962000000.0,6651000000,577000000,161000000,491000000,491000000,None,125000000,None,17243000000,None,None,9666000000,None,64000000,735000000,None,None,None,0.204,,5944000000,707000000,17468000000,17812000000,None,1968000000,None,,,,,1.577,9.66,4.516,,,,,,,,0.16,,505000000,2025-10-31,quarterly,2.11,USD,pre-market,None,-1727000000,0.0559,0.377,0.074,78.76,5700000000,11332000000,938000000,243000000,360.12,346.14,14.0541,34720000000,22167000000,21077000000,33932000000,12553000000,12855000000,6651000000,684000000,28.58,None,410.34,321.67
2025-12-28,AON,12.48,17028000000.0,28.58,None,0.833,36.89,,985000000,595000000,595000000,,,,,,,,,2000000,216400000,None,8324000000,8324000000,1728000000,None,599000000,3673000000,None,None,277000000,,2.91,0.0082,,,,0.344,0.26,702000000,979000000,1.85,2022-03-31,18.76,8496000000,7962000000.0,6651000000,577000000,161000000,530000000,530000000,None,125000000,None,15663000000,None,None,9685000000,None,62000000,735000000,None,None,None,0.204,,5944000000,707000000,15822000000,16063000000,None,2056000000,None,,,,,1.577,9.66,4.516,,,,,,,,0.16,,515000000,2025-10-31,quarterly,2.11,USD,pre-market,None,-1609000000,0.0559,0.377,0.074,78.76,5700000000,11269000000,806000000,455000000,360.12,346.14,14.0541,33491000000,20545000000,19189000000,32200000000,12946000000,13011000000,6651000000,1177000000,28.58,None,410.34,321.67
2025-12-28,AON,12.48,17028000000.0,28.58,None,0.833,36.89,,772000000,544000000,544000000,,,,,,,,,2000000,221200000,None,8324000000,8324000000,2192000000,None,1164000000,3147000000,None,None,277000000,,2.91,0.0082,,,,0.344,0.26,702000000,979000000,1.85,2021-12-31,18.76,8434000000,7962000000.0,6651000000,577000000,161000000,492000000,492000000,None,125000000,None,14386000000,None,None,8228000000,None,64000000,735000000,None,None,None,0.204,,5944000000,707000000,15049000000,15034000000,None,910000000,None,,,,,1.577,9.66,4.516,,,,,,,,0.16,,1315000000,2025-10-31,quarterly,2.11,USD,pre-market,None,-1694000000,0.0559,0.377,0.074,78.76,5700000000,10423000000,1377000000,292000000,360.12,346.14,14.0541,31928000000,19032000000,19073000000,30770000000,12896000000,11697000000,6651000000,1061000000,28.58,None,410.34,321.67
2025-12-28,AON,12.48,17028000000.0,28.58,None,0.833,36.89,,1085000000,609000000,609000000,,,,,,,,,2000000,225400000,None,8324000000,8324000000,1995000000,None,150000000,3192000000,None,None,277000000,,2.91,0.0082,,,,0.344,0.26,702000000,979000000,1.85,2021-09-30,18.76,8547000000,7962000000.0,6651000000,577000000,161000000,529000000,529000000,None,125000000,None,14534000000,None,None,8250000000,None,65000000,735000000,None,None,None,0.204,,5944000000,707000000,14629000000,14772000000,None,131000000,None,,,,,1.577,9.66,4.516,,,,,,,,0.16,,1434000000,2025-10-31,quarterly,2.11,USD,pre-market,None,-445000000,0.0559,0.377,0.074,78.76,5700000000,9485000000,367000000,310000000,360.12,346.14,14.0541,31816000000,18740000000,17510000000,29517000000,13076000000,12007000000,6651000000,2209000000,28.58,None,410.34,321.67
2025-12-28,AON,12.48,17028000000.0,28.58,None,0.833,36.89,,1124000000,1091000000,1091000000,,,,,,,,,2000000,228000000,None,8324000000,8324000000,1692000000,None,13000000,3630000000,None,None,277000000,,2.91,0.0082,,,,0.344,0.26,702000000,979000000,1.85,2021-06-30,18.76,8659000000,7962000000.0,6651000000,577000000,161000000,564000000,564000000,None,125000000,None,16162000000,None,None,7272000000,None,78000000,735000000,None,None,None,0.204,,5944000000,707000000,16266000000,16539000000,None,128000000,None,,,,,1.577,9.66,4.516,,,,,,,,0.16,,1448000000,2025-10-31,quarterly,2.11,USD,pre-market,None,1823000000,0.0559,0.377,0.074,78.76,5700000000,8409000000,241000000,289000000,360.12,346.14,14.0541,34580000000,21276000000,18927000000,30013000000,13304000000,11086000000,6651000000,4462000000,28.58,None,410.34,321.67
2025-12-28,AON,12.48,17028000000.0,28.58,None,0.833,36.89,,1135000000,822000000,822000000,,,,,,,,,2000000,228100000,None,8324000000,8324000000,1628000000,None,None,3571000000,None,None,277000000,,2.91,0.0082,,,,0.344,0.26,702000000,979000000,1.85,2021-03-31,18.76,8587000000,7962000000.0,6651000000,577000000,161000000,594000000,594000000,None,125000000,None,14253000000,None,None,7263000000,None,74000000,735000000,None,None,None,0.204,,5944000000,707000000,14341000000,14496000000,None,3435000000,None,,,,,1.577,9.66,4.516,,,,,,,,0.16,,584000000,2025-10-31,quarterly,2.11,USD,pre-market,None,1801000000,0.0559,0.377,0.074,78.76,5700000000,8398000000,222000000,171000000,360.12,346.14,14.0541,32175000000,18905000000,16823000000,27814000000,13270000000,10991000000,6651000000,4260000000,28.58,None,410.34,321.67
2025-12-28,AON,12.48,17028000000.0,28.58,None,0.833,36.89,,897000000,884000000,884000000,,,,,,,,,2000000,230900000,None,8324000000,8324000000,2016000000,None,448000000,3165000000,None,None,277000000,,2.91,0.0082,,,,0.344,0.26,702000000,979000000,1.85,2020-12-31,18.76,8666000000,7962000000.0,6651000000,577000000,161000000,640000000,640000000,None,125000000,None,13790000000,None,None,7281000000,None,74000000,735000000,None,None,None,0.204,,5944000000,707000000,14327000000,14359000000,None,1792000000,None,,,,,1.577,9.66,4.516,,,,,,,,0.16,,599000000,2025-10-31,quarterly,2.11,USD,pre-market,None,1042000000,0.0559,0.377,0.074,78.76,5700000000,8925000000,682000000,308000000,360.12,346.14,14.0541,32106000000,18676000000,17424000000,28523000000,13430000000,11099000000,6651000000,3495000000,28.58,None,410.34,321.67
2025-12-28,AON,12.48,17028000000.0,28.58,None,0.833,36.89,,1206000000,821000000,821000000,,,,,,,,,2000000,233500000,None,8324000000,8324000000,1608000000,None,472000000,3037000000,None,None,277000000,,2.91,0.0082,,,,0.344,0.26,702000000,979000000,1.85,2020-09-30,18.76,8462000000,7962000000.0,6651000000,577000000,161000000,665000000,665000000,None,125000000,None,13885000000,None,None,7251000000,None,59000000,735000000,None,None,None,0.204,,5944000000,707000000,13943000000,14181000000,None,3395000000,None,,,,,1.577,9.66,4.516,,,,,,,,0.16,,609000000,2025-10-31,quarterly,2.11,USD,pre-market,None,1423000000,0.0559,0.377,0.074,78.76,5700000000,8929000000,696000000,448000000,360.12,346.14,14.0541,31359000000,18249000000,16870000000,27739000000,13110000000,10869000000,6651000000,3542000000,28.58,None,410.34,321.67
2025-12-28,AON,12.48,17028000000.0,28.58,None,0.833,36.89,,1241000000,757000000,757000000,,,,,,,,,2000000,233600000,None,8324000000,8324000000,1488000000,None,782000000,3397000000,None,None,277000000,,2.91,0.0082,,,,0.344,0.26,702000000,979000000,1.85,2020-06-30,18.76,8356000000,7962000000.0,6651000000,577000000,161000000,699000000,699000000,None,125000000,None,14120000000,None,None,7229000000,None,51000000,735000000,None,None,None,0.204,,5944000000,707000000,14182000000,14361000000,None,3488000000,None,,,,,1.577,9.66,4.516,,,,,,,,0.16,,615000000,2025-10-31,quarterly,2.11,USD,pre-market,None,1751000000,0.0559,0.377,0.074,78.76,5700000000,9252000000,998000000,654000000,360.12,346.14,14.0541,31995000000,18990000000,17383000000,28300000000,13005000000,10917000000,6651000000,3601000000,28.58,None,410.34,321.67
2025-12-28,AON,12.48,17028000000.0,28.58,None,0.833,36.89,,1184000000,690000000,690000000,,,,,,,,,2000000,234500000,None,8324000000,8324000000,1549000000,None,1884000000,3633000000,None,None,277000000,,2.91,0.0082,,,,0.344,0.26,702000000,979000000,1.85,2020-03-31,18.76,8293000000,7962000000.0,6651000000,577000000,161000000,746000000,746000000,None,125000000,None,12786000000,None,None,6227000000,None,52000000,735000000,None,None,None,0.204,,5944000000,707000000,12852000000,12973000000,None,12401000000,None,,,,,1.577,9.66,4.516,,,,,,,,0.16,,666000000,2025-10-31,quarterly,2.11,USD,pre-market,None,1455000000,0.0559,0.377,0.074,78.76,5700000000,9295000000,2084000000,170000000,360.12,346.14,14.0541,30282000000,17345000000,17111000000,27022000000,12937000000,9911000000,6651000000,3169000000,28.58,None,410.34,321.67
2025-12-28,AON,12.48,17028000000.0,28.58,None,0.833,36.89,,1230000000,790000000,790000000,,,,,,,,,2000000,237000000,None,8324000000,8324000000,1939000000,None,712000000,3200000000,None,None,277000000,,2.91,0.0082,,,,0.344,0.26,702000000,979000000,1.85,2019-12-31,18.76,8165000000,7962000000.0,6651000000,577000000,161000000,783000000,783000000,None,125000000,None,11834000000,None,None,6627000000,None,53000000,735000000,None,None,None,0.204,,5944000000,707000000,12348000000,12347000000,None,11834000000,None,,,,,1.577,9.66,4.516,,,,,,,,0.16,,621000000,2025-10-31,quarterly,2.11,USD,pre-market,None,1254000000,0.0559,0.377,0.074,78.76,5700000000,8569000000,922000000,138000000,360.12,346.14,14.0541,29405000000,16476000000,15571000000,25956000000,12929000000,10385000000,6651000000,3375000000,28.58,None,410.34,321.67
2025-12-28,AON,12.48,17028000000.0,28.58,None,0.833,36.89,,1222000000,602000000,602000000,,,,,,,,,2000000,239100000,None,8324000000,8324000000,1499000000,None,1148000000,3043000000,None,None,277000000,,2.91,0.0082,,,,0.344,0.26,702000000,979000000,1.85,2019-09-30,18.76,8071000000,7962000000.0,6651000000,577000000,161000000,874000000,874000000,None,125000000,None,11403000000,None,None,6120000000,None,52000000,735000000,None,None,None,0.204,,5944000000,707000000,11495000000,11578000000,None,11041000000,None,,,,,1.577,9.66,4.516,,,,,,,,0.16,,606000000,2025-10-31,quarterly,2.11,USD,pre-market,None,1436000000,0.0559,0.377,0.074,78.76,5700000000,8490000000,1366000000,177000000,360.12,346.14,14.0541,28167000000,15317000000,14851000000,24606000000,12850000000,9755000000,6651000000,3492000000,28.58,None,410.34,321.67
2025-12-28,AON,12.48,17028000000.0,28.58,None,0.833,36.89,,1222000000,581000000,581000000,,,,,,,,,2000000,242800000,None,8324000000,8324000000,1369000000,None,844000000,3372000000,None,None,277000000,,2.91,0.0082,,,,0.344,0.26,702000000,979000000,1.85,2019-06-30,18.76,8198000000,7962000000.0,6651000000,577000000,161000000,973000000,973000000,None,125000000,None,12415000000,None,None,6740000000,None,54000000,735000000,None,None,None,0.204,,5944000000,707000000,12557000000,12575000000,None,12071000000,None,,,,,1.577,9.66,4.516,,,,,,,,0.16,,599000000,2025-10-31,quarterly,2.11,USD,pre-market,None,1669000000,0.0559,0.377,0.074,78.76,5700000000,8806000000,1070000000,235000000,360.12,346.14,14.0541,29807000000,16745000000,15481000000,25894000000,13062000000,10413000000,6651000000,3836000000,28.58,None,410.34,321.67
2025-12-28,AON,12.48,17028000000.0,28.58,None,0.833,36.89,,1269000000,600000000,600000000,,,,,,,,,2000000,243700000,None,8324000000,8324000000,1479000000,None,426000000,3323000000,None,None,277000000,,2.91,0.0082,,,,0.344,0.26,702000000,979000000,1.85,2019-03-31,18.76,8219000000,7962000000.0,6651000000,577000000,161000000,1077000000,1077000000,None,125000000,None,11756000000,None,None,5990000000,None,55000000,735000000,None,None,None,0.204,,5944000000,707000000,11862000000,11928000000,None,11412000000,None,,,,,1.577,9.66,4.516,,,,,,,,0.16,,606000000,2025-10-31,quarterly,2.11,USD,pre-market,None,2555000000,0.0559,0.377,0.074,78.76,5700000000,7685000000,667000000,134000000,360.12,346.14,14.0541,29135000000,15919000000,14537000000,24273000000,13216000000,9736000000,6651000000,4775000000,28.58,None,410.34,321.67
2025-12-28,AON,12.48,17028000000.0,28.58,None,0.833,36.89,,None,656000000,656000000,,,,,,,,,2000000,245000000,None,8324000000,8324000000,1943000000,None,1000000,2885000000,None,None,277000000,,2.91,0.0082,,,,0.344,0.26,702000000,979000000,1.85,2018-12-31,18.76,8171000000,7962000000.0,6651000000,577000000,161000000,1149000000,1149000000,None,125000000,None,10166000000,None,None,5993000000,None,54000000,735000000,None,None,None,0.204,,5944000000,707000000,10659000000,10768000000,None,1943000000,None,,,,,1.577,9.66,4.516,,,,,,,,0.16,,588000000,2025-10-31,quarterly,2.11,USD,pre-market,None,2093000000,0.0559,0.377,0.074,78.76,5700000000,6413000000,251000000,172000000,360.12,346.14,14.0541,26422000000,14372000000,13296000000,22203000000,12050000000,8907000000,6651000000,4151000000,28.58,None,410.34,321.67
2025-12-28,AON,12.48,17028000000.0,28.58,None,0.833,36.89,,None,484000000,484000000,,,,,,,,,2000000,245600000,None,8324000000,8324000000,1600000000,None,None,2863000000,None,None,277000000,,2.91,0.0082,,,,0.344,0.26,702000000,979000000,1.85,2018-09-30,18.76,8282000000,7962000000.0,6651000000,577000000,161000000,1260000000,1260000000,None,125000000,None,9671000000,None,None,5665000000,None,52000000,735000000,None,None,None,0.204,,5944000000,707000000,9834000000,10020000000,None,9314000000,None,,,,,1.577,9.66,4.516,,,,,,,,0.16,,594000000,2025-10-31,quarterly,2.11,USD,pre-market,None,2042000000,0.0559,0.377,0.074,78.76,5700000000,6563000000,741000000,167000000,360.12,346.14,14.0541,25602000000,13348000000,12643000000,21274000000,12254000000,8631000000,6651000000,4262000000,28.58,0,410.34,321.67
2025-12-28,AON,12.48,17028000000.0,28.58,None,0.833,36.89,,None,487000000,487000000,,,,,,,,,2000000,247400000,None,8324000000,8324000000,1447000000,None,6610000000,3174000000,None,None,277000000,,2.91,0.0082,,,,0.344,0.26,702000000,979000000,1.85,2018-06-30,18.76,8291000000,7962000000.0,6651000000,577000000,161000000,1363000000,1363000000,None,125000000,None,10859000000,None,None,5659000000,None,54000000,735000000,None,None,None,0.204,,5944000000,707000000,11026000000,11240000000,None,10476000000,None,,,,,1.577,9.66,4.516,,,,,,,,0.16,,575000000,2025-10-31,quarterly,2.11,USD,pre-market,None,2295000000,0.0559,0.377,0.074,78.76,5700000000,6610000000,799000000,173000000,360.12,346.14,14.0541,27217000000,14860000000,13843000000,22599000000,12357000000,8756000000,6651000000,4545000000,28.58,0,410.34,321.67
2025-12-28,AON,12.48,17028000000.0,28.58,None,0.833,36.89,,None,597000000,597000000,,,,,,,,,2000000,250200000,None,8324000000,8324000000,1545000000,None,6256000000,3177000000,None,None,277000000,,2.91,0.0082,,,,0.344,0.26,702000000,979000000,1.85,2018-03-31,18.76,8550000000,7962000000.0,6651000000,577000000,161000000,1662000000,1662000000,None,125000000,None,11120000000,None,None,5697000000,None,58000000,735000000,None,None,None,0.204,,5944000000,707000000,11223000000,11259000000,None,10738000000,None,,,,,1.577,9.66,4.516,,,,,,,,0.16,,578000000,2025-10-31,quarterly,2.11,USD,pre-market,None,2747000000,0.0559,0.377,0.074,78.76,5700000000,6256000000,403000000,118000000,360.12,346.14,14.0541,27847000000,15115000000,13658000000,22462000000,12732000000,8804000000,6651000000,5301000000,28.58,0,410.34,321.67
2025-12-28,AON,12.48,17028000000.0,28.58,None,0.833,36.89,,None,756000000,756000000,,,,,,,,,2000000,254500000,None,8324000000,8324000000,1961000000,None,299000000,2620000000,None,None,277000000,,2.91,0.0082,,,,0.344,0.26,702000000,979000000,1.85,2017-12-31,18.76,8358000000,7962000000.0,6651000000,577000000,161000000,1733000000,1733000000,None,125000000,None,9625000000,None,None,5667000000,None,57000000,735000000,None,None,None,0.204,,5944000000,707000000,9772000000,10045000000,None,1961000000,None,,,,,1.577,9.66,4.516,,,,,,,,0.16,,564000000,2025-10-31,quarterly,2.11,USD,pre-market,None,2302000000,0.0559,0.377,0.074,78.76,5700000000,6119000000,299000000,529000000,360.12,346.14,14.0541,26088000000,13677000000,12755000000,21440000000,12411000000,8685000000,6651000000,4583000000,28.58,0,410.34,321.67
2025-12-28,AON,12.48,17028000000.0,28.58,None,0.833,36.89,,None,749000000,749000000,,,,,,,,,3000000,257300000,None,8324000000,8324000000,1588000000,None,305000000,2400000000,None,None,277000000,,2.91,0.0082,,,,0.344,0.26,702000000,979000000,1.85,2017-09-30,18.76,7888000000,7962000000.0,6651000000,577000000,161000000,1341000000,1341000000,None,125000000,None,9450000000,None,None,5662000000,None,None,735000000,None,None,None,0.204,,5944000000,707000000,9478000000,9713000000,None,9292000000,None,,,,,1.577,9.66,4.516,,,,,,,,0.16,,545000000,2025-10-31,quarterly,2.11,USD,pre-market,None,2914000000,0.0559,0.377,0.074,78.76,5700000000,6112000000,305000000,1640000000,360.12,346.14,14.0541,25924000000,14267000000,12474000000,20677000000,11657000000,8203000000,6651000000,5175000000,28.58,0,410.34,321.67
2025-12-28,AON,12.48,17028000000.0,28.58,None,0.833,36.89,,None,684000000,684000000,,,,,,,,,3000000,262400000,None,8324000000,8324000000,1423000000,None,5923000000,2421000000,None,None,277000000,,2.91,0.0082,,,,0.344,0.26,702000000,979000000,1.85,2017-06-30,18.76,7745000000,7962000000.0,6651000000,577000000,161000000,1402000000,1402000000,None,125000000,None,9725000000,None,None,5631000000,None,None,735000000,None,None,None,0.204,,5944000000,707000000,9751000000,10029000000,None,9582000000,None,,,,,1.577,9.66,4.516,,,,,,,,0.16,,556000000,2025-10-31,quarterly,2.11,USD,pre-market,None,3574000000,0.0559,0.377,0.074,78.76,5700000000,6063000000,292000000,2746000000,360.12,346.14,14.0541,27189000000,15602000000,13375000000,21636000000,11587000000,8261000000,6651000000,5487000000,28.58,0,410.34,321.67
2025-12-28,AON,12.48,17028000000.0,28.58,None,0.833,36.89,,None,433000000,433000000,,,,,,,,,3000000,267000000,None,8324000000,8324000000,1332000000,None,667000000,2250000000,None,None,277000000,,2.91,0.0082,,,,0.344,0.26,702000000,979000000,1.85,2017-03-31,18.76,7544000000,7962000000.0,6651000000,577000000,161000000,1886000000,1886000000,None,125000000,None,12473000000,None,None,5610000000,None,None,735000000,None,None,None,0.204,,5944000000,707000000,12510000000,10576000000,None,9162000000,None,,,,,1.577,9.66,4.516,,,,,,,,0.16,,536000000,2025-10-31,quarterly,2.11,USD,pre-market,None,3934000000,0.0559,0.377,0.074,78.76,5700000000,6412000000,667000000,200000000,360.12,346.14,14.0541,26982000000,15393000000,12970000000,21156000000,11589000000,8186000000,6651000000,5754000000,28.58,0,410.34,321.67
2025-12-28,AON,12.48,17028000000.0,28.58,None,0.833,36.89,,None,431000000,431000000,,,,,,,,,3000000,268300000,None,8324000000,8324000000,1604000000,None,7000000,2206000000,None,None,277000000,,2.91,0.0082,,,,0.344,0.26,702000000,979000000,1.85,2016-12-31,18.76,8747000000,7962000000.0,6651000000,577000000,161000000,2223000000,2223000000,None,125000000,None,9485000000,None,None,5869000000,None,119000000,735000000,None,None,None,0.204,,5944000000,707000000,10224000000,10278000000,None,1801000000,None,,,,,1.577,9.66,4.516,,,,,,,,0.16,,765000000,2025-10-31,quarterly,2.11,USD,pre-market,None,3807000000,0.0559,0.377,0.074,78.76,5700000000,6341000000,336000000,290000000,360.12,346.14,14.0541,26615000000,13146000000,12495000000,21083000000,13469000000,8588000000,6651000000,5475000000,28.58,0,410.34,321.67
2025-12-28,AON,12.48,17028000000.0,28.58,None,0.833,36.89,,None,483000000,483000000,,,,,,,,,3000000,269600000,None,8324000000,8324000000,1477000000,None,6160000000,2560000000,None,None,277000000,,2.91,0.0082,,,,0.344,0.26,702000000,979000000,1.85,2016-09-30,18.76,8452000000,7962000000.0,6651000000,577000000,161000000,2038000000,2038000000,None,125000000,None,8952000000,None,None,5910000000,None,None,735000000,None,None,None,0.204,,5944000000,707000000,8965000000,9152000000,None,8710000000,None,,,,,1.577,9.66,4.516,,,,,,,,0.16,,738000000,2025-10-31,quarterly,2.11,USD,pre-market,None,3702000000,0.0559,0.377,0.074,78.76,5700000000,6329000000,250000000,463000000,360.12,346.14,14.0541,25252000000,12471000000,11366000000,19758000000,12781000000,8392000000,6651000000,5434000000,28.58,0,410.34,321.67
2025-12-28,AON,12.48,17028000000.0,28.58,None,0.833,36.89,,None,438000000,438000000,,,,,,,,,3000000,269800000,None,8324000000,8324000000,1373000000,None,251000000,2662000000,None,None,277000000,,2.91,0.0082,,,,0.344,0.26,702000000,979000000,1.85,2016-06-30,18.76,8473000000,7962000000.0,6651000000,577000000,161000000,2107000000,2107000000,None,125000000,None,10201000000,None,None,5907000000,None,None,735000000,None,None,None,0.204,,5944000000,707000000,10450000000,10573000000,None,10201000000,None,,,,,1.577,9.66,4.516,,,,,,,,0.16,,751000000,2025-10-31,quarterly,2.11,USD,pre-market,None,3784000000,0.0559,0.377,0.074,78.76,5700000000,6330000000,251000000,251000000,360.12,346.14,14.0541,26693000000,13801000000,12697000000,21132000000,12892000000,8435000000,6651000000,5499000000,28.58,0,410.34,321.67
2025-12-28,AON,12.48,17028000000.0,28.58,None,0.833,36.89,,None,465000000,465000000,,,,,,,,,3000000,273700000,None,8324000000,8324000000,1420000000,None,695000000,2713000000,None,None,277000000,,2.91,0.0082,,,,0.344,0.26,702000000,979000000,1.85,2016-03-31,18.76,8411000000,7962000000.0,6651000000,577000000,161000000,2108000000,2108000000,None,125000000,None,10268000000,None,None,5902000000,None,None,735000000,None,None,None,0.204,,5944000000,707000000,10276000000,10179000000,None,9776000000,None,,,,,1.577,9.66,4.516,,,,,,,,0.16,,766000000,2025-10-31,quarterly,2.11,USD,pre-market,None,3600000000,0.0559,0.377,0.074,78.76,5700000000,6765000000,695000000,587000000,360.12,346.14,14.0541,26813000000,14041000000,12793000000,21466000000,12772000000,8673000000,6651000000,5281000000,28.58,0,410.34,321.67
2025-12-28,AON,12.48,17028000000.0,28.58,None,0.833,36.89,,None,384000000,384000000,,,,,,,,,3000000,279300000,None,8324000000,8324000000,1772000000,None,512000000,2658000000,None,None,277000000,,2.91,0.0082,,,,0.344,0.26,702000000,979000000,1.85,2015-12-31,18.76,8448000000,7962000000.0,6651000000,577000000,161000000,2180000000,2180000000,None,125000000,None,9932000000,None,None,5175000000,None,135000000,735000000,None,None,None,0.204,,5944000000,707000000,10167000000,10263000000,None,9932000000,None,,,,,1.577,9.66,4.516,,,,,,,,0.16,,765000000,2025-10-31,quarterly,2.11,USD,pre-market,None,4117000000,0.0559,0.377,0.074,78.76,5700000000,5866000000,562000000,356000000,360.12,346.14,14.0541,27164000000,13972000000,13118000000,21001000000,13192000000,7883000000,6651000000,6106000000,28.58,0,410.34,321.67
2025-12-28,AON,12.48,17028000000.0,28.58,None,0.833,36.89,,None,398000000,398000000,,,,,,,,,3000000,283800000,None,8324000000,8324000000,1447000000,None,None,2697000000,None,None,277000000,,2.91,0.0082,,,,0.344,0.26,702000000,979000000,1.85,2015-09-30,18.76,8571000000,7962000000.0,6651000000,577000000,161000000,2257000000,2257000000,None,125000000,None,10426000000,None,None,4799000000,None,None,735000000,None,None,None,0.204,,5944000000,707000000,10440000000,10359000000,None,9956000000,None,,,,,1.577,9.66,4.516,,,,,,,,0.16,,785000000,2025-10-31,quarterly,2.11,USD,pre-market,None,4015000000,0.0559,0.377,0.074,78.76,5700000000,6280000000,1327000000,385000000,360.12,346.14,14.0541,27206000000,13920000000,13541000000,21264000000,13286000000,7723000000,6651000000,5883000000,28.58,0,410.34,321.67
2025-12-28,AON,12.48,17028000000.0,28.58,None,0.833,36.89,,None,367000000,367000000,,,,,,,,,3000000,286700000,None,8324000000,8324000000,1368000000,None,None,2904000000,None,None,277000000,,2.91,0.0082,,,,0.344,0.26,702000000,979000000,1.85,2015-06-30,18.76,8661000000,7962000000.0,6651000000,577000000,161000000,2350000000,2350000000,None,125000000,None,11874000000,None,None,4824000000,None,None,735000000,None,None,None,0.204,,5944000000,707000000,11900000000,11785000000,None,11389000000,None,,,,,1.577,9.66,4.516,,,,,,,,0.16,,782000000,2025-10-31,quarterly,2.11,USD,pre-market,None,4405000000,0.0559,0.377,0.074,78.76,5700000000,6228000000,1237000000,484000000,360.12,346.14,14.0541,29203000000,15655000000,14839000000,22747000000,13548000000,7908000000,6651000000,6398000000,28.58,0,410.34,321.67
2025-12-28,AON,12.48,17028000000.0,28.58,None,0.833,36.89,,None,378000000,378000000,,,,,,,,,3000000,287100000,None,8324000000,8324000000,1391000000,None,None,2890000000,None,None,277000000,,2.91,0.0082,,,,0.344,0.26,702000000,979000000,1.85,2015-03-31,18.76,8548000000,7962000000.0,6651000000,577000000,161000000,2410000000,2410000000,None,125000000,None,11366000000,None,None,4710000000,None,None,735000000,None,None,None,0.204,,5944000000,707000000,11388000000,11260000000,None,10894000000,None,,,,,1.577,9.66,4.516,,,,,,,,0.16,,754000000,2025-10-31,quarterly,2.11,USD,pre-market,None,4612000000,0.0559,0.377,0.074,78.76,5700000000,5848000000,966000000,343000000,360.12,346.14,14.0541,28389000000,14999000000,14116000000,21958000000,13390000000,7842000000,6651000000,6365000000,28.58,0,410.34,321.67
2025-12-28,AON,12.48,17028000000.0,28.58,None,0.833,36.89,,None,374000000,374000000,,,,,,,,,3000000,293400000,None,8324000000,8324000000,1805000000,None,615000000,2914000000,None,None,277000000,,2.91,0.0082,,,,0.344,0.26,702000000,979000000,1.85,2014-12-31,18.76,8860000000,7962000000.0,6651000000,577000000,161000000,2520000000,2520000000,None,125000000,None,11638000000,None,None,4799000000,None,143000000,735000000,None,None,None,0.204,,5944000000,707000000,12141000000,11952000000,None,11638000000,None,,,,,1.577,9.66,4.516,,,,,,,,0.16,,765000000,2025-10-31,quarterly,2.11,USD,pre-market,None,4605000000,0.0559,0.377,0.074,78.76,5700000000,5766000000,783000000,394000000,360.12,346.14,14.0541,29772000000,15823000000,15014000000,23141000000,13949000000,8127000000,6651000000,6571000000,28.58,0,410.34,321.67
2025-12-28,AON,12.48,17028000000.0,28.58,None,0.833,36.89,,None,382000000,382000000,,,,,,,,,3000000,296100000,None,8324000000,8324000000,1528000000,None,None,2888000000,None,None,277000000,,2.91,0.0082,,,,0.344,0.26,702000000,979000000,1.85,2014-09-30,18.76,9026000000,7962000000.0,6651000000,577000000,161000000,2612000000,2612000000,None,125000000,None,11236000000,None,None,4840000000,None,143000000,735000000,None,None,None,0.204,,5944000000,707000000,11268000000,11132000000,None,10815000000,None,,,,,1.577,9.66,4.516,,,,,,,,0.16,,760000000,2025-10-31,quarterly,2.11,USD,pre-market,None,4718000000,0.0559,0.377,0.074,78.76,5700000000,5691000000,660000000,217000000,360.12,346.14,14.0541,28827000000,14755000000,13856000000,21555000000,14072000000,7699000000,6651000000,7215000000,28.58,0,410.34,321.67
2025-12-28,AON,12.48,17028000000.0,28.58,None,0.833,36.89,,None,418000000,418000000,,,,,,,,,3000000,301600000,None,8324000000,8324000000,1456000000,None,None,3016000000,None,None,277000000,,2.91,0.0082,,,,0.344,0.26,702000000,979000000,1.85,2014-06-30,18.76,9099000000,7962000000.0,6651000000,577000000,161000000,2468000000,2468000000,None,125000000,None,13926000000,None,None,5155000000,None,138000000,735000000,None,None,None,0.204,,5944000000,707000000,13969000000,13230000000,None,12786000000,None,,,,,1.577,9.66,4.516,,,,,,,,0.16,,787000000,2025-10-31,quarterly,2.11,USD,pre-market,None,4982000000,0.0559,0.377,0.074,78.76,5700000000,6145000000,799000000,308000000,360.12,346.14,14.0541,31776000000,17711000000,16040000000,24017000000,14065000000,7977000000,6651000000,7700000000,28.58,0,410.34,321.67
2025-12-28,AON,12.48,17028000000.0,28.58,None,0.833,36.89,,None,338000000,338000000,,,,,,,,,3000000,307200000,None,8324000000,8324000000,1499000000,None,None,3010000000,None,None,277000000,,2.91,0.0082,,,,0.344,0.26,702000000,979000000,1.85,2014-03-31,18.76,9030000000,7962000000.0,6651000000,577000000,161000000,2500000000,2500000000,None,125000000,None,12038000000,None,None,3669000000,None,143000000,735000000,None,None,None,0.204,,5944000000,707000000,12485000000,12352000000,None,12038000000,None,,,,,1.577,9.66,4.516,,,,,,,,0.16,,785000000,2025-10-31,quarterly,2.11,USD,pre-market,None,5403000000,0.0559,0.377,0.074,78.76,5700000000,4947000000,1077000000,340000000,360.12,346.14,14.0541,30077000000,16173000000,15581000000,22071000000,13904000000,6490000000,6651000000,7946000000,28.58,0,410.34,321.67
2025-12-28,AON,12.48,17028000000.0,28.58,None,0.833,36.89,,None,477000000,477000000,,,,,,,,,3000000,311400000,None,8324000000,8324000000,1931000000,None,4389000000,3100000000,None,None,277000000,,2.91,0.0082,,,,0.344,0.26,702000000,979000000,1.85,2013-12-31,18.76,8997000000,7962000000.0,6651000000,577000000,161000000,2578000000,2578000000,None,125000000,None,11871000000,None,None,3686000000,None,132000000,735000000,None,None,None,0.204,,5944000000,707000000,12230000000,12118000000,None,11871000000,None,,,,,1.577,9.66,4.516,,,,,,,,0.16,,791000000,2025-10-31,quarterly,2.11,USD,pre-market,None,5731000000,0.0559,0.377,0.074,78.76,5700000000,4593000000,703000000,523000000,360.12,346.14,14.0541,30251000000,16330000000,15411000000,22056000000,13921000000,6645000000,6651000000,8145000000,28.58,0,410.34,321.67
2025-12-28,AON,12.48,17028000000.0,28.58,None,0.833,36.89,,None,369000000,369000000,,,,,,,,,3000000,312900000,None,8324000000,8324000000,1523000000,None,None,2666000000,None,None,277000000,,2.91,0.0082,,,,0.344,0.26,702000000,979000000,1.85,2013-09-30,18.76,8958000000,7962000000.0,6651000000,577000000,161000000,2657000000,2657000000,None,125000000,None,11698000000,None,None,3352000000,None,139000000,735000000,None,None,None,0.204,,5944000000,707000000,12182000000,12462000000,None,11698000000,None,,,,,1.577,9.66,4.516,,,,,,,,0.16,,803000000,2025-10-31,quarterly,2.11,USD,pre-market,None,5507000000,0.0559,0.377,0.074,78.76,5700000000,4558000000,1206000000,357000000,360.12,346.14,14.0541,29305000000,15574000000,15191000000,21715000000,13731000000,6524000000,6651000000,7534000000,28.58,0,410.34,321.67
2025-12-28,AON,12.48,17028000000.0,28.58,None,0.833,36.89,,None,266000000,266000000,,,,,,,,,3000000,317100000,None,8324000000,8324000000,1423000000,None,None,2838000000,None,None,277000000,,2.91,0.0082,,,,0.344,0.26,702000000,979000000,1.85,2013-06-30,18.76,8795000000,7962000000.0,6651000000,577000000,161000000,2736000000,2736000000,None,125000000,None,12576000000,None,None,4012000000,None,172000000,735000000,None,None,None,0.204,,5944000000,707000000,12982000000,13345000000,None,3237000000,None,,,,,1.577,9.66,4.516,,,,,,,,0.16,,808000000,2025-10-31,quarterly,2.11,USD,pre-market,None,5805000000,0.0559,0.377,0.074,78.76,5700000000,4439000000,427000000,307000000,360.12,346.14,14.0541,30062000000,16393000000,15195000000,22444000000,13669000000,7249000000,6651000000,7559000000,28.58,0,410.34,321.67
2025-12-28,AON,12.48,17028000000.0,28.58,None,0.833,36.89,,None,408000000,408000000,,,,,,,,,3000000,320000000,None,8324000000,8324000000,1440000000,None,None,2884000000,None,None,277000000,,2.91,0.0082,,,,0.344,0.26,702000000,979000000,1.85,2013-03-31,18.76,8786000000,7962000000.0,6651000000,577000000,161000000,2844000000,2844000000,None,125000000,None,12224000000,None,None,3770000000,None,152000000,735000000,None,None,None,0.204,,5944000000,707000000,12613000000,13019000000,None,3365000000,None,,,,,1.577,9.66,4.516,,,,,,,,0.16,,816000000,2025-10-31,quarterly,2.11,USD,pre-market,None,5844000000,0.0559,0.377,0.074,78.76,5700000000,4572000000,802000000,352000000,360.12,346.14,14.0541,30029000000,16257000000,15261000000,22396000000,13772000000,7135000000,6651000000,7579000000,28.58,0,410.34,321.67
2025-12-28,AON,12.48,17028000000.0,28.58,None,0.833,36.89,,None,291000000,291000000,,,,,,,,,3000000,327500000,None,8324000000,8324000000,1853000000,None,None,3170000000,None,None,277000000,,2.91,0.0082,,,,0.344,0.26,702000000,979000000,1.85,2012-12-31,18.76,8943000000,7962000000.0,6651000000,577000000,161000000,2975000000,2975000000,None,125000000,None,12214000000,None,None,3713000000,None,165000000,735000000,None,None,None,0.204,,5944000000,707000000,12575000000,12455000000,None,3312000000,None,,,,,1.577,9.66,4.516,,,,,,,,0.16,,820000000,2025-10-31,quarterly,2.11,USD,pre-market,None,5933000000,0.0559,0.377,0.074,78.76,5700000000,4380000000,114000000,346000000,360.12,346.14,14.0541,30486000000,16382000000,15012000000,22681000000,14104000000,7669000000,6651000000,7762000000,28.58,0,410.34,321.67
2025-12-28,AON,12.48,17028000000.0,28.58,None,0.833,36.89,,None,290000000,290000000,,,,,,,,,3000000,331000000,None,8324000000,8324000000,1519000000,None,None,2959000000,None,None,277000000,,2.91,0.0082,,,,0.344,0.26,702000000,979000000,1.85,2012-09-30,18.76,8856000000,7962000000.0,6651000000,577000000,161000000,3040000000,3040000000,None,125000000,None,0,None,None,4111000000,None,160000000,735000000,None,None,None,0.204,,5944000000,707000000,11735000000,12144000000,None,3083000000,None,,,,,1.577,9.66,4.516,,,,,,,,0.16,,814000000,2025-10-31,quarterly,2.11,USD,pre-market,None,6179000000,0.0559,0.377,0.074,78.76,5700000000,4402000000,291000000,718000000,360.12,346.14,14.0541,29509000000,15702000000,13954000000,21148000000,13807000000,7194000000,6651000000,8305000000,28.58,0,410.34,321.67
2025-12-28,AON,12.48,17028000000.0,28.58,None,0.833,36.89,,None,286000000,286000000,,,,,,,,,3000000,335600000,None,8324000000,8324000000,1339000000,None,None,3075000000,None,None,277000000,,2.91,0.0082,,,,0.344,0.26,702000000,979000000,1.85,2012-06-30,18.76,8713000000,7962000000.0,6651000000,577000000,161000000,3106000000,3106000000,None,125000000,None,0,None,None,4098000000,None,200000000,735000000,None,None,None,0.204,,5944000000,707000000,13179000000,14808000000,None,3299000000,None,,,,,1.577,9.66,4.516,,,,,,,,0.16,,797000000,2025-10-31,quarterly,2.11,USD,pre-market,None,6302000000,0.0559,0.377,0.074,78.76,5700000000,4490000000,392000000,516000000,360.12,346.14,14.0541,30807000000,17056000000,15200000000,22597000000,13751000000,7397000000,6651000000,8152000000,28.58,0,410.34,321.67
2025-12-28,AON,12.48,17028000000.0,28.58,None,0.833,36.89,,None,323000000,323000000,,,,,,,,,386000000,336600000,None,8324000000,8324000000,1432000000,None,None,3164000000,None,None,277000000,,2.91,0.0082,,,,0.344,0.26,702000000,979000000,1.85,2012-03-31,18.76,8896000000,7962000000.0,6651000000,577000000,161000000,3203000000,3203000000,None,125000000,None,0,None,None,4168000000,None,211000000,735000000,None,None,None,0.204,,5944000000,707000000,12210000000,13966000000,None,3435000000,None,,,,,1.577,9.66,4.516,,,,,,,,0.16,,808000000,2025-10-31,quarterly,2.11,USD,pre-market,None,8770000000,0.0559,0.377,0.074,78.76,5700000000,4454000000,286000000,510000000,360.12,346.14,14.0541,30271000000,16207000000,14252000000,21855000000,14064000000,7603000000,6651000000,8358000000,28.58,-2472000000,410.34,321.67
2025-12-28,AON,12.48,17028000000.0,28.58,None,0.833,36.89,,None,272000000,272000000,,,,,,,,,386000000,336600000,None,8324000000,8324000000,1832000000,None,None,3183000000,None,None,277000000,,2.91,0.0082,,,,0.344,0.26,702000000,979000000,1.85,2011-12-31,18.76,8770000000,7962000000.0,6651000000,577000000,161000000,3276000000,3276000000,None,125000000,None,0,None,None,4155000000,None,239000000,735000000,None,None,None,0.204,,5944000000,707000000,11265000000,11591000000,None,3216000000,None,,,,,1.577,9.66,4.516,,,,,,,,0.16,,783000000,2025-10-31,quarterly,2.11,USD,pre-market,None,8594000000,0.0559,0.377,0.074,78.76,5700000000,4492000000,337000000,785000000,360.12,346.14,14.0541,29552000000,15505000000,13760000000,21432000000,14047000000,7672000000,6651000000,8078000000,28.58,-2553000000,410.34,321.67
2025-12-28,AON,12.48,17028000000.0,28.58,None,0.833,36.89,,None,295000000,295000000,,,,,,,,,386000000,336900000,None,8324000000,8324000000,1611000000,None,None,2745000000,None,None,277000000,,2.91,0.0082,,,,0.344,0.26,702000000,979000000,1.85,2011-09-30,18.76,8835000000,7962000000.0,6651000000,577000000,161000000,3361000000,3361000000,None,125000000,None,0,None,None,4415000000,None,254000000,735000000,None,None,None,0.204,,5944000000,707000000,10853000000,12602000000,None,3286000000,None,,,,,1.577,9.66,4.516,,,,,,,,0.16,,773000000,2025-10-31,quarterly,2.11,USD,pre-market,None,8377000000,0.0559,0.377,0.074,78.76,5700000000,4578000000,163000000,607000000,360.12,346.14,14.0541,28745000000,14500000000,12765000000,20466000000,14245000000,7701000000,6651000000,8233000000,28.58,-2605000000,410.34,321.67
2025-12-28,AON,12.48,17028000000.0,28.58,None,0.833,36.89,,None,300000000,300000000,,,,,,,,,386000000,342700000,None,8324000000,8324000000,1557000000,None,None,2785000000,None,None,277000000,,2.91,0.0082,,,,0.344,0.26,702000000,979000000,1.85,2011-06-30,18.76,8975000000,7962000000.0,6651000000,577000000,161000000,3484000000,3484000000,None,125000000,None,0,None,None,4479000000,None,249000000,735000000,None,None,None,0.204,,5944000000,707000000,12331000000,13935000000,None,3565000000,None,,,,,1.577,9.66,4.516,,,,,,,,0.16,,798000000,2025-10-31,quarterly,2.11,USD,pre-market,None,8233000000,0.0559,0.377,0.074,78.76,5700000000,4531000000,52000000,515000000,360.12,346.14,14.0541,30496000000,15931000000,13987000000,22031000000,14565000000,8044000000,6651000000,8398000000,28.58,-2469000000,410.34,321.67
2025-12-28,AON,12.48,17028000000.0,28.58,None,0.833,36.89,,None,682000000,682000000,,,,,,,,,386000000,345400000,None,8324000000,8324000000,1544000000,None,None,2650000000,None,None,277000000,,2.91,0.0082,,,,0.344,0.26,702000000,979000000,1.85,2011-03-31,18.76,8895000000,7962000000.0,6651000000,577000000,161000000,3547000000,3547000000,None,125000000,None,0,None,None,4409000000,None,318000000,735000000,None,None,None,0.204,,5944000000,707000000,11290000000,12757000000,None,3647000000,None,,,,,1.577,9.66,4.516,,,,,,,,0.16,,791000000,2025-10-31,quarterly,2.11,USD,pre-market,None,8039000000,0.0559,0.377,0.074,78.76,5700000000,4911000000,502000000,589000000,360.12,346.14,14.0541,29802000000,15211000000,13259000000,21315000000,14591000000,8056000000,6651000000,8423000000,28.58,-2230000000,410.34,321.67
2025-12-28,AON,12.48,17028000000.0,28.58,None,0.833,36.89,,None,346000000,346000000,,,,,,,,,386000000,345400000,None,8324000000,8324000000,1810000000,None,None,2701000000,None,None,277000000,,2.91,0.0082,,,,0.344,0.26,702000000,979000000,1.85,2010-12-31,18.76,8647000000,7962000000.0,6651000000,577000000,161000000,3611000000,3611000000,None,125000000,None,0,None,None,4014000000,None,312000000,735000000,None,None,None,0.204,,5944000000,707000000,10687000000,12457000000,None,3050000000,None,,,,,1.577,9.66,4.516,,,,,,,,0.16,,781000000,2025-10-31,quarterly,2.11,USD,pre-market,None,7861000000,0.0559,0.377,0.074,78.76,5700000000,4506000000,492000000,785000000,360.12,346.14,14.0541,28982000000,14519000000,12949000000,20676000000,14463000000,7727000000,6651000000,8251000000,28.58,-2079000000,410.34,321.67
2025-12-28,AON,12.48,17028000000.0,28.58,None,0.833,36.89,,None,335000000,335000000,,,,,,,,,363000000,282200000,None,8324000000,8324000000,1281000000,None,None,2086000000,None,None,277000000,,2.91,0.0082,,,,0.344,0.26,702000000,979000000,1.85,2010-09-30,18.76,5976000000,7962000000.0,6651000000,577000000,161000000,754000000,754000000,None,125000000,None,0,None,None,3146000000,None,301000000,735000000,None,None,None,0.204,,5944000000,707000000,10077000000,8647000000,None,2549000000,None,,,,,1.577,9.66,4.516,,,,,,,,0.16,,468000000,2025-10-31,quarterly,2.11,USD,pre-market,None,7700000000,0.0559,0.377,0.074,78.76,5700000000,3756000000,610000000,2114000000,360.12,346.14,14.0541,23358000000,14612000000,11819000000,17514000000,8746000000,5695000000,6651000000,5792000000,28.58,-3665000000,410.34,321.67
2025-12-28,AON,12.48,17028000000.0,28.58,None,0.833,36.89,,None,260000000,260000000,,,,,,,,,363000000,282600000,None,8324000000,8324000000,1192000000,None,None,1994000000,None,None,277000000,,2.91,0.0082,,,,0.344,0.26,702000000,979000000,1.85,2010-06-30,18.76,5710000000,7962000000.0,6651000000,577000000,161000000,753000000,753000000,None,125000000,None,0,None,None,1601000000,None,301000000,735000000,None,None,None,0.204,,5944000000,707000000,12769000000,12576000000,None,2739000000,None,,,,,1.577,9.66,4.516,,,,,,,,0.16,,450000000,2025-10-31,quarterly,2.11,USD,pre-market,None,7605000000,0.0559,0.377,0.074,78.76,5700000000,1971000000,370000000,474000000,360.12,346.14,14.0541,23956000000,15497000000,14138000000,18478000000,8459000000,4340000000,6651000000,5428000000,28.58,-3713000000,410.34,321.67
2025-12-28,AON,12.48,17028000000.0,28.58,None,0.833,36.89,,None,422000000,422000000,,,,,,,,,363000000,283400000,None,8324000000,8324000000,1269000000,None,None,1983000000,None,None,277000000,,2.91,0.0082,,,,0.344,0.26,702000000,979000000,1.85,2010-03-31,18.76,5887000000,7962000000.0,6651000000,577000000,161000000,770000000,770000000,None,125000000,None,0,None,None,2013000000,None,308000000,735000000,None,None,None,0.204,,5944000000,707000000,11551000000,11423000000,None,2713000000,None,,,,,1.577,9.66,4.516,,,,,,,,0.16,,452000000,2025-10-31,quarterly,2.11,USD,pre-market,None,7500000000,0.0559,0.377,0.074,78.76,5700000000,2097000000,84000000,312000000,360.12,346.14,14.0541,22959000000,14268000000,12776000000,17502000000,8691000000,4726000000,6651000000,5402000000,28.58,-3725000000,410.34,321.67
2025-12-28,AON,12.48,17028000000.0,28.58,None,0.833,36.89,,None,217000000,217000000,,,,,,,,,363000000,283400000,None,8324000000,8324000000,1535000000,None,None,2052000000,None,None,277000000,,2.91,0.0082,,,,0.344,0.26,702000000,979000000,1.85,2009-12-31,18.76,6078000000,7962000000.0,6651000000,577000000,161000000,791000000,791000000,None,125000000,None,0,None,None,1998000000,None,319000000,735000000,None,None,None,0.204,,5944000000,707000000,11298000000,12630000000,None,2760000000,None,,,,,1.577,9.66,4.516,,,,,,,,0.16,,461000000,2025-10-31,quarterly,2.11,USD,pre-market,None,7335000000,0.0559,0.377,0.074,78.76,5700000000,2008000000,10000000,422000000,360.12,346.14,14.0541,22958000000,13989000000,12640000000,17527000000,8969000000,4887000000,6651000000,5379000000,28.58,-3859000000,410.34,321.67
2025-12-28,AON,12.48,17028000000.0,28.58,None,0.833,36.89,,None,580000000,580000000,,,,,,,,,363000000,292100000,None,8324000000,8324000000,1377000000,None,None,1844000000,None,None,277000000,,2.91,0.0082,,,,0.344,0.26,702000000,979000000,1.85,2009-09-30,18.76,5957000000,7962000000.0,6651000000,577000000,161000000,763000000,763000000,None,125000000,None,0,None,None,1998000000,None,297000000,735000000,None,None,None,0.204,,5944000000,707000000,9900000000,9828000000,None,2296000000,None,,,,,1.577,9.66,4.516,,,,,,,,0.16,,453000000,2025-10-31,quarterly,2.11,USD,pre-market,None,7189000000,0.0559,0.377,0.074,78.76,5700000000,2010000000,12000000,602000000,360.12,346.14,14.0541,21641000000,12926000000,11217000000,15511000000,8715000000,4294000000,6651000000,5990000000,28.58,-3556000000,410.34,321.67
2025-12-28,AON,12.48,17028000000.0,28.58,None,0.833,36.89,,None,537000000,537000000,,,,,,,,,363000000,289100000,None,8324000000,8324000000,1392000000,None,None,1937000000,None,None,277000000,,2.91,0.0082,,,,0.344,0.26,702000000,979000000,1.85,2009-06-30,18.76,5883000000,7962000000.0,6651000000,577000000,161000000,776000000,776000000,None,125000000,None,0,None,None,1249000000,None,296000000,735000000,None,None,None,0.204,,5944000000,707000000,12638000000,12786000000,None,2322000000,None,,,,,1.577,9.66,4.516,,,,,,,,0.16,,447000000,2025-10-31,quarterly,2.11,USD,pre-market,None,7132000000,0.0559,0.377,0.074,78.76,5700000000,1930000000,681000000,769000000,360.12,346.14,14.0541,24438000000,15881000000,14859000000,18430000000,8557000000,3571000000,6651000000,5866000000,28.58,-3535000000,410.34,321.67
2025-12-28,AON,12.48,17028000000.0,28.58,None,0.833,36.89,,None,501000000,501000000,,,,,,,,,363000000,292000000,None,8324000000,8324000000,1336000000,None,None,1795000000,None,None,277000000,,2.91,0.0082,,,,0.344,0.26,702000000,979000000,1.85,2009-03-31,18.76,5546000000,7962000000.0,6651000000,577000000,161000000,738000000,738000000,None,125000000,None,None,None,None,1848000000,None,None,735000000,None,None,None,0.204,,5944000000,707000000,11546000000,11671000000,None,None,None,,,,,1.577,9.66,4.516,,,,,,,,0.16,,430000000,2025-10-31,quarterly,2.11,USD,pre-market,None,7034000000,0.0559,0.377,0.074,78.76,5700000000,1952000000,104000000,1067000000,360.12,346.14,14.0541,23108000000,14909000000,13111000000,17446000000,8199000000,4335000000,6651000000,5553000000,28.58,-3456000000,410.34,321.67
2025-12-28,AON,12.48,17028000000.0,28.58,None,0.833,36.89,,None,582000000,582000000,,,,,,,,,362000000,288800000,None,8324000000,8324000000,1560000000,None,None,1990000000,None,None,277000000,,2.91,0.0082,,,,0.344,0.26,702000000,979000000,1.85,2008-12-31,18.76,5637000000,7962000000.0,6651000000,577000000,161000000,779000000,779000000,None,125000000,None,None,None,None,1872000000,None,None,735000000,None,None,None,0.204,,5944000000,707000000,11033000000,11138000000,None,None,None,,,,,1.577,9.66,4.516,,,,,,,,0.16,,451000000,2025-10-31,quarterly,2.11,USD,pre-market,None,6816000000,0.0559,0.377,0.074,78.76,5700000000,1977000000,105000000,921000000,360.12,346.14,14.0541,22940000000,14526000000,12803000000,17630000000,8414000000,4827000000,6651000000,5310000000,28.58,-3626000000,410.34,321.67
2025-12-28,AON,12.48,17028000000.0,28.58,None,0.833,36.89,,None,478000000,478000000,,,,,,,,,361000000,290300000,None,8324000000,8324000000,1180000000,None,None,1877000000,None,None,277000000,,2.91,0.0082,,,,0.344,0.26,702000000,979000000,1.85,2008-09-30,18.76,4882000000,7962000000.0,6651000000,577000000,161000000,222000000,222000000,None,125000000,None,None,None,None,1964000000,None,None,735000000,None,None,None,0.204,,5944000000,707000000,9354000000,9458000000,None,None,None,,,,,1.577,9.66,4.516,,,,,,,,0.16,,449000000,2025-10-31,quarterly,2.11,USD,pre-market,None,6868000000,0.0559,0.377,0.074,78.76,5700000000,1964000000,None,1977000000,360.12,346.14,14.0541,20718000000,13686000000,10638000000,14771000000,7032000000,4133000000,6651000000,5947000000,28.58,-3697000000,410.34,321.67
2025-12-28,AON,12.48,17028000000.0,28.58,None,0.833,36.89,,None,466000000,466000000,,,,,,,,,361000000,305300000,None,8324000000,8324000000,1207000000,None,None,2012000000,None,None,277000000,,2.91,0.0082,,,,0.344,0.26,702000000,979000000,1.85,2008-06-30,18.76,5137000000,7962000000.0,6651000000,577000000,161000000,245000000,245000000,None,125000000,None,None,None,None,2022000000,None,None,735000000,None,None,None,0.204,,5944000000,707000000,11587000000,12052000000,None,None,None,,,,,1.577,9.66,4.516,,,,,,,,0.16,,483000000,2025-10-31,quarterly,2.11,USD,pre-market,None,6807000000,0.0559,0.377,0.074,78.76,5700000000,2022000000,None,2566000000,360.12,346.14,14.0541,24075000000,16631000000,13259000000,17620000000,7444000000,4361000000,6651000000,6455000000,28.58,-3330000000,410.34,321.67
2025-12-28,AON,12.48,17028000000.0,28.58,None,0.833,36.89,,None,452000000,452000000,,,,,,,,,361000000,319800000,None,8324000000,8324000000,1206000000,None,None,1938000000,None,None,277000000,,2.91,0.0082,,,,0.344,0.26,702000000,979000000,1.85,2008-03-31,18.76,5175000000,7962000000.0,6651000000,577000000,161000000,239000000,239000000,None,125000000,None,None,None,None,1995000000,None,None,735000000,None,None,None,0.204,,5944000000,707000000,15442000000,14453000000,None,None,None,,,,,1.577,9.66,4.516,,,,,,,,0.16,,507000000,2025-10-31,quarterly,2.11,USD,pre-market,None,5767000000,0.0559,0.377,0.074,78.76,5700000000,2079000000,84000000,1187000000,360.12,346.14,14.0541,26507000000,19019000000,15743000000,20055000000,7488000000,4312000000,6651000000,6452000000,28.58,-2346000000,410.34,321.67
2025-12-28,AON,12.48,17028000000.0,28.58,None,0.833,36.89,,None,584000000,584000000,,,,,,,,,361000000,319800000,None,8324000000,8324000000,1413000000,None,None,1993000000,None,None,277000000,,2.91,0.0082,,,,0.344,0.26,702000000,979000000,1.85,2007-12-31,18.76,4935000000,7962000000.0,6651000000,577000000,161000000,204000000,204000000,None,125000000,None,4434000000,None,None,1893000000,None,None,735000000,None,None,None,0.204,,5944000000,707000000,9770000000,12841000000,None,None,None,,,,,1.577,9.66,4.516,,,,,,,,0.16,,498000000,2025-10-31,quarterly,2.11,USD,pre-market,None,5607000000,0.0559,0.377,0.074,78.76,5700000000,2145000000,252000000,5721000000,360.12,346.14,14.0541,24948000000,17973000000,14553000000,18727000000,6975000000,4174000000,6651000000,6221000000,28.58,-2085000000,410.34,321.67
2025-12-28,AON,12.48,17028000000.0,28.58,None,0.833,36.89,,None,321000000,321000000,,,,,,,,,350000000,321500000,None,8324000000,8324000000,10101000000,None,None,8296000000,None,None,277000000,,2.91,0.0082,,,,0.344,0.26,702000000,979000000,1.85,2007-09-30,18.76,4883000000,7962000000.0,6651000000,577000000,161000000,203000000,203000000,None,125000000,None,None,None,None,1994000000,None,None,735000000,None,None,None,0.204,,5944000000,707000000,None,-14000000,None,None,None,,,,,1.577,9.66,4.516,,,,,,,,0.16,,520000000,2025-10-31,quarterly,2.11,USD,pre-market,None,5452000000,0.0559,0.377,0.074,78.76,5700000000,2008000000,14000000,4096000000,360.12,346.14,14.0541,23823000000,12713000000,13943000000,18208000000,11110000000,4265000000,6651000000,5615000000,28.58,-2137000000,410.34,321.67
2025-12-28,AON,12.48,17028000000.0,28.58,None,0.833,36.89,,None,406000000,406000000,,,,,,,,,350000000,321900000,None,8324000000,8324000000,11221000000,None,None,9255000000,None,None,277000000,,2.91,0.0082,,,,0.344,0.26,702000000,979000000,1.85,2007-06-30,18.76,4739000000,7962000000.0,6651000000,577000000,161000000,202000000,202000000,None,125000000,None,None,None,None,2182000000,None,None,735000000,None,None,None,0.204,,5944000000,707000000,None,-4000000,None,None,None,,,,,1.577,9.66,4.516,,,,,,,,0.16,,526000000,2025-10-31,quarterly,2.11,USD,pre-market,None,5303000000,0.0559,0.377,0.074,78.76,5700000000,2186000000,4000000,4199000000,360.12,346.14,14.0541,24791000000,13860000000,15007000000,19447000000,10931000000,4440000000,6651000000,5344000000,28.58,-2085000000,410.34,321.67
2025-12-28,AON,12.48,17028000000.0,28.58,None,0.833,36.89,,None,351000000,351000000,,,,,,,,,347000000,324400000,None,8324000000,8324000000,11057000000,None,None,8972000000,None,None,277000000,,2.91,0.0082,,,,0.344,0.26,702000000,979000000,1.85,2007-03-31,18.76,4698000000,7962000000.0,6651000000,577000000,161000000,197000000,197000000,None,125000000,None,None,None,None,2072000000,None,None,735000000,None,None,None,0.204,,5944000000,707000000,None,-1000000,None,None,None,,,,,1.577,9.66,4.516,,,,,,,,0.16,,507000000,2025-10-31,quarterly,2.11,USD,pre-market,None,5141000000,0.0559,0.377,0.074,78.76,5700000000,2073000000,1000000,4314000000,360.12,346.14,14.0541,24591000000,13637000000,14891000000,19331000000,10954000000,4440000000,6651000000,5260000000,28.58,-1926000000,410.34,321.67
2025-12-28,AON,12.48,17028000000.0,28.58,None,0.833,36.89,,None,281000000,281000000,,,,,,,,,347000000,324400000,None,8324000000,8324000000,11184000000,None,None,8791000000,None,None,277000000,,2.91,0.0082,,,,0.344,0.26,702000000,979000000,1.85,2006-12-31,18.76,4532000000,7962000000.0,6651000000,577000000,161000000,147000000,147000000,None,125000000,None,None,None,None,1588000000,None,None,735000000,None,None,None,0.204,,5944000000,707000000,4236000000,3130000000,None,None,None,,,,,1.577,9.66,4.516,,,,,,,,0.16,,504000000,2025-10-31,quarterly,2.11,USD,pre-market,None,4992000000,0.0559,0.377,0.074,78.76,5700000000,2285000000,42000000,4335000000,360.12,346.14,14.0541,24318000000,17487000000,14356000000,19100000000,6831000000,4810000000,6651000000,5218000000,28.58,-1694000000,410.34,321.67
2025-12-28,AON,12.48,17028000000.0,28.58,None,0.833,36.89,,None,461000000,461000000,,,,,,,,,347000000,340100000,None,8324000000,8324000000,10800000000,None,None,8907000000,None,None,277000000,,2.91,0.0082,,,,0.344,0.26,702000000,979000000,1.85,2006-09-30,18.76,4410000000,7962000000.0,6651000000,577000000,161000000,136000000,136000000,None,125000000,None,None,None,None,2075000000,None,None,735000000,None,None,None,0.204,,5944000000,707000000,4275000000,-268000000,None,None,None,,,,,1.577,9.66,4.516,,,,,,,,0.16,,499000000,2025-10-31,quarterly,2.11,USD,pre-market,None,4897000000,0.0559,0.377,0.074,78.76,5700000000,2343000000,268000000,4044000000,360.12,346.14,14.0541,28683000000,17687000000,18739000000,23311000000,10996000000,4572000000,6651000000,5372000000,28.58,-1333000000,410.34,321.67
2025-12-28,AON,12.48,17028000000.0,28.58,None,0.833,36.89,,None,425000000,425000000,,,,,,,,,347000000,344800000,None,8324000000,8324000000,12595000000,None,None,10570000000,None,None,277000000,,2.91,0.0082,,,,0.344,0.26,702000000,979000000,1.85,2006-06-30,18.76,4390000000,7962000000.0,6651000000,577000000,161000000,136000000,136000000,None,125000000,None,None,None,None,2082000000,None,None,735000000,None,None,None,0.204,,5944000000,707000000,2455000000,-21000000,None,None,None,,,,,1.577,9.66,4.516,,,,,,,,0.16,,507000000,2025-10-31,quarterly,2.11,USD,pre-market,None,4843000000,0.0559,0.377,0.074,78.76,5700000000,2103000000,21000000,4536000000,360.12,346.14,14.0541,30103000000,17986000000,19728000000,24711000000,12117000000,4983000000,6651000000,5392000000,28.58,-1175000000,410.34,321.67
2025-12-28,AON,12.48,17028000000.0,28.58,None,0.833,36.89,,None,451000000,451000000,,,,,,,,,346000000,350200000,None,8324000000,8324000000,12013000000,None,None,9963000000,None,None,277000000,,2.91,0.0082,,,,0.344,0.26,702000000,979000000,1.85,2006-03-31,18.76,4423000000,7962000000.0,6651000000,577000000,161000000,110000000,110000000,None,125000000,None,None,None,None,2012000000,None,None,735000000,None,None,None,0.204,,5944000000,707000000,-1949000000,-4000000,None,None,None,,,,,1.577,9.66,4.516,,,,,,,,0.16,,524000000,2025-10-31,quarterly,2.11,USD,pre-market,None,4711000000,0.0559,0.377,0.074,78.76,5700000000,2016000000,4000000,5102000000,360.12,346.14,14.0541,28618000000,13567000000,18492000000,23310000000,15051000000,4818000000,6651000000,5308000000,28.58,-1000000000,410.34,321.67
2025-12-28,AON,12.48,17028000000.0,28.58,None,0.833,36.89,,None,476000000,476000000,,,,,,,,,344000000,350200000,None,8324000000,8324000000,11254000000,None,None,9697000000,None,None,277000000,,2.91,0.0082,,,,0.344,0.26,702000000,979000000,1.85,2005-12-31,18.76,4391000000,7962000000.0,6651000000,577000000,161000000,115000000,115000000,None,125000000,None,None,None,None,1512000000,None,None,735000000,None,None,None,0.204,,5944000000,707000000,2869000000,-7000000,None,None,None,,,,,1.577,9.66,4.516,,,,,,,,0.16,,537000000,2025-10-31,quarterly,2.11,USD,pre-market,None,4573000000,0.0559,0.377,0.074,78.76,5700000000,2112000000,7000000,4806000000,360.12,346.14,14.0541,27818000000,17848000000,18041000000,22515000000,9970000000,4474000000,6651000000,5303000000,28.58,-808000000,410.34,321.67
2025-12-28,AON,12.48,17028000000.0,28.58,None,0.833,36.89,,None,433000000,433000000,,,,,,,,,342000000,342700000,None,8324000000,8324000000,10899000000,None,None,8857000000,None,None,277000000,,2.91,0.0082,,,,0.344,0.26,702000000,979000000,1.85,2005-09-30,18.76,4428000000,7962000000.0,6651000000,577000000,161000000,118000000,118000000,None,125000000,None,None,None,None,1846000000,None,None,735000000,None,None,None,0.204,,5944000000,707000000,-506000000,-41000000,None,None,None,,,,,1.577,9.66,4.516,,,,,,,,0.16,,552000000,2025-10-31,quarterly,2.11,USD,pre-market,None,4397000000,0.0559,0.377,0.074,78.76,5700000000,1887000000,41000000,4594000000,360.12,346.14,14.0541,27215000000,13378000000,16890000000,21886000000,13837000000,4996000000,6651000000,5329000000,28.58,-783000000,410.34,321.67
2025-12-28,AON,12.48,17028000000.0,28.58,None,0.833,36.89,,876000000,1085000000,1085000000,,,,,,,,,2000000,212500000,None,8324000000,8324000000,2905000000,None,751000000,11093000000,None,None,277000000,,2.91,0.0082,,,,0.344,0.26,702000000,979000000,1.85,2024-12-31,18.76,15234000000,7962000000.0,6651000000,577000000,161000000,6743000000,6743000000,None,125000000,None,-135000000,None,None,16265000000,None,90000000,735000000,None,None,None,0.204,,5944000000,707000000,716000000,18608000000,None,168000000,None,,,,,1.577,9.66,4.516,,,,,,,,0.16,,1357000000,2025-10-31,annual,2.11,USD,pre-market,None,-2309000000,0.0559,0.377,0.074,78.76,5700000000,17892000000,942000000,10538000000,360.12,346.14,14.0541,48965000000,23432000000,22995000000,42535000000,25533000000,19540000000,6651000000,6121000000,28.58,None,410.34,321.67
2025-12-28,AON,12.48,17028000000.0,28.58,None,0.833,36.89,,833000000,778000000,778000000,,,,,,,,,2000000,205000000,None,8324000000,8324000000,2262000000,None,1204000000,3289000000,None,None,277000000,,2.91,0.0082,,,,0.344,0.26,702000000,979000000,1.85,2023-12-31,18.76,8414000000,7962000000.0,6651000000,577000000,161000000,234000000,234000000,None,125000000,None,None,None,None,9995000000,None,45000000,735000000,None,None,None,0.204,,5944000000,707000000,17268000000,17442000000,None,145000000,None,,,,,1.577,9.66,4.516,,,,,,,,0.16,,1314000000,2025-10-31,annual,2.11,USD,pre-market,None,-3399000000,0.0559,0.377,0.074,78.76,5700000000,12032000000,1386000000,369000000,360.12,346.14,14.0541,33959000000,21704000000,21651000000,34701000000,12255000000,13050000000,6651000000,-826000000,28.58,None,410.34,321.67
2025-12-28,AON,12.48,17028000000.0,28.58,None,0.833,36.89,,693000000,690000000,690000000,,,,,,,,,2000000,213200000,None,8324000000,8324000000,2114000000,None,945000000,3109000000,None,None,277000000,,2.91,0.0082,,,,0.344,0.26,702000000,979000000,1.85,2022-12-31,18.76,8292000000,7962000000.0,6651000000,577000000,161000000,447000000,447000000,None,125000000,None,15900000000,None,None,9825000000,None,60000000,735000000,None,None,None,0.204,,5944000000,707000000,16472000000,16618000000,None,1024000000,None,,,,,1.577,9.66,4.516,,,,,,,,0.16,,1257000000,2025-10-31,annual,2.11,USD,pre-market,None,-2772000000,0.0559,0.377,0.074,78.76,5700000000,11677000000,1131000000,452000000,360.12,346.14,14.0541,32704000000,20723000000,20306000000,33133000000,11981000000,12827000000,6651000000,-529000000,28.58,None,410.34,321.67
2025-12-28,AON,12.48,17028000000.0,28.58,None,0.833,36.89,,772000000,544000000,544000000,,,,,,,,,2000000,226100000,None,8324000000,8324000000,2192000000,None,1164000000,3147000000,None,None,277000000,,2.91,0.0082,,,,0.344,0.26,702000000,979000000,1.85,2021-12-31,18.76,8434000000,7962000000.0,6651000000,577000000,161000000,492000000,492000000,None,125000000,None,14386000000,None,None,8228000000,None,64000000,735000000,None,None,None,0.204,,5944000000,707000000,15049000000,15034000000,None,910000000,None,,,,,1.577,9.66,4.516,,,,,,,,0.16,,1315000000,2025-10-31,annual,2.11,USD,pre-market,None,-1694000000,0.0559,0.377,0.074,78.76,5700000000,10423000000,1377000000,292000000,360.12,346.14,14.0541,31928000000,19032000000,19073000000,30770000000,12896000000,11697000000,6651000000,1061000000,28.58,None,410.34,321.67
2025-12-28,AON,12.48,17028000000.0,28.58,None,0.833,36.89,,897000000,884000000,884000000,,,,,,,,,2000000,233100000,None,8324000000,8324000000,2016000000,None,448000000,3165000000,None,None,277000000,,2.91,0.0082,,,,0.344,0.26,702000000,979000000,1.85,2020-12-31,18.76,8666000000,7962000000.0,6651000000,577000000,161000000,640000000,640000000,None,125000000,None,13790000000,None,None,7281000000,None,74000000,735000000,None,None,None,0.204,,5944000000,707000000,14327000000,14359000000,None,1792000000,None,,,,,1.577,9.66,4.516,,,,,,,,0.16,,599000000,2025-10-31,annual,2.11,USD,pre-market,None,1042000000,0.0559,0.377,0.074,78.76,5700000000,8925000000,682000000,308000000,360.12,346.14,14.0541,32106000000,18676000000,17424000000,28523000000,13430000000,11099000000,6651000000,3495000000,28.58,None,410.34,321.67
2025-12-28,AON,12.48,17028000000.0,28.58,None,0.833,36.89,,1230000000,790000000,790000000,,,,,,,,,2000000,240600000,None,8324000000,8324000000,1939000000,None,712000000,3200000000,None,None,277000000,,2.91,0.0082,,,,0.344,0.26,702000000,979000000,1.85,2019-12-31,18.76,8165000000,7962000000.0,6651000000,577000000,161000000,783000000,783000000,None,125000000,None,11834000000,None,None,6627000000,None,53000000,735000000,None,None,None,0.204,,5944000000,707000000,12348000000,12347000000,None,11834000000,None,,,,,1.577,9.66,4.516,,,,,,,,0.16,,621000000,2025-10-31,annual,2.11,USD,pre-market,None,1254000000,0.0559,0.377,0.074,78.76,5700000000,8569000000,922000000,138000000,360.12,346.14,14.0541,29405000000,16476000000,15571000000,25956000000,12929000000,10385000000,6651000000,3375000000,28.58,None,410.34,321.67
2025-12-28,AON,12.48,17028000000.0,28.58,None,0.833,36.89,,169000000,656000000,656000000,,,,,,,,,2000000,247000000,None,8324000000,8324000000,1943000000,None,251000000,2885000000,None,None,277000000,,2.91,0.0082,,,,0.344,0.26,702000000,979000000,1.85,2018-12-31,18.76,8171000000,7962000000.0,6651000000,577000000,161000000,1149000000,1149000000,None,125000000,None,10166000000,None,None,5993000000,None,54000000,735000000,None,None,None,0.204,,5944000000,707000000,10659000000,10768000000,None,1943000000,None,,,,,1.577,9.66,4.516,,,,,,,,0.16,,588000000,2025-10-31,annual,2.11,USD,pre-market,None,2093000000,0.0559,0.377,0.074,78.76,5700000000,6413000000,251000000,172000000,360.12,346.14,14.0541,26422000000,14372000000,13296000000,22203000000,12050000000,8907000000,6651000000,4151000000,28.58,None,410.34,321.67
2025-12-28,AON,12.48,17028000000.0,28.58,None,0.833,36.89,,153000000,756000000,756000000,,,,,,,,,2000000,260700000,None,8324000000,8324000000,1961000000,None,299000000,2620000000,None,None,277000000,,2.91,0.0082,,,,0.344,0.26,702000000,979000000,1.85,2017-12-31,18.76,8358000000,7962000000.0,6651000000,577000000,161000000,1733000000,1733000000,None,125000000,None,9625000000,None,None,5667000000,None,57000000,735000000,None,None,None,0.204,,5944000000,707000000,9772000000,10045000000,None,1961000000,None,,,,,1.577,9.66,4.516,,,,,,,,0.16,,564000000,2025-10-31,annual,2.11,USD,pre-market,None,2302000000,0.0559,0.377,0.074,78.76,5700000000,6119000000,299000000,529000000,360.12,346.14,14.0541,26088000000,13677000000,12755000000,21440000000,12411000000,8685000000,6651000000,4583000000,28.58,0,410.34,321.67
2025-12-28,AON,12.48,17028000000.0,28.58,None,0.833,36.89,,169000000,431000000,431000000,,,,,,,,,3000000,270300000,None,8324000000,8324000000,1604000000,None,336000000,2206000000,None,None,277000000,,2.91,0.0082,,,,0.344,0.26,702000000,979000000,1.85,2016-12-31,18.76,8747000000,7962000000.0,6651000000,577000000,161000000,2223000000,2223000000,None,125000000,None,9485000000,None,None,5869000000,None,119000000,735000000,None,None,None,0.204,,5944000000,707000000,10224000000,10278000000,None,1801000000,None,,,,,1.577,9.66,4.516,,,,,,,,0.16,,765000000,2025-10-31,annual,2.11,USD,pre-market,None,3807000000,0.0559,0.377,0.074,78.76,5700000000,6341000000,336000000,290000000,360.12,346.14,14.0541,26615000000,13146000000,12495000000,21083000000,13469000000,8588000000,6651000000,5475000000,28.58,0,410.34,321.67
2025-12-28,AON,12.48,17028000000.0,28.58,None,0.833,36.89,,None,384000000,384000000,,,,,,,,,3000000,283800000,None,8324000000,8324000000,1772000000,None,512000000,2658000000,None,None,277000000,,2.91,0.0082,,,,0.344,0.26,702000000,979000000,1.85,2015-12-31,18.76,8448000000,7962000000.0,6651000000,577000000,161000000,2180000000,2180000000,None,125000000,None,9932000000,None,None,5175000000,None,135000000,735000000,None,None,None,0.204,,5944000000,707000000,10167000000,10263000000,None,9932000000,None,,,,,1.577,9.66,4.516,,,,,,,,0.16,,765000000,2025-10-31,annual,2.11,USD,pre-market,None,4117000000,0.0559,0.377,0.074,78.76,5700000000,5866000000,562000000,356000000,360.12,346.14,14.0541,27164000000,13972000000,13118000000,21001000000,13192000000,7883000000,6651000000,6106000000,28.58,0,410.34,321.67
2025-12-28,AON,12.48,17028000000.0,28.58,None,0.833,36.89,,None,374000000,374000000,,,,,,,,,3000000,299600000,None,8324000000,8324000000,1805000000,None,615000000,2914000000,None,None,277000000,,2.91,0.0082,,,,0.344,0.26,702000000,979000000,1.85,2014-12-31,18.76,8860000000,7962000000.0,6651000000,577000000,161000000,2520000000,2520000000,None,125000000,None,11638000000,None,None,4799000000,None,143000000,735000000,None,None,None,0.204,,5944000000,707000000,12141000000,11952000000,None,11638000000,None,,,,,1.577,9.66,4.516,,,,,,,,0.16,,765000000,2025-10-31,annual,2.11,USD,pre-market,None,4605000000,0.0559,0.377,0.074,78.76,5700000000,5766000000,783000000,394000000,360.12,346.14,14.0541,29772000000,15823000000,15014000000,23141000000,13949000000,8127000000,6651000000,6571000000,28.58,0,410.34,321.67
2025-12-28,AON,12.48,17028000000.0,28.58,None,0.833,36.89,,None,477000000,477000000,,,,,,,,,3000000,315400000,None,8324000000,8324000000,1931000000,None,4389000000,3100000000,None,None,277000000,,2.91,0.0082,,,,0.344,0.26,702000000,979000000,1.85,2013-12-31,18.76,8997000000,7962000000.0,6651000000,577000000,161000000,2578000000,2578000000,None,125000000,None,11871000000,None,None,3686000000,None,132000000,735000000,None,None,None,0.204,,5944000000,707000000,12230000000,12118000000,None,11871000000,None,,,,,1.577,9.66,4.516,,,,,,,,0.16,,791000000,2025-10-31,annual,2.11,USD,pre-market,None,5731000000,0.0559,0.377,0.074,78.76,5700000000,4593000000,703000000,523000000,360.12,346.14,14.0541,30251000000,16330000000,15411000000,22056000000,13921000000,6645000000,6651000000,8145000000,28.58,0,410.34,321.67
2025-12-28,AON,12.48,17028000000.0,28.58,None,0.833,36.89,,None,291000000,291000000,,,,,,,,,3000000,332600000,None,8324000000,8324000000,1853000000,None,None,3170000000,None,None,277000000,,2.91,0.0082,,,,0.344,0.26,702000000,979000000,1.85,2012-12-31,18.76,8943000000,7962000000.0,6651000000,577000000,161000000,2975000000,2975000000,None,125000000,None,12214000000,None,None,3713000000,None,165000000,735000000,None,None,None,0.204,,5944000000,707000000,12575000000,12610000000,None,3312000000,None,,,,,1.577,9.66,4.516,,,,,,,,0.16,,820000000,2025-10-31,annual,2.11,USD,pre-market,None,5933000000,0.0559,0.377,0.074,78.76,5700000000,4380000000,452000000,346000000,360.12,346.14,14.0541,30486000000,16382000000,15012000000,22681000000,14104000000,7669000000,6651000000,7762000000,28.58,0,410.34,321.67
2025-12-28,AON,12.48,17028000000.0,28.58,None,0.833,36.89,,None,272000000,272000000,,,,,,,,,386000000,340900000,None,8324000000,8324000000,1832000000,None,None,3183000000,None,None,277000000,,2.91,0.0082,,,,0.344,0.26,702000000,979000000,1.85,2011-12-31,18.76,8770000000,7962000000.0,6651000000,577000000,161000000,3276000000,3276000000,None,125000000,None,0,None,None,4155000000,None,239000000,735000000,None,None,None,0.204,,5944000000,707000000,11265000000,11591000000,None,3216000000,None,,,,,1.577,9.66,4.516,,,,,,,,0.16,,783000000,2025-10-31,annual,2.11,USD,pre-market,None,8594000000,0.0559,0.377,0.074,78.76,5700000000,4492000000,337000000,785000000,360.12,346.14,14.0541,29552000000,15505000000,13760000000,21432000000,14047000000,7672000000,6651000000,8078000000,28.58,-2553000000,410.34,321.67
2025-12-28,AON,12.48,17028000000.0,28.58,None,0.833,36.89,,None,346000000,346000000,,,,,,,,,386000000,298100000,None,8324000000,8324000000,1810000000,None,None,2701000000,None,None,277000000,,2.91,0.0082,,,,0.344,0.26,702000000,979000000,1.85,2010-12-31,18.76,8647000000,7962000000.0,6651000000,577000000,161000000,3611000000,3611000000,None,125000000,None,0,None,None,4014000000,None,312000000,735000000,None,None,None,0.204,,5944000000,707000000,10687000000,12457000000,None,3050000000,None,,,,,1.577,9.66,4.516,,,,,,,,0.16,,781000000,2025-10-31,annual,2.11,USD,pre-market,None,7861000000,0.0559,0.377,0.074,78.76,5700000000,4506000000,492000000,785000000,360.12,346.14,14.0541,28982000000,14519000000,12949000000,20676000000,14463000000,7727000000,6651000000,8251000000,28.58,-2079000000,410.34,321.67
2025-12-28,AON,12.48,17028000000.0,28.58,None,0.833,36.89,,None,217000000,217000000,,,,,,,,,363000000,291100000,None,8324000000,8324000000,1535000000,None,None,2052000000,None,None,277000000,,2.91,0.0082,,,,0.344,0.26,702000000,979000000,1.85,2009-12-31,18.76,6078000000,7962000000.0,6651000000,577000000,161000000,791000000,791000000,None,125000000,None,0,None,None,1998000000,None,319000000,735000000,None,None,None,0.204,,5944000000,707000000,11298000000,11095000000,None,2760000000,None,,,,,1.577,9.66,4.516,,,,,,,,0.16,,461000000,2025-10-31,annual,2.11,USD,pre-market,None,7335000000,0.0559,0.377,0.074,78.76,5700000000,2008000000,10000000,422000000,360.12,346.14,14.0541,22958000000,13989000000,12640000000,17527000000,8969000000,4887000000,6651000000,5379000000,28.58,-3859000000,410.34,321.67
2025-12-28,AON,12.48,17028000000.0,28.58,None,0.833,36.89,,None,657000000,657000000,,,,,,,,,362000000,300900000,None,8324000000,8324000000,1560000000,None,None,1990000000,None,None,277000000,,2.91,0.0082,,,,0.344,0.26,702000000,979000000,1.85,2008-12-31,18.76,5637000000,7962000000.0,6651000000,577000000,161000000,779000000,779000000,None,125000000,None,None,None,None,1872000000,None,None,735000000,None,None,None,0.204,,5944000000,707000000,11033000000,11138000000,None,None,None,,,,,1.577,9.66,4.516,,,,,,,,0.16,,451000000,2025-10-31,annual,2.11,USD,pre-market,None,6816000000,0.0559,0.377,0.074,78.76,5700000000,1977000000,105000000,921000000,360.12,346.14,14.0541,23172000000,14623000000,12899000000,17858000000,8549000000,4959000000,6651000000,5314000000,28.58,-3626000000,410.34,321.67
2025-12-28,AON,12.48,17028000000.0,28.58,None,0.833,36.89,,None,584000000,584000000,,,,,,,,,361000000,323000000,None,8324000000,8324000000,1413000000,None,None,1993000000,None,None,277000000,,2.91,0.0082,,,,0.344,0.26,702000000,979000000,1.85,2007-12-31,18.76,4935000000,7962000000.0,6651000000,577000000,161000000,204000000,204000000,None,125000000,None,4434000000,None,None,1893000000,None,None,735000000,None,None,None,0.204,,5944000000,707000000,9770000000,12841000000,None,None,None,,,,,1.577,9.66,4.516,,,,,,,,0.16,,498000000,2025-10-31,annual,2.11,USD,pre-market,None,5607000000,0.0559,0.377,0.074,78.76,5700000000,2145000000,252000000,5721000000,360.12,346.14,14.0541,24948000000,17973000000,14553000000,18727000000,6975000000,4174000000,6651000000,6221000000,28.58,-2085000000,410.34,321.67
2025-12-28,AON,12.48,17028000000.0,28.58,None,0.833,36.89,,None,281000000,281000000,,,,,,,,,347000000,342100000,None,8324000000,8324000000,11184000000,None,None,8791000000,None,None,277000000,,2.91,0.0082,,,,0.344,0.26,702000000,979000000,1.85,2006-12-31,18.76,4532000000,7962000000.0,6651000000,577000000,161000000,147000000,147000000,None,125000000,None,None,None,None,2243000000,None,None,735000000,None,None,None,0.204,,5944000000,707000000,4236000000,3130000000,None,None,None,,,,,1.577,9.66,4.516,,,,,,,,0.16,,504000000,2025-10-31,annual,2.11,USD,pre-market,None,4992000000,0.0559,0.377,0.074,78.76,5700000000,2285000000,292000000,4335000000,360.12,346.14,14.0541,24318000000,13527000000,15392000000,19100000000,10791000000,3708000000,6651000000,5218000000,28.58,-1694000000,410.34,321.67
2025-12-28,AON,12.48,17028000000.0,28.58,None,0.833,36.89,,None,476000000,476000000,,,,,,,,,344000000,341500000,None,8324000000,8324000000,11254000000,None,None,9697000000,None,None,277000000,,2.91,0.0082,,,,0.344,0.26,702000000,979000000,1.85,2005-12-31,18.76,4391000000,7962000000.0,6651000000,577000000,161000000,115000000,115000000,None,125000000,None,None,None,None,1512000000,None,None,735000000,None,None,None,0.204,,5944000000,707000000,-1992000000,-7000000,None,None,None,,,,,1.577,9.66,4.516,,,,,,,,0.16,,537000000,2025-10-31,annual,2.11,USD,pre-market,None,4573000000,0.0559,0.377,0.074,78.76,5700000000,2112000000,7000000,4806000000,360.12,346.14,14.0541,27818000000,12987000000,18913000000,22515000000,14831000000,3602000000,6651000000,5303000000,28.58,-808000000,410.34,321.67
2025-12-28,AON,12.48,17028000000.0,28.58,None,0.833,36.89,69000000,None,476000000,476000000,-768000000,-94000000,None,None,None,None,None,None,344000000,341500000,None,8324000000,8324000000,11254000000,None,None,9697000000,None,None,277000000,240000000,2.91,0.0082,160000000,160000000,None,0.344,0.26,702000000,979000000,1.85,2025-09-30,18.76,4391000000,7962000000.0,6651000000,577000000,161000000,115000000,115000000,None,125000000,None,None,None,None,1512000000,None,None,470000000,None,None,None,0.204,1148000000,5944000000,707000000,-1992000000,-7000000,None,None,None,None,None,None,None,1.577,9.66,4.516,None,None,None,None,None,-250000000,None,0.16,None,537000000,2025-10-31,quarterly,2.11,USD,pre-market,None,4573000000,0.0559,0.377,0.074,78.76,5700000000,2112000000,7000000,4806000000,360.12,346.14,14.0541,27818000000,12987000000,18913000000,22515000000,14831000000,3602000000,6651000000,5303000000,28.58,-808000000,410.34,321.67
2025-12-28,AON,12.48,17028000000.0,28.58,None,0.833,36.89,64000000,None,476000000,476000000,-24000000,24000000,None,None,None,None,None,None,344000000,341500000,None,8324000000,8324000000,11254000000,None,None,9697000000,None,None,277000000,248000000,2.91,0.0082,161000000,161000000,None,0.344,0.26,702000000,979000000,1.85,2025-06-30,18.76,4391000000,7962000000.0,6651000000,577000000,161000000,115000000,115000000,None,125000000,None,None,None,None,1512000000,None,None,594000000,None,None,None,0.204,796000000,5944000000,707000000,-1992000000,-7000000,None,None,None,None,None,None,None,1.577,9.66,4.516,None,None,None,None,None,-250000000,None,0.16,None,537000000,2025-10-31,quarterly,2.11,USD,pre-market,None,4573000000,0.0559,0.377,0.074,78.76,5700000000,2112000000,7000000,4806000000,360.12,346.14,14.0541,27818000000,12987000000,18913000000,22515000000,14831000000,3602000000,6651000000,5303000000,28.58,-808000000,410.34,321.67
2025-12-28,AON,12.48,17028000000.0,28.58,None,0.833,36.89,56000000,None,476000000,476000000,-349000000,-292000000,None,None,None,None,None,None,344000000,341500000,None,8324000000,8324000000,11254000000,None,None,9697000000,None,None,277000000,245000000,2.91,0.0082,147000000,147000000,None,0.344,0.26,702000000,979000000,1.85,2025-03-31,18.76,4391000000,7962000000.0,6651000000,577000000,161000000,115000000,115000000,None,125000000,None,None,None,None,1512000000,None,None,982000000,None,None,None,0.204,140000000,5944000000,707000000,-1992000000,-7000000,None,None,None,None,None,None,None,1.577,9.66,4.516,None,None,None,None,None,-250000000,None,0.16,None,537000000,2025-10-31,quarterly,2.11,USD,pre-market,None,4573000000,0.0559,0.377,0.074,78.76,5700000000,2112000000,7000000,4806000000,360.12,346.14,14.0541,27818000000,12987000000,18913000000,22515000000,14831000000,3602000000,6651000000,5303000000,28.58,-808000000,410.34,321.67
2025-12-28,AON,12.48,17028000000.0,28.58,None,0.833,36.89,55000000,None,476000000,476000000,-769000000,-577000000,None,None,None,None,None,None,344000000,341500000,None,8324000000,8324000000,11254000000,None,None,9697000000,None,None,277000000,232000000,2.91,0.0082,146000000,146000000,None,0.344,0.26,702000000,979000000,1.85,2024-12-31,18.76,4391000000,7962000000.0,6651000000,577000000,161000000,115000000,115000000,None,125000000,None,None,None,None,1512000000,None,None,734000000,None,None,None,0.204,1200000000,5944000000,707000000,-1992000000,-7000000,None,None,None,None,None,None,None,1.577,9.66,4.516,None,None,None,None,None,-200000000,None,0.16,None,537000000,2025-10-31,quarterly,2.11,USD,pre-market,None,4573000000,0.0559,0.377,0.074,78.76,5700000000,2112000000,7000000,4806000000,360.12,346.14,14.0541,27818000000,12987000000,18913000000,22515000000,14831000000,3602000000,6651000000,5303000000,28.58,-808000000,410.34,321.67
2025-12-28,AON,12.48,17028000000.0,28.58,None,0.833,36.89,62000000,None,476000000,476000000,-699000000,29000000,None,None,None,None,None,None,344000000,341500000,None,8324000000,8324000000,11254000000,None,None,9697000000,None,None,277000000,221000000,2.91,0.0082,147000000,147000000,None,0.344,0.26,702000000,979000000,1.85,2024-09-30,18.76,4391000000,7962000000.0,6651000000,577000000,161000000,115000000,115000000,None,125000000,None,None,None,None,1512000000,None,None,355000000,None,None,None,0.204,1013000000,5944000000,707000000,-1992000000,-7000000,None,None,None,None,None,None,None,1.577,9.66,4.516,None,None,None,None,None,-300000000,None,0.16,None,537000000,2025-10-31,quarterly,2.11,USD,pre-market,None,4573000000,0.0559,0.377,0.074,78.76,5700000000,2112000000,7000000,4806000000,360.12,346.14,14.0541,27818000000,12987000000,18913000000,22515000000,14831000000,3602000000,6651000000,5303000000,28.58,-808000000,410.34,321.67
2025-12-28,AON,12.48,17028000000.0,28.58,None,0.833,36.89,53000000,None,476000000,476000000,-2997000000,2676000000,None,None,None,None,None,None,344000000,341500000,None,8324000000,8324000000,11254000000,None,None,9697000000,None,None,277000000,173000000,2.91,0.0082,146000000,146000000,None,0.344,0.26,702000000,979000000,1.85,2024-06-30,18.76,4391000000,7962000000.0,6651000000,577000000,161000000,115000000,115000000,None,125000000,None,None,None,None,1512000000,None,None,524000000,None,None,None,0.204,513000000,5944000000,707000000,-1992000000,-7000000,None,None,None,None,None,None,None,1.577,9.66,4.516,None,None,None,None,None,-250000000,None,0.16,None,537000000,2025-10-31,quarterly,2.11,USD,pre-market,None,4573000000,0.0559,0.377,0.074,78.76,5700000000,2112000000,7000000,4806000000,360.12,346.14,14.0541,27818000000,12987000000,18913000000,22515000000,14831000000,3602000000,6651000000,5303000000,28.58,-808000000,410.34,321.67
2025-12-28,AON,12.48,17028000000.0,28.58,None,0.833,36.89,48000000,None,476000000,476000000,5261000000,-4961000000,None,None,None,None,None,None,344000000,341500000,None,8324000000,8324000000,11254000000,None,None,9697000000,None,None,277000000,60000000,2.91,0.0082,123000000,123000000,None,0.344,0.26,702000000,979000000,1.85,2024-03-31,18.76,4391000000,7962000000.0,6651000000,577000000,161000000,115000000,115000000,None,125000000,None,None,None,None,1512000000,None,None,1071000000,None,None,None,0.204,309000000,5944000000,707000000,-1992000000,-7000000,None,None,None,None,None,None,None,1.577,9.66,4.516,None,None,None,None,None,-250000000,None,0.16,None,537000000,2025-10-31,quarterly,2.11,USD,pre-market,None,4573000000,0.0559,0.377,0.074,78.76,5700000000,2112000000,7000000,4806000000,360.12,346.14,14.0541,27818000000,12987000000,18913000000,22515000000,14831000000,3602000000,6651000000,5303000000,28.58,-808000000,410.34,321.67
2025-12-28,AON,12.48,17028000000.0,28.58,None,0.833,36.89,49000000,None,476000000,476000000,-1664000000,-240000000,None,None,None,None,None,None,344000000,341500000,None,8324000000,8324000000,11254000000,None,None,9697000000,None,None,277000000,67000000,2.91,0.0082,123000000,123000000,None,0.344,0.26,702000000,979000000,1.85,2023-12-31,18.76,4391000000,7962000000.0,6651000000,577000000,161000000,115000000,115000000,None,125000000,None,None,None,None,1512000000,None,None,498000000,None,None,None,0.204,1261000000,5944000000,707000000,-1992000000,-7000000,None,None,None,None,None,None,None,1.577,9.66,4.516,None,None,None,None,None,-750000000,None,0.16,None,537000000,2025-10-31,quarterly,2.11,USD,pre-market,None,4573000000,0.0559,0.377,0.074,78.76,5700000000,2112000000,7000000,4806000000,360.12,346.14,14.0541,27818000000,12987000000,18913000000,22515000000,14831000000,3602000000,6651000000,5303000000,28.58,-808000000,410.34,321.67
2025-12-28,AON,12.48,17028000000.0,28.58,None,0.833,36.89,58000000,None,476000000,476000000,-1162000000,52000000,None,None,-572000000,None,None,None,344000000,341500000,None,8324000000,8324000000,11254000000,None,None,9697000000,None,None,277000000,62000000,2.91,0.0082,125000000,125000000,None,0.344,0.26,702000000,979000000,1.85,2023-09-30,18.76,4391000000,7962000000.0,6651000000,577000000,161000000,115000000,115000000,None,125000000,None,None,None,None,1512000000,None,None,467000000,None,None,None,0.204,1043000000,5944000000,707000000,-1992000000,-7000000,None,None,None,None,None,None,None,1.577,9.66,4.516,None,None,None,None,None,-850000000,None,0.16,None,537000000,2025-10-31,quarterly,2.11,USD,pre-market,None,4573000000,0.0559,0.377,0.074,78.76,5700000000,2112000000,7000000,4806000000,360.12,346.14,14.0541,27818000000,12987000000,18913000000,22515000000,14831000000,3602000000,6651000000,5303000000,28.58,-808000000,410.34,321.67
2025-12-28,AON,12.48,17028000000.0,28.58,None,0.833,36.89,69000000,None,476000000,476000000,-443000000,-77000000,168000000,None,112000000,None,None,-40000000,344000000,341500000,None,8324000000,8324000000,11254000000,None,None,9697000000,None,None,277000000,64000000,2.91,0.0082,126000000,126000000,None,0.344,0.26,702000000,979000000,1.85,2023-06-30,18.76,4391000000,7962000000.0,6651000000,577000000,161000000,115000000,115000000,None,125000000,None,None,None,None,1512000000,None,None,575000000,None,None,None,0.204,688000000,5944000000,707000000,-1992000000,-7000000,None,None,None,None,None,None,None,1.577,9.66,4.516,None,None,None,None,None,-550000000,None,0.16,None,537000000,2025-10-31,quarterly,2.11,USD,pre-market,None,4573000000,0.0559,0.377,0.074,78.76,5700000000,2112000000,7000000,4806000000,360.12,346.14,14.0541,27818000000,12987000000,18913000000,22515000000,14831000000,3602000000,6651000000,5303000000,28.58,-808000000,410.34,321.67
2025-12-28,AON,12.48,17028000000.0,28.58,None,0.833,36.89,76000000,None,476000000,476000000,404000000,205000000,1052000000,None,664000000,None,None,-664000000,344000000,341500000,None,8324000000,8324000000,11254000000,None,None,9697000000,None,None,277000000,63000000,2.91,0.0082,115000000,115000000,None,0.344,0.26,702000000,979000000,1.85,2023-03-31,18.76,4391000000,7962000000.0,6651000000,577000000,161000000,115000000,115000000,None,125000000,None,None,None,None,1512000000,None,None,1079000000,None,None,None,0.204,443000000,5944000000,707000000,-1992000000,-7000000,None,None,None,None,None,None,None,1.577,9.66,4.516,None,None,None,None,None,-550000000,None,0.16,None,537000000,2025-10-31,quarterly,2.11,USD,pre-market,None,4573000000,0.0559,0.377,0.074,78.76,5700000000,2112000000,7000000,4806000000,360.12,346.14,14.0541,27818000000,12987000000,18913000000,22515000000,14831000000,3602000000,6651000000,5303000000,28.58,-808000000,410.34,321.67
2025-12-28,AON,12.48,17028000000.0,28.58,None,0.833,36.89,70000000,None,476000000,476000000,-1451000000,-449000000,-649000000,None,-50000000,None,None,50000000,344000000,341500000,None,8324000000,8324000000,11254000000,None,None,9697000000,None,None,277000000,62000000,2.91,0.0082,116000000,116000000,None,0.344,0.26,702000000,979000000,1.85,2022-12-31,18.76,4391000000,7962000000.0,6651000000,577000000,161000000,115000000,115000000,None,125000000,None,None,None,None,1512000000,None,None,666000000,None,None,None,0.204,1042000000,5944000000,707000000,-1992000000,-7000000,None,None,None,None,None,None,None,1.577,9.66,4.516,None,None,None,None,None,-675000000,None,0.16,None,537000000,2025-10-31,quarterly,2.11,USD,pre-market,None,4573000000,0.0559,0.377,0.074,78.76,5700000000,2112000000,7000000,4806000000,360.12,346.14,14.0541,27818000000,12987000000,18913000000,22515000000,14831000000,3602000000,6651000000,5303000000,28.58,-808000000,410.34,321.67
2025-12-28,AON,12.48,17028000000.0,28.58,None,0.833,36.89,58000000,None,476000000,476000000,-302000000,-84000000,660000000,None,-681000000,None,None,528000000,344000000,341500000,None,8324000000,8324000000,11254000000,None,None,9697000000,None,None,277000000,71000000,2.91,0.0082,118000000,118000000,None,0.344,0.26,702000000,979000000,1.85,2022-09-30,18.76,4391000000,7962000000.0,6651000000,577000000,161000000,115000000,115000000,None,125000000,None,None,None,None,1512000000,None,None,418000000,None,None,None,0.204,1046000000,5944000000,707000000,-1992000000,-7000000,None,None,None,None,None,None,None,1.577,9.66,4.516,None,None,None,None,None,-1200000000,None,0.16,None,537000000,2025-10-31,quarterly,2.11,USD,pre-market,None,4573000000,0.0559,0.377,0.074,78.76,5700000000,2112000000,7000000,4806000000,360.12,346.14,14.0541,27818000000,12987000000,18913000000,22515000000,14831000000,3602000000,6651000000,5303000000,28.58,-808000000,410.34,321.67
2025-12-28,AON,12.48,17028000000.0,28.58,None,0.833,36.89,45000000,None,476000000,476000000,-537000000,138000000,269000000,None,89000000,None,None,-130000000,344000000,341500000,None,8324000000,8324000000,11254000000,None,None,9697000000,None,None,277000000,65000000,2.91,0.0082,119000000,119000000,None,0.344,0.26,702000000,979000000,1.85,2022-06-30,18.76,4391000000,7962000000.0,6651000000,577000000,161000000,115000000,115000000,None,125000000,None,None,None,None,1512000000,None,None,514000000,None,None,None,0.204,668000000,5944000000,707000000,-1992000000,-7000000,None,None,None,None,None,None,None,1.577,9.66,4.516,None,None,None,None,None,-500000000,None,0.16,None,537000000,2025-10-31,quarterly,2.11,USD,pre-market,None,4573000000,0.0559,0.377,0.074,78.76,5700000000,2112000000,7000000,4806000000,360.12,346.14,14.0541,27818000000,12987000000,18913000000,22515000000,14831000000,3602000000,6651000000,5303000000,28.58,-808000000,410.34,321.67
2025-12-28,AON,12.48,17028000000.0,28.58,None,0.833,36.89,23000000,None,476000000,476000000,500000000,-263000000,700000000,None,None,None,None,-544000000,344000000,341500000,None,8324000000,8324000000,11254000000,None,None,9697000000,None,None,277000000,66000000,2.91,0.0082,110000000,110000000,None,0.344,0.26,702000000,979000000,1.85,2022-03-31,18.76,4391000000,7962000000.0,6651000000,577000000,161000000,115000000,115000000,None,125000000,None,None,None,None,1512000000,None,None,1048000000,None,None,None,0.204,463000000,5944000000,707000000,-1992000000,-7000000,None,None,None,None,None,None,None,1.577,9.66,4.516,None,None,None,None,None,-828000000,None,0.16,None,537000000,2025-10-31,quarterly,2.11,USD,pre-market,None,4573000000,0.0559,0.377,0.074,78.76,5700000000,2112000000,7000000,4806000000,360.12,346.14,14.0541,27818000000,12987000000,18913000000,22515000000,14831000000,3602000000,6651000000,5303000000,28.58,-808000000,410.34,321.67
2025-12-28,AON,12.48,17028000000.0,28.58,None,0.833,36.89,35000000,None,476000000,476000000,-544000000,165000000,552000000,None,-808000000,None,None,-40000000,344000000,341500000,None,8324000000,8324000000,11254000000,None,None,9697000000,None,None,277000000,76000000,2.91,0.0082,112000000,112000000,None,0.344,0.26,702000000,979000000,1.85,2021-12-31,18.76,4391000000,7962000000.0,6651000000,577000000,161000000,115000000,115000000,None,125000000,None,None,None,None,1512000000,None,None,873000000,None,None,None,0.204,931000000,5944000000,707000000,-1992000000,-7000000,None,None,None,None,None,None,None,1.577,9.66,4.516,None,None,None,None,None,-2000000000,None,0.16,None,537000000,2025-10-31,quarterly,2.11,USD,pre-market,None,4573000000,0.0559,0.377,0.074,78.76,5700000000,2112000000,7000000,4806000000,360.12,346.14,14.0541,27818000000,12987000000,18913000000,22515000000,14831000000,3602000000,6651000000,5303000000,28.58,-808000000,410.34,321.67
2025-12-28,AON,12.48,17028000000.0,28.58,None,0.833,36.89,32000000,None,476000000,476000000,142000000,-89000000,-441000000,None,None,None,None,398000000,344000000,341500000,None,8324000000,8324000000,11254000000,None,None,9697000000,None,None,277000000,92000000,2.91,0.0082,116000000,116000000,None,0.344,0.26,702000000,979000000,1.85,2021-09-30,18.76,4391000000,7962000000.0,6651000000,577000000,161000000,115000000,115000000,None,125000000,None,None,None,None,1512000000,None,None,-891000000,None,None,None,0.204,-94000000,5944000000,707000000,-1992000000,-7000000,None,None,None,None,None,None,None,1.577,9.66,4.516,None,None,None,None,None,-1251000000,None,0.16,None,537000000,2025-10-31,quarterly,2.11,USD,pre-market,None,4573000000,0.0559,0.377,0.074,78.76,5700000000,2112000000,7000000,4806000000,360.12,346.14,14.0541,27818000000,12987000000,18913000000,22515000000,14831000000,3602000000,6651000000,5303000000,28.58,-808000000,410.34,321.67
2025-12-28,AON,12.48,17028000000.0,28.58,None,0.833,36.89,41000000,None,476000000,476000000,-55000000,-129000000,242000000,None,None,None,None,8000000,344000000,341500000,None,8324000000,8324000000,11254000000,None,None,9697000000,None,None,277000000,77000000,2.91,0.0082,115000000,115000000,None,0.344,0.26,702000000,979000000,1.85,2021-06-30,18.76,4391000000,7962000000.0,6651000000,577000000,161000000,115000000,115000000,None,125000000,None,None,None,None,1512000000,None,None,393000000,None,None,None,0.204,784000000,5944000000,707000000,-1992000000,-7000000,None,None,None,None,None,None,None,1.577,9.66,4.516,None,None,None,None,None,-242000000,None,0.16,None,537000000,2025-10-31,quarterly,2.11,USD,pre-market,None,4573000000,0.0559,0.377,0.074,78.76,5700000000,2112000000,7000000,4806000000,360.12,346.14,14.0541,27818000000,12987000000,18913000000,22515000000,14831000000,3602000000,6651000000,5303000000,28.58,-808000000,410.34,321.67
2025-12-28,AON,12.48,17028000000.0,28.58,None,0.833,36.89,29000000,None,476000000,476000000,-681000000,102000000,-46000000,None,28000000,None,None,-485000000,344000000,341500000,None,8324000000,8324000000,11254000000,None,None,9697000000,None,None,277000000,81000000,2.91,0.0082,104000000,104000000,None,0.344,0.26,702000000,979000000,1.85,2021-03-31,18.76,4391000000,7962000000.0,6651000000,577000000,161000000,115000000,115000000,None,125000000,None,None,None,None,1512000000,None,None,913000000,None,None,None,0.204,561000000,5944000000,707000000,-1992000000,-7000000,None,None,None,None,None,None,None,1.577,9.66,4.516,None,None,None,None,None,-50000000,None,0.16,None,537000000,2025-10-31,quarterly,2.11,USD,pre-market,None,4573000000,0.0559,0.377,0.074,78.76,5700000000,2112000000,7000000,4806000000,360.12,346.14,14.0541,27818000000,12987000000,18913000000,22515000000,14831000000,3602000000,6651000000,5303000000,28.58,-808000000,410.34,321.67
2025-12-28,AON,12.48,17028000000.0,28.58,None,0.833,36.89,22000000,None,476000000,476000000,-942000000,136000000,-15000000,None,7000000,None,None,-85000000,344000000,341500000,None,8324000000,8324000000,11254000000,None,None,9697000000,None,None,277000000,84000000,2.91,0.0082,105000000,105000000,None,0.344,0.26,702000000,979000000,1.85,2020-12-31,18.76,4391000000,7962000000.0,6651000000,577000000,161000000,115000000,115000000,None,125000000,None,None,None,None,1512000000,None,None,524000000,None,None,None,0.204,760000000,5944000000,707000000,-1992000000,-7000000,None,None,None,None,None,None,None,1.577,9.66,4.516,None,None,None,None,None,-800000000,None,0.16,None,537000000,2025-10-31,quarterly,2.11,USD,pre-market,None,4573000000,0.0559,0.377,0.074,78.76,5700000000,2112000000,7000000,4806000000,360.12,346.14,14.0541,27818000000,12987000000,18913000000,22515000000,14831000000,3602000000,6651000000,5303000000,28.58,-808000000,410.34,321.67
2025-12-28,AON,12.48,17028000000.0,28.58,None,0.833,36.89,30000000,None,476000000,476000000,-942000000,177000000,64000000,25000000,None,None,None,455000000,344000000,341500000,None,8324000000,8324000000,11254000000,None,None,9697000000,None,None,277000000,92000000,2.91,0.0082,103000000,103000000,None,0.344,0.26,702000000,979000000,1.85,2020-09-30,18.76,4391000000,7962000000.0,6651000000,577000000,161000000,115000000,115000000,None,125000000,None,None,None,None,1512000000,None,None,282000000,None,None,None,0.204,804000000,5944000000,707000000,-1992000000,-7000000,None,None,None,None,None,None,None,1.577,9.66,4.516,None,None,None,None,None,-500000000,None,0.16,None,537000000,2025-10-31,quarterly,2.11,USD,pre-market,None,4573000000,0.0559,0.377,0.074,78.76,5700000000,2112000000,7000000,4806000000,360.12,346.14,14.0541,27818000000,12987000000,18913000000,22515000000,14831000000,3602000000,6651000000,5303000000,28.58,-808000000,410.34,321.67
2025-12-28,AON,12.48,17028000000.0,28.58,None,0.833,36.89,30000000,None,476000000,476000000,-286000000,-554000000,67000000,26000000,None,None,None,281000000,344000000,341500000,None,8324000000,8324000000,11254000000,None,None,9697000000,None,None,277000000,99000000,2.91,0.0082,102000000,102000000,None,0.344,0.26,702000000,979000000,1.85,2020-06-30,18.76,4391000000,7962000000.0,6651000000,577000000,161000000,115000000,115000000,None,125000000,None,None,None,None,1512000000,None,None,411000000,None,None,None,0.204,881000000,5944000000,707000000,-1992000000,-7000000,None,None,None,None,None,None,None,1.577,9.66,4.516,None,None,None,None,None,-926000000,None,0.16,None,537000000,2025-10-31,quarterly,2.11,USD,pre-market,None,4573000000,0.0559,0.377,0.074,78.76,5700000000,2112000000,7000000,4806000000,360.12,346.14,14.0541,27818000000,12987000000,18913000000,22515000000,14831000000,3602000000,6651000000,5303000000,28.58,-808000000,410.34,321.67
2025-12-28,AON,12.48,17028000000.0,28.58,None,0.833,36.89,59000000,None,476000000,476000000,82000000,-438000000,-100000000,-82000000,237000000,None,None,-543000000,344000000,341500000,None,8324000000,8324000000,11254000000,None,None,9697000000,None,None,277000000,138000000,2.91,0.0082,102000000,102000000,None,0.344,0.26,702000000,979000000,1.85,2020-03-31,18.76,4391000000,7962000000.0,6651000000,577000000,161000000,115000000,115000000,None,125000000,None,None,None,None,1512000000,None,None,791000000,None,None,None,0.204,338000000,5944000000,707000000,-1992000000,-7000000,None,None,None,None,None,None,None,1.577,9.66,4.516,None,None,None,None,None,-463000000,None,0.16,None,537000000,2025-10-31,quarterly,2.11,USD,pre-market,None,4573000000,0.0559,0.377,0.074,78.76,5700000000,2112000000,7000000,4806000000,360.12,346.14,14.0541,27818000000,12987000000,18913000000,22515000000,14831000000,3602000000,6651000000,5303000000,28.58,-808000000,410.34,321.67
2025-12-28,AON,12.48,17028000000.0,28.58,None,0.833,36.89,58000000,None,476000000,476000000,-525000000,2000000,167000000,None,385000000,None,None,-204000000,344000000,341500000,None,8324000000,8324000000,11254000000,None,None,9697000000,None,None,277000000,145000000,2.91,0.0082,103000000,103000000,None,0.344,0.26,702000000,979000000,1.85,2019-12-31,18.76,4391000000,7962000000.0,6651000000,577000000,161000000,115000000,115000000,None,125000000,None,None,None,None,1512000000,None,None,382000000,None,None,None,0.204,672000000,5944000000,707000000,-1992000000,-7000000,None,None,None,None,None,None,None,1.577,9.66,4.516,None,None,None,None,None,-453000000,None,0.16,None,537000000,2025-10-31,quarterly,2.11,USD,pre-market,None,4573000000,0.0559,0.377,0.074,78.76,5700000000,2112000000,7000000,4806000000,360.12,346.14,14.0541,27818000000,12987000000,18913000000,22515000000,14831000000,3602000000,6651000000,5303000000,28.58,-808000000,410.34,321.67
2025-12-28,AON,12.48,17028000000.0,28.58,None,0.833,36.89,61000000,None,476000000,476000000,-736000000,-9000000,21000000,-36000000,None,None,None,310000000,344000000,341500000,None,8324000000,8324000000,11254000000,None,None,9697000000,None,None,277000000,145000000,2.91,0.0082,104000000,104000000,None,0.344,0.26,702000000,979000000,1.85,2019-09-30,18.76,4391000000,7962000000.0,6651000000,577000000,161000000,115000000,115000000,None,125000000,None,None,None,None,1512000000,None,None,222000000,None,None,None,0.204,802000000,5944000000,707000000,-1992000000,-7000000,None,None,None,None,None,None,None,1.577,9.66,4.516,None,None,None,None,None,-352000000,None,0.16,None,537000000,2025-10-31,quarterly,2.11,USD,pre-market,None,4573000000,0.0559,0.377,0.074,78.76,5700000000,2112000000,7000000,4806000000,360.12,346.14,14.0541,27818000000,12987000000,18913000000,22515000000,14831000000,3602000000,6651000000,5303000000,28.58,-808000000,410.34,321.67
2025-12-28,AON,12.48,17028000000.0,28.58,None,0.833,36.89,49000000,None,476000000,476000000,-92000000,-195000000,-19000000,-19000000,None,None,None,-19000000,344000000,341500000,None,8324000000,8324000000,11254000000,None,None,9697000000,None,None,277000000,137000000,2.91,0.0082,107000000,107000000,None,0.344,0.26,702000000,979000000,1.85,2019-06-30,18.76,4391000000,7962000000.0,6651000000,577000000,161000000,115000000,115000000,None,125000000,None,None,None,None,1512000000,None,None,287000000,None,None,None,0.204,287000000,5944000000,707000000,-1992000000,-7000000,None,None,None,None,None,None,None,1.577,9.66,4.516,None,None,None,None,None,-1055000000,None,0.16,None,537000000,2025-10-31,quarterly,2.11,USD,pre-market,None,4573000000,0.0559,0.377,0.074,78.76,5700000000,2112000000,7000000,4806000000,360.12,346.14,14.0541,27818000000,12987000000,18913000000,22515000000,14831000000,3602000000,6651000000,5303000000,28.58,-808000000,410.34,321.67
2025-12-28,AON,12.48,17028000000.0,28.58,None,0.833,36.89,57000000,None,476000000,476000000,-140000000,-27000000,-56000000,37000000,541000000,None,None,-458000000,344000000,341500000,None,8324000000,8324000000,11254000000,None,None,9697000000,None,None,277000000,137000000,2.91,0.0082,96000000,96000000,None,0.344,0.26,702000000,979000000,1.85,2019-03-31,18.76,4391000000,7962000000.0,6651000000,577000000,161000000,115000000,115000000,None,125000000,None,None,None,None,1512000000,None,None,676000000,None,None,None,0.204,74000000,5944000000,707000000,-1992000000,-7000000,None,None,None,None,None,None,None,1.577,9.66,4.516,None,None,None,None,None,-100000000,None,0.16,None,537000000,2025-10-31,quarterly,2.11,USD,pre-market,None,4573000000,0.0559,0.377,0.074,78.76,5700000000,2112000000,7000000,4806000000,360.12,346.14,14.0541,27818000000,12987000000,18913000000,22515000000,14831000000,3602000000,6651000000,5303000000,28.58,-808000000,410.34,321.67
2025-12-28,AON,12.48,17028000000.0,28.58,None,0.833,36.89,61000000,None,476000000,476000000,-444000000,-53000000,172000000,-42000000,-80000000,None,None,-116000000,344000000,341500000,None,8324000000,8324000000,11254000000,None,None,9697000000,None,None,277000000,151000000,2.91,0.0082,97000000,97000000,None,0.344,0.26,702000000,979000000,1.85,2018-12-31,18.76,4391000000,7962000000.0,6651000000,577000000,161000000,115000000,115000000,None,125000000,None,None,None,None,1512000000,None,None,353000000,None,None,None,0.204,711000000,5944000000,707000000,-1992000000,-7000000,None,None,None,None,None,None,None,1.577,9.66,4.516,None,None,None,None,None,-198000000,None,0.16,None,537000000,2025-10-31,quarterly,2.11,USD,pre-market,None,4573000000,0.0559,0.377,0.074,78.76,5700000000,2112000000,7000000,4806000000,360.12,346.14,14.0541,27818000000,12987000000,18913000000,22515000000,14831000000,3602000000,6651000000,5303000000,28.58,-808000000,410.34,321.67
2025-12-28,AON,12.48,17028000000.0,28.58,None,0.833,36.89,68000000,None,476000000,476000000,-457000000,-95000000,-3000000,-13000000,0,None,None,360000000,344000000,341500000,None,8324000000,8324000000,11254000000,None,None,9697000000,None,None,277000000,140000000,2.91,0.0082,98000000,98000000,None,0.344,0.26,702000000,979000000,1.85,2018-09-30,18.76,4391000000,7962000000.0,6651000000,577000000,161000000,115000000,115000000,None,125000000,None,None,None,None,1512000000,None,None,153000000,None,None,None,0.204,562000000,5944000000,707000000,-1992000000,-7000000,None,None,None,None,None,None,None,1.577,9.66,4.516,None,None,None,None,None,-301000000,None,0.16,None,537000000,2025-10-31,quarterly,2.11,USD,pre-market,None,4573000000,0.0559,0.377,0.074,78.76,5700000000,2112000000,7000000,4806000000,360.12,346.14,14.0541,27818000000,12987000000,18913000000,22515000000,14831000000,3602000000,6651000000,5303000000,28.58,-808000000,410.34,321.67
2025-12-28,AON,12.48,17028000000.0,28.58,None,0.833,36.89,66000000,None,476000000,476000000,-135000000,-167000000,-110000000,-81000000,0,None,None,-102000000,344000000,341500000,None,8324000000,8324000000,11254000000,None,None,9697000000,None,None,277000000,329000000,2.91,0.0082,98000000,98000000,None,0.344,0.26,702000000,979000000,1.85,2018-06-30,18.76,4391000000,7962000000.0,6651000000,577000000,161000000,115000000,115000000,None,125000000,None,None,None,None,1512000000,None,None,58000000,None,None,None,0.204,273000000,5944000000,707000000,-1992000000,-7000000,None,None,None,None,None,None,None,1.577,9.66,4.516,None,None,None,None,None,-402000000,None,0.16,None,537000000,2025-10-31,quarterly,2.11,USD,pre-market,None,4573000000,0.0559,0.377,0.074,78.76,5700000000,2112000000,7000000,4806000000,360.12,346.14,14.0541,27818000000,12987000000,18913000000,22515000000,14831000000,3602000000,6651000000,5303000000,28.58,-808000000,410.34,321.67
2025-12-28,AON,12.48,17028000000.0,28.58,None,0.833,36.89,45000000,None,476000000,476000000,-663000000,346000000,-159000000,18000000,195000000,None,None,-269000000,344000000,341500000,None,8324000000,8324000000,11254000000,None,None,9697000000,None,None,277000000,149000000,2.91,0.0082,89000000,89000000,None,0.344,0.26,702000000,979000000,1.85,2018-03-31,18.76,4391000000,7962000000.0,6651000000,577000000,161000000,115000000,115000000,None,125000000,None,None,None,None,1512000000,None,None,610000000,None,None,None,0.204,140000000,5944000000,707000000,-1992000000,-7000000,None,None,None,None,None,None,None,1.577,9.66,4.516,None,None,None,None,None,-569000000,None,0.16,None,537000000,2025-10-31,quarterly,2.11,USD,pre-market,None,4573000000,0.0559,0.377,0.074,78.76,5700000000,2112000000,7000000,4806000000,360.12,346.14,14.0541,27818000000,12987000000,18913000000,22515000000,14831000000,3602000000,6651000000,5303000000,28.58,-808000000,410.34,321.67
2025-12-28,AON,12.48,17028000000.0,28.58,None,0.833,36.89,58000000,None,476000000,476000000,-617000000,265000000,7000000,-22000000,-329000000,None,None,-398000000,344000000,341500000,None,8324000000,8324000000,11254000000,None,None,9697000000,None,None,277000000,139000000,2.91,0.0082,90000000,90000000,None,0.344,0.26,702000000,979000000,1.85,2017-12-31,18.76,4391000000,7962000000.0,6651000000,577000000,161000000,115000000,115000000,None,125000000,None,None,None,None,1512000000,None,None,-12000000,None,None,None,0.204,381000000,5944000000,707000000,-1992000000,-7000000,None,None,None,None,None,None,None,1.577,9.66,4.516,None,None,None,None,None,-511000000,None,0.16,None,537000000,2025-10-31,quarterly,2.11,USD,pre-market,None,4573000000,0.0559,0.377,0.074,78.76,5700000000,2112000000,7000000,4806000000,360.12,346.14,14.0541,27818000000,12987000000,18913000000,22515000000,14831000000,3602000000,6651000000,5303000000,28.58,-808000000,410.34,321.67
2025-12-28,AON,12.48,17028000000.0,28.58,None,0.833,36.89,43000000,None,476000000,476000000,-878000000,1033000000,65000000,57000000,0,None,None,169000000,344000000,341500000,None,8324000000,8324000000,11254000000,None,None,9697000000,None,None,277000000,141000000,2.91,0.0082,92000000,92000000,None,0.344,0.26,702000000,979000000,1.85,2017-09-30,18.76,4391000000,7962000000.0,6651000000,577000000,161000000,115000000,115000000,None,125000000,None,None,None,None,1512000000,None,None,192000000,None,None,None,0.204,-147000000,5944000000,707000000,-1992000000,-7000000,None,None,None,None,None,None,None,1.577,9.66,4.516,None,None,None,None,None,-788000000,None,0.16,None,537000000,2025-10-31,quarterly,2.11,USD,pre-market,None,4573000000,0.0559,0.377,0.074,78.76,5700000000,2112000000,7000000,4806000000,360.12,346.14,14.0541,27818000000,12987000000,18913000000,22515000000,14831000000,3602000000,6651000000,5303000000,28.58,-808000000,410.34,321.67
2025-12-28,AON,12.48,17028000000.0,28.58,None,0.833,36.89,48000000,None,476000000,476000000,-1512000000,1476000000,233000000,9000000,0,None,None,-63000000,344000000,341500000,None,8324000000,8324000000,11254000000,None,None,9697000000,None,None,277000000,514000000,2.91,0.0082,95000000,95000000,None,0.344,0.26,702000000,979000000,1.85,2017-06-30,18.76,4391000000,7962000000.0,6651000000,577000000,161000000,115000000,115000000,None,125000000,None,None,None,None,1512000000,None,None,778000000,None,None,None,0.204,260000000,5944000000,707000000,-1992000000,-7000000,None,None,None,None,None,None,None,1.577,9.66,4.516,None,None,None,None,None,-974000000,None,0.16,None,537000000,2025-10-31,quarterly,2.11,USD,pre-market,None,4573000000,0.0559,0.377,0.074,78.76,5700000000,2112000000,7000000,4806000000,360.12,346.14,14.0541,27818000000,12987000000,18913000000,22515000000,14831000000,3602000000,6651000000,5303000000,28.58,-808000000,410.34,321.67
2025-12-28,AON,12.48,17028000000.0,28.58,None,0.833,36.89,34000000,None,476000000,476000000,-258000000,13000000,20000000,25000000,330000000,None,None,38000000,344000000,341500000,None,8324000000,8324000000,11254000000,None,None,9697000000,None,None,277000000,97000000,2.91,0.0082,87000000,87000000,None,0.344,0.26,702000000,979000000,1.85,2017-03-31,18.76,4391000000,7962000000.0,6651000000,577000000,161000000,115000000,115000000,None,125000000,None,None,None,None,1512000000,None,None,305000000,None,None,None,0.204,240000000,5944000000,707000000,-1992000000,-7000000,None,None,None,None,None,None,None,1.577,9.66,4.516,None,None,None,None,None,-126000000,None,0.16,None,537000000,2025-10-31,quarterly,2.11,USD,pre-market,None,4573000000,0.0559,0.377,0.074,78.76,5700000000,2112000000,7000000,4806000000,360.12,346.14,14.0541,27818000000,12987000000,18913000000,22515000000,14831000000,3602000000,6651000000,5303000000,28.58,-808000000,410.34,321.67
2025-12-28,AON,12.48,17028000000.0,28.58,None,0.833,36.89,69000000,None,476000000,476000000,-271000000,-583000000,-52000000,-49000000,437000000,None,None,-375000000,344000000,341500000,None,8324000000,8324000000,11254000000,None,None,9697000000,None,None,277000000,131000000,2.91,0.0082,87000000,87000000,None,0.344,0.26,702000000,979000000,1.85,2016-12-31,18.76,4391000000,7962000000.0,6651000000,577000000,161000000,115000000,115000000,None,125000000,None,None,None,None,1512000000,None,None,509000000,None,None,None,0.204,851000000,5944000000,707000000,-1992000000,-7000000,None,None,None,None,None,None,None,1.577,9.66,4.516,None,None,None,None,None,-220000000,None,0.16,None,537000000,2025-10-31,quarterly,2.11,USD,pre-market,None,4573000000,0.0559,0.377,0.074,78.76,5700000000,2112000000,7000000,4806000000,360.12,346.14,14.0541,27818000000,12987000000,18913000000,22515000000,14831000000,3602000000,6651000000,5303000000,28.58,-808000000,410.34,321.67
2025-12-28,AON,12.48,17028000000.0,28.58,None,0.833,36.89,49000000,None,476000000,476000000,-371000000,-287000000,45000000,-8000000,0,None,None,114000000,344000000,341500000,None,8324000000,8324000000,11254000000,None,None,9697000000,None,None,277000000,81000000,2.91,0.0082,89000000,89000000,None,0.344,0.26,702000000,979000000,1.85,2016-09-30,18.76,4391000000,7962000000.0,6651000000,577000000,161000000,115000000,115000000,None,125000000,None,None,None,None,1512000000,None,None,326000000,None,None,None,0.204,711000000,5944000000,707000000,-1992000000,-7000000,None,None,None,None,None,None,None,1.577,9.66,4.516,None,None,None,None,None,-287000000,None,0.16,None,537000000,2025-10-31,quarterly,2.11,USD,pre-market,None,4573000000,0.0559,0.377,0.074,78.76,5700000000,2112000000,7000000,4806000000,360.12,346.14,14.0541,27818000000,12987000000,18913000000,22515000000,14831000000,3602000000,6651000000,5303000000,28.58,-808000000,410.34,321.67
2025-12-28,AON,12.48,17028000000.0,28.58,None,0.833,36.89,52000000,None,476000000,476000000,-640000000,115000000,-27000000,7000000,0,None,None,65000000,344000000,341500000,None,8324000000,8324000000,11254000000,None,None,9697000000,None,None,277000000,126000000,2.91,0.0082,87000000,87000000,None,0.344,0.26,702000000,979000000,1.85,2016-06-30,18.76,4391000000,7962000000.0,6651000000,577000000,161000000,115000000,115000000,None,125000000,None,None,None,None,1512000000,None,None,280000000,None,None,None,0.204,491000000,5944000000,707000000,-1992000000,-7000000,None,None,None,None,None,None,None,1.577,9.66,4.516,None,None,None,None,None,-65000000,None,0.16,None,537000000,2025-10-31,quarterly,2.11,USD,pre-market,None,4573000000,0.0559,0.377,0.074,78.76,5700000000,2112000000,7000000,4806000000,360.12,346.14,14.0541,27818000000,12987000000,18913000000,22515000000,14831000000,3602000000,6651000000,5303000000,28.58,-808000000,410.34,321.67
2025-12-28,AON,12.48,17028000000.0,28.58,None,0.833,36.89,52000000,None,476000000,476000000,-4000000,-199000000,81000000,11000000,285000000,None,None,110000000,344000000,341500000,None,8324000000,8324000000,11254000000,None,None,9697000000,None,None,277000000,123000000,2.91,0.0082,82000000,82000000,None,0.344,0.26,702000000,979000000,1.85,2016-03-31,18.76,4391000000,7962000000.0,6651000000,577000000,161000000,115000000,115000000,None,125000000,None,None,None,None,1512000000,None,None,327000000,None,None,None,0.204,273000000,5944000000,707000000,-1992000000,-7000000,None,None,None,None,None,None,None,1.577,9.66,4.516,None,None,None,None,None,-685000000,None,0.16,None,537000000,2025-10-31,quarterly,2.11,USD,pre-market,None,4573000000,0.0559,0.377,0.074,78.76,5700000000,2112000000,7000000,4806000000,360.12,346.14,14.0541,27818000000,12987000000,18913000000,22515000000,14831000000,3602000000,6651000000,5303000000,28.58,-808000000,410.34,321.67
2025-12-28,AON,12.48,17028000000.0,28.58,None,0.833,36.89,65000000,None,476000000,476000000,-979000000,48000000,-14000000,-17000000,0,None,None,-315000000,344000000,341500000,None,8324000000,8324000000,11254000000,None,None,9697000000,None,None,277000000,137000000,2.91,0.0082,83000000,83000000,None,0.344,0.26,702000000,979000000,1.85,2015-12-31,18.76,4391000000,7962000000.0,6651000000,577000000,161000000,115000000,115000000,None,125000000,None,None,None,None,1512000000,None,None,590000000,None,None,None,0.204,934000000,5944000000,707000000,-1992000000,-7000000,None,None,None,None,None,None,None,1.577,9.66,4.516,None,None,None,None,None,-400000000,None,0.16,None,537000000,2025-10-31,quarterly,2.11,USD,pre-market,None,4573000000,0.0559,0.377,0.074,78.76,5700000000,2112000000,7000000,4806000000,360.12,346.14,14.0541,27818000000,12987000000,18913000000,22515000000,14831000000,3602000000,6651000000,5303000000,28.58,-808000000,410.34,321.67
2025-12-28,AON,12.48,17028000000.0,28.58,None,0.833,36.89,83000000,None,476000000,476000000,-589000000,15000000,31000000,-112000000,0,None,None,173000000,344000000,341500000,None,8324000000,8324000000,11254000000,None,None,9697000000,None,None,277000000,134000000,2.91,0.0082,84000000,84000000,None,0.344,0.26,702000000,979000000,1.85,2015-09-30,18.76,4391000000,7962000000.0,6651000000,577000000,161000000,115000000,115000000,None,125000000,None,None,None,None,1512000000,None,None,303000000,None,None,None,0.204,710000000,5944000000,707000000,-1992000000,-7000000,None,None,None,None,None,None,None,1.577,9.66,4.516,None,None,None,None,None,-600000000,None,0.16,None,537000000,2025-10-31,quarterly,2.11,USD,pre-market,None,4573000000,0.0559,0.377,0.074,78.76,5700000000,2112000000,7000000,4806000000,360.12,346.14,14.0541,27818000000,12987000000,18913000000,22515000000,14831000000,3602000000,6651000000,5303000000,28.58,-808000000,410.34,321.67
2025-12-28,AON,12.48,17028000000.0,28.58,None,0.833,36.89,80000000,None,476000000,476000000,-84000000,-203000000,-11000000,-4000000,0,None,None,10000000,344000000,341500000,None,8324000000,8324000000,11254000000,None,None,9697000000,None,None,277000000,136000000,2.91,0.0082,85000000,85000000,None,0.344,0.26,702000000,979000000,1.85,2015-06-30,18.76,4391000000,7962000000.0,6651000000,577000000,161000000,115000000,115000000,None,125000000,None,None,None,None,1512000000,None,None,188000000,None,None,None,0.204,229000000,5944000000,707000000,-1992000000,-7000000,None,None,None,None,None,None,None,1.577,9.66,4.516,None,None,None,None,None,-300000000,None,0.16,None,537000000,2025-10-31,quarterly,2.11,USD,pre-market,None,4573000000,0.0559,0.377,0.074,78.76,5700000000,2112000000,7000000,4806000000,360.12,346.14,14.0541,27818000000,12987000000,18913000000,22515000000,14831000000,3602000000,6651000000,5303000000,28.58,-808000000,410.34,321.67
2025-12-28,AON,12.48,17028000000.0,28.58,None,0.833,36.89,62000000,None,476000000,476000000,-257000000,2000000,4000000,-39000000,-63000000,None,None,49000000,344000000,341500000,None,8324000000,8324000000,11254000000,None,None,9697000000,None,None,277000000,136000000,2.91,0.0082,71000000,71000000,None,0.344,0.26,702000000,979000000,1.85,2015-03-31,18.76,4391000000,7962000000.0,6651000000,577000000,161000000,115000000,115000000,None,125000000,None,None,None,None,1512000000,None,None,341000000,None,None,None,0.204,136000000,5944000000,707000000,-1992000000,-7000000,None,None,None,None,None,None,None,1.577,9.66,4.516,None,None,None,None,None,-250000000,None,0.16,None,537000000,2025-10-31,quarterly,2.11,USD,pre-market,None,4573000000,0.0559,0.377,0.074,78.76,5700000000,2112000000,7000000,4806000000,360.12,346.14,14.0541,27818000000,12987000000,18913000000,22515000000,14831000000,3602000000,6651000000,5303000000,28.58,-808000000,410.34,321.67
2025-12-28,AON,12.48,17028000000.0,28.58,None,0.833,36.89,77000000,None,476000000,476000000,-430000000,-283000000,-8000000,-54000000,0,None,None,-245000000,344000000,341500000,None,8324000000,8324000000,11254000000,None,None,9697000000,None,None,277000000,148000000,2.91,0.0082,72000000,72000000,None,0.344,0.26,702000000,979000000,1.85,2014-12-31,18.76,4391000000,7962000000.0,6651000000,577000000,161000000,115000000,115000000,None,125000000,None,None,None,None,1512000000,None,None,467000000,None,None,None,0.204,759000000,5944000000,707000000,-1992000000,-7000000,None,None,None,None,None,None,None,1.577,9.66,4.516,None,None,None,None,None,-500000000,None,0.16,None,537000000,2025-10-31,quarterly,2.11,USD,pre-market,None,4573000000,0.0559,0.377,0.074,78.76,5700000000,2112000000,7000000,4806000000,360.12,346.14,14.0541,27818000000,12987000000,18913000000,22515000000,14831000000,3602000000,6651000000,5303000000,28.58,-808000000,410.34,321.67
2025-12-28,AON,12.48,17028000000.0,28.58,None,0.833,36.89,64000000,None,476000000,476000000,-254000000,-316000000,-36000000,-16000000,0,None,None,105000000,344000000,341500000,None,8324000000,8324000000,11254000000,None,None,9697000000,None,None,277000000,151000000,2.91,0.0082,73000000,73000000,None,0.344,0.26,702000000,979000000,1.85,2014-09-30,18.76,4391000000,7962000000.0,6651000000,577000000,161000000,115000000,115000000,None,125000000,None,None,None,None,1512000000,None,None,315000000,None,None,None,0.204,550000000,5944000000,707000000,-1992000000,-7000000,None,None,None,None,None,None,None,1.577,9.66,4.516,None,None,None,None,None,-500000000,None,0.16,None,537000000,2025-10-31,quarterly,2.11,USD,pre-market,None,4573000000,0.0559,0.377,0.074,78.76,5700000000,2112000000,7000000,4806000000,360.12,346.14,14.0541,27818000000,12987000000,18913000000,22515000000,14831000000,3602000000,6651000000,5303000000,28.58,-808000000,410.34,321.67
2025-12-28,AON,12.48,17028000000.0,28.58,None,0.833,36.89,60000000,None,476000000,476000000,-189000000,-102000000,80000000,27000000,0,None,None,102000000,344000000,341500000,None,8324000000,8324000000,11254000000,None,None,9697000000,None,None,277000000,149000000,2.91,0.0082,75000000,75000000,None,0.344,0.26,702000000,979000000,1.85,2014-06-30,18.76,4391000000,7962000000.0,6651000000,577000000,161000000,115000000,115000000,None,125000000,None,None,None,None,1512000000,None,None,313000000,None,None,None,0.204,344000000,5944000000,707000000,-1992000000,-7000000,None,None,None,None,None,None,None,1.577,9.66,4.516,None,None,None,None,None,-650000000,None,0.16,None,537000000,2025-10-31,quarterly,2.11,USD,pre-market,None,4573000000,0.0559,0.377,0.074,78.76,5700000000,2112000000,7000000,4806000000,360.12,346.14,14.0541,27818000000,12987000000,18913000000,22515000000,14831000000,3602000000,6651000000,5303000000,28.58,-808000000,410.34,321.67
2025-12-28,AON,12.48,17028000000.0,28.58,None,0.833,36.89,55000000,None,476000000,476000000,-260000000,156000000,-139000000,-24000000,271000000,None,None,13000000,344000000,341500000,None,8324000000,8324000000,11254000000,None,None,9697000000,None,None,277000000,146000000,2.91,0.0082,53000000,53000000,None,0.344,0.26,702000000,979000000,1.85,2014-03-31,18.76,4391000000,7962000000.0,6651000000,577000000,161000000,115000000,115000000,None,125000000,None,None,None,None,1512000000,None,None,336000000,None,None,None,0.204,-11000000,5944000000,707000000,-1992000000,-7000000,None,None,None,None,None,None,None,1.577,9.66,4.516,None,None,None,None,None,-600000000,None,0.16,None,537000000,2025-10-31,quarterly,2.11,USD,pre-market,None,4573000000,0.0559,0.377,0.074,78.76,5700000000,2112000000,7000000,4806000000,360.12,346.14,14.0541,27818000000,12987000000,18913000000,22515000000,14831000000,3602000000,6651000000,5303000000,28.58,-808000000,410.34,321.67
2025-12-28,AON,12.48,17028000000.0,28.58,None,0.833,36.89,55000000,None,476000000,476000000,-297000000,-200000000,108000000,-44000000,0,None,None,-233000000,344000000,341500000,None,8324000000,8324000000,11254000000,None,None,9697000000,None,None,277000000,162000000,2.91,0.0082,53000000,53000000,None,0.344,0.26,702000000,979000000,1.85,2013-12-31,18.76,4391000000,7962000000.0,6651000000,577000000,161000000,115000000,115000000,None,125000000,None,None,None,None,1512000000,None,None,360000000,None,None,None,0.204,649000000,5944000000,707000000,-1992000000,-7000000,None,None,None,None,None,None,None,1.577,9.66,4.516,None,None,None,None,None,-77000000,None,0.16,None,537000000,2025-10-31,quarterly,2.11,USD,pre-market,None,4573000000,0.0559,0.377,0.074,78.76,5700000000,2112000000,7000000,4806000000,360.12,346.14,14.0541,27818000000,12987000000,18913000000,22515000000,14831000000,3602000000,6651000000,5303000000,28.58,-808000000,410.34,321.67
2025-12-28,AON,12.48,17028000000.0,28.58,None,0.833,36.89,52000000,None,476000000,476000000,-447000000,-41000000,103000000,-6000000,0,None,None,183000000,344000000,341500000,None,8324000000,8324000000,11254000000,None,None,9697000000,None,None,277000000,157000000,2.91,0.0082,54000000,54000000,None,0.344,0.26,702000000,979000000,1.85,2013-09-30,18.76,4391000000,7962000000.0,6651000000,577000000,161000000,115000000,115000000,None,125000000,None,None,None,None,1512000000,None,None,264000000,None,None,None,0.204,597000000,5944000000,707000000,-1992000000,-7000000,None,None,None,None,None,None,None,1.577,9.66,4.516,None,None,None,None,None,-500000000,None,0.16,None,537000000,2025-10-31,quarterly,2.11,USD,pre-market,None,4573000000,0.0559,0.377,0.074,78.76,5700000000,2112000000,7000000,4806000000,360.12,346.14,14.0541,27818000000,12987000000,18913000000,22515000000,14831000000,3602000000,6651000000,5303000000,28.58,-808000000,410.34,321.67
2025-12-28,AON,12.48,17028000000.0,28.58,None,0.833,36.89,62000000,None,476000000,476000000,-392000000,-36000000,-142000000,-47000000,0,None,None,17000000,344000000,341500000,None,8324000000,8324000000,11254000000,None,None,9697000000,None,None,277000000,158000000,2.91,0.0082,55000000,55000000,None,0.344,0.26,702000000,979000000,1.85,2013-06-30,18.76,4391000000,7962000000.0,6651000000,577000000,161000000,115000000,115000000,None,125000000,None,None,None,None,1512000000,None,None,252000000,None,None,None,0.204,333000000,5944000000,707000000,-1992000000,-7000000,None,None,None,None,None,None,None,1.577,9.66,4.516,None,None,None,None,None,-225000000,None,0.16,None,537000000,2025-10-31,quarterly,2.11,USD,pre-market,None,4573000000,0.0559,0.377,0.074,78.76,5700000000,2112000000,7000000,4806000000,360.12,346.14,14.0541,27818000000,12987000000,18913000000,22515000000,14831000000,3602000000,6651000000,5303000000,28.58,-808000000,410.34,321.67
2025-12-28,AON,12.48,17028000000.0,28.58,None,0.833,36.89,60000000,None,476000000,476000000,120000000,-62000000,117000000,5000000,322000000,None,None,174000000,344000000,341500000,None,8324000000,8324000000,11254000000,None,None,9697000000,None,None,277000000,158000000,2.91,0.0082,50000000,50000000,None,0.344,0.26,702000000,979000000,1.85,2013-03-31,18.76,4391000000,7962000000.0,6651000000,577000000,161000000,115000000,115000000,None,125000000,None,None,None,None,1512000000,None,None,272000000,None,None,None,0.204,54000000,5944000000,707000000,-1992000000,-7000000,None,None,None,None,None,None,None,1.577,9.66,4.516,None,None,None,None,None,-300000000,None,0.16,None,537000000,2025-10-31,quarterly,2.11,USD,pre-market,None,4573000000,0.0559,0.377,0.074,78.76,5700000000,2112000000,7000000,4806000000,360.12,346.14,14.0541,27818000000,12987000000,18913000000,22515000000,14831000000,3602000000,6651000000,5303000000,28.58,-808000000,410.34,321.67
2025-12-28,AON,12.48,17028000000.0,28.58,None,0.833,36.89,68000000,None,476000000,476000000,-790000000,245000000,1000000,-6000000,0,None,None,-134000000,344000000,341500000,None,8324000000,8324000000,11254000000,None,None,9697000000,None,None,277000000,174000000,2.91,0.0082,51000000,51000000,None,0.344,0.26,702000000,979000000,1.85,2012-12-31,18.76,4391000000,7962000000.0,6651000000,577000000,161000000,115000000,115000000,None,125000000,None,None,None,None,1512000000,None,None,307000000,None,None,None,0.204,552000000,5944000000,707000000,-1992000000,-7000000,None,None,None,None,None,None,None,1.577,9.66,4.516,None,None,None,None,None,-500000000,None,0.16,None,537000000,2025-10-31,quarterly,2.11,USD,pre-market,None,4573000000,0.0559,0.377,0.074,78.76,5700000000,2112000000,7000000,4806000000,360.12,346.14,14.0541,27818000000,12987000000,18913000000,22515000000,14831000000,3602000000,6651000000,5303000000,28.58,-808000000,410.34,321.67
2025-12-28,AON,12.48,17028000000.0,28.58,None,0.833,36.89,72000000,None,476000000,476000000,-430000000,-161000000,4000000,-3000000,0,None,None,159000000,344000000,341500000,None,8324000000,8324000000,11254000000,None,None,9697000000,None,None,277000000,161000000,2.91,0.0082,68000000,68000000,None,0.344,0.26,702000000,979000000,1.85,2012-09-30,18.76,4391000000,7962000000.0,6651000000,577000000,161000000,115000000,115000000,None,125000000,None,None,None,None,1512000000,None,None,210000000,None,None,None,0.204,598000000,5944000000,707000000,-1992000000,-7000000,None,None,None,None,None,None,None,1.577,9.66,4.516,None,None,None,None,None,-275000000,None,0.16,None,537000000,2025-10-31,quarterly,2.11,USD,pre-market,None,4573000000,0.0559,0.377,0.074,78.76,5700000000,2112000000,7000000,4806000000,360.12,346.14,14.0541,27818000000,12987000000,18913000000,22515000000,14831000000,3602000000,6651000000,5303000000,28.58,-808000000,410.34,321.67
2025-12-28,AON,12.48,17028000000.0,28.58,None,0.833,36.89,58000000,None,476000000,476000000,-200000000,-129000000,-37000000,8000000,0,None,None,20000000,344000000,341500000,None,8324000000,8324000000,11254000000,None,None,9697000000,None,None,277000000,161000000,2.91,0.0082,53000000,53000000,None,0.344,0.26,702000000,979000000,1.85,2012-06-30,18.76,4391000000,7962000000.0,6651000000,577000000,161000000,115000000,115000000,None,125000000,None,None,None,None,1512000000,None,None,254000000,None,None,None,0.204,284000000,5944000000,707000000,-1992000000,-7000000,None,None,None,None,None,None,None,1.577,9.66,4.516,None,None,None,None,None,-250000000,None,0.16,None,537000000,2025-10-31,quarterly,2.11,USD,pre-market,None,4573000000,0.0559,0.377,0.074,78.76,5700000000,2112000000,7000000,4806000000,360.12,346.14,14.0541,27818000000,12987000000,18913000000,22515000000,14831000000,3602000000,6651000000,5303000000,28.58,-808000000,410.34,321.67
2025-12-28,AON,12.48,17028000000.0,28.58,None,0.833,36.89,71000000,None,476000000,476000000,-166000000,222000000,51000000,10000000,0,None,None,61000000,344000000,341500000,None,8324000000,8324000000,11254000000,None,None,9697000000,None,None,277000000,159000000,2.91,0.0082,49000000,49000000,None,0.344,0.26,702000000,979000000,1.85,2012-03-31,18.76,4391000000,7962000000.0,6651000000,577000000,161000000,115000000,115000000,None,125000000,None,None,None,None,1512000000,None,None,249000000,None,None,None,0.204,-15000000,5944000000,707000000,-1992000000,-7000000,None,None,None,None,None,None,None,1.577,9.66,4.516,None,None,None,None,None,-100000000,None,0.16,None,537000000,2025-10-31,quarterly,2.11,USD,pre-market,None,4573000000,0.0559,0.377,0.074,78.76,5700000000,2112000000,7000000,4806000000,360.12,346.14,14.0541,27818000000,12987000000,18913000000,22515000000,14831000000,3602000000,6651000000,5303000000,28.58,-808000000,410.34,321.67
2025-12-28,AON,12.48,17028000000.0,28.58,None,0.833,36.89,90000000,None,476000000,476000000,-87000000,433000000,-23000000,26000000,0,None,None,-458000000,344000000,341500000,None,8324000000,8324000000,11254000000,None,None,9697000000,None,None,277000000,145000000,2.91,0.0082,59000000,59000000,None,0.344,0.26,702000000,979000000,1.85,2011-12-31,18.76,4391000000,7962000000.0,6651000000,577000000,161000000,115000000,115000000,None,125000000,None,None,None,None,1512000000,None,None,280000000,None,None,None,0.204,-395000000,5944000000,707000000,-1992000000,-7000000,None,None,None,None,None,None,None,1.577,9.66,4.516,None,None,None,None,None,828000000,None,0.16,None,537000000,2025-10-31,quarterly,2.11,USD,pre-market,None,4573000000,0.0559,0.377,0.074,78.76,5700000000,2112000000,7000000,4806000000,360.12,346.14,14.0541,27818000000,12987000000,18913000000,22515000000,14831000000,3602000000,6651000000,5303000000,28.58,-808000000,410.34,321.67
2025-12-28,AON,12.48,17028000000.0,28.58,None,0.833,36.89,52000000,None,476000000,476000000,-177000000,-57000000,-5000000,-23000000,0,None,None,-18000000,344000000,341500000,None,8324000000,8324000000,11254000000,None,None,9697000000,None,None,277000000,144000000,2.91,0.0082,50000000,50000000,None,0.344,0.26,702000000,979000000,1.85,2011-09-30,18.76,4391000000,7962000000.0,6651000000,577000000,161000000,115000000,115000000,None,125000000,None,None,None,None,1512000000,None,None,208000000,None,None,None,0.204,252000000,5944000000,707000000,-1992000000,-7000000,None,None,None,None,None,None,None,1.577,9.66,4.516,None,None,None,None,None,-175000000,None,0.16,None,537000000,2025-10-31,quarterly,2.11,USD,pre-market,None,4573000000,0.0559,0.377,0.074,78.76,5700000000,2112000000,7000000,4806000000,360.12,346.14,14.0541,27818000000,12987000000,18913000000,22515000000,14831000000,3602000000,6651000000,5303000000,28.58,-808000000,410.34,321.67
2025-12-28,AON,12.48,17028000000.0,28.58,None,0.833,36.89,43000000,None,476000000,476000000,-666000000,-305000000,-382000000,10000000,0,None,None,-126000000,344000000,341500000,None,8324000000,8324000000,11254000000,None,None,9697000000,None,None,277000000,149000000,2.91,0.0082,49000000,49000000,None,0.344,0.26,702000000,979000000,1.85,2011-06-30,18.76,4391000000,7962000000.0,6651000000,577000000,161000000,115000000,115000000,None,125000000,None,None,None,None,1512000000,None,None,267000000,None,None,None,0.204,579000000,5944000000,707000000,-1992000000,-7000000,None,None,None,None,None,None,None,1.577,9.66,4.516,None,None,None,None,None,-303000000,None,0.16,None,537000000,2025-10-31,quarterly,2.11,USD,pre-market,None,4573000000,0.0559,0.377,0.074,78.76,5700000000,2112000000,7000000,4806000000,360.12,346.14,14.0541,27818000000,12987000000,18913000000,22515000000,14831000000,3602000000,6651000000,5303000000,28.58,-808000000,410.34,321.67
2025-12-28,AON,12.48,17028000000.0,28.58,None,0.833,36.89,56000000,None,476000000,476000000,34000000,-257000000,336000000,-23000000,0,None,None,108000000,344000000,341500000,None,8324000000,8324000000,11254000000,None,None,9697000000,None,None,277000000,144000000,2.91,0.0082,51000000,51000000,None,0.344,0.26,702000000,979000000,1.85,2011-03-31,18.76,4391000000,7962000000.0,6651000000,577000000,161000000,115000000,115000000,None,125000000,None,None,None,None,1512000000,None,None,255000000,None,None,None,0.204,582000000,5944000000,707000000,-1992000000,-7000000,None,None,None,None,None,None,None,1.577,9.66,4.516,None,None,None,None,None,-350000000,None,0.16,None,537000000,2025-10-31,quarterly,2.11,USD,pre-market,None,4573000000,0.0559,0.377,0.074,78.76,5700000000,2112000000,7000000,4806000000,360.12,346.14,14.0541,27818000000,12987000000,18913000000,22515000000,14831000000,3602000000,6651000000,5303000000,28.58,-808000000,410.34,321.67
2025-12-28,AON,12.48,17028000000.0,28.58,None,0.833,36.89,65000000,None,476000000,476000000,239000000,-270000000,11000000,28000000,0,None,None,-29000000,344000000,341500000,None,8324000000,8324000000,11254000000,None,None,9697000000,None,None,277000000,126000000,2.91,0.0082,72000000,72000000,None,0.344,0.26,702000000,979000000,1.85,2010-12-31,18.76,4391000000,7962000000.0,6651000000,577000000,161000000,115000000,115000000,None,125000000,None,None,None,None,1512000000,None,None,241000000,None,None,None,0.204,14000000,5944000000,707000000,-1992000000,-7000000,None,None,None,None,None,None,None,1.577,9.66,4.516,None,None,None,None,None,-150000000,None,0.16,None,537000000,2025-10-31,quarterly,2.11,USD,pre-market,None,4573000000,0.0559,0.377,0.074,78.76,5700000000,2112000000,7000000,4806000000,360.12,346.14,14.0541,27818000000,12987000000,18913000000,22515000000,14831000000,3602000000,6651000000,5303000000,28.58,-808000000,410.34,321.67
2025-12-28,AON,12.48,17028000000.0,28.58,None,0.833,36.89,44000000,None,476000000,476000000,1692000000,-1512000000,75000000,-16000000,0,None,None,-42000000,344000000,341500000,None,8324000000,8324000000,11254000000,None,None,9697000000,None,None,277000000,61000000,2.91,0.0082,41000000,41000000,None,0.344,0.26,702000000,979000000,1.85,2010-09-30,18.76,4391000000,7962000000.0,6651000000,577000000,161000000,115000000,115000000,None,125000000,None,None,None,None,1512000000,None,None,147000000,None,None,None,0.204,-99000000,5944000000,707000000,-1992000000,-7000000,None,None,None,None,None,None,None,1.577,9.66,4.516,None,None,None,None,None,17000000,None,0.16,None,537000000,2025-10-31,quarterly,2.11,USD,pre-market,None,4573000000,0.0559,0.377,0.074,78.76,5700000000,2112000000,7000000,4806000000,360.12,346.14,14.0541,27818000000,12987000000,18913000000,22515000000,14831000000,3602000000,6651000000,5303000000,28.58,-808000000,410.34,321.67
2025-12-28,AON,12.48,17028000000.0,28.58,None,0.833,36.89,38000000,None,476000000,476000000,-128000000,-453000000,-162000000,3000000,0,None,None,-43000000,344000000,341500000,None,8324000000,8324000000,11254000000,None,None,9697000000,None,None,277000000,60000000,2.91,0.0082,41000000,41000000,None,0.344,0.26,702000000,979000000,1.85,2010-06-30,18.76,4391000000,7962000000.0,6651000000,577000000,161000000,115000000,115000000,None,125000000,None,None,None,None,1512000000,None,None,158000000,None,None,None,0.204,408000000,5944000000,707000000,-1992000000,-7000000,None,None,None,None,None,None,None,1.577,9.66,4.516,None,None,None,None,None,-50000000,None,0.16,None,537000000,2025-10-31,quarterly,2.11,USD,pre-market,None,4573000000,0.0559,0.377,0.074,78.76,5700000000,2112000000,7000000,4806000000,360.12,346.14,14.0541,27818000000,12987000000,18913000000,22515000000,14831000000,3602000000,6651000000,5303000000,28.58,-808000000,410.34,321.67
2025-12-28,AON,12.48,17028000000.0,28.58,None,0.833,36.89,33000000,None,476000000,476000000,14000000,-323000000,205000000,47000000,0,None,None,45000000,344000000,341500000,None,8324000000,8324000000,11254000000,None,None,9697000000,None,None,277000000,58000000,2.91,0.0082,41000000,41000000,None,0.344,0.26,702000000,979000000,1.85,2010-03-31,18.76,4391000000,7962000000.0,6651000000,577000000,161000000,115000000,115000000,None,125000000,None,None,None,None,1512000000,None,None,186000000,None,None,None,0.204,464000000,5944000000,707000000,-1992000000,-7000000,None,None,None,None,None,None,None,1.577,9.66,4.516,None,None,None,None,None,-50000000,None,0.16,None,537000000,2025-10-31,quarterly,2.11,USD,pre-market,None,4573000000,0.0559,0.377,0.074,78.76,5700000000,2112000000,7000000,4806000000,360.12,346.14,14.0541,27818000000,12987000000,18913000000,22515000000,14831000000,3602000000,6651000000,5303000000,28.58,-808000000,410.34,321.67
2025-12-28,AON,12.48,17028000000.0,28.58,None,0.833,36.89,54000000,None,476000000,476000000,-359000000,-202000000,None,None,0,None,None,None,344000000,341500000,None,8324000000,8324000000,11254000000,None,None,9697000000,None,None,277000000,68000000,2.91,0.0082,41000000,41000000,None,0.344,0.26,702000000,979000000,1.85,2009-12-31,18.76,4391000000,7962000000.0,6651000000,577000000,161000000,115000000,115000000,None,125000000,None,None,None,None,1512000000,None,None,218000000,None,None,None,0.204,194000000,5944000000,707000000,-1992000000,-7000000,None,None,None,None,None,None,None,1.577,9.66,4.516,None,None,None,None,None,0,None,0.16,None,537000000,2025-10-31,quarterly,2.11,USD,pre-market,None,4573000000,0.0559,0.377,0.074,78.76,5700000000,2112000000,7000000,4806000000,360.12,346.14,14.0541,27818000000,12987000000,18913000000,22515000000,14831000000,3602000000,6651000000,5303000000,28.58,-808000000,410.34,321.67
2025-12-28,AON,12.48,17028000000.0,28.58,None,0.833,36.89,33000000,None,476000000,476000000,-108000000,16000000,None,None,0,None,None,None,344000000,341500000,None,8324000000,8324000000,11254000000,None,None,9697000000,None,None,277000000,56000000,2.91,0.0082,41000000,41000000,None,0.344,0.26,702000000,979000000,1.85,2009-09-30,18.76,4391000000,7962000000.0,6651000000,577000000,161000000,115000000,115000000,None,125000000,None,None,None,None,1512000000,None,None,134000000,None,None,None,0.204,84000000,5944000000,707000000,-1992000000,-7000000,None,None,None,None,None,None,None,1.577,9.66,4.516,None,None,None,None,None,-80000000,None,0.16,None,537000000,2025-10-31,quarterly,2.11,USD,pre-market,None,4573000000,0.0559,0.377,0.074,78.76,5700000000,2112000000,7000000,4806000000,360.12,346.14,14.0541,27818000000,12987000000,18913000000,22515000000,14831000000,3602000000,6651000000,5303000000,28.58,-808000000,410.34,321.67
2025-12-28,AON,12.48,17028000000.0,28.58,None,0.833,36.89,32000000,None,476000000,476000000,-163000000,683000000,None,None,0,None,None,None,344000000,341500000,None,8324000000,8324000000,11254000000,None,None,9697000000,None,None,277000000,58000000,2.91,0.0082,42000000,42000000,None,0.344,0.26,702000000,979000000,1.85,2009-06-30,18.76,4391000000,7962000000.0,6651000000,577000000,161000000,115000000,115000000,None,125000000,None,None,None,None,1512000000,None,None,155000000,None,None,None,0.204,-456000000,5944000000,707000000,-1992000000,-7000000,None,None,None,None,None,None,None,1.577,9.66,4.516,None,None,None,None,None,-125000000,None,0.16,None,537000000,2025-10-31,quarterly,2.11,USD,pre-market,None,4573000000,0.0559,0.377,0.074,78.76,5700000000,2112000000,7000000,4806000000,360.12,346.14,14.0541,27818000000,12987000000,18913000000,22515000000,14831000000,3602000000,6651000000,5303000000,28.58,-808000000,410.34,321.67
2025-12-28,AON,12.48,17028000000.0,28.58,None,0.833,36.89,21000000,None,476000000,476000000,13000000,-636000000,None,None,None,None,None,None,344000000,341500000,None,8324000000,8324000000,11254000000,None,None,9697000000,None,None,277000000,60000000,2.91,0.0082,41000000,41000000,None,0.344,0.26,702000000,979000000,1.85,2009-03-31,18.76,4391000000,7962000000.0,6651000000,577000000,161000000,115000000,115000000,None,125000000,None,None,None,None,1512000000,None,None,285000000,None,None,None,0.204,553000000,5944000000,707000000,-1992000000,-7000000,None,None,None,None,None,None,None,1.577,9.66,4.516,None,None,None,None,None,-27000000,None,0.16,None,537000000,2025-10-31,quarterly,2.11,USD,pre-market,None,4573000000,0.0559,0.377,0.074,78.76,5700000000,2112000000,7000000,4806000000,360.12,346.14,14.0541,27818000000,12987000000,18913000000,22515000000,14831000000,3602000000,6651000000,5303000000,28.58,-808000000,410.34,321.67
2025-12-28,AON,12.48,17028000000.0,28.58,None,0.833,36.89,23000000,None,476000000,476000000,-209000000,-86000000,None,None,None,None,None,None,344000000,341500000,None,8324000000,8324000000,11254000000,None,None,9697000000,None,None,277000000,65000000,2.91,0.0082,41000000,41000000,None,0.344,0.26,702000000,979000000,1.85,2008-12-31,18.76,4391000000,7962000000.0,6651000000,577000000,161000000,115000000,115000000,None,125000000,None,None,None,None,1512000000,None,None,-6000000,None,None,None,0.204,546000000,5944000000,707000000,-1992000000,-7000000,None,None,None,None,None,None,None,1.577,9.66,4.516,None,None,None,None,None,33000000,None,0.16,None,537000000,2025-10-31,quarterly,2.11,USD,pre-market,None,4573000000,0.0559,0.377,0.074,78.76,5700000000,2112000000,7000000,4806000000,360.12,346.14,14.0541,27818000000,12987000000,18913000000,22515000000,14831000000,3602000000,6651000000,5303000000,28.58,-808000000,410.34,321.67
2025-12-28,AON,12.48,17028000000.0,28.58,None,0.833,36.89,22000000,None,476000000,476000000,-526000000,403000000,None,None,None,None,None,None,344000000,341500000,None,8324000000,8324000000,11254000000,None,None,9697000000,None,None,277000000,49000000,2.91,0.0082,41000000,41000000,None,0.344,0.26,702000000,979000000,1.85,2008-09-30,18.76,4391000000,7962000000.0,6651000000,577000000,161000000,115000000,115000000,None,125000000,None,None,None,None,1512000000,None,None,117000000,None,None,None,0.204,145000000,5944000000,707000000,-1992000000,-7000000,None,None,None,None,None,None,None,1.577,9.66,4.516,None,None,None,None,None,-492000000,None,0.16,None,537000000,2025-10-31,quarterly,2.11,USD,pre-market,None,4573000000,0.0559,0.377,0.074,78.76,5700000000,2112000000,7000000,4806000000,360.12,346.14,14.0541,27818000000,12987000000,18913000000,22515000000,14831000000,3602000000,6651000000,5303000000,28.58,-808000000,410.34,321.67
2025-12-28,AON,12.48,17028000000.0,28.58,None,0.833,36.89,29000000,None,476000000,476000000,-1000000000,1254000000,None,None,None,None,None,None,344000000,341500000,None,8324000000,8324000000,11254000000,None,None,9697000000,None,None,277000000,58000000,2.91,0.0082,43000000,43000000,None,0.344,0.26,702000000,979000000,1.85,2008-06-30,18.76,4391000000,7962000000.0,6651000000,577000000,161000000,115000000,115000000,None,125000000,None,None,None,None,1512000000,None,None,1133000000,None,None,None,0.204,-248000000,5944000000,707000000,-1992000000,-7000000,None,None,None,None,None,None,None,1.577,9.66,4.516,None,None,None,None,None,-935000000,None,0.16,None,537000000,2025-10-31,quarterly,2.11,USD,pre-market,None,4573000000,0.0559,0.377,0.074,78.76,5700000000,2112000000,7000000,4806000000,360.12,346.14,14.0541,27818000000,12987000000,18913000000,22515000000,14831000000,3602000000,6651000000,5303000000,28.58,-808000000,410.34,321.67
2025-12-28,AON,12.48,17028000000.0,28.58,None,0.833,36.89,29000000,None,476000000,476000000,-500000000,-167000000,None,None,-3540000000,None,None,None,344000000,341500000,None,8324000000,8324000000,11254000000,None,None,9697000000,None,None,277000000,50000000,2.91,0.0082,46000000,46000000,None,0.344,0.26,702000000,979000000,1.85,2008-03-31,18.76,4391000000,7962000000.0,6651000000,577000000,161000000,115000000,115000000,None,125000000,None,None,None,None,1512000000,None,None,218000000,None,None,None,0.204,516000000,5944000000,707000000,-1992000000,-7000000,None,None,None,None,None,None,None,1.577,9.66,4.516,None,None,None,None,None,-346000000,None,0.16,None,537000000,2025-10-31,quarterly,2.11,USD,pre-market,None,4573000000,0.0559,0.377,0.074,78.76,5700000000,2112000000,7000000,4806000000,360.12,346.14,14.0541,27818000000,12987000000,18913000000,22515000000,14831000000,3602000000,6651000000,5303000000,28.58,-808000000,410.34,321.67
2025-12-28,AON,12.48,17028000000.0,28.58,None,0.833,36.89,67000000,None,476000000,476000000,377000000,-498000000,None,None,411000000,None,None,None,344000000,341500000,None,8324000000,8324000000,11254000000,None,None,9697000000,None,None,277000000,87000000,2.91,0.0082,44000000,44000000,None,0.344,0.26,702000000,979000000,1.85,2007-12-31,18.76,4391000000,7962000000.0,6651000000,577000000,161000000,115000000,115000000,None,125000000,None,None,None,None,1512000000,None,None,207000000,None,None,None,0.204,363000000,5944000000,707000000,-1992000000,-7000000,None,None,None,None,None,None,None,1.577,9.66,4.516,None,None,None,None,None,40000000,None,0.16,None,537000000,2025-10-31,quarterly,2.11,USD,pre-market,None,4573000000,0.0559,0.377,0.074,78.76,5700000000,2112000000,7000000,4806000000,360.12,346.14,14.0541,27818000000,12987000000,18913000000,22515000000,14831000000,3602000000,6651000000,5303000000,28.58,-808000000,410.34,321.67
2025-12-28,AON,12.48,17028000000.0,28.58,None,0.833,36.89,21000000,None,476000000,476000000,-339000000,146000000,None,None,-36000000,None,None,None,344000000,341500000,None,8324000000,8324000000,11254000000,None,None,9697000000,None,None,277000000,38000000,2.91,0.0082,44000000,44000000,None,0.344,0.26,702000000,979000000,1.85,2007-09-30,18.76,4391000000,7962000000.0,6651000000,577000000,161000000,115000000,115000000,None,125000000,None,None,None,None,1512000000,None,None,204000000,None,None,None,0.204,75000000,5944000000,707000000,-1992000000,-7000000,None,None,None,None,None,None,None,1.577,9.66,4.516,None,None,None,None,None,-71000000,None,0.16,None,537000000,2025-10-31,quarterly,2.11,USD,pre-market,None,4573000000,0.0559,0.377,0.074,78.76,5700000000,2112000000,7000000,4806000000,360.12,346.14,14.0541,27818000000,12987000000,18913000000,22515000000,14831000000,3602000000,6651000000,5303000000,28.58,-808000000,410.34,321.67
2025-12-28,AON,12.48,17028000000.0,28.58,None,0.833,36.89,47000000,None,476000000,476000000,-87000000,110000000,None,None,-115000000,None,None,None,344000000,341500000,None,8324000000,8324000000,11254000000,None,None,9697000000,None,None,277000000,40000000,2.91,0.0082,44000000,44000000,None,0.344,0.26,702000000,979000000,1.85,2007-06-30,18.76,4391000000,7962000000.0,6651000000,577000000,161000000,115000000,115000000,None,125000000,None,None,None,None,1512000000,None,None,240000000,None,None,None,0.204,35000000,5944000000,707000000,-1992000000,-7000000,None,None,None,None,None,None,None,1.577,9.66,4.516,None,None,None,None,None,-209000000,None,0.16,None,537000000,2025-10-31,quarterly,2.11,USD,pre-market,None,4573000000,0.0559,0.377,0.074,78.76,5700000000,2112000000,7000000,4806000000,360.12,346.14,14.0541,27818000000,12987000000,18913000000,22515000000,14831000000,3602000000,6651000000,5303000000,28.58,-808000000,410.34,321.67
2025-12-28,AON,12.48,17028000000.0,28.58,None,0.833,36.89,35000000,None,476000000,476000000,-530000000,-221000000,None,None,-246000000,None,None,None,344000000,341500000,None,8324000000,8324000000,11254000000,None,None,9697000000,None,None,277000000,40000000,2.91,0.0082,44000000,44000000,None,0.344,0.26,702000000,979000000,1.85,2007-03-31,18.76,4391000000,7962000000.0,6651000000,577000000,161000000,115000000,115000000,None,125000000,None,None,None,None,1512000000,None,None,213000000,None,None,None,0.204,816000000,5944000000,707000000,-1992000000,-7000000,None,None,None,None,None,None,None,1.577,9.66,4.516,None,None,None,None,None,-283000000,None,0.16,None,537000000,2025-10-31,quarterly,2.11,USD,pre-market,None,4573000000,0.0559,0.377,0.074,78.76,5700000000,2112000000,7000000,4806000000,360.12,346.14,14.0541,27818000000,12987000000,18913000000,22515000000,14831000000,3602000000,6651000000,5303000000,28.58,-808000000,410.34,321.67
2025-12-28,AON,12.48,17028000000.0,28.58,None,0.833,36.89,56000000,None,476000000,476000000,-479000000,156000000,None,None,-2690000000,None,None,None,344000000,341500000,None,8324000000,8324000000,11254000000,None,None,9697000000,None,None,277000000,-83000000,2.91,0.0082,46000000,46000000,None,0.344,0.26,702000000,979000000,1.85,2006-12-31,18.76,4391000000,7962000000.0,6651000000,577000000,161000000,115000000,115000000,None,125000000,None,None,None,None,1512000000,None,None,177000000,None,None,None,0.204,144000000,5944000000,707000000,-1992000000,-7000000,None,None,None,None,None,None,None,1.577,9.66,4.516,None,None,None,None,None,-374000000,None,0.16,None,537000000,2025-10-31,quarterly,2.11,USD,pre-market,None,4573000000,0.0559,0.377,0.074,78.76,5700000000,2112000000,7000000,4806000000,360.12,346.14,14.0541,27818000000,12987000000,18913000000,22515000000,14831000000,3602000000,6651000000,5303000000,28.58,-808000000,410.34,321.67
2025-12-28,AON,12.48,17028000000.0,28.58,None,0.833,36.89,25000000,None,476000000,476000000,24000000,86000000,None,None,26000000,None,None,None,344000000,341500000,None,8324000000,8324000000,11254000000,None,None,9697000000,None,None,277000000,90000000,2.91,0.0082,47000000,47000000,None,0.344,0.26,702000000,979000000,1.85,2006-09-30,18.76,4391000000,7962000000.0,6651000000,577000000,161000000,115000000,115000000,None,125000000,None,None,None,None,1512000000,None,None,106000000,None,None,None,0.204,-68000000,5944000000,707000000,-1992000000,-7000000,None,None,None,None,None,None,None,1.577,9.66,4.516,None,None,None,None,None,-168000000,None,0.16,None,537000000,2025-10-31,quarterly,2.11,USD,pre-market,None,4573000000,0.0559,0.377,0.074,78.76,5700000000,2112000000,7000000,4806000000,360.12,346.14,14.0541,27818000000,12987000000,18913000000,22515000000,14831000000,3602000000,6651000000,5303000000,28.58,-808000000,410.34,321.67
2025-12-28,AON,12.48,17028000000.0,28.58,None,0.833,36.89,39000000,None,476000000,476000000,-205000000,-16000000,None,None,None,None,None,None,344000000,341500000,None,8324000000,8324000000,11254000000,None,None,9697000000,None,None,277000000,137000000,2.91,0.0082,48000000,48000000,None,0.344,0.26,702000000,979000000,1.85,2006-06-30,18.76,4391000000,7962000000.0,6651000000,577000000,161000000,115000000,115000000,None,125000000,None,None,None,None,1512000000,None,None,193000000,None,None,None,0.204,195000000,5944000000,707000000,-1992000000,-7000000,None,None,None,None,None,None,None,1.577,9.66,4.516,None,None,None,None,None,-212000000,None,0.16,None,537000000,2025-10-31,quarterly,2.11,USD,pre-market,None,4573000000,0.0559,0.377,0.074,78.76,5700000000,2112000000,7000000,4806000000,360.12,346.14,14.0541,27818000000,12987000000,18913000000,22515000000,14831000000,3602000000,6651000000,5303000000,28.58,-808000000,410.34,321.67
2025-12-28,AON,12.48,17028000000.0,28.58,None,0.833,36.89,32000000,None,476000000,476000000,-304000000,-416000000,None,None,None,None,None,None,344000000,341500000,None,8324000000,8324000000,11254000000,None,None,9697000000,None,None,277000000,57000000,2.91,0.0082,48000000,48000000,None,0.344,0.26,702000000,979000000,1.85,2006-03-31,18.76,4391000000,7962000000.0,6651000000,577000000,161000000,115000000,115000000,None,125000000,None,None,None,None,1512000000,None,None,198000000,None,None,None,0.204,697000000,5944000000,707000000,-1992000000,-7000000,None,None,None,None,None,None,None,1.577,9.66,4.516,None,None,None,None,None,-212000000,None,0.16,None,537000000,2025-10-31,quarterly,2.11,USD,pre-market,None,4573000000,0.0559,0.377,0.074,78.76,5700000000,2112000000,7000000,4806000000,360.12,346.14,14.0541,27818000000,12987000000,18913000000,22515000000,14831000000,3602000000,6651000000,5303000000,28.58,-808000000,410.34,321.67
2025-12-28,AON,12.48,17028000000.0,28.58,None,0.833,36.89,39000000,None,476000000,476000000,189000000,-167000000,None,None,None,None,None,None,344000000,341500000,None,8324000000,8324000000,11254000000,None,None,9697000000,None,None,277000000,137000000,2.91,0.0082,48000000,48000000,None,0.344,0.26,702000000,979000000,1.85,2005-12-31,18.76,4391000000,7962000000.0,6651000000,577000000,161000000,115000000,115000000,None,125000000,None,None,None,None,1512000000,None,None,-16000000,None,None,None,0.204,25000000,5944000000,707000000,-1992000000,-7000000,None,None,None,None,None,None,None,1.577,9.66,4.516,None,None,None,None,None,-25000000,None,0.16,None,537000000,2025-10-31,quarterly,2.11,USD,pre-market,None,4573000000,0.0559,0.377,0.074,78.76,5700000000,2112000000,7000000,4806000000,360.12,346.14,14.0541,27818000000,12987000000,18913000000,22515000000,14831000000,3602000000,6651000000,5303000000,28.58,-808000000,410.34,321.67
2025-12-28,AON,12.48,17028000000.0,28.58,None,0.833,36.89,36000000,None,476000000,476000000,-52000000,-260000000,None,None,None,None,None,None,344000000,341500000,None,8324000000,8324000000,11254000000,None,None,9697000000,None,None,277000000,79000000,2.91,0.0082,48000000,48000000,None,0.344,0.26,702000000,979000000,1.85,2005-09-30,18.76,4391000000,7962000000.0,6651000000,577000000,161000000,115000000,115000000,None,125000000,None,None,None,None,1512000000,None,None,122000000,None,None,None,0.204,311000000,5944000000,707000000,-1992000000,-7000000,None,None,None,None,None,None,None,1.577,9.66,4.516,None,None,None,None,None,None,None,0.16,None,537000000,2025-10-31,quarterly,2.11,USD,pre-market,None,4573000000,0.0559,0.377,0.074,78.76,5700000000,2112000000,7000000,4806000000,360.12,346.14,14.0541,27818000000,12987000000,18913000000,22515000000,14831000000,3602000000,6651000000,5303000000,28.58,-808000000,410.34,321.67
2025-12-28,AON,12.48,17028000000.0,28.58,None,0.833,36.89,218000000,None,476000000,476000000,796000000,-2833000000,None,None,None,None,None,None,344000000,341500000,None,8324000000,8324000000,11254000000,None,None,9697000000,None,None,277000000,686000000,2.91,0.0082,562000000,562000000,None,0.344,0.26,702000000,979000000,1.85,2024-12-31,18.76,4391000000,7962000000.0,6651000000,577000000,161000000,115000000,115000000,None,125000000,None,None,None,None,1512000000,None,None,2720000000,None,None,None,0.204,3035000000,5944000000,707000000,-1992000000,-7000000,None,None,None,None,None,None,None,1.577,9.66,4.516,None,None,None,None,None,-1000000000,None,0.16,None,537000000,2025-10-31,annual,2.11,USD,pre-market,None,4573000000,0.0559,0.377,0.074,78.76,5700000000,2112000000,7000000,4806000000,360.12,346.14,14.0541,27818000000,12987000000,18913000000,22515000000,14831000000,3602000000,6651000000,5303000000,28.58,-808000000,410.34,321.67
2025-12-28,AON,12.48,17028000000.0,28.58,None,0.833,36.89,252000000,None,476000000,476000000,-2865000000,-188000000,None,None,None,None,None,None,344000000,341500000,None,8324000000,8324000000,11254000000,None,None,9697000000,None,None,277000000,256000000,2.91,0.0082,489000000,489000000,None,0.344,0.26,702000000,979000000,1.85,2023-12-31,18.76,4391000000,7962000000.0,6651000000,577000000,161000000,115000000,115000000,None,125000000,None,None,None,None,1512000000,None,None,2564000000,None,None,None,0.204,3435000000,5944000000,707000000,-1992000000,-7000000,None,None,None,None,None,None,None,1.577,9.66,4.516,None,None,None,None,None,-2700000000,None,0.16,None,537000000,2025-10-31,annual,2.11,USD,pre-market,None,4573000000,0.0559,0.377,0.074,78.76,5700000000,2112000000,7000000,4806000000,360.12,346.14,14.0541,27818000000,12987000000,18913000000,22515000000,14831000000,3602000000,6651000000,5303000000,28.58,-808000000,410.34,321.67
2025-12-28,AON,12.48,17028000000.0,28.58,None,0.833,36.89,196000000,None,476000000,476000000,-1790000000,-449000000,980000000,None,None,None,None,-96000000,344000000,341500000,None,8324000000,8324000000,11254000000,None,None,9697000000,None,None,277000000,264000000,2.91,0.0082,463000000,463000000,None,0.344,0.26,702000000,979000000,1.85,2022-12-31,18.76,4391000000,7962000000.0,6651000000,577000000,161000000,115000000,115000000,None,125000000,None,None,None,None,1512000000,None,None,2646000000,None,None,None,0.204,3219000000,5944000000,707000000,-1992000000,-7000000,None,None,None,None,None,None,None,1.577,9.66,4.516,None,None,None,None,None,-3203000000,None,0.16,None,537000000,2025-10-31,annual,2.11,USD,pre-market,None,4573000000,0.0559,0.377,0.074,78.76,5700000000,2112000000,7000000,4806000000,360.12,346.14,14.0541,27818000000,12987000000,18913000000,22515000000,14831000000,3602000000,6651000000,5303000000,28.58,-808000000,410.34,321.67
2025-12-28,AON,12.48,17028000000.0,28.58,None,0.833,36.89,137000000,None,476000000,476000000,-1924000000,49000000,307000000,None,-264000000,None,None,-119000000,344000000,341500000,None,8324000000,8324000000,11254000000,None,None,9697000000,None,None,277000000,326000000,2.91,0.0082,447000000,447000000,None,0.344,0.26,702000000,979000000,1.85,2021-12-31,18.76,4391000000,7962000000.0,6651000000,577000000,161000000,115000000,115000000,None,125000000,None,None,None,None,1512000000,None,None,1308000000,None,None,None,0.204,2182000000,5944000000,707000000,-1992000000,-7000000,None,None,None,None,None,None,None,1.577,9.66,4.516,None,None,None,None,None,-3543000000,None,0.16,None,537000000,2025-10-31,annual,2.11,USD,pre-market,None,4573000000,0.0559,0.377,0.074,78.76,5700000000,2112000000,7000000,4806000000,360.12,346.14,14.0541,27818000000,12987000000,18913000000,22515000000,14831000000,3602000000,6651000000,5303000000,28.58,-808000000,410.34,321.67
2025-12-28,AON,12.48,17028000000.0,28.58,None,0.833,36.89,141000000,None,476000000,476000000,-2088000000,-679000000,16000000,None,-186000000,None,None,108000000,344000000,341500000,None,8324000000,8324000000,11254000000,None,None,9697000000,None,None,277000000,413000000,2.91,0.0082,412000000,412000000,None,0.344,0.26,702000000,979000000,1.85,2020-12-31,18.76,4391000000,7962000000.0,6651000000,577000000,161000000,115000000,115000000,None,125000000,None,None,None,None,1512000000,None,None,2018000000,None,None,None,0.204,2783000000,5944000000,707000000,-1992000000,-7000000,None,None,None,None,None,None,None,1.577,9.66,4.516,None,None,None,None,None,-1763000000,None,0.16,None,537000000,2025-10-31,annual,2.11,USD,pre-market,None,4573000000,0.0559,0.377,0.074,78.76,5700000000,2112000000,7000000,4806000000,360.12,346.14,14.0541,27818000000,12987000000,18913000000,22515000000,14831000000,3602000000,6651000000,5303000000,28.58,-808000000,410.34,321.67
2025-12-28,AON,12.48,17028000000.0,28.58,None,0.833,36.89,225000000,None,476000000,476000000,-1493000000,-229000000,113000000,None,28000000,None,None,-371000000,344000000,341500000,None,8324000000,8324000000,11254000000,None,None,9697000000,None,None,277000000,564000000,2.91,0.0082,410000000,410000000,None,0.344,0.26,702000000,979000000,1.85,2019-12-31,18.76,4391000000,7962000000.0,6651000000,577000000,161000000,115000000,115000000,None,125000000,None,None,None,None,1512000000,None,None,1573000000,None,None,None,0.204,1835000000,5944000000,707000000,-1992000000,-7000000,None,None,None,None,None,None,None,1.577,9.66,4.516,None,None,None,None,None,-1960000000,None,0.16,None,537000000,2025-10-31,annual,2.11,USD,pre-market,None,4573000000,0.0559,0.377,0.074,78.76,5700000000,2112000000,7000000,4806000000,360.12,346.14,14.0541,27818000000,12987000000,18913000000,22515000000,14831000000,3602000000,6651000000,5303000000,28.58,-808000000,410.34,321.67
2025-12-28,AON,12.48,17028000000.0,28.58,None,0.833,36.89,240000000,None,476000000,476000000,-1699000000,31000000,-100000000,-118000000,320000000,None,None,-127000000,344000000,341500000,None,8324000000,8324000000,11254000000,None,None,9697000000,None,None,277000000,769000000,2.91,0.0082,382000000,382000000,None,0.344,0.26,702000000,979000000,1.85,2018-12-31,18.76,4391000000,7962000000.0,6651000000,577000000,161000000,115000000,115000000,None,125000000,None,None,None,None,1512000000,None,None,1174000000,None,None,None,0.204,1686000000,5944000000,707000000,-1992000000,-7000000,None,None,None,None,None,None,None,1.577,9.66,4.516,None,None,None,None,None,-1470000000,None,0.16,None,537000000,2025-10-31,annual,2.11,USD,pre-market,None,4573000000,0.0559,0.377,0.074,78.76,5700000000,2112000000,7000000,4806000000,360.12,346.14,14.0541,27818000000,12987000000,18913000000,22515000000,14831000000,3602000000,6651000000,5303000000,28.58,-808000000,410.34,321.67
2025-12-28,AON,12.48,17028000000.0,28.58,None,0.833,36.89,183000000,None,476000000,476000000,-3265000000,2787000000,325000000,69000000,135000000,None,None,-254000000,344000000,341500000,None,8324000000,8324000000,11254000000,None,None,9697000000,None,None,277000000,891000000,2.91,0.0082,364000000,364000000,None,0.344,0.26,702000000,979000000,1.85,2017-12-31,18.76,4391000000,7962000000.0,6651000000,577000000,161000000,115000000,115000000,None,125000000,None,None,None,None,1512000000,None,None,1263000000,None,None,None,0.204,734000000,5944000000,707000000,-1992000000,-7000000,None,None,None,None,None,None,None,1.577,9.66,4.516,None,None,None,None,None,-2399000000,None,0.16,None,537000000,2025-10-31,annual,2.11,USD,pre-market,None,4573000000,0.0559,0.377,0.074,78.76,5700000000,2112000000,7000000,4806000000,360.12,346.14,14.0541,27818000000,12987000000,18913000000,22515000000,14831000000,3602000000,6651000000,5303000000,28.58,-808000000,410.34,321.67
2025-12-28,AON,12.48,17028000000.0,28.58,None,0.833,36.89,222000000,None,476000000,476000000,-1286000000,-954000000,47000000,-39000000,598000000,None,None,-86000000,344000000,341500000,None,8324000000,8324000000,11254000000,None,None,9697000000,None,None,277000000,509000000,2.91,0.0082,345000000,345000000,None,0.344,0.26,702000000,979000000,1.85,2016-12-31,18.76,4391000000,7962000000.0,6651000000,577000000,161000000,115000000,115000000,None,125000000,None,None,None,None,1512000000,None,None,1430000000,None,None,None,0.204,2326000000,5944000000,707000000,-1992000000,-7000000,None,None,None,None,None,None,None,1.577,9.66,4.516,None,None,None,None,None,-1257000000,None,0.16,None,537000000,2025-10-31,annual,2.11,USD,pre-market,None,4573000000,0.0559,0.377,0.074,78.76,5700000000,2112000000,7000000,4806000000,360.12,346.14,14.0541,27818000000,12987000000,18913000000,22515000000,14831000000,3602000000,6651000000,5303000000,28.58,-808000000,410.34,321.67
2025-12-28,AON,12.48,17028000000.0,28.58,None,0.833,36.89,290000000,None,476000000,476000000,-1689000000,-138000000,10000000,-172000000,0,None,None,-83000000,344000000,341500000,None,8324000000,8324000000,11254000000,None,None,9697000000,None,None,277000000,543000000,2.91,0.0082,323000000,323000000,None,0.344,0.26,702000000,979000000,1.85,2015-12-31,18.76,4391000000,7962000000.0,6651000000,577000000,161000000,115000000,115000000,None,125000000,None,None,None,None,1512000000,None,None,1422000000,None,None,None,0.204,2009000000,5944000000,707000000,-1992000000,-7000000,None,None,None,None,None,None,None,1.577,9.66,4.516,None,None,None,None,None,-1550000000,None,0.16,None,537000000,2025-10-31,annual,2.11,USD,pre-market,None,4573000000,0.0559,0.377,0.074,78.76,5700000000,2112000000,7000000,4806000000,360.12,346.14,14.0541,27818000000,12987000000,18913000000,22515000000,14831000000,3602000000,6651000000,5303000000,28.58,-808000000,410.34,321.67
2025-12-28,AON,12.48,17028000000.0,28.58,None,0.833,36.89,256000000,None,476000000,476000000,-1303000000,-545000000,-103000000,-67000000,0,None,None,-25000000,344000000,341500000,None,8324000000,8324000000,11254000000,None,None,9697000000,None,None,277000000,594000000,2.91,0.0082,273000000,273000000,None,0.344,0.26,702000000,979000000,1.85,2014-12-31,18.76,4391000000,7962000000.0,6651000000,577000000,161000000,115000000,115000000,None,125000000,None,None,None,None,1512000000,None,None,1431000000,None,None,None,0.204,1642000000,5944000000,707000000,-1992000000,-7000000,None,None,None,None,None,None,None,1.577,9.66,4.516,None,None,None,None,None,-2250000000,None,0.16,None,537000000,2025-10-31,annual,2.11,USD,pre-market,None,4573000000,0.0559,0.377,0.074,78.76,5700000000,2112000000,7000000,4806000000,360.12,346.14,14.0541,27818000000,12987000000,18913000000,22515000000,14831000000,3602000000,6651000000,5303000000,28.58,-808000000,410.34,321.67
2025-12-28,AON,12.48,17028000000.0,28.58,None,0.833,36.89,229000000,None,476000000,476000000,-1136000000,-339000000,186000000,-92000000,0,None,None,141000000,344000000,341500000,None,8324000000,8324000000,11254000000,None,None,9697000000,None,None,277000000,635000000,2.91,0.0082,212000000,212000000,None,0.344,0.26,702000000,979000000,1.85,2013-12-31,18.76,4391000000,7962000000.0,6651000000,577000000,161000000,115000000,115000000,None,125000000,None,None,None,None,1512000000,None,None,1148000000,None,None,None,0.204,1633000000,5944000000,707000000,-1992000000,-7000000,None,None,None,None,None,None,None,1.577,9.66,4.516,None,None,None,None,None,-1102000000,None,0.16,None,537000000,2025-10-31,annual,2.11,USD,pre-market,None,4573000000,0.0559,0.377,0.074,78.76,5700000000,2112000000,7000000,4806000000,360.12,346.14,14.0541,27818000000,12987000000,18913000000,22515000000,14831000000,3602000000,6651000000,5303000000,28.58,-808000000,410.34,321.67
2025-12-28,AON,12.48,17028000000.0,28.58,None,0.833,36.89,269000000,None,476000000,476000000,-1586000000,177000000,19000000,9000000,0,None,None,106000000,344000000,341500000,None,8324000000,8324000000,11254000000,None,None,9697000000,None,None,277000000,655000000,2.91,0.0082,204000000,204000000,None,0.344,0.26,702000000,979000000,1.85,2012-12-31,18.76,4391000000,7962000000.0,6651000000,577000000,161000000,115000000,115000000,None,125000000,None,None,None,None,1512000000,None,None,993000000,None,None,None,0.204,1419000000,5944000000,707000000,-1992000000,-7000000,None,None,None,None,None,None,None,1.577,9.66,4.516,None,None,None,None,None,-1125000000,None,0.16,None,537000000,2025-10-31,annual,2.11,USD,pre-market,None,4573000000,0.0559,0.377,0.074,78.76,5700000000,2112000000,7000000,4806000000,360.12,346.14,14.0541,27818000000,12987000000,18913000000,22515000000,14831000000,3602000000,6651000000,5303000000,28.58,-808000000,410.34,321.67
2025-12-28,AON,12.48,17028000000.0,28.58,None,0.833,36.89,241000000,None,476000000,476000000,-896000000,-186000000,-74000000,-10000000,0,None,None,-494000000,344000000,341500000,None,8324000000,8324000000,11254000000,None,None,9697000000,None,None,277000000,582000000,2.91,0.0082,200000000,200000000,None,0.344,0.26,702000000,979000000,1.85,2011-12-31,18.76,4391000000,7962000000.0,6651000000,577000000,161000000,115000000,115000000,None,125000000,None,None,None,None,1512000000,None,None,1010000000,None,None,None,0.204,1018000000,5944000000,707000000,-1992000000,-7000000,None,None,None,None,None,None,None,1.577,9.66,4.516,None,None,None,None,None,-828000000,None,0.16,None,537000000,2025-10-31,annual,2.11,USD,pre-market,None,4573000000,0.0559,0.377,0.074,78.76,5700000000,2112000000,7000000,4806000000,360.12,346.14,14.0541,27818000000,12987000000,18913000000,22515000000,14831000000,3602000000,6651000000,5303000000,28.58,-808000000,410.34,321.67
2025-12-28,AON,12.48,17028000000.0,28.58,None,0.833,36.89,180000000,None,476000000,476000000,1823000000,-2558000000,129000000,62000000,0,None,None,-69000000,344000000,341500000,None,8324000000,8324000000,11254000000,None,None,9697000000,None,None,277000000,305000000,2.91,0.0082,195000000,195000000,None,0.344,0.26,702000000,979000000,1.85,2010-12-31,18.76,4391000000,7962000000.0,6651000000,577000000,161000000,115000000,115000000,None,125000000,None,None,None,None,1512000000,None,None,732000000,None,None,None,0.204,787000000,5944000000,707000000,-1992000000,-7000000,None,None,None,None,None,None,None,1.577,9.66,4.516,None,None,None,None,None,-250000000,None,0.16,None,537000000,2025-10-31,annual,2.11,USD,pre-market,None,4573000000,0.0559,0.377,0.074,78.76,5700000000,2112000000,7000000,4806000000,360.12,346.14,14.0541,27818000000,12987000000,18913000000,22515000000,14831000000,3602000000,6651000000,5303000000,28.58,-808000000,410.34,321.67
2025-12-28,AON,12.48,17028000000.0,28.58,None,0.833,36.89,140000000,None,476000000,476000000,-649000000,-139000000,-365000000,16000000,0,None,None,-63000000,344000000,341500000,None,8324000000,8324000000,11254000000,None,None,9697000000,None,None,277000000,242000000,2.91,0.0082,165000000,165000000,None,0.344,0.26,702000000,979000000,1.85,2009-12-31,18.76,4391000000,7962000000.0,6651000000,577000000,161000000,115000000,115000000,None,125000000,None,None,None,None,1512000000,None,None,792000000,None,None,None,0.204,375000000,5944000000,707000000,-1992000000,-7000000,None,None,None,None,None,None,None,1.577,9.66,4.516,None,None,None,None,None,-478000000,None,0.16,None,537000000,2025-10-31,annual,2.11,USD,pre-market,None,4573000000,0.0559,0.377,0.074,78.76,5700000000,2112000000,7000000,4806000000,360.12,346.14,14.0541,27818000000,12987000000,18913000000,22515000000,14831000000,3602000000,6651000000,5303000000,28.58,-808000000,410.34,321.67
2025-12-28,AON,12.48,17028000000.0,28.58,None,0.833,36.89,103000000,None,476000000,476000000,-2235000000,1404000000,None,None,None,None,None,None,344000000,341500000,None,8324000000,8324000000,11254000000,None,None,9697000000,None,None,277000000,222000000,2.91,0.0082,171000000,171000000,None,0.344,0.26,702000000,979000000,1.85,2008-12-31,18.76,4391000000,7962000000.0,6651000000,577000000,161000000,115000000,115000000,None,125000000,None,None,None,None,1512000000,None,None,1462000000,None,None,None,0.204,959000000,5944000000,707000000,-1992000000,-7000000,None,None,None,None,None,None,None,1.577,9.66,4.516,None,None,None,None,None,-1740000000,None,0.16,None,537000000,2025-10-31,annual,2.11,USD,pre-market,None,4573000000,0.0559,0.377,0.074,78.76,5700000000,2112000000,7000000,4806000000,360.12,346.14,14.0541,27818000000,12987000000,18913000000,22515000000,14831000000,3602000000,6651000000,5303000000,28.58,-808000000,410.34,321.67
2025-12-28,AON,12.48,17028000000.0,28.58,None,0.833,36.89,170000000,None,476000000,476000000,-579000000,-463000000,None,None,None,None,None,None,344000000,341500000,None,8324000000,8324000000,11254000000,None,None,9697000000,None,None,277000000,205000000,2.91,0.0082,176000000,176000000,None,0.344,0.26,702000000,979000000,1.85,2007-12-31,18.76,4391000000,7962000000.0,6651000000,577000000,161000000,115000000,115000000,None,125000000,None,None,None,None,1512000000,None,None,864000000,None,None,None,0.204,1289000000,5944000000,707000000,-1992000000,-7000000,None,None,None,None,None,None,None,1.577,9.66,4.516,None,None,None,None,None,-523000000,None,0.16,None,537000000,2025-10-31,annual,2.11,USD,pre-market,None,4573000000,0.0559,0.377,0.074,78.76,5700000000,2112000000,7000000,4806000000,360.12,346.14,14.0541,27818000000,12987000000,18913000000,22515000000,14831000000,3602000000,6651000000,5303000000,28.58,-808000000,410.34,321.67
2025-12-28,AON,12.48,17028000000.0,28.58,None,0.833,36.89,152000000,None,476000000,476000000,-964000000,-190000000,None,None,2167000000,None,None,None,344000000,341500000,None,8324000000,8324000000,11254000000,None,None,9697000000,None,None,277000000,201000000,2.91,0.0082,189000000,189000000,None,0.344,0.26,702000000,979000000,1.85,2006-12-31,18.76,4391000000,7962000000.0,6651000000,577000000,161000000,115000000,115000000,None,125000000,None,None,None,None,1512000000,None,None,674000000,None,None,None,0.204,968000000,5944000000,707000000,-1992000000,-7000000,None,None,None,None,None,None,None,1.577,9.66,4.516,None,None,None,None,None,-966000000,None,0.16,None,537000000,2025-10-31,annual,2.11,USD,pre-market,None,4573000000,0.0559,0.377,0.074,78.76,5700000000,2112000000,7000000,4806000000,360.12,346.14,14.0541,27818000000,12987000000,18913000000,22515000000,14831000000,3602000000,6651000000,5303000000,28.58,-808000000,410.34,321.67
2025-12-28,AON,12.48,17028000000.0,28.58,None,0.833,36.89,126000000,None,476000000,476000000,-204000000,-769000000,None,None,None,None,None,None,344000000,341500000,None,8324000000,8324000000,11254000000,None,None,9697000000,None,None,277000000,346000000,2.91,0.0082,193000000,193000000,None,0.344,0.26,702000000,979000000,1.85,2005-12-31,18.76,4391000000,7962000000.0,6651000000,577000000,161000000,115000000,115000000,None,125000000,None,None,None,None,1512000000,None,None,497000000,None,None,None,0.204,886000000,5944000000,707000000,-1992000000,-7000000,None,None,None,None,None,None,None,1.577,9.66,4.516,None,None,None,None,None,-75000000,None,0.16,None,537000000,2025-10-31,annual,2.11,USD,pre-market,None,4573000000,0.0559,0.377,0.074,78.76,5700000000,2112000000,7000000,4806000000,360.12,346.14,14.0541,27818000000,12987000000,18913000000,22515000000,14831000000,3602000000,6651000000,5303000000,28.58,-808000000,410.34,321.67
