date,symbol,eps,revenue_ttm,pe_ratio,accumulateddepreciationamortizationppe,beta,book_value,capitalexpenditures,capitalleaseobligations,cashandcashequivalentsatcarryingvalue,cashandshortterminvestments,cashflowfromfinancing,cashflowfrominvestment,changeincashandcashequivalents,changeinexchangerate,changeininventory,changeinoperatingassets,changeinoperatingliabilities,changeinreceivables,commonstock,commonstocksharesoutstanding,comprehensiveincomenetoftax,costofgoodsandservicessold,costofrevenue,currentaccountspayable,currentdebt,currentlongtermdebt,currentnetreceivables,deferredrevenue,depreciation,depreciationandamortization,depreciationdepletionandamortization,dividend_per_share,dividend_yield,dividendpayout,dividendpayoutcommonstock,dividendpayoutpreferredstock,earnings_growth_yoy,earnings_surprise,ebit,ebitda,estimated_eps,fiscaldateending,forward_pe,goodwill,gross_profit_ttm,grossprofit,incomebeforetax,incometaxexpense,intangibleassets,intangibleassetsexcludinggoodwill,interestanddebtexpense,interestexpense,interestincome,inventory,investmentincomenet,investments,longtermdebt,longtermdebtnoncurrent,longterminvestments,netincome,netincomefromcontinuingoperations,netinterestincome,noninterestincome,operating_margin_ttm,operatingcashflow,operatingexpenses,operatingincome,othercurrentassets,othercurrentliabilities,othernoncurrentassets,othernoncurrentliabilities,othernonoperatingincome,paymentsforoperatingactivities,paymentsforrepurchaseofcommonstock,paymentsforrepurchaseofequity,paymentsforrepurchaseofpreferredstock,peg_ratio,price_to_book,price_to_sales_ttm,proceedsfromissuanceofcommonstock,proceedsfromissuanceoflongtermdebtandcapitalsecuritiesnet,proceedsfromissuanceofpreferredstock,proceedsfromoperatingactivities,proceedsfromrepaymentsofshorttermdebt,proceedsfromrepurchaseofequity,proceedsfromsaleoftreasurystock,profit_margin,profitloss,propertyplantequipment,report_date,report_type,reported_eps,reportedcurrency,reporttime,researchanddevelopment,retainedearnings,return_on_assets_ttm,return_on_equity_ttm,revenue_growth_yoy,revenue_per_share_ttm,sellinggeneralandadministrative,shortlongtermdebttotal,shorttermdebt,shortterminvestments,sma_200,sma_50,surprise_pct,totalassets,totalcurrentassets,totalcurrentliabilities,totalliabilities,totalnoncurrentassets,totalnoncurrentliabilities,totalrevenue,totalshareholderequity,trailing_pe,treasurystock,week_52_high,week_52_low
2014-06-30,ARES,,,,,,,,,,,,,,,,,,,,,,,,,,,,,,,,,,,,,,-0.04,,,0.37,,,,,,,,,,,,,,,,,,,,,,,,,,,,,,,,,,,,,,,,,,,,,,,,,2014-08-13,,0.33,,pre-market,,,,,,,,,,,,,-10.8108,,,,,,,,,,,,
2014-09-30,ARES,,,,,,,,,,,,,,,,,,,,,,,,,,,,,,,,,,,,,,-0.01,,,0.33,,,,,,,,,,,,,,,,,,,,,,,,,,,,,,,,,,,,,,,,,,,,,,,,,2014-11-12,,0.32,,pre-market,,,,,,,,,,,,,-3.0303,,,,,,,,,,,,
2014-12-31,ARES,,,,,,,,,,,,,,,,,,,,,,,,,,,,,,,,,,,,,,-0.09,,,0.36,,,,,,,,,,,,,,,,,,,,,,,,,,,,,,,,,,,,,,,,,,,,,,,,,2015-03-05,,0.27,,pre-market,,,,,,,,,,,,,-25.0,,,,,,,,,,,,
2015-03-31,ARES,,,,,,,,,,,,,,,,,,,,,,,,,,,,,,,,,,,,,,-0.04,,,0.39,,,,,,,,,,,,,,,,,,,,,,,,,,,,,,,,,,,,,,,,,,,,,,,,,2015-05-12,,0.35,,pre-market,,,,,,,,,,,,,-10.2564,,,,,,,,,,,,
2015-06-30,ARES,,,,,,,,,,,,,,,,,,,,,,,,,,,,,,,,,,,,,,-0.07,,,0.39,,,,,,,,,,,,,,,,,,,,,,,,,,,,,,,,,,,,,,,,,,,,,,,,,2015-08-11,,0.32,,pre-market,,,,,,,,,,,,,-17.9487,,,,,,,,,,,,
2015-09-30,ARES,,,,,,,,,,,,,,,,,,,,,,,,,,,,,,,,,,,,,,0.03,,,0.17,,,,,,,,,,,,,,,,,,,,,,,,,,,,,,,,,,,,,,,,,,,,,,,,,2015-11-10,,0.2,,pre-market,,,,,,,,,,,,,17.6471,,,,,,,,,,,,
2015-12-31,ARES,,,,,,,,,,,,,,,,,,,,,,,,,,,,,,,,,,,,,,-0.09,,,0.29,,,,,,,,,,,,,,,,,,,,,,,,,,,,,,,,,,,,,,,,,,,,,,,,,2016-02-29,,0.2,,pre-market,,,,,,,,,,,,,-31.0345,,,,,,,,,,,,
2016-03-31,ARES,,,,,,,,,,,,,,,,,,,,,,,,,,,,,,,,,,,,,,-0.14,,,0.22,,,,,,,,,,,,,,,,,,,,,,,,,,,,,,,,,,,,,,,,,,,,,,,,,2016-05-10,,0.08,,post-market,,,,,,,,,,,,,-63.6364,,,,,,,,,,,,
2016-06-30,ARES,,,,,,,,,,,,,,,,,,,,,,,,,,,,,,,,,,,,,,0.15,,,0.29,,,,,,,,,,,,,,,,,,,,,,,,,,,,,,,,,,,,,,,,,,,,,,,,,2016-08-09,,0.44,,pre-market,,,,,,,,,,,,,51.7241,,,,,,,,,,,,
2016-09-30,ARES,,,,,,,,,,,,,,,,,,,,,,,,,,,,,,,,,,,,,,0.08,,,0.38,,,,,,,,,,,,,,,,,,,,,,,,,,,,,,,,,,,,,,,,,,,,,,,,,2016-11-07,,0.46,,pre-market,,,,,,,,,,,,,21.0526,,,,,,,,,,,,
2016-12-31,ARES,,,,,,,,,,,,,,,,,,,,,,,,,,,,,,,,,,,,,,0.07,,,0.37,,,,,,,,,,,,,,,,,,,,,,,,,,,,,,,,,,,,,,,,,,,,,,,,,2017-02-24,,0.44,,pre-market,,,,,,,,,,,,,18.9189,,,,,,,,,,,,
2017-03-31,ARES,,,,,,,,,,,,,,,,,,,,,,,,,,,,,,,,,,,,,,-0.1,,,0.4,,,,,,,,,,,,,,,,,,,,,,,,,,,,,,,,,,,,,,,,,,,,,,,,,2017-05-08,,0.3,,pre-market,,,,,,,,,,,,,-25.0,,,,,,,,,,,,
2017-06-30,ARES,,,,,,,,,,,,,,,,,,,,,,,,,,,,,,,,,,,,,,0.02,,,0.67,,,,,,,,,,,,,,,,,,,,,,,,,,,,,,,,,,,,,,,,,,,,,,,,,2017-08-04,,0.69,,pre-market,,,,,,,,,,,,,2.9851,,,,,,,,,,,,
2017-09-30,ARES,,,,,,,,,,,,,,,,,,,,,,,,,,,,,,,,,,,,,,0.01,,,0.39,,,,,,,,,,,,,,,,,,,,,,,,,,,,,,,,,,,,,,,,,,,,,,,,,2017-11-03,,0.4,,pre-market,,,,,,,,,,,,,2.5641,,,,,,,,,,,,
2017-12-31,ARES,,,,,,,,,,,,,,,,,,,,,,,,,,,,,,,,,,,,,,0.06,,,0.48,,,,,,,,,,,,,,,,,,,,,,,,,,,,,,,,,,,,,,,,,,,,,,,,,2018-02-15,,0.54,,pre-market,,,,,,,,,,,,,12.5,,,,,,,,,,,,
2018-03-31,ARES,,,,,,,,,,,,,,,,,,,,,,,,,,,,,,,,,,,,,,0.0,,,0.37,,,,,,,,,,,,,,,,,,,,,,,,,,,,,,,,,,,,,,,,,,,,,,,,,2018-05-03,,0.37,,pre-market,,,,,,,,,,,,,0.0,,,,,,,,,,,,
2018-06-30,ARES,,,,,,,,,,,,,,,,,,,,,,,,,,,,,,,,,,,,,,-0.06,,,0.4,,,,,,,,,,,,,,,,,,,,,,,,,,,,,,,,,,,,,,,,,,,,,,,,,2018-08-02,,0.34,,pre-market,,,,,,,,,,,,,-15.0,,,,,,,,,,,,
2018-09-30,ARES,,,,,,,,,,,,,,,,,,,,,,,,,,,,,,,,,,,,,,-0.05,,,0.35,,,,,,,,,,,,,,,,,,,,,,,,,,,,,,,,,,,,,,,,,,,,,,,,,2018-11-01,,0.3,,pre-market,,,,,,,,,,,,,-14.2857,,,,,,,,,,,,
2018-12-31,ARES,,,,,,,,,,,,,,,,,,,,,,,,,,,,,,,,,,,,,,0.1,,,0.31,,,,,,,,,,,,,,,,,,,,,,,,,,,,,,,,,,,,,,,,,,,,,,,,,2019-02-14,,0.41,,pre-market,,,,,,,,,,,,,32.2581,,,,,,,,,,,,
2019-03-31,ARES,,,,,,,,,,,,,,,,,,,,,,,,,,,,,,,,,,,,,,-0.03,,,0.38,,,,,,,,,,,,,,,,,,,,,,,,,,,,,,,,,,,,,,,,,,,,,,,,,2019-05-02,,0.35,,pre-market,,,,,,,,,,,,,-7.8947,,,,,,,,,,,,
2019-06-30,ARES,,,,,,,,,,,,,,,,,,,,,,,,,,,,,,,,,,,,,,-0.05,,,0.37,,,,,,,,,,,,,,,,,,,,,,,,,,,,,,,,,,,,,,,,,,,,,,,,,2019-07-31,,0.32,,pre-market,,,,,,,,,,,,,-13.5135,,,,,,,,,,,,
2019-09-30,ARES,,,,,,,,,,,,,,,,,,,,,,,,,,,,,,,,,,,,,,-0.03,,,0.37,,,,,,,,,,,,,,,,,,,,,,,,,,,,,,,,,,,,,,,,,,,,,,,,,2019-10-31,,0.34,,pre-market,,,,,,,,,,,,,-8.1081,,,,,,,,,,,,
2019-12-31,ARES,,,,,,,,,,,,,,,,,,,,,,,,,,,,,,,,,,,,,,0.16,,,0.51,,,,,,,,,,,,,,,,,,,,,,,,,,,,,,,,,,,,,,,,,,,,,,,,,2020-02-13,,0.67,,pre-market,,,,,,,,,,,,,31.3725,,,,,,,,,,,,
2020-03-31,ARES,,,,,,,,,,,,,,,,,,,,,,,,,,,,,,,,,,,,,,0.03,,,0.42,,,,,,,,,,,,,,,,,,,,,,,,,,,,,,,,,,,,,,,,,,,,,,,,,2020-05-06,,0.45,,pre-market,,,,,,,,,,,,,7.1429,,,,,,,,,,,,
2020-06-30,ARES,,,,,,,,,,,,,,,,,,,,,,,,,,,,,,,,,,,,,,0.01,,,0.38,,,,,,,,,,,,,,,,,,,,,,,,,,,,,,,,,,,,,,,,,,,,,,,,,2020-08-05,,0.39,,pre-market,,,,,,,,,,,,,2.6316,,,,,,,,,,,,
2020-09-30,ARES,,,,,,,,,,,,,,,,,,,,,,,,,,,,,,,,,,,,,,0.05,,,0.43,,,,,,,,,,,,,,,,,,,,,,,,,,,,,,,,,,,,,,,,,,,,,,,,,2020-10-28,,0.48,,pre-market,,,,,,,,,,,,,11.6279,,,,,,,,,,,,
2020-12-31,ARES,,,,,,,,,,,,,,,,,,,,,,,,,,,,,,,,,,,,,,0.08,,,0.46,,,,,,,,,,,,,,,,,,,,,,,,,,,,,,,,,,,,,,,,,,,,,,,,,2021-02-11,,0.54,,pre-market,,,,,,,,,,,,,17.3913,,,,,,,,,,,,
2021-03-31,ARES,,,,,,,,,,,,,,,,,,,,,,,,,,,,,,,,,,,,,,-0.05,,,0.51,,,,,,,,,,,,,,,,,,,,,,,,,,,,,,,,,,,,,,,,,,,,,,,,,2021-05-06,,0.46,,post-market,,,,,,,,,,,,,-9.8039,,,,,,,,,,,,
2021-06-30,ARES,,,,,,,,,,,,,,,,,,,,,,,,,,,,,,,,,,,,,,0.14,,,0.5,,,,,,,,,,,,,,,,,,,,,,,,,,,,,,,,,,,,,,,,,,,,,,,,,2021-07-29,,0.64,,pre-market,,,,,,,,,,,,,28.0,,,,,,,,,,,,
2021-09-30,ARES,,,,,,,,,,,,,,,,,,,,,,,,,,,,,,,,,,,,,,0.0,,,0.62,,,,,,,,,,,,,,,,,,,,,,,,,,,,,,,,,,,,,,,,,,,,,,,,,2021-10-27,,0.62,,pre-market,,,,,,,,,,,,,0.0,,,,,,,,,,,,
2021-12-31,ARES,,,,,,,,,,,,,,,,,,,,,,,,,,,,,,,,,,,,,,0.13,,,0.72,,,,,,,,,,,,,,,,,,,,,,,,,,,,,,,,,,,,,,,,,,,,,,,,,2022-02-11,,0.85,,pre-market,,,,,,,,,,,,,18.0556,,,,,,,,,,,,
2022-03-31,ARES,,,,,,,,,,,,,,,,,,,,,,,,,,,,,,,,,,,,,,-0.02,,,0.67,,,,,,,,,,,,,,,,,,,,,,,,,,,,,,,,,,,,,,,,,,,,,,,,,2022-04-28,,0.65,,pre-market,,,,,,,,,,,,,-2.9851,,,,,,,,,,,,
2022-06-30,ARES,,,,,,,,,,,,,,,,,,,,,,,,,,,,,,,,,,,,,,0.05,,,0.69,,,,,,,,,,,,,,,,,,,,,,,,,,,,,,,,,,,,,,,,,,,,,,,,,2022-07-28,,0.74,,pre-market,,,,,,,,,,,,,7.2464,,,,,,,,,,,,
2022-09-30,ARES,,,,,,,,,,,,,,,,,,,,,,,,,,,,,,,,,,,,,,0.01,,,0.74,,,,,,,,,,,,,,,,,,,,,,,,,,,,,,,,,,,,,,,,,,,,,,,,,2022-10-27,,0.75,,pre-market,,,,,,,,,,,,,1.3514,,,,,,,,,,,,
2022-12-31,ARES,,,,,,,,,,,,,,,,,,,,,,,,,,,,,,,,,,,,,,0.14,,,1.07,,,,,,,,,,,,,,,,,,,,,,,,,,,,,,,,,,,,,,,,,,,,,,,,,2023-02-09,,1.21,,pre-market,,,,,,,,,,,,,13.0841,,,,,,,,,,,,
2023-03-31,ARES,,,,,,,,,,,,,,,,,,,,,,,,,,,,,,,,,,,,,,-0.1,,,0.81,,,,,,,,,,,,,,,,,,,,,,,,,,,,,,,,,,,,,,,,,,,,,,,,,2023-04-28,,0.71,,pre-market,,,,,,,,,,,,,-12.3457,,,,,,,,,,,,
2023-06-30,ARES,,,,,,,,,,,,,,,,,,,,,,,,,,,,,,,,,,,,,,0.05,,,0.85,,,,,,,,,,,,,,,,,,,,,,,,,,,,,,,,,,,,,,,,,,,,,,,,,2023-08-01,,0.9,,pre-market,,,,,,,,,,,,,5.8824,,,,,,,,,,,,
2023-09-30,ARES,,,,,,,,,,,,,,,,,,,,,,,,,,,,,,,,,,,,,,-0.04,,,0.87,,,,,,,,,,,,,,,,,,,,,,,,,,,,,,,,,,,,,,,,,,,,,,,,,2023-10-31,,0.83,,pre-market,,,,,,,,,,,,,-4.5977,,,,,,,,,,,,
2023-12-31,ARES,,,,,,,,,,,,,,,,,,,,,,,,,,,,,,,,,,,,,,0.11,,,1.1,,,,,,,,,,,,,,,,,,,,,,,,,,,,,,,,,,,,,,,,,,,,,,,,,2024-02-08,,1.21,,pre-market,,,,,,,,,,,,,10.0,,,,,,,,,,,,
2024-03-31,ARES,,,,,,,,,,,,,,,,,,,,,,,,,,,,,,,,,,,,,,-0.12,,,0.92,,,,,,,,,,,,,,,,,,,,,,,,,,,,,,,,,,,,,,,,,,,,,,,,,2024-05-02,,0.8,,pre-market,,,,,,,,,,,,,-13.0435,,,,,,,,,,,,
2024-06-30,ARES,,,,,,,,,,,,,,,,,,,,,,,,,,,,,,,,,,,,,,0.01,,,0.98,,,,,,,,,,,,,,,,,,,,,,,,,,,,,,,,,,,,,,,,,,,,,,,,,2024-08-02,,0.99,,pre-market,,,,,,,,,,,,,1.0204,,,,,,,,,,,,
2024-09-30,ARES,,,,,,,,,,,,,,,,,,,,,,,,,,,,,,,,,,,,,,0.01,,,0.94,,,,,,,,,,,,,,,,,,,,,,,,,,,,,,,,,,,,,,,,,,,,,,,,,2024-11-01,,0.95,,pre-market,,,,,,,,,,,,,1.0638,,,,,,,,,,,,
2024-12-31,ARES,,,,,,,,,,,,,,,,,,,,,,,,,,,,,,,,,,,,,,-0.07,,,1.3,,,,,,,,,,,,,,,,,,,,,,,,,,,,,,,,,,,,,,,,,,,,,,,,,2025-02-05,,1.23,,pre-market,,,,,,,,,,,,,-5.3846,,,,,,,,,,,,
2025-03-31,ARES,,,,,,,,,,,,,,,,,,,,,,,,,,,,,,,,,,,,,,0.15,,,0.94,,,,,,,,,,,,,,,,,,,,,,,,,,,,,,,,,,,,,,,,,,,,,,,,,2025-05-05,,1.09,,pre-market,,,,,,,,,,,,,15.9574,,,,,,,,,,,,
2025-06-30,ARES,,,,,,,,,,,,,,,,,,,,,,,,,,,,,,,,,,,,,,-0.06,,,1.09,,,,,,,,,,,,,,,,,,,,,,,,,,,,,,,,,,,,,,,,,,,,,,,,,2025-08-01,,1.03,,pre-market,,,,,,,,,,,,,-5.5046,,,,,,,,,,,,
2025-09-30,ARES,,,,,,,,,,,,,,,,,,,,,,,,,,,,,,,,,,,,,,0.03,,,1.16,,,,,,,,,,,,,,,,,,,,,,,,,,,,,,,,,,,,,,,,,,,,,,,,,2025-10-30,,1.19,,pre-market,,,,,,,,,,,,,2.5862,,,,,,,,,,,,
2025-12-28,ARES,2.36,5355558000.0,71.5,,1.545,13.68,,,,,,,,,,,,,,,,,,,,,,,,,,4.29,0.0254,,,,1.088,0.03,,,1.16,,25.97,,1991537000.0,,,,,,,,,,,,,,,,,,,0.241,,,,,,,,,,,,,1.226,12.34,10.32,,,,,,,,0.121,,,2025-10-30,,1.19,,pre-market,,,0.0268,0.171,0.467,25.18,,,,,163.62,156.41,2.5862,,,,,,,,,71.5,,194.15,107.97
2025-12-28,ARES,2.36,5355558000.0,71.5,,1.545,13.68,,,,,,,,,,,,,,,None,659835000,659835000,,,,,,None,65956000,,4.29,0.0254,,,,1.088,0.03,723514000,789470000,1.16,2025-09-30,25.97,,1991537000.0,997793000,652271000,111892000,,,None,203018000,144465000,,None,,,,,288882000,540379000,-58553000,None,0.241,,648381000,349412000,,,,,None,,,,,1.226,12.34,10.32,,,,,,,,0.121,,,2025-10-30,quarterly,1.19,USD,pre-market,None,,0.0268,0.171,0.467,25.18,650249000,,,,163.62,156.41,2.5862,,,,,,,1657628000,,71.5,,194.15,107.97
2025-12-28,ARES,2.36,5355558000.0,71.5,,1.545,13.68,,,,,,,,,,,,,,,None,643709000,643709000,,,,,,None,63180000,,4.29,0.0254,,,,1.088,0.03,355801000,418981000,1.16,2025-06-30,25.97,,1991537000.0,706419000,286938000,60958000,,,None,189213000,169662000,,None,,,,,137062000,225980000,-19551000,None,0.241,,493869000,212550000,,,,,None,,,,,1.226,12.34,10.32,,,,,,,,0.121,,,2025-10-30,quarterly,1.19,USD,pre-market,None,,0.0268,0.171,0.467,25.18,466862000,,,,163.62,156.41,2.5862,,,,,,,1350128000,,71.5,,194.15,107.97
2025-12-28,ARES,2.36,5355558000.0,71.5,,1.545,13.68,,,,,,,,,,,,,,,None,657125000,657125000,,,,,,None,48229000,,4.29,0.0254,,,,1.088,0.03,197759000,245988000,1.16,2025-03-31,25.97,,1991537000.0,431680000,141038000,17537000,,,None,189127000,177728000,,None,,,,,47170000,123501000,-11399000,None,0.241,,357203000,74477000,,,,,None,,,,,1.226,12.34,10.32,,,,,,,,0.121,,,2025-10-30,quarterly,1.19,USD,pre-market,None,,0.0268,0.171,0.467,25.18,350547000,,,,163.62,156.41,2.5862,,,,,,,1088805000,,71.5,,194.15,107.97
2025-12-28,ARES,2.36,5355558000.0,71.5,,1.545,13.68,,,,,,,,,,,,,,,None,463062000,463062000,,,,,,None,38441000,,4.29,0.0254,,,,1.088,0.03,423980000,462421000,1.16,2024-12-31,25.97,,1991537000.0,795935000,399873000,49857000,,,None,246566000,224135000,,None,,,,,177317000,350016000,-246566000,None,0.241,,517705000,278230000,,,,,None,,,,,1.226,12.34,10.32,,,,,,,,0.121,,,2025-10-30,quarterly,1.19,USD,pre-market,None,,0.0268,0.171,0.467,25.18,508506000,,,,163.62,156.41,2.5862,,,,,,,1258997000,,71.5,,194.15,107.97
2025-12-28,ARES,2.36,5355558000.0,71.5,,1.545,13.68,,,,,,,,,,,,,,,None,435876000,435876000,,,,,,None,46005000,,4.29,0.0254,,,,1.088,0.03,289187000,558038000,1.16,2024-09-30,25.97,,1991537000.0,693863000,327106000,46453000,,,None,230932000,242234000,,None,,,,,118460000,280653000,-230932000,None,0.241,,419011000,274852000,,,,,None,,,,,1.226,12.34,10.32,,,,,,,,0.121,,,2025-10-30,quarterly,1.19,USD,pre-market,None,,0.0268,0.171,0.467,25.18,416716000,,,,163.62,156.41,2.5862,,,,,,,1129739000,,71.5,,194.15,107.97
2025-12-28,ARES,2.36,5355558000.0,71.5,,1.545,13.68,,,,,,,,,,,,,,,None,419858000,419858000,,,,,,None,36251000,,4.29,0.0254,,,,1.088,0.03,229573000,572438000,1.16,2024-06-30,25.97,,1991537000.0,368824000,317325000,41074000,,,None,255113000,247376000,,None,,,,,94938000,276251000,-255113000,None,0.241,,144686000,224138000,,,,,None,,,,,1.226,12.34,10.32,,,,,,,,0.121,,,2025-10-30,quarterly,1.19,USD,pre-market,None,,0.0268,0.171,0.467,25.18,140447000,,,,163.62,156.41,2.5862,,,,,,,788682000,,71.5,,194.15,107.97
2025-12-28,ARES,2.36,5355558000.0,71.5,,1.545,13.68,,,,,,,,,,,,,,,None,412951000,412951000,,,,,,None,36644000,,4.29,0.0254,,,,1.088,0.03,174374000,476738000,1.16,2024-03-31,25.97,,1991537000.0,294412000,231048000,27233000,,,None,245690000,262658000,,None,,,,,73027000,203815000,-245690000,None,0.241,,125542000,168870000,,,,,None,,,,,1.226,12.34,10.32,,,,,,,,0.121,,,2025-10-30,quarterly,1.19,USD,pre-market,None,,0.0268,0.171,0.467,25.18,120396000,,,,163.62,156.41,2.5862,,,,,,,707363000,,71.5,,194.15,107.97
2025-12-28,ARES,2.36,5355558000.0,71.5,,1.545,13.68,,,,,,,,,,,,,,,None,390865000,390865000,,,,,,None,37538000,,4.29,0.0254,,,,1.088,0.03,289060000,726222000,1.16,2023-12-31,25.97,,1991537000.0,663116000,483100000,59553000,,,None,243122000,None,,None,,,,,173950000,423547000,-243122000,None,0.241,,379659000,283457000,,,,,None,,,,,1.226,12.34,10.32,,,,,,,,0.121,,,2025-10-30,quarterly,1.19,USD,pre-market,None,,0.0268,0.171,0.467,25.18,364338000,,,,163.62,156.41,2.5862,,,,,,,1053981000,,71.5,,194.15,107.97
2025-12-28,ARES,2.36,5355558000.0,71.5,,1.545,13.68,,,,,,,,,,,,,,,None,367502000,367502000,,,,,,None,105524000,,4.29,0.0254,,,,1.088,0.03,176584000,454210000,1.16,2023-09-30,25.97,,1991537000.0,303753000,226872000,29898000,,,None,227338000,None,,None,,,,,61823000,196974000,-227338000,None,0.241,,193458000,110295000,,,,,None,,,,,1.226,12.34,10.32,,,,,,,,0.121,,,2025-10-30,quarterly,1.19,USD,pre-market,None,,0.0268,0.171,0.467,25.18,186394000,,,,163.62,156.41,2.5862,,,,,,,671255000,,71.5,,194.15,107.97
2025-12-28,ARES,2.36,5355558000.0,71.5,,1.545,13.68,,,,,,,,,,,,,,,None,367550000,367550000,,,,,,None,42991000,,4.29,0.0254,,,,1.088,0.03,261248000,590712000,1.16,2023-06-30,25.97,,1991537000.0,725736000,381969000,49714000,,,None,208743000,237144000,,None,,,,,144514000,332255000,28401000,None,0.241,,470188000,255548000,,,,,2284000,,,,,1.226,12.34,10.32,,,,,,,,0.121,,,2025-10-30,quarterly,1.19,USD,pre-market,None,,0.0268,0.171,0.467,25.18,456933000,,,,163.62,156.41,2.5862,,,,,,,1093286000,,71.5,,194.15,107.97
2025-12-28,ARES,2.36,5355558000.0,71.5,,1.545,13.68,,,,,,,,,,,,,,,None,360781000,360781000,,,,,,None,45659000,,4.29,0.0254,,,,1.088,0.03,185368000,422795000,1.16,2023-03-31,25.97,,1991537000.0,452581000,241122000,33806000,,,None,181673000,226777000,,None,,,,,94039000,207316000,45104000,None,0.241,,267855000,184726000,,,,,4431000,,,,,1.226,12.34,10.32,,,,,,,,0.121,,,2025-10-30,quarterly,1.19,USD,pre-market,None,,0.0268,0.171,0.467,25.18,260003000,,,,163.62,156.41,2.5862,,,,,,,813362000,,71.5,,194.15,107.97
2025-12-28,ARES,2.36,5355558000.0,71.5,,1.545,13.68,,,,,,,,,,,,,,,None,343559000,343559000,,,,,,None,43546000,,4.29,0.0254,,,,1.088,0.03,434956000,508324000,1.16,2022-12-31,25.97,,1991537000.0,594165000,342809000,49619000,,,None,165515000,194784000,,None,,,,,117493000,293190000,29269000,None,0.241,,342872000,251293000,,,,,1227000,,,,,1.226,12.34,10.32,,,,,,,,0.121,,,2025-10-30,quarterly,1.19,USD,pre-market,None,,0.0268,0.171,0.467,25.18,334826000,,,,163.62,156.41,2.5862,,,,,,,937724000,,71.5,,194.15,107.97
2025-12-28,ARES,2.36,5355558000.0,71.5,,1.545,13.68,,,,,,,,,,,,,,,None,425419000,425419000,,,,,,None,219339000,,4.29,0.0254,,,,1.088,0.03,-115000,70691000,1.16,2022-09-30,25.97,,1991537000.0,375871000,-60378000,-11599000,,,None,131069000,160501000,,None,,,,,-35546000,-48779000,29432000,None,0.241,,472683000,-96812000,,,,,9118000,,,,,1.226,12.34,10.32,,,,,,,,0.121,,,2025-10-30,quarterly,1.19,USD,pre-market,None,,0.0268,0.171,0.467,25.18,462286000,,,,163.62,156.41,2.5862,,,,,,,801290000,,71.5,,194.15,107.97
2025-12-28,ARES,2.36,5355558000.0,71.5,,1.545,13.68,,,,,,,,,,,,,,,None,375775000,375775000,,,,,,None,40330000,,4.29,0.0254,,,,1.088,0.03,108553000,163540000,1.16,2022-06-30,25.97,,1991537000.0,225655000,67066000,13460000,,,None,96474000,118851000,,None,,,,,39731000,53606000,22377000,None,0.241,,177093000,48562000,,,,,5510000,,,,,1.226,12.34,10.32,,,,,,,,0.121,,,2025-10-30,quarterly,1.19,USD,pre-market,None,,0.0268,0.171,0.467,25.18,163639000,,,,163.62,156.41,2.5862,,,,,,,601430000,,71.5,,194.15,107.97
2025-12-28,ARES,2.36,5355558000.0,71.5,,1.545,13.68,,,,,,,,,,,,,,,None,357243000,357243000,,,,,,None,38126000,,4.29,0.0254,,,,1.088,0.03,151316000,250968000,1.16,2022-03-31,25.97,,1991537000.0,357756000,161309000,20411000,,,None,89659000,121792000,,None,,,,,45863000,140898000,32133000,None,0.241,,254441000,103315000,,,,,11395000,,,,,1.226,12.34,10.32,,,,,,,,0.121,,,2025-10-30,quarterly,1.19,USD,pre-market,None,,0.0268,0.171,0.467,25.18,249928000,,,,163.62,156.41,2.5862,,,,,,,714999000,,71.5,,194.15,107.97
2025-12-28,ARES,2.36,5355558000.0,71.5,,1.545,13.68,,,,,,,,,,,,,,,None,325525000,325525000,,,,,,None,41551000,,4.29,0.0254,,,,1.088,0.03,297259000,386967000,1.16,2021-12-31,25.97,,1991537000.0,984640000,308861000,42898000,,,None,78106000,107120000,,None,,,,,124089000,265963000,29014000,None,0.241,,721450000,263190000,,,,,-181298000,,,,,1.226,12.34,10.32,,,,,,,,0.121,,,2025-10-30,quarterly,1.19,USD,pre-market,None,,0.0268,0.171,0.467,25.18,690539000,,,,163.62,156.41,2.5862,,,,,,,1310165000,,71.5,,194.15,107.97
2025-12-28,ARES,2.36,5355558000.0,71.5,,1.545,13.68,,,,,,,,,,,,,,,None,335569000,335569000,,,,,,None,36668000,,4.29,0.0254,,,,1.088,0.03,163646000,320089000,1.16,2021-09-30,25.97,,1991537000.0,613150000,246988000,30275000,,,None,73101000,105404000,,None,,,,,84726000,216713000,32303000,None,0.241,,477698000,135452000,,,,,46364000,,,,,1.226,12.34,10.32,,,,,,,,0.121,,,2025-10-30,quarterly,1.19,USD,pre-market,None,,0.0268,0.171,0.467,25.18,465594000,,,,163.62,156.41,2.5862,,,,,,,948719000,,71.5,,194.15,107.97
2025-12-28,ARES,2.36,5355558000.0,71.5,,1.545,13.68,,,,,,,,,,,,,,,None,269689000,269689000,,,,,,None,20974000,,4.29,0.0254,,,,1.088,0.03,274717000,385658000,1.16,2021-06-30,25.97,,1991537000.0,1025130000,319777000,48458000,,,None,65881000,118360000,,None,,,,,141644000,271319000,52479000,None,0.241,,755043000,270087000,,,,,121518000,,,,,1.226,12.34,10.32,,,,,,,,0.121,,,2025-10-30,quarterly,1.19,USD,pre-market,None,,0.0268,0.171,0.467,25.18,739743000,,,,163.62,156.41,2.5862,,,,,,,1294819000,,71.5,,194.15,107.97
2025-12-28,ARES,2.36,5355558000.0,71.5,,1.545,13.68,,,,,,,,,,,,,,,None,231850000,231850000,,,,,,None,14100000,,4.29,0.0254,,,,1.088,0.03,133279000,267784000,1.16,2021-03-31,25.97,,1991537000.0,426538000,190064000,25754000,,,None,77720000,116799000,,None,,,,,58378000,164310000,39079000,None,0.241,,293259000,133279000,,,,,56785000,,,,,1.226,12.34,10.32,,,,,,,,0.121,,,2025-10-30,quarterly,1.19,USD,pre-market,None,,0.0268,0.171,0.467,25.18,289088000,,,,163.62,156.41,2.5862,,,,,,,658388000,,71.5,,194.15,107.97
2025-12-28,ARES,2.36,5355558000.0,71.5,,1.545,13.68,,,,,,,,,,,,,,,None,207770000,207770000,,,,,,None,15051000,,4.29,0.0254,,,,1.088,0.03,165033000,345314000,1.16,2020-12-31,25.97,,1991537000.0,450243000,275153000,32874000,,,None,70161000,120491000,,None,,,,,79262000,242279000,50330000,None,0.241,,284610000,165633000,,,,,109520000,,,,,1.226,12.34,10.32,,,,,,,,0.121,,,2025-10-30,quarterly,1.19,USD,pre-market,None,,0.0268,0.171,0.467,25.18,281197000,,,,163.62,156.41,2.5862,,,,,,,658013000,,71.5,,194.15,107.97
2025-12-28,ARES,2.36,5355558000.0,71.5,,1.545,13.68,,,,,,,,,,,,,,,None,194267000,194267000,,,,,,None,14336000,,4.29,0.0254,,,,1.088,0.03,101086000,232778000,1.16,2020-09-30,25.97,,1991537000.0,295599000,159641000,18314000,,,None,73137000,117925000,,None,,,,,47545000,141327000,44788000,None,0.241,,198313000,97286000,,,,,62355000,,,,,1.226,12.34,10.32,,,,,,,,0.121,,,2025-10-30,quarterly,1.19,USD,pre-market,None,,0.0268,0.171,0.467,25.18,192294000,,,,163.62,156.41,2.5862,,,,,,,489866000,,71.5,,194.15,107.97
2025-12-28,ARES,2.36,5355558000.0,71.5,,1.545,13.68,,,,,,,,,,,,,,,None,185131000,185131000,,,,,,None,6319000,,4.29,0.0254,,,,1.088,0.03,116691000,323476000,1.16,2020-06-30,25.97,,1991537000.0,417627000,241097000,24421000,,,None,82379000,118292000,,None,,,,,56371000,216676000,35913000,None,0.241,,298436000,119191000,,,,,121906000,,,,,1.226,12.34,10.32,,,,,,,,0.121,,,2025-10-30,quarterly,1.19,USD,pre-market,None,,0.0268,0.171,0.467,25.18,295192000,,,,163.62,156.41,2.5862,,,,,,,602758000,,71.5,,194.15,107.97
2025-12-28,ARES,2.36,5355558000.0,71.5,,1.545,13.68,,,,,,,,,,,,,,,None,180084000,180084000,,,,,,None,5542000,,4.29,0.0254,,,,1.088,0.03,-68550000,-210866000,1.16,2020-03-31,25.97,,1991537000.0,-166675000,-296413000,-20616000,,,None,85547000,115015000,,None,,,,,-31036000,-275797000,29468000,None,0.241,,-98125000,-68550000,,,,,-227863000,,,,,1.226,12.34,10.32,,,,,,,,0.121,,,2025-10-30,quarterly,1.19,USD,pre-market,None,,0.0268,0.171,0.467,25.18,105568000,,,,163.62,156.41,2.5862,,,,,,,13409000,,71.5,,194.15,107.97
2025-12-28,ARES,2.36,5355558000.0,71.5,,1.545,13.68,,,,,,,,,,,,,,,None,168120000,168120000,,,,,,None,3850000,,4.29,0.0254,,,,1.088,0.03,74641000,178553000,1.16,2019-12-31,25.97,,1991537000.0,268809000,101261000,16786000,,,None,77292000,94267000,,None,,,,,38465000,84475000,16975000,None,0.241,,194168000,74641000,,,,,26620000,,,,,1.226,12.34,10.32,,,,,,,,0.121,,,2025-10-30,quarterly,1.19,USD,pre-market,None,,0.0268,0.171,0.467,25.18,182988000,,,,163.62,156.41,2.5862,,,,,,,436929000,,71.5,,194.15,107.97
2025-12-28,ARES,2.36,5355558000.0,71.5,,1.545,13.68,,,,,,,,,,,,,,,None,166216000,166216000,,,,,,None,4564000,,4.29,0.0254,,,,1.088,0.03,90789000,179401000,1.16,2019-09-30,25.97,,1991537000.0,300274000,103576000,11701000,,,None,75825000,109952000,,None,,,,,33331000,91875000,34127000,None,0.241,,229485000,70789000,,,,,32787000,,,,,1.226,12.34,10.32,,,,,,,,0.121,,,2025-10-30,quarterly,1.19,USD,pre-market,None,,0.0268,0.171,0.467,25.18,218601000,,,,163.62,156.41,2.5862,,,,,,,466490000,,71.5,,194.15,107.97
2025-12-28,ARES,2.36,5355558000.0,71.5,,1.545,13.68,,,,,,,,,,,,,,,None,162170000,162170000,,,,,,None,5221000,,4.29,0.0254,,,,1.088,0.03,49121000,158181000,1.16,2019-06-30,25.97,,1991537000.0,222652000,84383000,9505000,,,None,73798000,103858000,,None,,,,,32139000,74878000,30060000,None,0.241,,173531000,49121000,,,,,35262000,,,,,1.226,12.34,10.32,,,,,,,,0.121,,,2025-10-30,quarterly,1.19,USD,pre-market,None,,0.0268,0.171,0.467,25.18,158104000,,,,163.62,156.41,2.5862,,,,,,,384822000,,71.5,,194.15,107.97
2025-12-28,ARES,2.36,5355558000.0,71.5,,1.545,13.68,,,,,,,,,,,,,,,None,156846000,156846000,,,,,,None,5824000,,4.29,0.0254,,,,1.088,0.03,108090000,206461000,1.16,2019-03-31,25.97,,1991537000.0,320351000,135960000,14384000,,,None,70501000,32367000,,None,,,,,44949000,121576000,24527000,None,0.241,,212261000,108090000,,,,,27870000,,,,,1.226,12.34,10.32,,,,,,,,0.121,,,2025-10-30,quarterly,1.19,USD,pre-market,None,,0.0268,0.171,0.467,25.18,207707000,,,,163.62,156.41,2.5862,,,,,,,477197000,,71.5,,194.15,107.97
2025-12-28,ARES,2.36,5355558000.0,71.5,,1.545,13.68,,,,,,,,,,,,,,,None,151155000,151155000,,,,,,None,8283000,,4.29,0.0254,,,,1.088,0.03,31558000,82193000,1.16,2018-12-31,25.97,,1991537000.0,96277000,18880000,2543000,,,None,63313000,None,,None,,,,,11937000,16337000,None,None,0.241,,64719000,31558000,,,,,-104627000,,,,,1.226,12.34,10.32,,,,,,,,0.121,,,2025-10-30,quarterly,1.19,USD,pre-market,0,,0.0268,0.171,0.467,25.18,60216000,,,,163.62,156.41,2.5862,,,,,,,247432000,,71.5,,194.15,107.97
2025-12-28,ARES,2.36,5355558000.0,71.5,,1.545,13.68,,,,,,,,,,,,,,,None,145594000,145594000,,,,,,None,5347000,,4.29,0.0254,,,,1.088,0.03,13589000,119249000,1.16,2018-09-30,25.97,,1991537000.0,95183000,52343000,5131000,,,None,66906000,None,,None,,,,,15910000,47212000,None,None,0.241,,81594000,13589000,,,,,38754000,,,,,1.226,12.34,10.32,,,,,,,,0.121,,,2025-10-30,quarterly,1.19,USD,pre-market,0,,0.0268,0.171,0.467,25.18,68761000,,,,163.62,156.41,2.5862,,,,,,,240777000,,71.5,,194.15,107.97
2025-12-28,ARES,2.36,5355558000.0,71.5,,1.545,13.68,,,,,,,,,,,,,,,None,138992000,138992000,,,,,,None,7711000,,4.29,0.0254,,,,1.088,0.03,-16854000,113902000,1.16,2018-06-30,25.97,,1991537000.0,65171000,51072000,36903000,,,None,62830000,None,,None,,,,,-11775000,14169000,None,None,0.241,,82025000,-16854000,,,,,67926000,,,,,1.226,12.34,10.32,,,,,,,,0.121,,,2025-10-30,quarterly,1.19,USD,pre-market,0,,0.0268,0.171,0.467,25.18,46913000,,,,163.62,156.41,2.5862,,,,,,,204163000,,71.5,,194.15,107.97
2025-12-28,ARES,2.36,5355558000.0,71.5,,1.545,13.68,,,,,,,,,,,,,,,None,134639000,134639000,,,,,,None,7176000,,4.29,0.0254,,,,1.088,0.03,59806000,113340000,1.16,2018-03-31,25.97,,1991537000.0,131450000,62046000,-12375000,,,None,51294000,None,,None,,,,,40948000,74421000,None,None,0.241,,71644000,59806000,,,,,2240000,,,,,1.226,12.34,10.32,,,,,,,,0.121,,,2025-10-30,quarterly,1.19,USD,pre-market,0,,0.0268,0.171,0.467,25.18,70328000,,,,163.62,156.41,2.5862,,,,,,,266089000,,71.5,,194.15,107.97
2025-12-28,ARES,2.36,5355558000.0,71.5,,1.545,13.68,,,,,,,,,,,,,,,None,129204000,129204000,,,,,,None,9151000,,4.29,0.0254,,,,1.088,0.03,69933000,254340000,1.16,2017-12-31,25.97,,1991537000.0,227077000,136943000,5407000,,,None,117397000,None,,None,,,,,39596000,131536000,None,None,0.241,,181763000,45314000,,,,,None,,,,,1.226,12.34,10.32,,,,,,,,0.121,,,2025-10-30,quarterly,1.19,USD,pre-market,0,,0.0268,0.171,0.467,25.18,170215000,,,,163.62,156.41,2.5862,,,,,,,375100000,,71.5,,194.15,107.97
2025-12-28,ARES,2.36,5355558000.0,71.5,,1.545,13.68,,,,,,,,,,,,,,,None,129347000,129347000,,,,,,None,7119000,,4.29,0.0254,,,,1.088,0.03,34275000,121894000,1.16,2017-09-30,25.97,,1991537000.0,159055000,88424000,4552000,,,None,33470000,None,,None,,,,,27838000,83872000,None,None,0.241,,129511000,29544000,,,,,None,,,,,1.226,12.34,10.32,,,,,,,,0.121,,,2025-10-30,quarterly,1.19,USD,pre-market,0,,0.0268,0.171,0.467,25.18,105741000,,,,163.62,156.41,2.5862,,,,,,,288402000,,71.5,,194.15,107.97
2025-12-28,ARES,2.36,5355558000.0,71.5,,1.545,13.68,,,,,,,,,,,,,,,None,131219000,131219000,,,,,,None,8048000,,4.29,0.0254,,,,1.088,0.03,124000000,147309000,1.16,2017-06-30,25.97,,1991537000.0,440978000,115080000,1253000,,,None,32229000,None,,None,,,,,49878000,113827000,None,None,0.241,,355285000,85693000,,,,,None,,,,,1.226,12.34,10.32,,,,,,,,0.121,,,2025-10-30,quarterly,1.19,USD,pre-market,0,,0.0268,0.171,0.467,25.18,312456000,,,,163.62,156.41,2.5862,,,,,,,572197000,,71.5,,194.15,107.97
2025-12-28,ARES,2.36,5355558000.0,71.5,,1.545,13.68,,,,,,,,,,,,,,,None,124339000,124339000,,,,,,None,8491000,,4.29,0.0254,,,,1.088,0.03,30454000,-154387000,1.16,2017-03-31,25.97,,1991537000.0,119905000,-190588000,-34264000,,,None,36201000,None,,None,,,,,-41134000,-156324000,None,None,0.241,,369715000,-249810000,,,,,None,,,,,1.226,12.34,10.32,,,,,,,,0.121,,,2025-10-30,quarterly,1.19,USD,pre-market,0,,0.0268,0.171,0.467,25.18,88040000,,,,163.62,156.41,2.5862,,,,,,,244244000,,71.5,,194.15,107.97
2025-12-28,ARES,2.36,5355558000.0,71.5,,1.545,13.68,,,,,,,,,,,,,,,None,112476000,112476000,,,,,,None,8833000,,4.29,0.0254,,,,1.088,0.03,178135000,186968000,1.16,2016-12-31,25.97,,1991537000.0,245719000,98463000,3151000,,,None,79672000,None,,None,,,,,34015000,321830000,None,None,0.241,,187097000,58622000,,,,,None,,,,,1.226,12.34,10.32,,,,,,,,0.121,,,2025-10-30,quarterly,1.19,USD,pre-market,0,,0.0268,0.171,0.467,25.18,177038000,,,,163.62,156.41,2.5862,,,,,,,358195000,,71.5,,194.15,107.97
2025-12-28,ARES,2.36,5355558000.0,71.5,,1.545,13.68,,,,,,,,,,,,,,,None,111916000,111916000,,,,,,None,9183000,,4.29,0.0254,,,,1.088,0.03,218142000,227325000,1.16,2016-09-30,25.97,,1991537000.0,223544000,125425000,7641000,,,None,101900000,None,,None,,,,,43305000,117784000,None,None,0.241,,171458000,52086000,,,,,23042000,,,,,1.226,12.34,10.32,,,,,,,,0.121,,,2025-10-30,quarterly,1.19,USD,pre-market,0,,0.0268,0.171,0.467,25.18,161370000,,,,163.62,156.41,2.5862,,,,,,,335460000,,71.5,,194.15,107.97
2025-12-28,ARES,2.36,5355558000.0,71.5,,1.545,13.68,,,,,,,,,,,,,,,None,112654000,112654000,,,,,,None,9701000,,4.29,0.0254,,,,1.088,0.03,141735000,151436000,1.16,2016-06-30,25.97,,1991537000.0,256881000,83006000,-4434000,,,None,68430000,None,,None,,,,,37574000,87440000,None,None,0.241,,191281000,65600000,,,,,None,,,,,1.226,12.34,10.32,,,,,,,,0.121,,,2025-10-30,quarterly,1.19,USD,pre-market,0,,0.0268,0.171,0.467,25.18,190582000,,,,163.62,156.41,2.5862,,,,,,,369535000,,71.5,,194.15,107.97
2025-12-28,ARES,2.36,5355558000.0,71.5,,1.545,13.68,,,,,,,,,,,,,,,None,110679000,110679000,,,,,,None,9738000,,4.29,0.0254,,,,1.088,0.03,8592000,18330000,1.16,2016-03-31,25.97,,1991537000.0,25336000,-8974000,4665000,,,None,27304000,None,,None,,,,,-3090000,-13639000,None,None,0.241,,18859000,6477000,,,,,None,,,,,1.226,12.34,10.32,,,,,,,,0.121,,,2025-10-30,quarterly,1.19,USD,pre-market,0,,0.0268,0.171,0.467,25.18,18632000,,,,163.62,156.41,2.5862,,,,,,,136015000,,71.5,,194.15,107.97
2025-12-28,ARES,2.36,5355558000.0,71.5,,1.545,13.68,,,,,,,,,,,,,,,None,108646000,108646000,,,,,,None,11119000,,4.29,0.0254,,,,1.088,0.03,34093000,45212000,1.16,2015-12-31,25.97,,1991537000.0,50873000,9568000,3323000,,,None,24525000,None,,None,,,,,184000,-545967000,None,None,0.241,,76976000,-26103000,,,,,None,,,,,1.226,12.34,10.32,,,,,,,,0.121,,,2025-10-30,quarterly,1.19,USD,pre-market,0,,0.0268,0.171,0.467,25.18,74098000,,,,163.62,156.41,2.5862,,,,,,,159519000,,71.5,,194.15,107.97
2025-12-28,ARES,2.36,5355558000.0,71.5,,1.545,13.68,,,,,,,,,,,,,,,None,104872000,104872000,,,,,,None,12489000,,4.29,0.0254,,,,1.088,0.03,49203000,61692000,1.16,2015-09-30,25.97,,1991537000.0,38982000,-32085000,5579000,,,None,81288000,None,,None,,,,,-11349000,-37664000,None,None,0.241,,31514000,7468000,,,,,None,,,,,1.226,12.34,10.32,,,,,,,,0.121,,,2025-10-30,quarterly,1.19,USD,pre-market,0,,0.0268,0.171,0.467,25.18,30569000,,,,163.62,156.41,2.5862,,,,,,,143854000,,71.5,,194.15,107.97
2025-12-28,ARES,2.36,5355558000.0,71.5,,1.545,13.68,,,,,,,,,,,,,,,None,99085000,99085000,,,,,,None,19049000,,4.29,0.0254,,,,1.088,0.03,108290000,127339000,1.16,2015-06-30,25.97,,1991537000.0,142079000,57551000,6103000,,,None,50739000,None,,None,,,,,12086000,245378000,None,None,0.241,,183081000,-41002000,,,,,None,,,,,1.226,12.34,10.32,,,,,,,,0.121,,,2025-10-30,quarterly,1.19,USD,pre-market,0,,0.0268,0.171,0.467,25.18,109875000,,,,163.62,156.41,2.5862,,,,,,,241164000,,71.5,,194.15,107.97
2025-12-28,ARES,2.36,5355558000.0,71.5,,1.545,13.68,,,,,,,,,,,,,,,None,101851000,101851000,,,,,,None,12618000,,4.29,0.0254,,,,1.088,0.03,67234000,79852000,1.16,2015-03-31,25.97,,1991537000.0,168054000,46449000,4059000,,,None,20785000,None,,None,,,,,18456000,400673000,None,None,0.241,,225188000,-57134000,,,,,None,,,,,1.226,12.34,10.32,,,,,,,,0.121,,,2025-10-30,quarterly,1.19,USD,pre-market,0,,0.0268,0.171,0.467,25.18,121939000,,,,163.62,156.41,2.5862,,,,,,,269905000,,71.5,,194.15,107.97
2025-12-28,ARES,2.36,5355558000.0,71.5,,1.545,13.68,,,,,,,,,,,,,,,None,108781000,108781000,,,,,,None,7973000,,4.29,0.0254,,,,1.088,0.03,273078000,281051000,1.16,2014-12-31,25.97,,1991537000.0,54701000,167636000,10282000,,,None,105442000,None,,None,,,,,3173000,438724000,None,None,0.241,,104689000,-49988000,,,,,None,,,,,1.226,12.34,10.32,,,,,,,,0.121,,,2025-10-30,quarterly,1.19,USD,pre-market,0,,0.0268,0.171,0.467,25.18,90947000,,,,163.62,156.41,2.5862,,,,,,,163482000,,71.5,,194.15,107.97
2025-12-28,ARES,2.36,5355558000.0,71.5,,1.545,13.68,,,,,,,,,,,,,,,None,100928000,100928000,,,,,,None,8292000,,4.29,0.0254,,,,1.088,0.03,140204000,148496000,1.16,2014-09-30,25.97,,1991537000.0,74233000,-76885000,2399000,,,None,217089000,None,,None,,,,,13971000,-79284000,None,None,0.241,,102409000,-28176000,,,,,None,,,,,1.226,12.34,10.32,,,,,,,,0.121,,,2025-10-30,quarterly,1.19,USD,pre-market,0,,0.0268,0.171,0.467,25.18,75000000,,,,163.62,156.41,2.5862,,,,,,,175161000,,71.5,,194.15,107.97
2025-12-28,ARES,2.36,5355558000.0,71.5,,1.545,13.68,,,,,,,,,,,,,,,None,150970000,150970000,,,,,,None,8744000,,4.29,0.0254,,,,1.088,0.03,397267000,406011000,1.16,2014-06-30,25.97,,1991537000.0,-19352000,191489000,5267000,,,None,205778000,None,,None,,,,,17842000,186222000,None,None,0.241,,108132000,-127484000,,,,,12177000,,,,,1.226,12.34,10.32,,,,,,,,0.121,,,2025-10-30,quarterly,1.19,USD,pre-market,0,,0.0268,0.171,0.467,25.18,91420000,,,,163.62,156.41,2.5862,,,,,,,131618000,,71.5,,194.15,107.97
2025-12-28,ARES,2.36,5355558000.0,71.5,,1.545,13.68,,,,,,,,,,,,,,,None,95693000,95693000,,,,,,None,11120000,,4.29,0.0254,,,,1.088,0.03,421356000,432476000,1.16,2014-03-31,25.97,,1991537000.0,37935000,274675000,-6695000,,,None,146681000,None,,None,,,,,281370000,0,None,None,0.241,,88437000,-50502000,,,,,None,,,,,1.226,12.34,10.32,,,,,,,,0.121,,,2025-10-30,quarterly,1.19,USD,pre-market,0,,0.0268,0.171,0.467,25.18,79500000,,,,163.62,156.41,2.5862,,,,,,,133627999,,71.5,,194.15,107.97
2025-12-28,ARES,2.36,5355558000.0,71.5,,1.545,13.68,,,,,,,,,,,,,,,None,93061000,93061000,,,,,,None,10960000,,4.29,0.0254,,,,1.088,0.03,544247000,555207000,1.16,2013-12-31,25.97,,1991537000.0,52878000,344492000,23711000,,,None,199755000,None,,None,,,,,473786000,0,None,None,0.241,,148939000,-96061000,,,,,None,,,,,1.226,12.34,10.32,,,,,,,,0.121,,,2025-10-30,quarterly,1.19,USD,pre-market,0,,0.0268,0.171,0.467,25.18,110533000,,,,163.62,156.41,2.5862,,,,,,,145939000,,71.5,,194.15,107.97
2025-12-28,ARES,2.36,5355558000.0,71.5,,1.545,13.68,,,,,,,,,,,,,,,None,93307000,93307000,,,,,,None,30486000,,4.29,0.0254,,,,1.088,0.03,517376000,547862000,1.16,2013-09-30,25.97,,1991537000.0,42570000,410987000,4790000,,,None,106389000,None,,None,,,,,406197000,0,None,None,0.241,,143730000,-101160000,,,,,None,,,,,1.226,12.34,10.32,,,,,,,,0.121,,,2025-10-30,quarterly,1.19,USD,pre-market,0,,0.0268,0.171,0.467,25.18,120622000,,,,163.62,156.41,2.5862,,,,,,,135877000,,71.5,,194.15,107.97
2025-12-28,ARES,2.36,5355558000.0,71.5,,1.545,13.68,,,,,,,,,,,,,,,None,75559000,75559000,,,,,,None,4283000,,4.29,0.0254,,,,1.088,0.03,-21045000,-16762000,1.16,2013-06-30,25.97,,1991537000.0,13743000,-130422000,6312000,,,None,109377000,None,,None,,,,,-136734000,0,None,None,0.241,,34234000,-20491000,,,,,None,,,,,1.226,12.34,10.32,,,,,,,,0.121,,,2025-10-30,quarterly,1.19,USD,pre-market,0,,0.0268,0.171,0.467,25.18,21619000,,,,163.62,156.41,2.5862,,,,,,,89302000,,71.5,,194.15,107.97
2025-12-28,ARES,2.36,5355558000.0,71.5,,1.545,13.68,,,,,,,,,,,,,,,None,71975000,71975000,,,,,,None,3803000,,4.29,0.0254,,,,1.088,0.03,375967000,379770000,1.16,2013-03-31,25.97,,1991537000.0,35562000,247584000,24450000,,,None,128383000,None,,None,,,,,61942000,0,None,None,0.241,,141092000,-105530000,,,,,None,,,,,1.226,12.34,10.32,,,,,,,,0.121,,,2025-10-30,quarterly,1.19,USD,pre-market,0,,0.0268,0.171,0.467,25.18,79984000,,,,163.62,156.41,2.5862,,,,,,,107537000,,71.5,,194.15,107.97
2025-12-28,ARES,2.36,5355558000.0,71.5,,1.545,13.68,,,,,,,,,,,,,,,None,118676000,118676000,,,,,,None,3544250,,4.29,0.0254,,,,1.088,0.03,-81839000,-78294750,1.16,2012-12-31,25.97,,1991537000.0,-15989000,112040000,2741000,,,None,458056000,None,,None,,,,,51738000,0,None,None,0.241,,8682999,-81839000,,,,,None,,,,,1.226,12.34,10.32,,,,,,,,0.121,,,2025-10-30,quarterly,1.19,USD,pre-market,0,,0.0268,0.171,0.467,25.18,57250000,,,,163.62,156.41,2.5862,,,,,,,102687000,,71.5,,194.15,107.97
2025-12-28,ARES,2.36,5355558000.0,71.5,,1.545,13.68,,,,,,,,,,,,,,,None,1731747000,1731747000,,,,,,None,157341000,,4.29,0.0254,,,,1.088,0.03,1333983000,1491324000,1.16,2024-12-31,25.97,,1991537000.0,2153034000,1275352000,164617000,,,None,978301000,976403000,,None,,,,,463742000,1110735000,-978301000,None,0.241,,1206944000,946090000,,,,,None,,,,,1.226,12.34,10.32,,,,,,,,0.121,,,2025-10-30,annual,1.19,USD,pre-market,None,,0.0268,0.171,0.467,25.18,1186065000,,,,163.62,156.41,2.5862,,,,,,,3884781000,,71.5,,194.15,107.97
2025-12-28,ARES,2.36,5355558000.0,71.5,,1.545,13.68,,,,,,,,,,,,,,,None,1486698000,1486698000,,,,,,None,233185000,,4.29,0.0254,,,,1.088,0.03,1186299000,1419484000,1.16,2023-12-31,25.97,,1991537000.0,2145186000,1333063000,172971000,,,None,860876000,1014821000,,None,,,,,474326000,1160092000,-860876000,None,0.241,,1311160000,834026000,,,,,None,,,,,1.226,12.34,10.32,,,,,,,,0.121,,,2025-10-30,annual,1.19,USD,pre-market,0.34,,0.0268,0.171,0.467,25.18,1267668000,,,,163.62,156.41,2.5862,,,,,,,3631884000,,71.5,,194.15,107.97
2025-12-28,ARES,2.36,5355558000.0,71.5,,1.545,13.68,,,,,,,,,,,,,,,None,1498590000,1498590000,,,,,,None,335716000,,4.29,0.0254,,,,1.088,0.03,399673000,735389000,1.16,2022-12-31,25.97,,1991537000.0,1556853000,510806000,71891000,,,None,482717000,595928000,,None,,,,,167541000,438915000,113211000,None,0.241,,1250495000,306358000,,,,,27250000,,,,,1.226,12.34,10.32,,,,,,,,0.121,,,2025-10-30,annual,1.19,USD,pre-market,0.16,,0.0268,0.171,0.467,25.18,1214085000,,,,163.62,156.41,2.5862,,,,,,,3055443000,,71.5,,194.15,107.97
2025-12-28,ARES,2.36,5355558000.0,71.5,,1.545,13.68,,,,,,,,,,,,,,,None,1162633000,1162633000,,,,,,None,113961000,,4.29,0.0254,,,,1.088,0.03,919575000,1033536000,1.16,2021-12-31,25.97,,1991537000.0,3049458000,1065690000,147385000,,,None,294808000,447683000,,None,,,,,408837000,918305000,152875000,None,0.241,,2247450000,802008000,,,,,43369000,,,,,1.226,12.34,10.32,,,,,,,,0.121,,,2025-10-30,annual,1.19,USD,pre-market,0.25,,0.0268,0.171,0.467,25.18,2184964000,,,,163.62,156.41,2.5862,,,,,,,4212091000,,71.5,,194.15,107.97
2025-12-28,ARES,2.36,5355558000.0,71.5,,1.545,13.68,,,,,,,,,,,,,,,None,767252000,767252000,,,,,,None,41248000,,4.29,0.0254,,,,1.088,0.03,690702000,731950000,1.16,2020-12-31,25.97,,1991537000.0,996794000,379478000,54993000,,,None,311224000,471723000,,None,,,,,152142000,324485000,160499000,None,0.241,,683234000,313560000,,,,,65918000,,,,,1.226,12.34,10.32,,,,,,,,0.121,,,2025-10-30,annual,1.19,USD,pre-market,0.23,,0.0268,0.171,0.467,25.18,663115000,,,,163.62,156.41,2.5862,,,,,,,1764046000,,71.5,,194.15,107.97
2025-12-28,ARES,2.36,5355558000.0,71.5,,1.545,13.68,,,,,,,,,,,,,,,None,653352000,653352000,,,,,,None,39459000,,4.29,0.0254,,,,1.088,0.03,722596000,762055000,1.16,2019-12-31,25.97,,1991537000.0,1112086000,425180000,52376000,,,None,297416000,403105000,,None,,,,,148884000,372804000,105689000,None,0.241,,809445000,302641000,,,,,122539000,,,,,1.226,12.34,10.32,,,,,,,,0.121,,,2025-10-30,annual,1.19,USD,pre-market,0.24,,0.0268,0.171,0.467,25.18,767400000,,,,163.62,156.41,2.5862,,,,,,,1765438000,,71.5,,194.15,107.97
2025-12-28,ARES,2.36,5355558000.0,71.5,,1.545,13.68,,,,,,,,,,,,,,,None,570380000,570380000,,,,,,None,28517000,,4.29,0.0254,,,,1.088,0.03,428684000,457201000,1.16,2018-12-31,25.97,,1991537000.0,388081000,184341000,32202000,,,None,244343000,344903000,,None,,,,,57020000,152139000,100560000,None,0.241,,299982000,88099000,,,,,4293000,,,,,1.226,12.34,10.32,,,,,,,,0.121,,,2025-10-30,annual,1.19,USD,pre-market,0,,0.0268,0.171,0.467,25.18,246218000,,,,163.62,156.41,2.5862,,,,,,,958461000,,71.5,,194.15,107.97
2025-12-28,ARES,2.36,5355558000.0,71.5,,1.545,13.68,,,,,,,,,,,,,,,None,514109000,514109000,,,,,,None,32809000,,4.29,0.0254,,,,1.088,0.03,297805000,330614000,1.16,2017-12-31,25.97,,1991537000.0,965834000,149859000,-23052000,,,None,147946000,200436000,,None,,,,,76178000,172911000,52490000,None,0.241,,1055093000,-89259000,,,,,None,,,,,1.226,12.34,10.32,,,,,,,,0.121,,,2025-10-30,annual,1.19,USD,pre-market,0,,0.0268,0.171,0.467,25.18,676452000,,,,163.62,156.41,2.5862,,,,,,,1479943000,,71.5,,194.15,107.97
2025-12-28,ARES,2.36,5355558000.0,71.5,,1.545,13.68,,,,,,,,,,,,,,,None,447725000,447725000,,,,,,None,37455000,,4.29,0.0254,,,,1.088,0.03,407353000,444808000,1.16,2016-12-31,25.97,,1991537000.0,806648000,297920000,11019000,,,None,109433000,162724000,,None,,,,,111808000,286901000,53291000,None,0.241,,623863000,182785000,,,,,None,,,,,1.226,12.34,10.32,,,,,,,,0.121,,,2025-10-30,annual,1.19,USD,pre-market,0,,0.0268,0.171,0.467,25.18,547622000,,,,163.62,156.41,2.5862,,,,,,,1254373000,,71.5,,194.15,107.97
2025-12-28,ARES,2.36,5355558000.0,71.5,,1.545,13.68,,,,,,,,,,,,,,,None,414454000,414454000,,,,,,None,55275000,,4.29,0.0254,,,,1.088,0.03,179252000,234527000,1.16,2015-12-31,25.97,,1991537000.0,399988000,81484000,19064000,,,None,97768000,26043000,,None,,,,,19378000,62420000,None,None,0.241,,354586000,45402000,,,,,None,,,,,1.226,12.34,10.32,,,,,,,,0.121,,,2025-10-30,annual,1.19,USD,pre-market,0,,0.0268,0.171,0.467,25.18,336481000,,,,163.62,156.41,2.5862,,,,,,,814442000,,71.5,,194.15,107.97
2025-12-28,ARES,2.36,5355558000.0,71.5,,1.545,13.68,,,,,,,,,,,,,,,None,456372000,456372000,,,,,,None,36129000,,4.29,0.0254,,,,1.088,0.03,1231905000,1268034000,1.16,2014-12-31,25.97,,1991537000.0,147517000,556915000,11253000,,,None,674990000,None,,None,,,,,34988000,545662000,None,None,0.241,,403667000,-256150000,,,,,None,,,,,1.226,12.34,10.32,,,,,,,,0.121,,,2025-10-30,annual,1.19,USD,pre-market,0,,0.0268,0.171,0.467,25.18,336867000,,,,163.62,156.41,2.5862,,,,,,,603889000,,71.5,,194.15,107.97
2025-12-28,ARES,2.36,5355558000.0,71.5,,1.545,13.68,,,,,,,,,,,,,,,None,333902000,333902000,,,,,,None,49532000,,4.29,0.0254,,,,1.088,0.03,1416547000,1466079000,1.16,2013-12-31,25.97,,1991537000.0,144753000,872641000,59263000,,,None,543906000,None,,None,,,,,813378000,None,None,None,0.241,,467995000,-323242000,,,,,None,,,,,1.226,12.34,10.32,,,,,,,,0.121,,,2025-10-30,annual,1.19,USD,pre-market,None,,0.0268,0.171,0.467,25.18,332758000,,,,163.62,156.41,2.5862,,,,,,,478655000,,71.5,,194.15,107.97
2025-12-28,ARES,2.36,5355558000.0,71.5,,1.545,13.68,,,,,,,,,,,,,,,None,288719000,288719000,,,,,,None,14177000,,4.29,0.0254,,,,1.088,0.03,1719898000,1734075000,1.16,2012-12-31,25.97,,1991537000.0,45327000,1261842000,26154000,,,None,458056000,None,,None,,,,,1235688000,None,None,None,0.241,,469812000,-424485000,,,,,None,,,,,1.226,12.34,10.32,,,,,,,,0.121,,,2025-10-30,annual,1.19,USD,pre-market,None,,0.0268,0.171,0.467,25.18,353307000,,,,163.62,156.41,2.5862,,,,,,,334046000,,71.5,,194.15,107.97
2025-12-28,ARES,2.36,5355558000.0,71.5,,1.545,13.68,,,,,,,,,,,,,,,None,200784000,200784000,,,,,,None,19568000,,4.29,0.0254,,,,1.088,0.03,1286854000,1306422000,1.16,2011-12-31,25.97,,1991537000.0,6181000,952942000,29573000,,,None,333912000,None,,None,,,,,97348000,None,None,None,0.241,,267128000,-260947000,,,,,None,,,,,1.226,12.34,10.32,,,,,,,,0.121,,,2025-10-30,annual,1.19,USD,pre-market,None,,0.0268,0.171,0.467,25.18,189026000,,,,163.62,156.41,2.5862,,,,,,,2677369000,,71.5,,194.15,107.97
2025-12-28,ARES,2.36,5355558000.0,71.5,None,1.545,13.68,,676372000,1499960000,1499960000,,,,,,,,,3268000,219881697,None,200784000,200784000,1036031000,None,785281000,1482020000,None,None,19568000,,4.29,0.0254,,,,1.088,0.03,1286854000,1306422000,1.16,2025-09-30,25.97,3437450000,1991537000.0,6181000,952942000,29573000,2166249000,2166249000,None,333912000,None,None,None,None,11264630000,None,11057474000,97348000,None,None,None,0.241,,267128000,-260947000,-2485311000,4744051000,None,None,None,,,,,1.226,12.34,10.32,,,,,,,,0.121,,None,2025-10-30,quarterly,1.19,USD,pre-market,None,-1218682000,0.0268,0.171,0.467,25.18,189026000,12726283000,22315000,None,163.62,156.41,2.5862,27032166000,496669000,5802397000,18425886000,17383981000,12623489000,2677369000,4474028000,71.5,None,194.15,107.97
2025-12-28,ARES,2.36,5355558000.0,71.5,None,1.545,13.68,,686745000,1531905000,1531905000,,,,,,,,,3267000,218916000,None,200784000,200784000,1015434000,None,667006000,1325947000,None,None,19568000,,4.29,0.0254,,,,1.088,0.03,1286854000,1306422000,1.16,2025-06-30,25.97,3436192000,1991537000.0,6181000,952942000,29573000,2220065000,2220065000,None,333912000,None,None,None,None,12117379000,None,17238174000,97348000,None,None,None,0.241,,267128000,-260947000,None,3500798000,None,None,None,,,,,1.226,12.34,10.32,,,,,,,,0.121,,None,2025-10-30,quarterly,1.19,USD,pre-market,None,-1221611000,0.0268,0.171,0.467,25.18,189026000,13471130000,667006000,None,163.62,156.41,2.5862,27264941000,2857852000,5183238000,19007743000,24407089000,13824505000,2677369000,4361831000,71.5,None,194.15,107.97
2025-12-28,ARES,2.36,5355558000.0,71.5,None,1.545,13.68,,686038000,1802811000,1802811000,,,,,,,,,3265000,209351000,None,200784000,200784000,996784000,None,603307000,1265692000,None,None,19568000,,4.29,0.0254,,,,1.088,0.03,1286854000,1306422000,1.16,2025-03-31,25.97,3499341000,1991537000.0,6181000,952942000,29573000,2276847000,2276847000,None,333912000,None,None,None,None,12066529000,None,16868595000,97348000,None,None,None,0.241,,267128000,-260947000,None,3736407000,None,None,None,,,,,1.226,12.34,10.32,,,,,,,,0.121,,None,2025-10-30,quarterly,1.19,USD,pre-market,None,-1074128000,0.0268,0.171,0.467,25.18,189026000,13355874000,603307000,None,163.62,156.41,2.5862,27181768000,3068503000,5336498000,18969929000,24113265000,13633431000,2677369000,4454107000,71.5,None,194.15,107.97
2025-12-28,ARES,2.36,5355558000.0,71.5,None,1.545,13.68,,641864000,2735465000,2735465000,,,,,,,,,3132000,215080000,None,200784000,200784000,686972000,None,275000000,1510794000,None,None,19568000,,4.29,0.0254,,,,1.088,0.03,1286854000,1306422000,1.16,2024-12-31,25.97,1162636000,1991537000.0,6181000,952942000,29573000,975828000,975828000,None,333912000,None,None,None,None,12231103000,None,17382619000,97348000,None,None,None,0.241,,267128000,-260947000,None,3370089000,None,None,None,,,,,1.226,12.34,10.32,,,,,,,,0.121,,None,2025-10-30,quarterly,1.19,USD,pre-market,None,-837294000,0.0268,0.171,0.467,25.18,189026000,13147967000,275000000,None,163.62,156.41,2.5862,24884308000,4246259000,4332061000,18060118000,20638049000,13728057000,2677369000,3543646000,71.5,None,194.15,107.97
2025-12-28,ARES,2.36,5355558000.0,71.5,None,1.545,13.68,,535686000,1666052000,1666052000,,,,,,,,,3095000,200724068,None,200784000,200784000,508811000,None,273000000,1047254000,None,None,19568000,,4.29,0.0254,,,,1.088,0.03,1286854000,1306422000,1.16,2024-09-30,25.97,1133074000,1991537000.0,6181000,952942000,29573000,969976000,969976000,None,333912000,None,None,None,None,13612619000,None,18546872000,97348000,None,None,None,0.241,,267128000,-260947000,None,3311965000,None,None,None,,,,,1.226,12.34,10.32,,,,,,,,0.121,,None,2025-10-30,quarterly,1.19,USD,pre-market,None,-792398000,0.0268,0.171,0.467,25.18,189026000,14421305000,273000000,1315914000,163.62,156.41,2.5862,24522650000,2713306000,4093776000,19212381000,21809344000,15118605000,2677369000,2076075000,71.5,None,194.15,107.97
2025-12-28,ARES,2.36,5355558000.0,71.5,None,1.545,13.68,,304205000,1525486000,1525486000,,,,,,,,,3125000,196186922,None,200784000,200784000,444816000,None,137241000,999480000,None,None,19568000,,4.29,0.0254,,,,1.088,0.03,1286854000,1306422000,1.16,2024-06-30,25.97,1130327000,1991537000.0,6181000,952942000,29573000,1001126000,1001126000,None,333912000,None,None,None,None,14058648000,None,18630408000,97348000,None,None,None,0.241,,267128000,-260947000,-2524966000,3193849000,None,None,None,,,,,1.226,12.34,10.32,,,,,,,,0.121,,None,2025-10-30,quarterly,1.19,USD,pre-market,None,-712856000,0.0268,0.171,0.467,25.18,189026000,14500094000,137241000,None,163.62,156.41,2.5862,24192557000,2524966000,3775906000,18995467000,21667591000,15219561000,2677369000,2001768000,71.5,None,194.15,107.97
2025-12-28,ARES,2.36,5355558000.0,71.5,None,1.545,13.68,,308336000,1545707000,1545707000,,,,,,,,,3097000,192622609,None,200784000,200784000,452107000,None,78241000,1069195000,None,None,19568000,,4.29,0.0254,,,,1.088,0.03,1286854000,1306422000,1.16,2024-03-31,25.97,1130085000,1991537000.0,6181000,952942000,29573000,1030076000,1030076000,None,333912000,None,1,None,None,14952528000,None,18804801000,97348000,None,None,None,0.241,,267128000,-260947000,202588000,3373799000,None,None,None,,,,,1.226,12.34,10.32,,,,,,,,0.121,,None,2025-10-30,quarterly,1.19,USD,pre-market,None,-612560000,0.0268,0.171,0.467,25.18,189026000,15339105000,78241000,2995570000,163.62,156.41,2.5862,24413270000,2614902000,3904147000,19936198000,21798368000,16032051000,2677369000,1767494000,71.5,None,194.15,107.97
2025-12-28,ARES,2.36,5355558000.0,71.5,None,1.545,13.68,,319572000,1497785000,1497785000,,,,,,,,,3076000,189762660,None,200784000,200784000,423407000,None,125241000,1273176000,None,None,19568000,,4.29,0.0254,,,,1.088,0.03,1286854000,1306422000,1.16,2023-12-31,25.97,1123976000,1991537000.0,6181000,952942000,29573000,1058495000,1058495000,None,333912000,None,None,None,None,15311137000,None,19226519000,97348000,None,None,None,0.241,,267128000,-260947000,-2770961000,3242535000,None,None,None,,,,,1.226,12.34,10.32,,,,,,,,0.121,,None,2025-10-30,quarterly,1.19,USD,pre-market,None,-495083000,0.0268,0.171,0.467,25.18,189026000,15755950000,125241000,None,163.62,156.41,2.5862,24730500000,2770961000,3791183000,20256187000,21959539000,16465004000,2677369000,1893399000,71.5,None,194.15,107.97
2025-12-28,ARES,2.36,5355558000.0,71.5,None,1.545,13.68,,326902000,1197145000,1197145000,,,,,,,,,3060000,186218638,None,200784000,200784000,507822000,None,None,856037000,None,None,19568000,,4.29,0.0254,,,,1.088,0.03,1286854000,1306422000,1.16,2023-09-30,25.97,997801000,1991537000.0,6181000,952942000,29573000,1033590000,1033590000,None,333912000,None,None,None,None,13881877000,None,18661530000,97348000,None,None,None,0.241,,267128000,-260947000,-2053182000,3262058000,None,None,None,,,,,1.226,12.34,10.32,,,,,,,,0.121,,259537000,2025-10-30,quarterly,1.19,USD,pre-market,None,-515351000,0.0268,0.171,0.467,25.18,189026000,14208779000,12256000,-17658743000,163.62,156.41,2.5862,23383893000,2053182000,3769880000,19365439000,21330711000,15595559000,2677369000,1733179000,71.5,None,194.15,107.97
2025-12-28,ARES,2.36,5355558000.0,71.5,None,1.545,13.68,,206816000,1088991000,1088991000,,,,,,,,,3044000,194058041,None,200784000,200784000,492492000,None,None,852561000,None,None,19568000,,4.29,0.0254,,,,1.088,0.03,1286854000,1306422000,1.16,2023-06-30,25.97,998020000,1991537000.0,6181000,952942000,29573000,1130673000,1130673000,None,333912000,None,1,None,None,2491884000,None,4466226000,97348000,None,None,None,0.241,,267128000,-260947000,-1941552000,3327192000,None,2786380000,None,,,,,1.226,12.34,10.32,,,,,,,,0.121,,170911000,2025-10-30,quarterly,1.19,USD,pre-market,None,-425526000,0.0268,0.171,0.467,25.18,189026000,14032596000,206816000,-17557165000,163.62,156.41,2.5862,23118806000,1941552000,3819684000,19126336000,21177254000,15306652000,2677369000,1750004000,71.5,None,194.15,107.97
2025-12-28,ARES,2.36,5355558000.0,71.5,None,1.545,13.68,,191090000,1027183000,1027183000,,,,,,,,,3018000,178976022,None,200784000,200784000,448803000,None,77496000,1024100000,None,None,19568000,,4.29,0.0254,,,,1.088,0.03,1286854000,1306422000,1.16,2023-03-31,25.97,998937000,1991537000.0,6181000,952942000,29573000,1166607000,1166607000,None,333912000,None,1,None,None,2369292000,None,4100683000,97348000,None,None,None,0.241,,267128000,-260947000,138087999,3098096000,None,2556320000,None,,,,,1.226,12.34,10.32,,,,,,,,0.121,,155250000,2025-10-30,quarterly,1.19,USD,pre-market,None,-420822000,0.0268,0.171,0.467,25.18,189026000,13486435000,77496000,None,163.62,156.41,2.5862,21928582000,2051283000,3624395000,17849212000,19877299000,14224817000,2677369000,1669894000,71.5,None,194.15,107.97
2025-12-28,ARES,2.36,5355558000.0,71.5,None,1.545,13.68,,190616000,1114628000,1114628000,,,,,,,,,2946000,189829639,None,200784000,200784000,400207000,None,168046000,1084784000,None,None,19568000,,4.29,0.0254,,,,1.088,0.03,1286854000,1306422000,1.16,2022-12-31,25.97,999656000,1991537000.0,6181000,952942000,29573000,1208220000,1208220000,None,333912000,None,None,None,None,2273854000,None,3974734000,97348000,None,None,None,0.241,,267128000,-260947000,-2199412000,2853237000,None,2472825000,None,,,,,1.226,12.34,10.32,,,,,,,,0.121,,236028000,2025-10-30,quarterly,1.19,USD,pre-market,None,-369475000,0.0268,0.171,0.467,25.18,189026000,13334236000,168046000,3974734000,163.62,156.41,2.5862,22002839000,2199412000,3421490000,18204221000,19803427000,14782731000,2677369000,1589239000,71.5,None,194.15,107.97
2025-12-28,ARES,2.36,5355558000.0,71.5,None,1.545,13.68,,193180000,1045476000,1045476000,,,,,,,,,2942000,175631144,None,200784000,200784000,427125000,None,149546000,759062000,None,None,19568000,,4.29,0.0254,,,,1.088,0.03,1286854000,1306422000,1.16,2022-09-30,25.97,996740000,1991537000.0,6181000,952942000,29573000,1238108000,1238108000,None,333912000,None,1,None,None,2018462000,None,4112393000,97348000,None,None,None,0.241,,267128000,-260947000,-1804538000,2944052000,None,2595199000,None,,,,,1.226,12.34,10.32,,,,,,,,0.121,,160229000,2025-10-30,quarterly,1.19,USD,pre-market,None,-374198000,0.0268,0.171,0.467,25.18,189026000,12675069000,149546000,4112393000,163.62,156.41,2.5862,21206326000,1804538000,3520723000,17738678000,19401788000,14217955000,2677369000,1511661000,71.5,None,194.15,107.97
2025-12-28,ARES,2.36,5355558000.0,71.5,None,1.545,13.68,,189175000,1076977000,1076977000,,,,,,,,,2937000,175157558,None,200784000,200784000,356162000,None,155367000,755127000,None,None,19568000,,4.29,0.0254,,,,1.088,0.03,1286854000,1306422000,1.16,2022-06-30,25.97,998444000,1991537000.0,6181000,952942000,29573000,1453678000,1453678000,None,333912000,None,3927506000,None,None,1967989000,None,3927506000,97348000,None,None,None,0.241,,267128000,-260947000,-3927506000,3081561000,None,2469939000,None,,,,,1.226,12.34,10.32,,,,,,,,0.121,,153929000,2025-10-30,quarterly,1.19,USD,pre-market,None,-226700000,0.0268,0.171,0.467,25.18,189026000,12622006000,155367000,3927506000,163.62,156.41,2.5862,21226215000,1832104000,3593090000,17558068000,19394111000,13964978000,2677369000,1639366000,71.5,None,194.15,107.97
2025-12-28,ARES,2.36,5355558000.0,71.5,None,1.545,13.68,,197312000,829252000,829252000,,,,,,,,,2935000,174215251,None,200784000,200784000,357178000,None,145088000,799925000,None,None,19568000,,4.29,0.0254,,,,1.088,0.03,1286854000,1306422000,1.16,2022-03-31,25.97,1000289000,1991537000.0,6181000,952942000,29573000,1490591000,1490591000,None,333912000,None,-5457000,None,None,1942624000,None,3861835000,97348000,None,None,None,0.241,,267128000,-260947000,103617000,3042309000,None,2484060000,None,,,,,1.226,12.34,10.32,,,,,,,,0.121,,161947000,2025-10-30,quarterly,1.19,USD,pre-market,None,-154925000,0.0268,0.171,0.467,25.18,189026000,12682639000,145088000,5457000,163.62,156.41,2.5862,21131203000,1629177000,3544575000,17463582000,19502026000,13919007000,2677369000,1693048000,71.5,None,194.15,107.97
2025-12-28,ARES,2.36,5355558000.0,71.5,None,1.545,13.68,,205075000,1392846000,1392846000,,,,,,,,,2905000,188932927,None,200784000,200784000,382931000,None,71500000,1157936000,None,None,19568000,,4.29,0.0254,,,,1.088,0.03,1286854000,1306422000,1.16,2021-12-31,25.97,787972000,1991537000.0,6181000,952942000,29573000,1422818000,1422818000,None,333912000,None,-5681999,None,None,12217641000,None,16500942000,97348000,None,None,None,0.241,,267128000,-260947000,86891000,3507361000,None,2395427000,None,,,,,1.226,12.34,10.32,,,,,,,,0.121,,239923000,2025-10-30,quarterly,1.19,USD,pre-market,None,-89382000,0.0268,0.171,0.467,25.18,189026000,12494216000,127771000,5682000,163.62,156.41,2.5862,21605164000,2550782000,4018063000,17790738000,19054382000,13772675000,2677369000,1825227000,71.5,None,194.15,107.97
2025-12-28,ARES,2.36,5355558000.0,71.5,None,1.545,13.68,,214681000,1877137000,1877137000,,,,,,,,,2899000,186522157,None,200784000,200784000,297826000,None,10000000,689700000,None,None,19568000,,4.29,0.0254,,,,1.088,0.03,1286854000,1306422000,1.16,2021-09-30,25.97,787750000,1991537000.0,6181000,952942000,29573000,1452690000,1452690000,None,333912000,None,-9000,None,None,1238325000,None,3322665000,97348000,None,None,None,0.241,,267128000,-260947000,150431000,2960788000,None,2110024000,None,,,,,1.226,12.34,10.32,,,,,,,,0.121,,177675000,2025-10-30,quarterly,1.19,USD,pre-market,None,-128981000,0.0268,0.171,0.467,25.18,189026000,11727040000,99240000,9000,163.62,156.41,2.5862,19934398000,2566837000,3357854000,16393872000,17367561000,13036018000,2677369000,1753260000,71.5,None,194.15,107.97
2025-12-28,ARES,2.36,5355558000.0,71.5,None,1.545,13.68,,198289000,1431781000,1431781000,,,,,,,,,2842000,181027734,None,200784000,200784000,237355000,None,104500000,627465000,None,None,19568000,,4.29,0.0254,,,,1.088,0.03,1286854000,1306422000,1.16,2021-06-30,25.97,787751000,1991537000.0,6181000,952942000,29573000,902666000,902666000,None,333912000,None,-5000,None,None,10402544000,None,14508929000,97348000,None,None,None,0.241,,267128000,-260947000,92668000,3036115000,None,1806430000,None,,,,,1.226,12.34,10.32,,,,,,,,0.121,,168046000,2025-10-30,quarterly,1.19,USD,pre-market,None,-131400000,0.0268,0.171,0.467,25.18,189026000,10705333000,122409000,5000,163.62,156.41,2.5862,18639587000,2059246000,3395879000,15198472000,16580341000,11802593000,2677369000,1622282000,71.5,None,194.15,107.97
2025-12-28,ARES,2.36,5355558000.0,71.5,None,1.545,13.68,,186594000,1167143000,1167143000,,,,,,,,,2620000,163664384,None,200784000,200784000,218051000,None,21000000,518650000,None,None,19568000,,4.29,0.0254,,,,1.088,0.03,1286854000,1306422000,1.16,2021-03-31,25.97,370020000,1991537000.0,6181000,952942000,29573000,210411000,210411000,None,333912000,None,-77115000,None,None,811279000,None,1931978000,97348000,None,None,None,0.241,,267128000,-260947000,77115000,1828866000,None,1155176000,None,,,,,1.226,12.34,10.32,,,,,,,,0.121,,159168000,2025-10-30,quarterly,1.19,USD,pre-market,None,-173555000,0.0268,0.171,0.467,25.18,189026000,10947921000,110409000,1000040000,163.62,156.41,2.5862,16535929000,1685793000,2157326000,14115361000,14850136000,11958035000,2677369000,1161499000,71.5,None,194.15,107.97
2025-12-28,ARES,2.36,5355558000.0,71.5,None,1.545,13.68,,180236000,1062189000,1062189000,,,,,,,,,2596000,149508498,None,200784000,200784000,162113000,None,71500000,625280000,None,None,19568000,,4.29,0.0254,,,,1.088,0.03,1286854000,1306422000,1.16,2020-12-31,25.97,371047000,1991537000.0,6181000,952942000,29573000,222088000,222088000,None,333912000,None,-1439999,None,None,642998000,None,1682759000,97348000,None,None,None,0.241,,267128000,-260947000,78355000,1409593000,None,993614000,None,,,,,1.226,12.34,10.32,,,,,,,,0.121,,217002000,2025-10-30,quarterly,1.19,USD,pre-market,None,-151824000,0.0268,0.171,0.467,25.18,189026000,10903219000,121909000,1439999,163.62,156.41,2.5862,15168992000,1687469000,1693615000,12697218000,13481524000,11003603000,2677369000,1193685000,71.5,None,194.15,107.97
2025-12-28,ARES,2.36,5355558000.0,71.5,None,1.545,13.68,,161737000,1233937000,1233937000,,,,,,,,,2584000,158122563,None,200784000,200784000,177567000,None,138824000,534260999,None,None,19568000,,4.29,0.0254,,,,1.088,0.03,1286854000,1306422000,1.16,2020-09-30,25.97,369494000,1991537000.0,6181000,952942000,29573000,231395000,231395000,None,333912000,None,-75647000,None,None,642665000,None,1601916000,97348000,None,None,None,0.241,,267128000,-260947000,75647000,1490079000,None,741635000,None,,,,,1.226,12.34,10.32,,,,,,,,0.121,,137900000,2025-10-30,quarterly,1.19,USD,pre-market,None,-164084000,0.0268,0.171,0.467,25.18,189026000,10575262000,162733000,None,163.62,156.41,2.5862,14928993000,1768198000,1830379000,12558112000,13160795000,10727733000,2677369000,1142171000,71.5,None,194.15,107.97
2025-12-28,ARES,2.36,5355558000.0,71.5,None,1.545,13.68,,164521000,1148440000,1148440000,,,,,,,,,2501000,146904357,None,200784000,200784000,164992000,None,81572000,542019000,None,None,19568000,,4.29,0.0254,,,,1.088,0.03,1286854000,1306422000,1.16,2020-06-30,25.97,143734000,1991537000.0,6181000,952942000,29573000,40036000,40036000,None,333912000,None,1,None,None,642474000,None,1479487000,97348000,None,None,None,0.241,,267128000,-260947000,60195000,1225375000,None,715181000,None,,,,,1.226,12.34,10.32,,,,,,,,0.121,,141671000,2025-10-30,quarterly,1.19,USD,pre-market,None,-145045000,0.0268,0.171,0.467,25.18,189026000,10202719000,166572000,None,163.62,156.41,2.5862,13719957000,1690459000,1556939000,11716209000,12029498000,10159270000,2677369000,945057000,71.5,None,194.15,107.97
2025-12-28,ARES,2.36,5355558000.0,71.5,None,1.545,13.68,,169828000,1682074000,1682074000,,,,,,,,,2476000,118366539,None,200784000,200784000,163099000,None,None,649371000,None,None,19568000,,4.29,0.0254,,,,1.088,0.03,1286854000,1306422000,1.16,2020-03-31,25.97,143742000,1991537000.0,6181000,952942000,29573000,41674000,41674000,None,333912000,None,1,None,None,1046775000,None,1937967000,97348000,None,None,None,0.241,,267128000,-260947000,82403000,1402031000,None,532665000,None,,,,,1.226,12.34,10.32,,,,,,,,0.121,,146981000,2025-10-30,quarterly,1.19,USD,pre-market,None,-138371000,0.0268,0.171,0.467,25.18,189026000,9606501000,34409000,None,163.62,156.41,2.5862,13216929000,2331445000,1599539000,11241333000,10885484000,9641794000,2677369000,898612000,71.5,None,194.15,107.97
2025-12-28,ARES,2.36,5355558000.0,71.5,None,1.545,13.68,,168817000,744705000,744705000,,,,,,,,,1152000,119877429,None,200784000,200784000,150030000,None,71500000,439580000,None,None,19568000,,4.29,0.0254,,,,1.088,0.03,1286854000,1306422000,1.16,2019-12-31,25.97,143855000,1991537000.0,6181000,952942000,29573000,7975000,7975000,None,333912000,None,1,None,None,316609000,None,1663664000,97348000,None,None,None,0.241,,267128000,-260947000,68568000,1401355000,None,829764000,None,,,,,1.226,12.34,10.32,,,,,,,,0.121,,208076000,2025-10-30,quarterly,1.19,USD,pre-market,None,-50820000,0.0268,0.171,0.467,25.18,189026000,8566418000,106050000,None,163.62,156.41,2.5862,12014196000,1184285000,1657435000,10155598000,10829911000,8498163000,2677369000,768290000,71.5,None,194.15,107.97
2025-12-28,ARES,2.36,5355558000.0,71.5,None,1.545,13.68,,174078000,727824000,727824000,,,,,,,,,1147000,121890022,None,200784000,200784000,154775000,None,71500000,345955000,None,None,19568000,,4.29,0.0254,,,,1.088,0.03,1286854000,1306422000,1.16,2019-09-30,25.97,143721000,1991537000.0,6181000,952942000,29573000,8380000,8380000,None,333912000,None,-66493000,None,None,246442000,None,1779864000,97348000,None,None,None,0.241,,267128000,-260947000,66493000,1478217000,None,905949000,None,,,,,1.226,12.34,10.32,,,,,,,,0.121,,149401000,2025-10-30,quarterly,1.19,USD,pre-market,None,-44308000,0.0268,0.171,0.467,25.18,189026000,7952443000,122868000,None,163.62,156.41,2.5862,11596756000,1073779000,1755860000,9753974000,10522977000,7998114000,2677369000,752121000,71.5,None,194.15,107.97
2025-12-28,ARES,2.36,5355558000.0,71.5,None,1.545,13.68,,179192000,623548000,623548000,,,,,,,,,1075000,116603887,None,200784000,200784000,152485000,None,99533000,326962000,None,None,19568000,,4.29,0.0254,,,,1.088,0.03,1286854000,1306422000,1.16,2019-06-30,25.97,143779000,1991537000.0,6181000,952942000,29573000,29011000,29011000,None,333912000,None,1,None,None,566277000,None,1566042000,97348000,None,None,None,0.241,,267128000,-260947000,62350000,1207584000,None,772592000,None,,,,,1.226,12.34,10.32,,,,,,,,0.121,,153892000,2025-10-30,quarterly,1.19,USD,pre-market,None,-35247000,0.0268,0.171,0.467,25.18,189026000,7902420000,124686000,None,163.62,156.41,2.5862,10979749000,950510000,1484755000,9377425000,10029239000,7892670000,2677369000,635499000,71.5,None,194.15,107.97
2025-12-28,ARES,2.36,5355558000.0,71.5,None,1.545,13.68,,183037000,658445000,658445000,,,,,,,,,1031000,110699112,None,200784000,200784000,132351000,None,109574000,303997000,None,None,19568000,,4.29,0.0254,,,,1.088,0.03,1286854000,1306422000,1.16,2019-03-31,25.97,143822000,1991537000.0,6181000,952942000,29573000,30223000,30223000,None,333912000,None,2,None,None,566113000,None,1475955000,97348000,None,None,None,0.241,,267128000,-260947000,48908000,1365192000,None,704278000,None,,,,,1.226,12.34,10.32,,,,,,,,0.121,,157355000,2025-10-30,quarterly,1.19,USD,pre-market,None,-25179000,0.0268,0.171,0.467,25.18,189026000,7447379000,150733000,None,163.62,156.41,2.5862,10489314000,962442000,1648276000,9009490000,9526872000,7361214000,2677369000,599678000,71.5,None,194.15,107.97
2025-12-28,ARES,2.36,5355558000.0,71.5,None,1.545,13.68,,None,494891000,494891000,,,,,,,,,1016000,101526367,None,200784000,200784000,167097000,None,115124000,344169000,None,None,19568000,,4.29,0.0254,,,,1.088,0.03,1286854000,1306422000,1.16,2018-12-31,25.97,143786000,1991537000.0,6181000,952942000,29573000,31434000,31434000,None,333912000,None,1,None,None,480952000,None,1326137000,97348000,None,None,None,0.241,,267128000,-260947000,48988000,1195538000,None,641737000,None,,,,,1.226,12.34,10.32,,,,,,,,0.121,,65069000,2025-10-30,quarterly,1.19,USD,pre-market,None,-29336000,0.0268,0.171,0.467,25.18,189026000,7368327000,207921000,None,163.62,156.41,2.5862,10154692000,839060000,1570556000,8760351000,9315632000,7189795000,2677369000,587924000,71.5,None,194.15,107.97
2025-12-28,ARES,2.36,5355558000.0,71.5,None,1.545,13.68,,None,882773000,882773000,,,,,,,,,301721000,98706419,None,200784000,200784000,154400000,None,117956000,310668000,None,None,19568000,,4.29,0.0254,,,,1.088,0.03,1286854000,1306422000,1.16,2018-09-30,25.97,143827000,1991537000.0,6181000,952942000,29573000,32756000,32756000,None,333912000,None,-43204000,None,None,350789000,None,1415648000,97348000,None,None,None,0.241,,267128000,-260947000,43204000,1279171000,None,688100000,None,,,,,1.226,12.34,10.32,,,,,,,,0.121,,0,2025-10-30,quarterly,1.19,USD,pre-market,None,-600482000,0.0268,0.171,0.467,25.18,189026000,14253925000,133744000,0,163.62,156.41,2.5862,10421600000,1193441000,1567315000,8930281000,9228159000,7362966000,2677369000,593079000,71.5,0,194.15,107.97
2025-12-28,ARES,2.36,5355558000.0,71.5,None,1.545,13.68,,None,961722000,961722000,,,,,,,,,349981000,98037252,None,200784000,200784000,142267000,None,118132000,426530000,None,None,19568000,,4.29,0.0254,,,,1.088,0.03,1286854000,1306422000,1.16,2018-06-30,25.97,143848000,1991537000.0,6181000,952942000,29573000,33999000,33999000,None,333912000,None,-42052000,None,None,370628000,None,1466247000,97348000,None,None,None,0.241,,267128000,-260947000,42052000,1537660000,None,730782000,None,,,,,1.226,12.34,10.32,,,,,,,,0.121,,0,2025-10-30,quarterly,1.19,USD,pre-market,None,-349981000,0.0268,0.171,0.467,25.18,189026000,13546172000,137222000,0,163.62,156.41,2.5862,10144735000,1388252000,1817149000,8609486000,8756483000,6792337000,2677369000,1535249000,71.5,0,194.15,107.97
2025-12-28,ARES,2.36,5355558000.0,71.5,None,1.545,13.68,,None,648010000,648010000,,,,,,,,,-298760000,92292738,None,200784000,200784000,160279000,None,120694000,282406000,None,None,19568000,,4.29,0.0254,,,,1.088,0.03,1286854000,1306422000,1.16,2018-03-31,25.97,143968000,1991537000.0,6181000,952942000,29573000,37178000,37178000,None,333912000,None,-39528000,None,None,5547392000,None,7290965000,97348000,None,None,None,0.241,,267128000,-260947000,39528000,1116578000,None,None,None,,,,,1.226,12.34,10.32,,,,,,,,0.121,,0,2025-10-30,quarterly,1.19,USD,pre-market,None,-4001000,0.0268,0.171,0.467,25.18,189026000,5668086000,134939000,647335000,163.62,156.41,2.5862,8560082000,930416000,1411796000,6994887000,7629666000,5583091000,2677369000,671995000,71.5,0,194.15,107.97
2025-12-28,ARES,2.36,5355558000.0,71.5,None,1.545,13.68,,None,675429000,675429000,,,,,,,,,279065000,86548224,None,200784000,200784000,146271000,None,119542000,283289000,None,None,19568000,,4.29,0.0254,,,,1.088,0.03,1286854000,1306422000,1.16,2017-12-31,25.97,143895000,1991537000.0,6181000,952942000,29573000,40465000,40465000,None,333912000,None,647335000,None,None,5598026000,None,7307413000,97348000,None,None,None,0.241,,267128000,-260947000,-647335000,1211413000,None,None,None,,,,,1.226,12.34,10.32,,,,,,,,0.121,,61151000,2025-10-30,quarterly,1.19,USD,pre-market,None,-4208000,0.0268,0.171,0.467,25.18,189026000,11296938000,132484000,647335000,163.62,156.41,2.5862,8563522000,958718000,1490168000,7103230000,7604804000,5613062000,2677369000,1460292000,71.5,0,194.15,107.97
2025-12-28,ARES,2.36,5355558000.0,71.5,None,1.545,13.68,,None,986046000,986046000,,,,,,,,,275410000,82166852,None,200784000,200784000,145343000,None,102099000,1203044000,None,None,19568000,,4.29,0.0254,,,,1.088,0.03,1286854000,1306422000,1.16,2017-09-30,25.97,143880000,1991537000.0,6181000,952942000,29573000,44115000,44115000,None,333912000,None,4915029000,None,None,4981812000,None,None,97348000,None,None,None,0.241,,267128000,-260947000,-4915029000,1278463000,None,None,None,,,,,1.226,12.34,10.32,,,,,,,,0.121,,0,2025-10-30,quarterly,1.19,USD,pre-market,None,-275410000,0.0268,0.171,0.467,25.18,189026000,5083911000,115041000,4915029000,163.62,156.41,2.5862,8019437000,2189090000,1538847000,6641516000,5830347000,5102669000,2677369000,1377921000,71.5,0,194.15,107.97
2025-12-28,ARES,2.36,5355558000.0,71.5,None,1.545,13.68,,None,561908000,561908000,,,,,,,,,278012000,84319882,None,200784000,200784000,118383000,None,3688179000,1304941000,None,None,19568000,,4.29,0.0254,,,,1.088,0.03,1286854000,1306422000,1.16,2017-06-30,25.97,143824000,1991537000.0,6181000,952942000,29573000,47766000,47766000,None,333912000,None,3441802000,None,None,3626757000,None,None,97348000,None,None,None,0.241,,267128000,-260947000,-3441802000,1100314000,None,None,None,,,,,1.226,12.34,10.32,,,,,,,,0.121,,0,2025-10-30,quarterly,1.19,USD,pre-market,None,-278012000,0.0268,0.171,0.467,25.18,189026000,3688179000,83725000,3441802000,163.62,156.41,2.5862,6244449000,1866849000,1302422000,4995976000,4377600000,3693554000,2677369000,1248473000,71.5,0,194.15,107.97
2025-12-28,ARES,2.36,5355558000.0,71.5,None,1.545,13.68,,None,450301000,450301000,,,,,,,,,238212000,81106734,None,200784000,200784000,108640000,None,48656000,1046156999,None,None,19568000,,4.29,0.0254,,,,1.088,0.03,1286854000,1306422000,1.16,2017-03-31,25.97,143755000,1991537000.0,6181000,952942000,29573000,53040000,53040000,None,333912000,None,488480000,None,None,3487361000,None,None,97348000,None,None,None,0.241,,267128000,-260947000,-488480000,863228000,None,None,None,,,,,1.226,12.34,10.32,,,,,,,,0.121,,0,2025-10-30,quarterly,1.19,USD,pre-market,None,-238212000,0.0268,0.171,0.467,25.18,189026000,3512361000,37942000,488480000,163.62,156.41,2.5862,5718103000,1496458000,1009810000,4540485000,4221645000,3530675000,2677369000,1177618000,71.5,0,194.15,107.97
2025-12-28,ARES,2.36,5355558000.0,71.5,None,1.545,13.68,,None,798141000,798141000,,,,,,,,,301790000,83777502,None,200784000,200784000,104392000,None,3391966000,957132000,None,None,19568000,,4.29,0.0254,,,,1.088,0.03,1286854000,1306422000,1.16,2016-12-31,25.97,143724000,1991537000.0,6181000,952942000,29573000,58315000,58315000,None,333912000,None,3330203000,None,None,3391966000,None,3798674000,97348000,None,None,None,0.241,,267128000,-260947000,2501000,824356000,None,None,None,,,,,1.226,12.34,10.32,,,,,,,,0.121,,40759000,2025-10-30,quarterly,1.19,USD,pre-market,None,-301790000,0.0268,0.171,0.467,25.18,189026000,3391966000,55070000,3330203000,163.62,156.41,2.5862,5829712000,1757774000,983818000,4452450000,4071938000,3468632000,2677369000,1377262000,71.5,0,194.15,107.97
2025-12-28,ARES,2.36,5355558000.0,71.5,None,1.545,13.68,,None,550039000,550039000,,,,,,,,,286176000,84464591,None,200784000,200784000,102647000,None,34960000,881181000,None,None,19568000,,4.29,0.0254,,,,1.088,0.03,1286854000,1306422000,1.16,2016-09-30,25.97,143818000,1991537000.0,6181000,952942000,29573000,64191000,64191000,None,333912000,None,3127521000,None,None,2968127000,None,None,97348000,None,None,None,0.241,,267128000,-260947000,-3127521000,722995000,None,None,None,,,,,1.226,12.34,10.32,,,,,,,,0.121,,0,2025-10-30,quarterly,1.19,USD,pre-market,None,-584813000,0.0268,0.171,0.467,25.18,189026000,2968127000,34960000,3127521000,163.62,156.41,2.5862,5319134000,1431220000,860602000,3971206000,3887914000,3110604000,2677369000,575428000,71.5,0,194.15,107.97
2025-12-28,ARES,2.36,5355558000.0,71.5,None,1.545,13.68,,None,498120000,498120000,,,,,,,,,268835000,82332193,None,200784000,200784000,115358000,None,12484000,877157000,None,None,19568000,,4.29,0.0254,,,,1.088,0.03,1286854000,1306422000,1.16,2016-06-30,25.97,143855000,1991537000.0,6181000,952942000,29573000,70568000,70568000,None,333912000,None,2529173000,None,None,2460260000,None,None,97348000,None,None,None,0.241,,267128000,-260947000,-2529173000,662973000,None,None,None,,,,,1.226,12.34,10.32,,,,,,,,0.121,,0,2025-10-30,quarterly,1.19,USD,pre-market,None,-567806000,0.0268,0.171,0.467,25.18,189026000,2460260000,12484000,2529173000,163.62,156.41,2.5862,4671604000,1375277000,790815000,3380483000,3296327000,2589668000,2677369000,559274000,71.5,0,194.15,107.97
2025-12-28,ARES,2.36,5355558000.0,71.5,None,1.545,13.68,,None,233805000,233805000,,,,,,,,,236270000,80683051,None,200784000,200784000,121733000,None,12484000,767079000,None,None,19568000,,4.29,0.0254,,,,1.088,0.03,1286854000,1306422000,1.16,2016-03-31,25.97,144017000,1991537000.0,6181000,952942000,29573000,77689000,77689000,None,333912000,None,2553169000,None,None,2651531000,None,None,97348000,None,None,None,0.241,,267128000,-260947000,-2553169000,504248000,None,None,None,,,,,1.226,12.34,10.32,,,,,,,,0.121,,0,2025-10-30,quarterly,1.19,USD,pre-market,None,0,0.0268,0.171,0.467,25.18,189026000,2651531000,12484000,2553169000,163.62,156.41,2.5862,4336333000,1000884000,638465000,3398379000,3335449000,2759914000,2677369000,937954000,71.5,0,194.15,107.97
2025-12-28,ARES,2.36,5355558000.0,71.5,None,1.545,13.68,,None,280990000,280990000,,,,,,,,,251537000,80679600,None,200784000,200784000,121577000,None,214000,688521000,None,None,19568000,,4.29,0.0254,,,,1.088,0.03,1286854000,1306422000,1.16,2015-12-31,25.97,144067000,1991537000.0,6181000,952942000,29573000,84971000,84971000,None,333912000,None,2559783000,None,None,2465206000,None,3028070000,97348000,None,None,None,0.241,,267128000,-260947000,30700000,466394000,None,None,None,,,,,1.226,12.34,10.32,,,,,,,,0.121,,38147000,2025-10-30,quarterly,1.19,USD,pre-market,None,0,0.0268,0.171,0.467,25.18,189026000,2575206000,11734000,2559783000,163.62,156.41,2.5862,4321408000,1000211000,599705000,3353002000,3317972000,2753297000,2677369000,644801000,71.5,0,194.15,107.97
2025-12-28,ARES,2.36,5355558000.0,71.5,None,1.545,13.68,,None,473621000,473621000,,,,,,,,,258305000,80676232,None,200784000,200784000,146102000,None,None,721609000,None,None,19568000,,4.29,0.0254,,,,1.088,0.03,1286854000,1306422000,1.16,2015-09-30,25.97,144123000,1991537000.0,6181000,952942000,29573000,93617000,93617000,None,333912000,None,2785753000,None,None,2978618000,None,None,97348000,None,None,None,0.241,,267128000,-260947000,38231000,447943000,None,None,None,,,,,1.226,12.34,10.32,,,,,,,,0.121,,0,2025-10-30,quarterly,1.19,USD,pre-market,None,0,0.0268,0.171,0.467,25.18,189026000,2978618000,161734000,2785753000,163.62,156.41,2.5862,4755970000,1233461000,755779000,3761099000,3522510000,3005320000,2677369000,994871000,71.5,0,194.15,107.97
2025-12-28,ARES,2.36,5355558000.0,71.5,None,1.545,13.68,,None,1482829000,1482829000,,,,,,,,,286655000,81720919,None,200784000,200784000,176293000,None,None,572994000,None,None,19568000,,4.29,0.0254,,,,1.088,0.03,1286854000,1306422000,1.16,2015-06-30,25.97,144210000,1991537000.0,6181000,952942000,29573000,103736000,103736000,None,333912000,None,17847829000,None,None,13055866000,None,None,97348000,None,None,None,0.241,,267128000,-260947000,-17847829000,704974000,None,None,None,,,,,1.226,12.34,10.32,,,,,,,,0.121,,0,2025-10-30,quarterly,1.19,USD,pre-market,None,0,0.0268,0.171,0.467,25.18,189026000,13055866000,87315000,17847829000,163.62,156.41,2.5862,20443660000,2055823000,968582000,14724379000,18387837000,13755797000,2677369000,5719281000,71.5,0,194.15,107.97
2025-12-28,ARES,2.36,5355558000.0,71.5,None,1.545,13.68,,None,1387389000,1387389000,,,,,,,,,291641000,80667664,None,200784000,200784000,180449000,None,None,702914000,None,None,19568000,,4.29,0.0254,,,,1.088,0.03,1286854000,1306422000,1.16,2015-03-31,25.97,144080000,1991537000.0,6181000,952942000,29573000,120268000,120268000,None,333912000,None,18990943000,None,None,13543226000,None,None,97348000,None,None,None,0.241,,267128000,-260947000,-18990943000,905325000,None,None,None,,,,,1.226,12.34,10.32,,,,,,,,0.121,,0,2025-10-30,quarterly,1.19,USD,pre-market,None,0,0.0268,0.171,0.467,25.18,189026000,13543226000,142535000,18990943000,163.62,156.41,2.5862,21618156000,2090303000,1228309000,15754231000,19527853000,14525922000,2677369000,5863925000,71.5,0,194.15,107.97
2025-12-28,ARES,2.36,5355558000.0,71.5,None,1.545,13.68,,None,1463255000,1463255000,,,,,,,,,285025000,80358036,None,200784000,200784000,169899000,None,868000,645706000,None,None,19568000,,4.29,0.0254,,,,1.088,0.03,1286854000,1306422000,1.16,2014-12-31,25.97,85582000,1991537000.0,6181000,952942000,29573000,40948000,40948000,None,333912000,None,19113201000,None,None,13450445000,None,77514000,97348000,None,None,None,0.241,,267128000,-260947000,32734000,1020641000,None,None,None,,,,,1.226,12.34,10.32,,,,,,,,0.121,,34055000,2025-10-30,quarterly,1.19,USD,pre-market,None,0,0.0268,0.171,0.467,25.18,189026000,13448626000,131174000,19113201000,163.62,156.41,2.5862,21641253000,2141695000,1321714000,15941057000,19497297000,14619343000,2677369000,5697935000000,71.5,0,194.15,107.97
2025-12-28,ARES,2.36,5355558000.0,71.5,None,1.545,13.68,,None,1443231000,1443231000,,,,,,,,,295271000,81363978,None,200784000,200784000,161586000,None,None,750225000,None,None,19568000,,4.29,0.0254,,,,1.088,0.03,1286854000,1306422000,1.16,2014-09-30,25.97,85679000,1991537000.0,6181000,952942000,29573000,46993000,46993000,None,333912000,None,0,None,None,13087273000,None,77308000,97348000,None,None,None,0.241,,267128000,-260947000,31828000,1537958000,None,None,None,,,,,1.226,12.34,10.32,,,,,,,,0.121,,0,2025-10-30,quarterly,1.19,USD,pre-market,None,0,0.0268,0.171,0.467,25.18,189026000,13327678000,135379000,18525000,163.62,156.41,2.5862,22015235000,2225284000,1834923000,16350206000,19803254000,14515283000,2677369000,5665029000,71.5,0,194.15,107.97
2025-12-28,ARES,2.36,5355558000.0,71.5,None,1.545,13.68,,None,1483095000,1483095000,,,,,,,,,293124000,80004833,None,200784000,200784000,219373000,None,None,844811000,None,None,19568000,,4.29,0.0254,,,,1.088,0.03,1286854000,1306422000,1.16,2014-06-30,25.97,85806000,1991537000.0,6181000,952942000,29573000,53326000,53326000,None,333912000,None,18666232000,None,None,205127000,None,140227000,97348000,None,None,None,0.241,,267128000,-260947000,194121000,1425364000,None,355199000,None,,,,,1.226,12.34,10.32,,,,,,,,0.121,,0,2025-10-30,quarterly,1.19,USD,pre-market,None,-124408000,0.0268,0.171,0.467,25.18,189026000,12822992000,159373000,18666232000,163.62,156.41,2.5862,21592330000,2522027000,1804110000,15803734000,19070303000,13999624000,2677369000,5788596000,71.5,0,194.15,107.97
2025-12-28,ARES,2.36,5355558000.0,71.5,None,1.545,13.68,,None,1313291000,1313291000,,,,,,,,,350862000,80004833,None,200784000,200784000,129631000,None,None,170490000,None,None,19568000,,4.29,0.0254,,,,1.088,0.03,1286854000,1306422000,1.16,2014-03-31,25.97,60531000,1991537000.0,6181000,952942000,29573000,59938000,59938000,None,333912000,None,19485067000,None,None,12516571000,None,None,97348000,None,None,None,0.241,,267128000,-260947000,730703000,931206000,None,None,None,,,,,1.226,12.34,10.32,,,,,,,,0.121,,0,2025-10-30,quarterly,1.19,USD,pre-market,None,-124408000,0.0268,0.171,0.467,25.18,189026000,13545605000,1832000000,19485067000,163.62,156.41,2.5862,22035501000,2214484000,2892837000,15922998000,19831110000,13030161000,2677369000,543269000,71.5,0,194.15,107.97
2025-12-28,ARES,2.36,5355558000.0,71.5,None,1.545,13.68,,None,1727805000,1727805000,,,,,,,,,525678000,75459813,None,200784000,200784000,163325000,None,None,806095000,None,None,19568000,,4.29,0.0254,,,,1.088,0.03,1286854000,1306422000,1.16,2013-12-31,25.97,58159000,1991537000.0,6181000,952942000,29573000,68742000,68742000,None,333912000,None,20912776000,None,None,14321038000,None,None,97348000,None,None,None,0.241,,267128000,-260947000,34668000,1276478000,None,None,None,,,,,1.226,12.34,10.32,,,,,,,,0.121,,27852000,2025-10-30,quarterly,1.19,USD,pre-market,None,None,0.0268,0.171,0.467,25.18,189026000,14321038000,1304707000,20912776000,163.62,156.41,2.5862,23705384000,2568568000,2744510000,17164840000,21136816000,14420330000,2677369000,6425627000,71.5,None,194.15,107.97
2025-12-28,ARES,2.36,5355558000.0,71.5,None,1.545,13.68,,None,2416424000,2416424000,,,,,,,,,372437000,98706419,None,200784000,200784000,1338797000,None,None,1504216000,None,None,19568000,,4.29,0.0254,,,,1.088,0.03,1286854000,1306422000,1.16,2013-09-30,25.97,58159000,1991537000.0,6181000,952942000,29573000,74865000,74865000,None,333912000,None,-2312000,None,None,None,None,None,97348000,None,None,None,0.241,,267128000,-260947000,55827000,450496000,None,None,None,,,,,1.226,12.34,10.32,,,,,,,,0.121,,None,2025-10-30,quarterly,1.19,USD,pre-market,None,-103925000,0.0268,0.171,0.467,25.18,189026000,15786552000,1408708000,2312000,163.62,156.41,2.5862,25142148000,3976467000,3198001000,17621366000,21165681000,14423365000,2677369000,592901000,71.5,None,194.15,107.97
2025-12-28,ARES,2.36,5355558000.0,71.5,None,1.545,13.68,,None,None,None,,,,,,,,,None,98706419,None,200784000,200784000,None,None,None,None,None,None,19568000,,4.29,0.0254,,,,1.088,0.03,1286854000,1306422000,1.16,2013-06-30,25.97,None,1991537000.0,6181000,952942000,29573000,None,None,None,333912000,None,None,None,None,None,None,None,97348000,None,None,None,0.241,,267128000,-260947000,None,None,None,None,None,,,,,1.226,12.34,10.32,,,,,,,,0.121,,None,2025-10-30,quarterly,1.19,USD,pre-market,None,None,0.0268,0.171,0.467,25.18,189026000,None,None,None,163.62,156.41,2.5862,None,None,None,None,None,None,2677369000,None,71.5,None,194.15,107.97
2025-12-28,ARES,2.36,5355558000.0,71.5,None,1.545,13.68,,None,-1783298000,-1783298000,,,,,,,,,None,98706419,None,200784000,200784000,None,None,None,None,None,None,19568000,,4.29,0.0254,,,,1.088,0.03,1286854000,1306422000,1.16,2013-03-31,25.97,None,1991537000.0,6181000,952942000,29573000,None,None,None,333912000,None,None,None,None,None,None,None,97348000,None,None,None,0.241,,267128000,-260947000,None,None,None,None,None,,,,,1.226,12.34,10.32,,,,,,,,0.121,,None,2025-10-30,quarterly,1.19,USD,pre-market,None,None,0.0268,0.171,0.467,25.18,189026000,None,None,3566596000,163.62,156.41,2.5862,None,1783298000,None,None,-1783298000,None,2677369000,8122407000,71.5,None,194.15,107.97
2025-12-28,ARES,2.36,5355558000.0,71.5,None,1.545,13.68,,None,1776097000,1776097000,,,,,,,,,411575000,87133540,None,200784000,200784000,126248000,None,None,553112000,None,None,19568000,,4.29,0.0254,,,,1.088,0.03,1286854000,1306422000,1.16,2012-12-31,25.97,8185000,1991537000.0,6181000,952942000,29573000,68068000,68068000,None,333912000,None,-7201000,None,None,14784065000,None,None,97348000,None,None,None,0.241,,267128000,-260947000,141415000,1350773000,None,None,None,,,,,1.226,12.34,10.32,,,,,,,,0.121,,18778000,2025-10-30,quarterly,1.19,USD,pre-market,None,-101107000,0.0268,0.171,0.467,25.18,189026000,14784065000,1688575000,7201000,163.62,156.41,2.5862,24495877000,2470624000,3165596000,17504066000,22025253000,14338470000,2677369000,493685000,71.5,None,194.15,107.97
2025-12-28,ARES,2.36,5355558000.0,71.5,None,1.545,13.68,,641864000,2735465000,2735465000,,,,,,,,,3132000,198054451,None,200784000,200784000,686972000,None,275000000,1510794000,None,None,19568000,,4.29,0.0254,,,,1.088,0.03,1286854000,1306422000,1.16,2024-12-31,25.97,1162636000,1991537000.0,6181000,952942000,29573000,975828000,975828000,None,333912000,None,None,None,None,12231103000,None,17382619000,97348000,None,None,None,0.241,,267128000,-260947000,None,3370089000,None,None,None,,,,,1.226,12.34,10.32,,,,,,,,0.121,,None,2025-10-30,annual,1.19,USD,pre-market,None,-837294000,0.0268,0.171,0.467,25.18,189026000,13147967000,275000000,None,163.62,156.41,2.5862,24884308000,4246259000,4332061000,18060118000,20638049000,13728057000,2677369000,3543646000,71.5,None,194.15,107.97
2025-12-28,ARES,2.36,5355558000.0,71.5,None,1.545,13.68,,319572000,1497785000,1497785000,,,,,,,,,3076000,195773426,None,200784000,200784000,423407000,None,125241000,1273176000,None,None,19568000,,4.29,0.0254,,,,1.088,0.03,1286854000,1306422000,1.16,2023-12-31,25.97,1123976000,1991537000.0,6181000,952942000,29573000,1058495000,1058495000,None,333912000,None,None,None,None,15311137000,None,19226519000,97348000,None,None,None,0.241,,267128000,-260947000,-2770961000,3242535000,None,None,None,,,,,1.226,12.34,10.32,,,,,,,,0.121,,None,2025-10-30,annual,1.19,USD,pre-market,None,-495083000,0.0268,0.171,0.467,25.18,189026000,15755950000,125241000,-18703481000,163.62,156.41,2.5862,24730500000,2770961000,3791183000,20256187000,21959539000,16465004000,2677369000,1893399000,71.5,None,194.15,107.97
2025-12-28,ARES,2.36,5355558000.0,71.5,None,1.545,13.68,,190616000,1114628000,1114628000,,,,,,,,,2946000,175510798,None,200784000,200784000,400207000,None,168046000,1084784000,None,None,19568000,,4.29,0.0254,,,,1.088,0.03,1286854000,1306422000,1.16,2022-12-31,25.97,999656000,1991537000.0,6181000,952942000,29573000,1208220000,1208220000,None,333912000,None,None,None,None,2273854000,None,3974734000,97348000,None,None,None,0.241,,267128000,-260947000,-2199412000,2853237000,None,2472825000,None,,,,,1.226,12.34,10.32,,,,,,,,0.121,,236028000,2025-10-30,annual,1.19,USD,pre-market,None,-369475000,0.0268,0.171,0.467,25.18,189026000,13334236000,168046000,1,163.62,156.41,2.5862,22002839000,2199412000,3421490000,18204221000,19803427000,14782731000,2677369000,1589239000,71.5,None,194.15,107.97
2025-12-28,ARES,2.36,5355558000.0,71.5,None,1.545,13.68,,205075000,1392846000,1392846000,,,,,,,,,2905000,180112271,None,200784000,200784000,382931000,None,71500000,1157936000,None,None,19568000,,4.29,0.0254,,,,1.088,0.03,1286854000,1306422000,1.16,2021-12-31,25.97,787972000,1991537000.0,6181000,952942000,29573000,1422818000,1422818000,None,333912000,None,-5681999,None,None,12217641000,None,16500942000,97348000,None,None,None,0.241,,267128000,-260947000,-2550782000,3507361000,None,2395427000,None,,,,,1.226,12.34,10.32,,,,,,,,0.121,,239923000,2025-10-30,annual,1.19,USD,pre-market,None,-89382000,0.0268,0.171,0.467,25.18,189026000,12494216000,127771000,5682000,163.62,156.41,2.5862,21605164000,2550782000,4018063000,17790738000,19054382000,13772675000,2677369000,1825227000,71.5,None,194.15,107.97
2025-12-28,ARES,2.36,5355558000.0,71.5,None,1.545,13.68,,180236000,1062189000,1062189000,,,,,,,,,2596000,149508498,None,200784000,200784000,162113000,None,71500000,625280000,None,None,19568000,,4.29,0.0254,,,,1.088,0.03,1286854000,1306422000,1.16,2020-12-31,25.97,371047000,1991537000.0,6181000,952942000,29573000,222088000,222088000,None,333912000,None,-1439999,None,None,642998000,None,1682759000,97348000,None,None,None,0.241,,267128000,-260947000,-1687469000,1409593000,None,993614000,None,,,,,1.226,12.34,10.32,,,,,,,,0.121,,217002000,2025-10-30,annual,1.19,USD,pre-market,None,-151824000,0.0268,0.171,0.467,25.18,189026000,10903219000,121909000,1439999,163.62,156.41,2.5862,15168992000,1687469000,1693615000,12697218000,13481524000,11003603000,2677369000,1193685000,71.5,None,194.15,107.97
2025-12-28,ARES,2.36,5355558000.0,71.5,None,1.545,13.68,,168817000,744705000,744705000,,,,,,,,,1152000,119877429,None,200784000,200784000,150030000,None,71500000,439580000,None,None,19568000,,4.29,0.0254,,,,1.088,0.03,1286854000,1306422000,1.16,2019-12-31,25.97,143855000,1991537000.0,6181000,952942000,29573000,7975000,7975000,None,333912000,None,1,None,None,316609000,None,1663664000,97348000,None,None,None,0.241,,267128000,-260947000,-1184285000,1401355000,None,829764000,None,,,,,1.226,12.34,10.32,,,,,,,,0.121,,208076000,2025-10-30,annual,1.19,USD,pre-market,None,-50820000,0.0268,0.171,0.467,25.18,189026000,8566418000,106050000,None,163.62,156.41,2.5862,12014196000,1184285000,1657435000,10155598000,10829911000,8498163000,2677369000,768290000,71.5,None,194.15,107.97
2025-12-28,ARES,2.36,5355558000.0,71.5,None,1.545,13.68,,None,494891000,494891000,,,,,,,,,1016000,96023147,None,200784000,200784000,167097000,None,115124000,344169000,None,None,19568000,,4.29,0.0254,,,,1.088,0.03,1286854000,1306422000,1.16,2018-12-31,25.97,143786000,1991537000.0,6181000,952942000,29573000,31434000,31434000,None,333912000,None,1,None,None,480952000,None,1326137000,97348000,None,None,None,0.241,,267128000,-260947000,48988000,1195538000,None,641737000,None,,,,,1.226,12.34,10.32,,,,,,,,0.121,,63380000,2025-10-30,annual,1.19,USD,pre-market,None,-29336000,0.0268,0.171,0.467,25.18,189026000,7368327000,207921000,None,163.62,156.41,2.5862,10154692000,839060000,1570556000,8760351000,9315632000,7189795000,2677369000,587924000,71.5,None,194.15,107.97
2025-12-28,ARES,2.36,5355558000.0,71.5,None,1.545,13.68,,5579370000,675429000,675429000,,,,,,,,,-298553000,82080777,None,200784000,200784000,146271000,None,119542000,1360525000,None,None,19568000,,4.29,0.0254,,,,1.088,0.03,1286854000,1306422000,1.16,2017-12-31,25.97,143895000,1991537000.0,6181000,952942000,29573000,40465000,40465000,None,333912000,None,647335000,None,None,5717568000,None,6230177000,97348000,None,None,None,0.241,,267128000,-260947000,-647335000,1211413000,None,1185435000,None,,,,,1.226,12.34,10.32,,,,,,,,0.121,,61151000,2025-10-30,annual,1.19,USD,pre-market,None,-4208000,0.0268,0.171,0.467,25.18,189026000,5855766000,138198000,647335000,163.62,156.41,2.5862,8563522000,2035954000,1495882000,7103230000,6527568000,5607348000,2677369000,1460292000,71.5,0,194.15,107.97
2025-12-28,ARES,2.36,5355558000.0,71.5,None,1.545,13.68,,None,798141000,798141000,,,,,,,,,301790000,82937030,None,200784000,200784000,104392000,None,3391966000,959633000,None,None,19568000,,4.29,0.0254,,,,1.088,0.03,1286854000,1306422000,1.16,2016-12-31,25.97,143724000,1991537000.0,6181000,952942000,29573000,58315000,58315000,None,333912000,None,3330203000,None,None,3391966000,None,3798674000,97348000,None,None,None,0.241,,267128000,-260947000,-3330203000,824356000,None,298761000,None,,,,,1.226,12.34,10.32,,,,,,,,0.121,,40759000,2025-10-30,annual,1.19,USD,pre-market,None,591612000,0.0268,0.171,0.467,25.18,189026000,3447036000,55070000,3330203000,163.62,156.41,2.5862,5829712000,1757774000,983818000,4452450000,4071938000,3468632000,2677369000,1377262000,71.5,0,194.15,107.97
2025-12-28,ARES,2.36,5355558000.0,71.5,None,1.545,13.68,,None,280990000,280990000,,,,,,,,,251537000,81378260,None,200784000,200784000,112249000,None,214000,718987000,None,None,19568000,,4.29,0.0254,,,,1.088,0.03,1286854000,1306422000,1.16,2015-12-31,25.97,144067000,1991537000.0,6181000,952942000,29573000,84971000,84971000,None,333912000,None,-1105000,None,None,2575206000,None,3028070000,97348000,None,None,None,0.241,,267128000,-260947000,1339000,11066000,None,None,None,,,,,1.226,12.34,10.32,,,,,,,,0.121,,38147000,2025-10-30,annual,1.19,USD,pre-market,None,0,0.0268,0.171,0.467,25.18,189026000,2586940000,11734000,2559783000,163.62,156.41,2.5862,4321408000,1000211000,576905000,3353001000,3321197000,2776096000,2677369000,968406000,71.5,0,194.15,107.97
2025-12-28,ARES,2.36,5355558000.0,71.5,None,1.545,13.68,,None,1463255000,1463255000,,,,,,,,,285025000,80358036,None,200784000,200784000,169899000,None,868000,566104000,None,None,19568000,,4.29,0.0254,,,,1.088,0.03,1286854000,1306422000,1.16,2014-12-31,25.97,85582000,1991537000.0,6181000,952942000,29573000,40948000,40948000,None,333912000,None,29608000,None,None,13450445000,None,77514000,97348000,None,None,None,0.241,,267128000,-260947000,32734000,1020641000,None,None,None,,,,,1.226,12.34,10.32,,,,,,,,0.121,,34055000,2025-10-30,annual,1.19,USD,pre-market,None,0,0.0268,0.171,0.467,25.18,189026000,13448626000,131174000,19113201000,163.62,156.41,2.5862,21641253000,2141695000,1321714000,15941057000,19497297000,14619343000,2677369000,5697935000000,71.5,0,194.15,107.97
2025-12-28,ARES,2.36,5355558000.0,71.5,None,1.545,13.68,,None,1727805000,1727805000,,,,,,,,,321891000,94168582,None,200784000,200784000,163325000,None,None,694261000,None,None,19568000,,4.29,0.0254,,,,1.088,0.03,1286854000,1306422000,1.16,2013-12-31,25.97,58159000,1991537000.0,6181000,952942000,29573000,68742000,68742000,None,333912000,None,-2445000,None,None,14321038000,None,None,97348000,None,None,None,0.241,,267128000,-260947000,34668000,1276478000,None,None,None,,,,,1.226,12.34,10.32,,,,,,,,0.121,,27852000,2025-10-30,annual,1.19,USD,pre-market,None,None,0.0268,0.171,0.467,25.18,189026000,14321038000,1304707000,20912776000,163.62,156.41,2.5862,23705384000,2568568000,2744510000,17164840000,21136816000,14420330000,2677369000,6425627000,71.5,None,194.15,107.97
2025-12-28,ARES,2.36,5355558000.0,71.5,None,1.545,13.68,,None,1776097000,1776097000,,,,,,,,,411575000,94168582,None,200784000,200784000,126248000,None,None,553112000,None,None,19568000,,4.29,0.0254,,,,1.088,0.03,1286854000,1306422000,1.16,2012-12-31,25.97,8185000,1991537000.0,6181000,952942000,29573000,68068000,68068000,None,333912000,None,-15334000,None,None,14784065000,None,None,97348000,None,None,None,0.241,,267128000,-260947000,141415000,1350773000,None,None,None,,,,,1.226,12.34,10.32,,,,,,,,0.121,,18778000,2025-10-30,annual,1.19,USD,pre-market,None,-101107000,0.0268,0.171,0.467,25.18,189026000,14784065000,1688575000,7201000,163.62,156.41,2.5862,24495877000,2470624000,3165596000,17504066000,22025253000,14338470000,2677369000,493685000,71.5,None,194.15,107.97
2025-12-28,ARES,2.36,5355558000.0,71.5,None,1.545,13.68,,None,1561293000,1561293000,,,,,,,,,None,80098497,None,200784000,200784000,121260000,None,None,271691000,None,None,19568000,,4.29,0.0254,,,,1.088,0.03,1286854000,1306422000,1.16,2011-12-31,25.97,8364000,1991537000.0,6181000,952942000,29573000,66942000,66942000,None,333912000,None,None,None,None,None,None,None,97348000,None,None,None,0.241,,267128000,-260947000,214019000,608151000,None,None,None,,,,,1.226,12.34,10.32,,,,,,,,0.121,,None,2025-10-30,annual,1.19,USD,pre-market,None,-64316000,0.0268,0.171,0.467,25.18,189026000,14123052000,1985140000,None,163.62,156.41,2.5862,23734935000,2047003000,2714551000,16042255000,21687932000,13327704000,2677369000,354555000,71.5,None,194.15,107.97
2025-12-28,ARES,2.36,5355558000.0,71.5,None,1.545,13.68,11492000,None,1561293000,1561293000,-1225097000,-14952000,None,None,None,None,None,None,None,80098497,None,200784000,200784000,121260000,None,None,271691000,None,None,19568000,None,4.29,0.0254,423678000,423678000,None,1.088,0.03,1286854000,1306422000,1.16,2025-09-30,25.97,8364000,1991537000.0,6181000,952942000,29573000,66942000,66942000,None,333912000,None,None,None,None,None,None,None,540379000,None,None,None,0.241,1340743000,267128000,-260947000,214019000,608151000,None,None,None,None,None,None,None,1.226,12.34,10.32,None,None,None,None,None,None,None,0.121,None,None,2025-10-30,quarterly,1.19,USD,pre-market,None,-64316000,0.0268,0.171,0.467,25.18,189026000,14123052000,1985140000,None,163.62,156.41,2.5862,23734935000,2047003000,2714551000,16042255000,21687932000,13327704000,2677369000,354555000,71.5,None,194.15,107.97
2025-12-28,ARES,2.36,5355558000.0,71.5,None,1.545,13.68,22918000,None,1561293000,1561293000,-567201000,-22918000,None,None,None,None,None,None,None,80098497,None,200784000,200784000,121260000,None,None,271691000,None,None,19568000,None,4.29,0.0254,428171000,428171000,None,1.088,0.03,1286854000,1306422000,1.16,2025-06-30,25.97,8364000,1991537000.0,6181000,952942000,29573000,66942000,66942000,None,333912000,None,None,None,None,None,None,None,225980000,None,None,None,0.241,415701000,267128000,-260947000,214019000,608151000,None,None,None,None,None,None,None,1.226,12.34,10.32,None,None,None,None,None,-27030000,None,0.121,None,None,2025-10-30,quarterly,1.19,USD,pre-market,None,-64316000,0.0268,0.171,0.467,25.18,189026000,14123052000,1985140000,None,163.62,156.41,2.5862,23734935000,2047003000,2714551000,16042255000,21687932000,13327704000,2677369000,354555000,71.5,None,194.15,107.97
2025-12-28,ARES,2.36,5355558000.0,71.5,None,1.545,13.68,21975000,None,1561293000,1561293000,-1177727000,-1744690000,None,None,None,None,None,None,None,80098497,None,200784000,200784000,121260000,None,None,271691000,None,None,19568000,None,4.29,0.0254,445088000,445088000,None,1.088,0.03,1286854000,1306422000,1.16,2025-03-31,25.97,8364000,1991537000.0,6181000,952942000,29573000,66942000,66942000,None,333912000,None,None,None,None,None,None,None,123501000,None,None,None,0.241,1994203000,267128000,-260947000,214019000,608151000,None,None,None,None,None,None,None,1.226,12.34,10.32,None,None,None,None,None,-396722000,None,0.121,None,None,2025-10-30,quarterly,1.19,USD,pre-market,None,-64316000,0.0268,0.171,0.467,25.18,189026000,14123052000,1985140000,None,163.62,156.41,2.5862,23734935000,2047003000,2714551000,16042255000,21687932000,13327704000,2677369000,354555000,71.5,None,194.15,107.97
2025-12-28,ARES,2.36,5355558000.0,71.5,None,1.545,13.68,9306000,None,1561293000,1561293000,478161000,-63518000,None,None,None,None,None,None,None,80098497,None,200784000,200784000,121260000,None,None,271691000,None,None,19568000,39678000,4.29,0.0254,341536000,341536000,None,1.088,0.03,1286854000,1306422000,1.16,2024-12-31,25.97,8364000,1991537000.0,6181000,952942000,29573000,66942000,66942000,None,333912000,None,None,None,None,None,None,None,540226000,None,None,None,0.241,807618000,267128000,-260947000,214019000,608151000,None,None,None,None,None,None,None,1.226,12.34,10.32,None,None,None,None,None,None,None,0.121,None,None,2025-10-30,quarterly,1.19,USD,pre-market,None,-64316000,0.0268,0.171,0.467,25.18,189026000,14123052000,1985140000,None,163.62,156.41,2.5862,23734935000,2047003000,2714551000,16042255000,21687932000,13327704000,2677369000,354555000,71.5,None,194.15,107.97
2025-12-28,ARES,2.36,5355558000.0,71.5,None,1.545,13.68,26894000,None,1561293000,1561293000,-784224000,-32577000,None,None,None,None,None,None,None,80098497,None,200784000,200784000,121260000,None,None,271691000,None,None,19568000,-41248000,4.29,0.0254,563934000,563934000,None,1.088,0.03,1286854000,1306422000,1.16,2024-09-30,25.97,8364000,1991537000.0,6181000,952942000,29573000,66942000,66942000,None,333912000,None,None,None,None,None,None,None,410138000,None,None,None,0.241,841319000,267128000,-260947000,214019000,608151000,None,None,None,None,None,None,None,1.226,12.34,10.32,None,None,None,None,None,None,None,0.121,None,None,2025-10-30,quarterly,1.19,USD,pre-market,None,-64316000,0.0268,0.171,0.467,25.18,189026000,14123052000,1985140000,None,163.62,156.41,2.5862,23734935000,2047003000,2714551000,16042255000,21687932000,13327704000,2677369000,354555000,71.5,None,194.15,107.97
2025-12-28,ARES,2.36,5355558000.0,71.5,None,1.545,13.68,29238000,None,1561293000,1561293000,-458899000,-29238000,None,None,None,None,None,None,None,80098497,None,200784000,200784000,121260000,None,None,271691000,None,None,19568000,36251000,4.29,0.0254,312214000,312214000,None,1.088,0.03,1286854000,1306422000,1.16,2024-06-30,25.97,8364000,1991537000.0,6181000,952942000,29573000,66942000,66942000,None,333912000,None,None,None,None,None,None,None,87344000,None,None,None,0.241,432172000,267128000,-260947000,214019000,608151000,None,None,None,None,None,None,None,1.226,12.34,10.32,None,None,None,None,None,-16345000,None,0.121,None,None,2025-10-30,quarterly,1.19,USD,pre-market,None,-64316000,0.0268,0.171,0.467,25.18,189026000,14123052000,1985140000,None,163.62,156.41,2.5862,23734935000,2047003000,2714551000,16042255000,21687932000,13327704000,2677369000,354555000,71.5,None,194.15,107.97
2025-12-28,ARES,2.36,5355558000.0,71.5,None,1.545,13.68,26071000,None,1561293000,1561293000,-666632000,-34071000,None,None,None,None,None,None,None,80098497,None,200784000,200784000,121260000,None,None,271691000,None,None,19568000,36644000,4.29,0.0254,320046000,320046000,None,1.088,0.03,1286854000,1306422000,1.16,2024-03-31,25.97,8364000,1991537000.0,6181000,952942000,29573000,66942000,66942000,None,333912000,None,None,None,None,None,None,None,73027000,None,None,None,0.241,710045000,267128000,-260947000,214019000,608151000,None,None,None,None,None,None,None,1.226,12.34,10.32,None,None,None,None,None,-186731000,None,0.121,None,None,2025-10-30,quarterly,1.19,USD,pre-market,None,-64316000,0.0268,0.171,0.467,25.18,189026000,14123052000,1985140000,None,163.62,156.41,2.5862,23734935000,2047003000,2714551000,16042255000,21687932000,13327704000,2677369000,354555000,71.5,None,194.15,107.97
2025-12-28,ARES,2.36,5355558000.0,71.5,None,1.545,13.68,23006000,None,1561293000,1561293000,633729000,-66902000,None,None,None,None,None,None,None,80098497,None,200784000,200784000,121260000,None,None,271691000,None,None,19568000,39011000,4.29,0.0254,270581000,270581000,None,1.088,0.03,1286854000,1306422000,1.16,2023-12-31,25.97,8364000,1991537000.0,6181000,952942000,29573000,66942000,66942000,None,333912000,None,None,None,None,None,None,None,423547000,None,None,None,0.241,-560052000,267128000,-260947000,214019000,608151000,None,None,None,None,None,None,None,1.226,12.34,10.32,None,None,None,None,None,-503742000,None,0.121,None,None,2025-10-30,quarterly,1.19,USD,pre-market,None,-64316000,0.0268,0.171,0.467,25.18,189026000,14123052000,1985140000,None,163.62,156.41,2.5862,23734935000,2047003000,2714551000,16042255000,21687932000,13327704000,2677369000,354555000,71.5,None,194.15,107.97
2025-12-28,ARES,2.36,5355558000.0,71.5,None,1.545,13.68,23050000,None,1561293000,1561293000,-244102000,-23050000,None,None,None,None,None,None,None,80098497,None,200784000,200784000,121260000,None,None,271691000,None,None,19568000,105524000,4.29,0.0254,249584000,249584000,None,1.088,0.03,1286854000,1306422000,1.16,2023-09-30,25.97,8364000,1991537000.0,6181000,952942000,29573000,66942000,66942000,None,333912000,None,None,None,None,None,None,None,196974000,None,None,None,0.241,318271000,267128000,-260947000,214019000,608151000,None,None,None,None,None,None,None,1.226,12.34,10.32,None,None,None,None,None,-26584000,None,0.121,None,None,2025-10-30,quarterly,1.19,USD,pre-market,None,-64316000,0.0268,0.171,0.467,25.18,189026000,14123052000,1985140000,None,163.62,156.41,2.5862,23734935000,2047003000,2714551000,16042255000,21687932000,13327704000,2677369000,354555000,71.5,None,194.15,107.97
2025-12-28,ARES,2.36,5355558000.0,71.5,None,1.545,13.68,12250000,None,1561293000,1561293000,723643000,-12250000,12341000,None,None,None,None,None,None,80098497,None,200784000,200784000,121260000,None,None,271691000,None,None,19568000,42991000,4.29,0.0254,258869000,258869000,None,1.088,0.03,1286854000,1306422000,1.16,2023-06-30,25.97,8364000,1991537000.0,6181000,952942000,29573000,66942000,66942000,None,333912000,None,None,None,None,None,None,None,332255000,None,None,None,0.241,-699052000,267128000,-260947000,214019000,608151000,None,None,None,None,None,None,None,1.226,12.34,10.32,None,None,None,None,None,23821000,None,0.121,None,None,2025-10-30,quarterly,1.19,USD,pre-market,None,-64316000,0.0268,0.171,0.467,25.18,189026000,14123052000,1985140000,None,163.62,156.41,2.5862,23734935000,2047003000,2714551000,16042255000,21687932000,13327704000,2677369000,354555000,71.5,None,194.15,107.97
2025-12-28,ARES,2.36,5355558000.0,71.5,None,1.545,13.68,8877000,None,1561293000,1561293000,-821144000,-8877000,-122449000,None,None,None,None,None,None,80098497,None,200784000,200784000,121260000,None,None,271691000,None,None,19568000,42991000,4.29,0.0254,251632000,251632000,None,1.088,0.03,1286854000,1306422000,1.16,2023-03-31,25.97,8364000,1991537000.0,6181000,952942000,29573000,66942000,66942000,None,333912000,None,None,None,None,None,None,None,207316000,None,None,None,0.241,707572000,267128000,-260947000,214019000,608151000,None,None,None,None,None,None,None,1.226,12.34,10.32,None,None,None,None,None,-104251000,None,0.121,None,None,2025-10-30,quarterly,1.19,USD,pre-market,None,-64316000,0.0268,0.171,0.467,25.18,189026000,14123052000,1985140000,None,163.62,156.41,2.5862,23734935000,2047003000,2714551000,16042255000,21687932000,13327704000,2677369000,354555000,71.5,None,194.15,107.97
2025-12-28,ARES,2.36,5355558000.0,71.5,None,1.545,13.68,7408000,None,1561293000,1561293000,200982000,-7333000,3142000,None,20612000,None,None,None,None,80098497,None,200784000,200784000,121260000,None,None,271691000,None,None,19568000,341341000,4.29,0.0254,228144000,228144000,None,1.088,0.03,1286854000,1306422000,1.16,2022-12-31,25.97,8364000,1991537000.0,6181000,952942000,29573000,66942000,66942000,None,333912000,None,None,None,None,None,None,None,293190000,None,None,None,0.241,-190507000,267128000,-260947000,214019000,608151000,None,None,None,None,None,None,None,1.226,12.34,10.32,None,None,None,None,None,-414000,None,0.121,None,None,2025-10-30,quarterly,1.19,USD,pre-market,None,-64316000,0.0268,0.171,0.467,25.18,189026000,14123052000,1985140000,None,163.62,156.41,2.5862,23734935000,2047003000,2714551000,16042255000,21687932000,13327704000,2677369000,354555000,71.5,None,194.15,107.97
2025-12-28,ARES,2.36,5355558000.0,71.5,None,1.545,13.68,9940000,None,1561293000,1561293000,111587000,-9921000,126259000,None,None,None,None,None,None,80098497,None,200784000,200784000,121260000,None,None,271691000,None,None,19568000,219483000,4.29,0.0254,201854000,201854000,None,1.088,0.03,1286854000,1306422000,1.16,2022-09-30,25.97,8364000,1991537000.0,6181000,952942000,29573000,66942000,66942000,None,333912000,None,None,None,None,None,None,None,-39101000,None,None,None,0.241,24593000,267128000,-260947000,214019000,608151000,None,None,None,None,None,None,None,1.226,12.34,10.32,None,None,None,None,None,-4738000,None,0.121,None,None,2025-10-30,quarterly,1.19,USD,pre-market,None,-64316000,0.0268,0.171,0.467,25.18,189026000,14123052000,1985140000,None,163.62,156.41,2.5862,23734935000,2047003000,2714551000,16042255000,21687932000,13327704000,2677369000,354555000,71.5,None,194.15,107.97
2025-12-28,ARES,2.36,5355558000.0,71.5,None,1.545,13.68,9924000,None,1561293000,1561293000,722457000,-9977000,-79868000,None,None,None,None,None,None,80098497,None,200784000,200784000,121260000,None,None,271691000,None,None,19568000,40512000,4.29,0.0254,194480000,194480000,None,1.088,0.03,1286854000,1306422000,1.16,2022-06-30,25.97,8364000,1991537000.0,6181000,952942000,29573000,66942000,66942000,None,333912000,None,None,None,None,None,None,None,53606000,None,None,None,0.241,-792348000,267128000,-260947000,214019000,608151000,None,None,None,None,None,None,None,1.226,12.34,10.32,None,None,None,None,None,-6458000,None,0.121,None,None,2025-10-30,quarterly,1.19,USD,pre-market,None,-64316000,0.0268,0.171,0.467,25.18,189026000,14123052000,1985140000,None,163.62,156.41,2.5862,23734935000,2047003000,2714551000,16042255000,21687932000,13327704000,2677369000,354555000,71.5,None,194.15,107.97
2025-12-28,ARES,2.36,5355558000.0,71.5,None,1.545,13.68,8524000,None,1561293000,1561293000,93037000,-310148000,7039000,None,None,None,None,None,None,80098497,None,200784000,200784000,121260000,None,None,271691000,None,None,19568000,38288000,4.29,0.0254,211886000,211886000,None,1.088,0.03,1286854000,1306422000,1.16,2022-03-31,25.97,8364000,1991537000.0,6181000,952942000,29573000,66942000,66942000,None,333912000,None,None,None,None,None,None,None,140898000,None,None,None,0.241,224150000,267128000,-260947000,214019000,608151000,None,None,None,None,None,None,None,1.226,12.34,10.32,None,None,None,None,None,-183027000,None,0.121,None,None,2025-10-30,quarterly,1.19,USD,pre-market,None,-64316000,0.0268,0.171,0.467,25.18,189026000,14123052000,1985140000,None,163.62,156.41,2.5862,23734935000,2047003000,2714551000,16042255000,21687932000,13327704000,2677369000,354555000,71.5,None,194.15,107.97
2025-12-28,ARES,2.36,5355558000.0,71.5,None,1.545,13.68,12074000,None,1561293000,1561293000,810641000,-12055000,46292000,None,None,None,None,None,None,80098497,None,200784000,200784000,121260000,None,None,271691000,None,None,19568000,113293000,4.29,0.0254,154938000,154938000,None,1.088,0.03,1286854000,1306422000,1.16,2021-12-31,25.97,8364000,1991537000.0,6181000,952942000,29573000,66942000,66942000,None,333912000,None,None,None,None,None,None,None,116965000,None,None,None,0.241,-752294000,267128000,-260947000,214019000,608151000,None,None,None,None,None,None,None,1.226,12.34,10.32,None,None,None,None,None,-4814000,None,0.121,None,None,2025-10-30,quarterly,1.19,USD,pre-market,None,-64316000,0.0268,0.171,0.467,25.18,189026000,14123052000,1985140000,None,163.62,156.41,2.5862,23734935000,2047003000,2714551000,16042255000,21687932000,13327704000,2677369000,354555000,71.5,None,194.15,107.97
2025-12-28,ARES,2.36,5355558000.0,71.5,None,1.545,13.68,7200000,None,1561293000,1561293000,798112000,-286482000,-263078000,None,None,None,None,None,None,80098497,None,200784000,200784000,121260000,None,None,271691000,None,None,19568000,36822000,4.29,0.0254,150390000,150390000,None,1.088,0.03,1286854000,1306422000,1.16,2021-09-30,25.97,8364000,1991537000.0,6181000,952942000,29573000,66942000,66942000,None,333912000,None,None,None,None,None,None,None,84726000,None,None,None,0.241,-774708000,267128000,-260947000,214019000,608151000,None,None,None,None,None,None,None,1.226,12.34,10.32,None,None,None,None,None,-120449000,None,0.121,None,None,2025-10-30,quarterly,1.19,USD,pre-market,None,-64316000,0.0268,0.171,0.467,25.18,189026000,14123052000,1985140000,None,163.62,156.41,2.5862,23734935000,2047003000,2714551000,16042255000,21687932000,13327704000,2677369000,354555000,71.5,None,194.15,107.97
2025-12-28,ARES,2.36,5355558000.0,71.5,None,1.545,13.68,4668000,None,1561293000,1561293000,1056767000,-761918000,-33076000,None,None,None,None,None,None,80098497,None,200784000,200784000,121260000,None,None,271691000,None,None,19568000,21102000,4.29,0.0254,151835000,151835000,None,1.088,0.03,1286854000,1306422000,1.16,2021-06-30,25.97,8364000,1991537000.0,6181000,952942000,29573000,66942000,66942000,None,333912000,None,None,None,None,None,None,None,141644000,None,None,None,0.241,-327925000,267128000,-260947000,214019000,608151000,None,None,None,None,None,None,None,1.226,12.34,10.32,None,None,None,None,None,-310000000,None,0.121,None,None,2025-10-30,quarterly,1.19,USD,pre-market,None,-64316000,0.0268,0.171,0.467,25.18,189026000,14123052000,1985140000,None,163.62,156.41,2.5862,23734935000,2047003000,2714551000,16042255000,21687932000,13327704000,2677369000,354555000,71.5,None,194.15,107.97
2025-12-28,ARES,2.36,5355558000.0,71.5,None,1.545,13.68,3284000,None,1561293000,1561293000,817211000,-3284000,72809000,None,None,None,None,None,None,80098497,None,200784000,200784000,121260000,None,None,271691000,None,None,19568000,14100000,4.29,0.0254,147193000,147193000,None,1.088,0.03,1286854000,1306422000,1.16,2021-03-31,25.97,8364000,1991537000.0,6181000,952942000,29573000,66942000,66942000,None,333912000,None,None,None,None,None,None,None,164310000,None,None,None,0.241,-741118000,267128000,-260947000,214019000,608151000,None,None,None,None,None,None,None,1.226,12.34,10.32,None,None,None,None,None,-84590000,None,0.121,None,None,2025-10-30,quarterly,1.19,USD,pre-market,None,-64316000,0.0268,0.171,0.467,25.18,189026000,14123052000,1985140000,None,163.62,156.41,2.5862,23734935000,2047003000,2714551000,16042255000,21687932000,13327704000,2677369000,354555000,71.5,None,194.15,107.97
2025-12-28,ARES,2.36,5355558000.0,71.5,None,1.545,13.68,7334000,None,1561293000,1561293000,116345000,-10327000,-332103000,None,-473426000,None,None,None,None,80098497,None,200784000,200784000,121260000,None,None,271691000,None,None,19568000,16957000,4.29,0.0254,117248000,117248000,None,1.088,0.03,1286854000,1306422000,1.16,2020-12-31,25.97,8364000,1991537000.0,6181000,952942000,29573000,66942000,66942000,None,333912000,None,None,None,None,None,None,None,76523000,None,None,None,0.241,-438121000,267128000,-260947000,214019000,608151000,None,None,None,None,None,None,None,1.226,12.34,10.32,None,None,None,None,None,-19711000,None,0.121,None,None,2025-10-30,quarterly,1.19,USD,pre-market,None,-64316000,0.0268,0.171,0.467,25.18,189026000,14123052000,1985140000,None,163.62,156.41,2.5862,23734935000,2047003000,2714551000,16042255000,21687932000,13327704000,2677369000,354555000,71.5,None,194.15,107.97
2025-12-28,ARES,2.36,5355558000.0,71.5,None,1.545,13.68,528000,None,1561293000,1561293000,-134680000,-82513000,-53892000,None,None,None,None,None,None,80098497,None,200784000,200784000,121260000,None,None,271691000,None,None,19568000,14336000,4.29,0.0254,115975000,115975000,None,1.088,0.03,1286854000,1306422000,1.16,2020-09-30,25.97,8364000,1991537000.0,6181000,952942000,29573000,66942000,66942000,None,333912000,None,None,None,None,None,None,None,47545000,None,None,None,0.241,163301000,267128000,-260947000,214019000,608151000,None,None,None,None,None,None,None,1.226,12.34,10.32,None,None,None,None,None,-1322000,None,0.121,None,None,2025-10-30,quarterly,1.19,USD,pre-market,None,-64316000,0.0268,0.171,0.467,25.18,189026000,14123052000,1985140000,None,163.62,156.41,2.5862,23734935000,2047003000,2714551000,16042255000,21687932000,13327704000,2677369000,354555000,71.5,None,194.15,107.97
2025-12-28,ARES,2.36,5355558000.0,71.5,None,1.545,13.68,5018000,None,1561293000,1561293000,-483322000,-5018000,-275942000,None,None,None,None,None,None,80098497,None,200784000,200784000,121260000,None,None,271691000,None,None,19568000,6319000,4.29,0.0254,122994000,122994000,None,1.088,0.03,1286854000,1306422000,1.16,2020-06-30,25.97,8364000,1991537000.0,6181000,952942000,29573000,66942000,66942000,None,333912000,None,None,None,None,None,None,None,216676000,None,None,None,0.241,212398000,267128000,-260947000,214019000,608151000,None,None,None,None,None,None,None,1.226,12.34,10.32,None,None,None,None,None,-835000,None,0.121,None,None,2025-10-30,quarterly,1.19,USD,pre-market,None,-64316000,0.0268,0.171,0.467,25.18,189026000,14123052000,1985140000,None,163.62,156.41,2.5862,23734935000,2047003000,2714551000,16042255000,21687932000,13327704000,2677369000,354555000,71.5,None,194.15,107.97
2025-12-28,ARES,2.36,5355558000.0,71.5,None,1.545,13.68,3062000,None,1561293000,1561293000,1445552000,-38906000,1043409000,None,None,None,None,None,None,80098497,None,200784000,200784000,121260000,None,None,271691000,None,None,19568000,5542000,4.29,0.0254,112263000,112263000,None,1.088,0.03,1286854000,1306422000,1.16,2020-03-31,25.97,8364000,1991537000.0,6181000,952942000,29573000,66942000,66942000,None,333912000,None,None,None,None,None,None,None,-275797000,None,None,None,0.241,-363237000,267128000,-260947000,214019000,608151000,None,None,None,None,None,None,None,1.226,12.34,10.32,None,None,None,None,None,1263942000,None,0.121,None,None,2025-10-30,quarterly,1.19,USD,pre-market,None,-64316000,0.0268,0.171,0.467,25.18,189026000,14123052000,1985140000,None,163.62,156.41,2.5862,23734935000,2047003000,2714551000,16042255000,21687932000,13327704000,2677369000,354555000,71.5,None,194.15,107.97
2025-12-28,ARES,2.36,5355558000.0,71.5,None,1.545,13.68,4723000,None,1561293000,1561293000,371662000,-4723000,-19443000,None,330232000,None,None,None,None,80098497,None,200784000,200784000,121260000,None,None,271691000,None,None,19568000,39459000,4.29,0.0254,90791000,90791000,None,1.088,0.03,1286854000,1306422000,1.16,2019-12-31,25.97,8364000,1991537000.0,6181000,952942000,29573000,66942000,66942000,None,333912000,None,None,None,None,None,None,None,36425000,None,None,None,0.241,-402937000,267128000,-260947000,214019000,608151000,None,None,None,None,None,None,None,1.226,12.34,10.32,None,None,None,None,None,-1532000,None,0.121,None,None,2025-10-30,quarterly,1.19,USD,pre-market,None,-64316000,0.0268,0.171,0.467,25.18,189026000,14123052000,1985140000,None,163.62,156.41,2.5862,23734935000,2047003000,2714551000,16042255000,21687932000,13327704000,2677369000,354555000,71.5,None,194.15,107.97
2025-12-28,ARES,2.36,5355558000.0,71.5,None,1.545,13.68,6420000,None,1561293000,1561293000,305543000,-6420000,-95017000,-5368000,None,None,None,None,None,80098497,None,200784000,200784000,121260000,None,None,271691000,None,None,19568000,4564000,4.29,0.0254,91362000,91362000,None,1.088,0.03,1286854000,1306422000,1.16,2019-09-30,25.97,8364000,1991537000.0,6181000,952942000,29573000,66942000,66942000,None,333912000,None,None,None,None,None,None,None,33331000,None,None,None,0.241,-388772000,267128000,-260947000,214019000,608151000,None,None,None,None,None,None,None,1.226,12.34,10.32,None,None,None,None,None,-598000,None,0.121,None,None,2025-10-30,quarterly,1.19,USD,pre-market,None,-64316000,0.0268,0.171,0.467,25.18,189026000,14123052000,1985140000,None,163.62,156.41,2.5862,23734935000,2047003000,2714551000,16042255000,21687932000,13327704000,2677369000,354555000,71.5,None,194.15,107.97
2025-12-28,ARES,2.36,5355558000.0,71.5,None,1.545,13.68,2659000,None,1561293000,1561293000,1091794000,-2659000,126722000,-20947000,None,None,None,None,None,80098497,None,200784000,200784000,121260000,None,None,271691000,None,None,19568000,5221000,4.29,0.0254,42207000,42207000,None,1.088,0.03,1286854000,1306422000,1.16,2019-06-30,25.97,8364000,1991537000.0,6181000,952942000,29573000,66942000,66942000,None,333912000,None,None,None,None,None,None,None,32139000,None,None,None,0.241,-941466000,267128000,-260947000,214019000,608151000,None,None,None,None,None,None,None,1.226,12.34,10.32,None,None,None,None,None,-10449000,None,0.121,None,None,2025-10-30,quarterly,1.19,USD,pre-market,None,-64316000,0.0268,0.171,0.467,25.18,189026000,14123052000,1985140000,None,163.62,156.41,2.5862,23734935000,2047003000,2714551000,16042255000,21687932000,13327704000,2677369000,354555000,71.5,None,194.15,107.97
2025-12-28,ARES,2.36,5355558000.0,71.5,None,1.545,13.68,2994000,None,1561293000,1561293000,353331000,-2994000,10251000,9760000,None,None,None,None,None,80098497,None,200784000,200784000,121260000,None,None,271691000,None,None,19568000,5824000,4.29,0.0254,40792000,40792000,None,1.088,0.03,1286854000,1306422000,1.16,2019-03-31,25.97,8364000,1991537000.0,6181000,952942000,29573000,66942000,66942000,None,333912000,None,None,None,None,None,None,None,121576000,None,None,None,0.241,-349846000,267128000,-260947000,214019000,608151000,None,None,None,None,None,None,None,1.226,12.34,10.32,None,None,None,None,None,-21121000,None,0.121,None,None,2025-10-30,quarterly,1.19,USD,pre-market,None,-64316000,0.0268,0.171,0.467,25.18,189026000,14123052000,1985140000,None,163.62,156.41,2.5862,23734935000,2047003000,2714551000,16042255000,21687932000,13327704000,2677369000,354555000,71.5,None,194.15,107.97
2025-12-28,ARES,2.36,5355558000.0,71.5,None,1.545,13.68,3982000,None,1561293000,1561293000,-327707000,-3982000,-11945000,13588000,None,None,None,None,None,80098497,None,200784000,200784000,121260000,None,None,271691000,None,None,19568000,4853000,4.29,0.0254,35864000,35864000,None,1.088,0.03,1286854000,1306422000,1.16,2018-12-31,25.97,8364000,1991537000.0,6181000,952942000,29573000,66942000,66942000,None,333912000,None,None,None,None,None,None,None,10656000,None,None,None,0.241,306156000,267128000,-260947000,214019000,608151000,None,None,None,None,None,None,None,1.226,12.34,10.32,None,None,None,None,None,-638000,None,0.121,None,None,2025-10-30,quarterly,1.19,USD,pre-market,None,-64316000,0.0268,0.171,0.467,25.18,189026000,14123052000,1985140000,None,163.62,156.41,2.5862,23734935000,2047003000,2714551000,16042255000,21687932000,13327704000,2677369000,354555000,71.5,None,194.15,107.97
2025-12-28,ARES,2.36,5355558000.0,71.5,None,1.545,13.68,7311000,None,1561293000,1561293000,439987000,-7311000,-3256000,-319000,0,None,None,None,None,80098497,None,200784000,200784000,121260000,None,None,271691000,None,None,19568000,5347000,4.29,0.0254,71020000,71020000,None,1.088,0.03,1286854000,1306422000,1.16,2018-09-30,25.97,8364000,1991537000.0,6181000,952942000,29573000,66942000,66942000,None,333912000,None,None,None,None,None,None,None,15910000,None,None,None,0.241,-435613000,267128000,-260947000,214019000,608151000,None,None,None,None,None,None,None,1.226,12.34,10.32,None,None,None,None,None,-151000,None,0.121,None,None,2025-10-30,quarterly,1.19,USD,pre-market,None,-64316000,0.0268,0.171,0.467,25.18,189026000,14123052000,1985140000,None,163.62,156.41,2.5862,23734935000,2047003000,2714551000,16042255000,21687932000,13327704000,2677369000,354555000,71.5,None,194.15,107.97
2025-12-28,ARES,2.36,5355558000.0,71.5,None,1.545,13.68,4269000,None,1561293000,1561293000,1378667000,-4269000,14521000,8231000,0,None,None,None,None,80098497,None,200784000,200784000,121260000,None,None,271691000,None,None,19568000,7711000,4.29,0.0254,95239000,95239000,None,1.088,0.03,1286854000,1306422000,1.16,2018-06-30,25.97,8364000,1991537000.0,6181000,952942000,29573000,66942000,66942000,None,333912000,None,None,None,None,None,None,None,-11775000,None,None,None,0.241,-1368108000,267128000,-260947000,214019000,608151000,None,None,None,None,None,None,None,1.226,12.34,10.32,None,None,None,None,None,-9914000,None,0.121,None,None,2025-10-30,quarterly,1.19,USD,pre-market,None,-64316000,0.0268,0.171,0.467,25.18,189026000,14123052000,1985140000,None,163.62,156.41,2.5862,23734935000,2047003000,2714551000,16042255000,21687932000,13327704000,2677369000,354555000,71.5,None,194.15,107.97
2025-12-28,ARES,2.36,5355558000.0,71.5,None,1.545,13.68,2857000,None,1561293000,1561293000,-85652000,-2857000,-8002000,None,0,None,None,None,None,80098497,None,200784000,200784000,121260000,None,None,271691000,None,None,19568000,7176000,4.29,0.0254,97205000,97205000,None,1.088,0.03,1286854000,1306422000,1.16,2018-03-31,25.97,8364000,1991537000.0,6181000,952942000,29573000,66942000,66942000,None,333912000,None,None,None,None,None,None,None,74421000,None,None,None,0.241,80507000,267128000,-260947000,214019000,608151000,None,None,None,None,None,None,None,1.226,12.34,10.32,None,None,None,None,None,-7311000,None,0.121,None,None,2025-10-30,quarterly,1.19,USD,pre-market,None,-64316000,0.0268,0.171,0.467,25.18,189026000,14123052000,1985140000,None,163.62,156.41,2.5862,23734935000,2047003000,2714551000,16042255000,21687932000,13327704000,2677369000,354555000,71.5,None,194.15,107.97
2025-12-28,ARES,2.36,5355558000.0,71.5,None,1.545,13.68,5234000,None,1561293000,1561293000,603311000,-5234000,-72768000,None,0,None,None,None,None,80098497,None,200784000,200784000,121260000,None,None,271691000,None,None,19568000,32809000,4.29,0.0254,98073000,98073000,None,1.088,0.03,1286854000,1306422000,1.16,2017-12-31,25.97,8364000,1991537000.0,6181000,952942000,29573000,66942000,66942000,None,333912000,None,None,None,None,None,None,None,131536000,None,None,None,0.241,-670845000,267128000,-260947000,214019000,608151000,None,None,None,None,None,None,None,1.226,12.34,10.32,None,None,None,None,None,13910000,None,0.121,None,None,2025-10-30,quarterly,1.19,USD,pre-market,None,-64316000,0.0268,0.171,0.467,25.18,189026000,14123052000,1985140000,None,163.62,156.41,2.5862,23734935000,2047003000,2714551000,16042255000,21687932000,13327704000,2677369000,354555000,71.5,None,194.15,107.97
2025-12-28,ARES,2.36,5355558000.0,71.5,None,1.545,13.68,6732000,None,1561293000,1561293000,943584000,-6732000,48762000,None,0,None,None,None,None,80098497,None,200784000,200784000,121260000,None,None,271691000,None,None,19568000,7119000,4.29,0.0254,72118000,72118000,None,1.088,0.03,1286854000,1306422000,1.16,2017-09-30,25.97,8364000,1991537000.0,6181000,952942000,29573000,66942000,66942000,None,333912000,None,None,None,None,None,None,None,27838000,None,None,None,0.241,-888090000,267128000,-260947000,214019000,608151000,None,None,None,None,None,None,None,1.226,12.34,10.32,None,None,None,None,None,-439000,None,0.121,None,None,2025-10-30,quarterly,1.19,USD,pre-market,None,-64316000,0.0268,0.171,0.467,25.18,189026000,14123052000,1985140000,None,163.62,156.41,2.5862,23734935000,2047003000,2714551000,16042255000,21687932000,13327704000,2677369000,354555000,71.5,None,194.15,107.97
2025-12-28,ARES,2.36,5355558000.0,71.5,None,1.545,13.68,10942000,None,1561293000,1561293000,47282000,-10942000,23996000,None,0,None,None,None,None,80098497,None,200784000,200784000,121260000,None,None,271691000,None,None,19568000,8048000,4.29,0.0254,39145000,39145000,None,1.088,0.03,1286854000,1306422000,1.16,2017-06-30,25.97,8364000,1991537000.0,6181000,952942000,29573000,66942000,66942000,None,333912000,None,None,None,None,None,None,None,49878000,None,None,None,0.241,-12344000,267128000,-260947000,214019000,608151000,None,None,None,None,None,None,None,1.226,12.34,10.32,None,None,None,None,None,-9558000,None,0.121,None,None,2025-10-30,quarterly,1.19,USD,pre-market,None,-64316000,0.0268,0.171,0.467,25.18,189026000,14123052000,1985140000,None,163.62,156.41,2.5862,23734935000,2047003000,2714551000,16042255000,21687932000,13327704000,2677369000,354555000,71.5,None,194.15,107.97
2025-12-28,ARES,2.36,5355558000.0,71.5,None,1.545,13.68,10252000,None,1561293000,1561293000,60781000,-10252000,-241287000,None,0,None,None,None,None,80098497,None,200784000,200784000,121260000,None,None,271691000,None,None,19568000,8491000,4.29,0.0254,74020000,74020000,None,1.088,0.03,1286854000,1306422000,1.16,2017-03-31,25.97,8364000,1991537000.0,6181000,952942000,29573000,66942000,66942000,None,333912000,None,None,None,None,None,None,None,-156324000,None,None,None,0.241,-291816000,267128000,-260947000,214019000,608151000,None,None,None,None,None,None,None,1.226,12.34,10.32,None,None,None,None,None,-3913000,None,0.121,None,None,2025-10-30,quarterly,1.19,USD,pre-market,None,-64316000,0.0268,0.171,0.467,25.18,189026000,14123052000,1985140000,None,163.62,156.41,2.5862,23734935000,2047003000,2714551000,16042255000,21687932000,13327704000,2677369000,354555000,71.5,None,194.15,107.97
2025-12-28,ARES,2.36,5355558000.0,71.5,None,1.545,13.68,3746000,None,1561293000,1561293000,391062000,-3746000,None,None,-184775000,None,None,None,None,80098497,None,200784000,200784000,121260000,None,None,271691000,None,None,19568000,8833000,4.29,0.0254,55664000,55664000,None,1.088,0.03,1286854000,1306422000,1.16,2016-12-31,25.97,8364000,1991537000.0,6181000,952942000,29573000,66942000,66942000,None,333912000,None,None,None,None,None,None,None,95312000,None,None,None,0.241,-366296000,267128000,-260947000,214019000,608151000,None,None,None,None,None,None,None,1.226,12.34,10.32,None,None,None,None,None,0,None,0.121,None,None,2025-10-30,quarterly,1.19,USD,pre-market,None,-64316000,0.0268,0.171,0.467,25.18,189026000,14123052000,1985140000,None,163.62,156.41,2.5862,23734935000,2047003000,2714551000,16042255000,21687932000,13327704000,2677369000,354555000,71.5,None,194.15,107.97
2025-12-28,ARES,2.36,5355558000.0,71.5,None,1.545,13.68,2894000,None,1561293000,1561293000,403730000,-2894000,65576000,-6876000,67521000,None,None,None,None,80098497,None,200784000,200784000,121260000,None,None,271691000,None,None,19568000,9183000,4.29,0.0254,74713000,74713000,None,1.088,0.03,1286854000,1306422000,1.16,2016-09-30,25.97,8364000,1991537000.0,6181000,952942000,29573000,66942000,66942000,None,333912000,None,None,None,None,None,None,None,117788000,None,None,None,0.241,-328384000,267128000,-260947000,214019000,608151000,None,None,None,None,None,None,None,1.226,12.34,10.32,None,None,None,None,None,0,None,0.121,None,None,2025-10-30,quarterly,1.19,USD,pre-market,None,-64316000,0.0268,0.171,0.467,25.18,189026000,14123052000,1985140000,None,163.62,156.41,2.5862,23734935000,2047003000,2714551000,16042255000,21687932000,13327704000,2677369000,354555000,71.5,None,194.15,107.97
2025-12-28,ARES,2.36,5355558000.0,71.5,None,1.545,13.68,2474000,None,1561293000,1561293000,68590000,-2474000,160389000,None,-23168000,None,None,None,None,80098497,None,200784000,200784000,121260000,None,None,271691000,None,None,19568000,9701000,4.29,0.0254,38411000,38411000,None,1.088,0.03,1286854000,1306422000,1.16,2016-06-30,25.97,8364000,1991537000.0,6181000,952942000,29573000,66942000,66942000,None,333912000,None,None,None,None,None,None,None,87440000,None,None,None,0.241,94273000,267128000,-260947000,214019000,608151000,None,None,None,None,None,None,None,1.226,12.34,10.32,None,None,None,None,None,0,None,0.121,None,None,2025-10-30,quarterly,1.19,USD,pre-market,None,-64316000,0.0268,0.171,0.467,25.18,189026000,14123052000,1985140000,None,163.62,156.41,2.5862,23734935000,2047003000,2714551000,16042255000,21687932000,13327704000,2677369000,354555000,71.5,None,194.15,107.97
2025-12-28,ARES,2.36,5355558000.0,71.5,None,1.545,13.68,2799000,None,1561293000,1561293000,17382000,-2799000,-10665000,None,16227000,None,None,None,None,80098497,None,200784000,200784000,121260000,None,None,271691000,None,None,19568000,9738000,4.29,0.0254,44051000,44051000,None,1.088,0.03,1286854000,1306422000,1.16,2016-03-31,25.97,8364000,1991537000.0,6181000,952942000,29573000,66942000,66942000,None,333912000,None,None,None,None,None,None,None,-13639000,None,None,None,0.241,-25248000,267128000,-260947000,214019000,608151000,None,None,None,None,None,None,None,1.226,12.34,10.32,None,None,None,None,None,0,None,0.121,None,None,2025-10-30,quarterly,1.19,USD,pre-market,None,-64316000,0.0268,0.171,0.467,25.18,189026000,14123052000,1985140000,None,163.62,156.41,2.5862,23734935000,2047003000,2714551000,16042255000,21687932000,13327704000,2677369000,354555000,71.5,None,194.15,107.97
2025-12-28,ARES,2.36,5355558000.0,71.5,None,1.545,13.68,2087000,None,1561293000,1561293000,-254503000,-2088000,-262991000,None,-41793000,None,None,None,None,80098497,None,200784000,200784000,121260000,None,None,271691000,None,None,19568000,11119000,4.29,0.0254,34301000,34301000,None,1.088,0.03,1286854000,1306422000,1.16,2015-12-31,25.97,8364000,1991537000.0,6181000,952942000,29573000,66942000,66942000,None,333912000,None,None,None,None,None,None,None,6245000,None,None,None,0.241,-6400000,267128000,-260947000,214019000,608151000,None,None,None,None,None,None,None,1.226,12.34,10.32,None,None,None,None,None,0,None,0.121,None,None,2025-10-30,quarterly,1.19,USD,pre-market,None,-64316000,0.0268,0.171,0.467,25.18,189026000,14123052000,1985140000,None,163.62,156.41,2.5862,23734935000,2047003000,2714551000,16042255000,21687932000,13327704000,2677369000,354555000,71.5,None,194.15,107.97
2025-12-28,ARES,2.36,5355558000.0,71.5,None,1.545,13.68,1821000,None,1561293000,1561293000,279751000,-1820000,271107000,None,538202000,None,None,None,None,80098497,None,200784000,200784000,121260000,None,None,271691000,None,None,19568000,12489000,4.29,0.0254,64124000,64124000,None,1.088,0.03,1286854000,1306422000,1.16,2015-09-30,25.97,8364000,1991537000.0,6181000,952942000,29573000,66942000,66942000,None,333912000,None,None,None,None,None,None,None,-37664000,None,None,None,0.241,11267000,267128000,-260947000,214019000,608151000,None,None,None,None,None,None,None,1.226,12.34,10.32,None,None,None,None,None,0,None,0.121,None,None,2025-10-30,quarterly,1.19,USD,pre-market,None,-64316000,0.0268,0.171,0.467,25.18,189026000,14123052000,1985140000,None,163.62,156.41,2.5862,23734935000,2047003000,2714551000,16042255000,21687932000,13327704000,2677369000,354555000,71.5,None,194.15,107.97
2025-12-28,ARES,2.36,5355558000.0,71.5,None,1.545,13.68,3512000,None,1561293000,1561293000,-33520000,-3512000,20649000,None,-244584000,None,None,None,None,80098497,None,200784000,200784000,121260000,None,None,271691000,None,None,19568000,19049000,4.29,0.0254,61656000,61656000,None,1.088,0.03,1286854000,1306422000,1.16,2015-06-30,25.97,8364000,1991537000.0,6181000,952942000,29573000,66942000,66942000,None,333912000,None,None,None,None,None,None,None,12086000,None,None,None,0.241,65005000,267128000,-260947000,214019000,608151000,None,None,None,None,None,None,None,1.226,12.34,10.32,None,None,None,None,None,0,None,0.121,None,None,2025-10-30,quarterly,1.19,USD,pre-market,None,-64316000,0.0268,0.171,0.467,25.18,189026000,14123052000,1985140000,None,163.62,156.41,2.5862,23734935000,2047003000,2714551000,16042255000,21687932000,13327704000,2677369000,354555000,71.5,None,194.15,107.97
2025-12-28,ARES,2.36,5355558000.0,71.5,None,1.545,13.68,3256000,None,1561293000,1561293000,589809000,-67693000,-50327000,None,-254226000,None,None,None,None,80098497,None,200784000,200784000,121260000,None,None,271691000,None,None,19568000,12618000,4.29,0.0254,57679000,57679000,None,1.088,0.03,1286854000,1306422000,1.16,2015-03-31,25.97,8364000,1991537000.0,6181000,952942000,29573000,66942000,66942000,None,333912000,None,None,None,None,None,None,None,42390000,None,None,None,0.241,-597858000,267128000,-260947000,214019000,608151000,None,None,None,None,None,None,None,1.226,12.34,10.32,None,None,None,None,None,0,None,0.121,None,None,2025-10-30,quarterly,1.19,USD,pre-market,None,-64316000,0.0268,0.171,0.467,25.18,189026000,14123052000,1985140000,None,163.62,156.41,2.5862,23734935000,2047003000,2714551000,16042255000,21687932000,13327704000,2677369000,354555000,71.5,None,194.15,107.97
2025-12-28,ARES,2.36,5355558000.0,71.5,None,1.545,13.68,2165000,None,1561293000,1561293000,108595000,-2165000,101364000,None,-319966000,None,None,None,None,80098497,None,200784000,200784000,121260000,None,None,271691000,None,None,19568000,7973000,4.29,0.0254,58465000,58465000,None,1.088,0.03,1286854000,1306422000,1.16,2014-12-31,25.97,8364000,1991537000.0,6181000,952942000,29573000,66942000,66942000,None,333912000,None,None,None,None,None,None,None,3173000,None,None,None,0.241,-5066000,267128000,-260947000,214019000,608151000,None,None,None,None,None,None,None,1.226,12.34,10.32,None,None,None,None,None,0,None,0.121,None,None,2025-10-30,quarterly,1.19,USD,pre-market,None,-64316000,0.0268,0.171,0.467,25.18,189026000,14123052000,1985140000,None,163.62,156.41,2.5862,23734935000,2047003000,2714551000,16042255000,21687932000,13327704000,2677369000,354555000,71.5,None,194.15,107.97
2025-12-28,ARES,2.36,5355558000.0,71.5,None,1.545,13.68,3061000,None,1561293000,1561293000,843680000,-3061000,-7189000,None,413759000,None,None,None,None,80098497,None,200784000,200784000,121260000,None,None,271691000,None,None,19568000,8292000,4.29,0.0254,44765000,44765000,None,1.088,0.03,1286854000,1306422000,1.16,2014-09-30,25.97,8364000,1991537000.0,6181000,952942000,29573000,66942000,66942000,None,333912000,None,None,None,None,None,None,None,-79284000,None,None,None,0.241,-845839000,267128000,-260947000,214019000,608151000,None,None,None,None,None,None,None,1.226,12.34,10.32,None,None,None,None,None,0,None,0.121,None,None,2025-10-30,quarterly,1.19,USD,pre-market,None,-64316000,0.0268,0.171,0.467,25.18,189026000,14123052000,1985140000,None,163.62,156.41,2.5862,23734935000,2047003000,2714551000,16042255000,21687932000,13327704000,2677369000,354555000,71.5,None,194.15,107.97
2025-12-28,ARES,2.36,5355558000.0,71.5,None,1.545,13.68,7148000,None,1561293000,1561293000,-1257332000,-67148000,-2357000,1969000,41044000,None,None,None,None,80098497,None,200784000,200784000,121260000,None,None,271691000,None,None,19568000,8744000,4.29,0.0254,226663000,226663000,None,1.088,0.03,1286854000,1306422000,1.16,2014-06-30,25.97,8364000,1991537000.0,6181000,952942000,29573000,66942000,66942000,None,333912000,None,None,None,None,None,None,None,186222000,None,None,None,0.241,1373878000,267128000,-260947000,214019000,608151000,None,None,None,None,None,None,None,1.226,12.34,10.32,None,None,None,None,None,209189000,None,0.121,None,None,2025-10-30,quarterly,1.19,USD,pre-market,None,-64316000,0.0268,0.171,0.467,25.18,189026000,14123052000,1985140000,None,163.62,156.41,2.5862,23734935000,2047003000,2714551000,16042255000,21687932000,13327704000,2677369000,354555000,71.5,None,194.15,107.97
2025-12-28,ARES,2.36,5355558000.0,71.5,None,1.545,13.68,4290000,None,1561293000,1561293000,-1059049000,-4290000,None,None,192758000,None,None,None,None,80098497,None,200784000,200784000,121260000,None,None,271691000,None,None,19568000,11120000,4.29,0.0254,30648000,30648000,None,1.088,0.03,1286854000,1306422000,1.16,2014-03-31,25.97,8364000,1991537000.0,6181000,952942000,29573000,66942000,66942000,None,333912000,None,None,None,None,None,None,None,281370000,None,None,None,0.241,1009615000,267128000,-260947000,214019000,608151000,None,None,None,None,None,None,None,1.226,12.34,10.32,None,None,None,None,None,-30648000,None,0.121,None,None,2025-10-30,quarterly,1.19,USD,pre-market,None,-64316000,0.0268,0.171,0.467,25.18,189026000,14123052000,1985140000,None,163.62,156.41,2.5862,23734935000,2047003000,2714551000,16042255000,21687932000,13327704000,2677369000,354555000,71.5,None,194.15,107.97
2025-12-28,ARES,2.36,5355558000.0,71.5,None,1.545,13.68,591000,None,1561293000,1561293000,-1731598000,-591000,None,None,1343471000,None,None,None,None,80098497,None,200784000,200784000,121260000,None,None,271691000,None,None,19568000,10960000,4.29,0.0254,156101000,156101000,None,1.088,0.03,1286854000,1306422000,1.16,2013-12-31,25.97,8364000,1991537000.0,6181000,952942000,29573000,66942000,66942000,None,333912000,None,None,None,None,None,None,None,320781000,None,None,None,0.241,1588046000,267128000,-260947000,214019000,608151000,None,None,None,None,None,None,None,1.226,12.34,10.32,None,None,None,None,None,-8000,None,0.121,None,None,2025-10-30,quarterly,1.19,USD,pre-market,None,-64316000,0.0268,0.171,0.467,25.18,189026000,14123052000,1985140000,None,163.62,156.41,2.5862,23734935000,2047003000,2714551000,16042255000,21687932000,13327704000,2677369000,354555000,71.5,None,194.15,107.97
2025-12-28,ARES,2.36,5355558000.0,71.5,None,1.545,13.68,4301000,None,1561293000,1561293000,510501000,-54618000,None,None,-1823790000,None,None,None,None,80098497,None,200784000,200784000,121260000,None,None,271691000,None,None,19568000,30486000,4.29,0.0254,39553000,39553000,None,1.088,0.03,1286854000,1306422000,1.16,2013-09-30,25.97,8364000,1991537000.0,6181000,952942000,29573000,66942000,66942000,None,333912000,None,None,None,None,None,None,None,406197000,None,None,None,0.241,-302492000,267128000,-260947000,214019000,608151000,None,None,None,None,None,None,None,1.226,12.34,10.32,None,None,None,None,None,None,None,0.121,None,None,2025-10-30,quarterly,1.19,USD,pre-market,None,-64316000,0.0268,0.171,0.467,25.18,189026000,14123052000,1985140000,None,163.62,156.41,2.5862,23734935000,2047003000,2714551000,16042255000,21687932000,13327704000,2677369000,354555000,71.5,None,194.15,107.97
2025-12-28,ARES,2.36,5355558000.0,71.5,None,1.545,13.68,3217000,None,1561293000,1561293000,-907401000,-3217000,None,None,998085000,None,None,None,None,80098497,None,200784000,200784000,121260000,None,None,271691000,None,None,19568000,4283000,4.29,0.0254,224535000,224535000,None,1.088,0.03,1286854000,1306422000,1.16,2013-06-30,25.97,8364000,1991537000.0,6181000,952942000,29573000,66942000,66942000,None,333912000,None,None,None,None,None,None,None,-136734000,None,None,None,0.241,869524000,267128000,-260947000,214019000,608151000,None,None,None,None,None,None,None,1.226,12.34,10.32,None,None,None,None,None,None,None,0.121,None,None,2025-10-30,quarterly,1.19,USD,pre-market,None,-64316000,0.0268,0.171,0.467,25.18,189026000,14123052000,1985140000,None,163.62,156.41,2.5862,23734935000,2047003000,2714551000,16042255000,21687932000,13327704000,2677369000,354555000,71.5,None,194.15,107.97
2025-12-28,ARES,2.36,5355558000.0,71.5,None,1.545,13.68,3946000,None,1561293000,1561293000,14573000,-3946000,None,None,-375054000,None,None,None,None,80098497,None,200784000,200784000,121260000,None,None,271691000,None,None,19568000,3803000,4.29,0.0254,112395000,112395000,None,1.088,0.03,1286854000,1306422000,1.16,2013-03-31,25.97,8364000,1991537000.0,6181000,952942000,29573000,66942000,66942000,None,333912000,None,None,None,None,None,None,None,223134000,None,None,None,0.241,19814000,267128000,-260947000,214019000,608151000,None,None,None,None,None,None,None,1.226,12.34,10.32,None,None,None,None,None,-112395000,None,0.121,None,None,2025-10-30,quarterly,1.19,USD,pre-market,None,-64316000,0.0268,0.171,0.467,25.18,189026000,14123052000,1985140000,None,163.62,156.41,2.5862,23734935000,2047003000,2714551000,16042255000,21687932000,13327704000,2677369000,354555000,71.5,None,194.15,107.97
2025-12-28,ARES,2.36,5355558000.0,71.5,None,1.545,13.68,421000,None,1561293000,1561293000,-697433000,-421000,None,None,None,None,None,None,None,80098497,None,200784000,200784000,121260000,None,None,271691000,None,None,19568000,-2860000,4.29,0.0254,None,None,None,1.088,0.03,1286854000,1306422000,1.16,2012-12-31,25.97,8364000,1991537000.0,6181000,952942000,29573000,66942000,66942000,None,333912000,None,None,None,None,None,None,None,51738000,None,None,None,0.241,704977000,267128000,-260947000,214019000,608151000,None,None,None,None,None,None,None,1.226,12.34,10.32,None,None,None,None,None,-62314000,None,0.121,None,None,2025-10-30,quarterly,1.19,USD,pre-market,None,-64316000,0.0268,0.171,0.467,25.18,189026000,14123052000,1985140000,None,163.62,156.41,2.5862,23734935000,2047003000,2714551000,16042255000,21687932000,13327704000,2677369000,354555000,71.5,None,194.15,107.97
2025-12-28,ARES,2.36,5355558000.0,71.5,None,1.545,13.68,91509000,None,1561293000,1561293000,-1431594000,-159404000,None,None,None,None,None,None,None,80098497,None,200784000,200784000,121260000,None,None,271691000,None,None,19568000,158578000,4.29,0.0254,1310896000,1310896000,None,1.088,0.03,1286854000,1306422000,1.16,2024-12-31,25.97,8364000,1991537000.0,6181000,952942000,29573000,66942000,66942000,None,333912000,None,None,None,None,None,None,None,1110735000,None,None,None,0.241,2791154000,267128000,-260947000,214019000,608151000,None,None,None,None,None,None,None,1.226,12.34,10.32,None,None,None,None,None,None,None,0.121,None,None,2025-10-30,annual,1.19,USD,pre-market,None,-64316000,0.0268,0.171,0.467,25.18,189026000,14123052000,1985140000,None,163.62,156.41,2.5862,23734935000,2047003000,2714551000,16042255000,21687932000,13327704000,2677369000,354555000,71.5,None,194.15,107.97
2025-12-28,ARES,2.36,5355558000.0,71.5,None,1.545,13.68,67183000,None,1561293000,1561293000,292126000,-111079000,None,None,48858000,None,None,None,None,80098497,None,200784000,200784000,121260000,None,None,271691000,None,None,19568000,231712000,4.29,0.0254,1030666000,1030666000,None,1.088,0.03,1286854000,1306422000,1.16,2023-12-31,25.97,8364000,1991537000.0,6181000,952942000,29573000,66942000,66942000,None,333912000,None,None,None,None,None,None,None,1160092000,None,None,None,0.241,-233261000,267128000,-260947000,214019000,608151000,None,None,None,None,None,None,None,1.226,12.34,10.32,None,None,None,None,None,-1202881000,None,0.121,None,None,2025-10-30,annual,1.19,USD,pre-market,None,-64316000,0.0268,0.171,0.467,25.18,189026000,14123052000,1985140000,None,163.62,156.41,2.5862,23734935000,2047003000,2714551000,16042255000,21687932000,13327704000,2677369000,354555000,71.5,None,194.15,107.97
2025-12-28,ARES,2.36,5355558000.0,71.5,None,1.545,13.68,35796000,None,1561293000,1561293000,1128063000,-337379000,56572000,None,None,None,None,None,None,80098497,None,200784000,200784000,121260000,None,None,271691000,None,None,19568000,341341000,4.29,0.0254,836364000,836364000,None,1.088,0.03,1286854000,1306422000,1.16,2022-12-31,25.97,8364000,1991537000.0,6181000,952942000,29573000,66942000,66942000,None,333912000,None,None,None,None,None,None,None,438915000,None,None,None,0.241,-734112000,267128000,-260947000,214019000,608151000,None,None,None,None,None,None,None,1.226,12.34,10.32,None,None,None,None,None,-180106000,None,0.121,None,None,2025-10-30,annual,1.19,USD,pre-market,None,-64316000,0.0268,0.171,0.467,25.18,189026000,14123052000,1985140000,None,163.62,156.41,2.5862,23734935000,2047003000,2714551000,16042255000,21687932000,13327704000,2677369000,354555000,71.5,None,194.15,107.97
2025-12-28,ARES,2.36,5355558000.0,71.5,None,1.545,13.68,27226000,None,1561293000,1561293000,3503625000,-1084633000,-177053000,None,190134000,None,None,None,None,80098497,None,200784000,200784000,121260000,None,None,271691000,None,None,19568000,113293000,4.29,0.0254,604356000,604356000,None,1.088,0.03,1286854000,1306422000,1.16,2021-12-31,25.97,8364000,1991537000.0,6181000,952942000,29573000,66942000,66942000,None,333912000,None,None,None,None,None,None,None,918305000,None,None,None,0.241,-2596045000,267128000,-260947000,214019000,608151000,None,None,None,None,None,None,None,1.226,12.34,10.32,None,None,None,None,None,-310000000,None,0.121,None,None,2025-10-30,annual,1.19,USD,pre-market,None,-64316000,0.0268,0.171,0.467,25.18,189026000,14123052000,1985140000,None,163.62,156.41,2.5862,23734935000,2047003000,2714551000,16042255000,21687932000,13327704000,2677369000,354555000,71.5,None,194.15,107.97
2025-12-28,ARES,2.36,5355558000.0,71.5,None,1.545,13.68,15942000,None,1561293000,1561293000,943895000,-136764000,381472000,None,85635000,None,None,None,None,80098497,None,200784000,200784000,121260000,None,None,271691000,None,None,19568000,41248000,4.29,0.0254,468480000,468480000,None,1.088,0.03,1286854000,1306422000,1.16,2020-12-31,25.97,8364000,1991537000.0,6181000,952942000,29573000,66942000,66942000,None,333912000,None,None,None,None,None,None,None,324485000,None,None,None,0.241,-425659000,267128000,-260947000,214019000,608151000,None,None,None,None,None,None,None,1.226,12.34,10.32,None,None,None,None,None,2295252000,None,0.121,None,None,2025-10-30,annual,1.19,USD,pre-market,None,-64316000,0.0268,0.171,0.467,25.18,189026000,14123052000,1985140000,None,163.62,156.41,2.5862,23734935000,2047003000,2714551000,16042255000,21687932000,13327704000,2677369000,354555000,71.5,None,194.15,107.97
2025-12-28,ARES,2.36,5355558000.0,71.5,None,1.545,13.68,16796000,None,1561293000,1561293000,2122330000,-16796000,22513000,None,-241450000,None,None,None,None,80098497,None,200784000,200784000,121260000,None,None,271691000,None,None,19568000,39459000,4.29,0.0254,345367000,345367000,None,1.088,0.03,1286854000,1306422000,1.16,2019-12-31,25.97,8364000,1991537000.0,6181000,952942000,29573000,66942000,66942000,None,333912000,None,None,None,None,None,None,None,372804000,None,None,None,0.241,-2083021000,267128000,-260947000,214019000,608151000,None,None,None,None,None,None,None,1.226,12.34,10.32,None,None,None,None,None,-10449000,None,0.121,None,None,2025-10-30,annual,1.19,USD,pre-market,None,-64316000,0.0268,0.171,0.467,25.18,189026000,14123052000,1985140000,None,163.62,156.41,2.5862,23734935000,2047003000,2714551000,16042255000,21687932000,13327704000,2677369000,354555000,71.5,None,194.15,107.97
2025-12-28,ARES,2.36,5355558000.0,71.5,None,1.545,13.68,18419000,None,1561293000,1561293000,1405295000,-18419000,-8682000,21500000,283489000,None,None,None,None,80098497,None,200784000,200784000,121260000,None,None,271691000,None,None,19568000,28517000,4.29,0.0254,156549000,156549000,None,1.088,0.03,1286854000,1306422000,1.16,2018-12-31,25.97,8364000,1991537000.0,6181000,952942000,29573000,66942000,66942000,None,333912000,None,None,None,None,None,None,None,152139000,None,None,None,0.241,428078000,267128000,-260947000,214019000,608151000,None,None,None,None,None,None,None,1.226,12.34,10.32,None,None,None,None,None,-18014000,None,0.121,None,None,2025-10-30,annual,1.19,USD,pre-market,None,-64316000,0.0268,0.171,0.467,25.18,189026000,14123052000,1985140000,None,163.62,156.41,2.5862,23734935000,2047003000,2714551000,16042255000,21687932000,13327704000,2677369000,354555000,71.5,None,194.15,107.97
2025-12-28,ARES,2.36,5355558000.0,71.5,None,1.545,13.68,33160000,None,1561293000,1561293000,1654958000,-33160000,-241297000,None,105216000,None,None,None,None,80098497,None,200784000,200784000,121260000,None,None,271691000,None,None,19568000,32809000,4.29,0.0254,283356000,283356000,None,1.088,0.03,1286854000,1306422000,1.16,2017-12-31,25.97,8364000,1991537000.0,6181000,952942000,29573000,66942000,66942000,None,333912000,None,None,None,None,None,None,None,172911000,None,None,None,0.241,-1863014000,267128000,-260947000,214019000,608151000,None,None,None,None,None,None,None,1.226,12.34,10.32,None,None,None,None,None,-14308000,None,0.121,None,None,2025-10-30,annual,1.19,USD,pre-market,None,-64316000,0.0268,0.171,0.467,25.18,189026000,14123052000,1985140000,None,163.62,156.41,2.5862,23734935000,2047003000,2714551000,16042255000,21687932000,13327704000,2677369000,354555000,71.5,None,194.15,107.97
2025-12-28,ARES,2.36,5355558000.0,71.5,None,1.545,13.68,11913000,None,1561293000,1561293000,880764000,-11913000,243196000,None,-124195000,None,None,None,None,80098497,None,200784000,200784000,121260000,None,None,271691000,None,None,19568000,37455000,4.29,0.0254,212839000,212839000,None,1.088,0.03,1286854000,1306422000,1.16,2016-12-31,25.97,8364000,1991537000.0,6181000,952942000,29573000,66942000,66942000,None,333912000,None,None,None,None,None,None,None,286901000,None,None,None,0.241,-625655000,267128000,-260947000,214019000,608151000,None,None,None,None,None,None,None,1.226,12.34,10.32,None,None,None,None,None,298761000,None,0.121,None,None,2025-10-30,annual,1.19,USD,pre-market,None,-64316000,0.0268,0.171,0.467,25.18,189026000,14123052000,1985140000,None,163.62,156.41,2.5862,23734935000,2047003000,2714551000,16042255000,21687932000,13327704000,2677369000,354555000,71.5,None,194.15,107.97
2025-12-28,ARES,2.36,5355558000.0,71.5,None,1.545,13.68,10676000,None,1561293000,1561293000,581537000,-75113000,-21562000,None,-2401000,None,None,None,None,80098497,None,200784000,200784000,121260000,None,None,271691000,None,None,19568000,55275000,4.29,0.0254,217760000,217760000,None,1.088,0.03,1286854000,1306422000,1.16,2015-12-31,25.97,8364000,1991537000.0,6181000,952942000,29573000,66942000,66942000,None,333912000,None,None,None,None,None,None,None,62420000,None,None,None,0.241,-527986000,267128000,-260947000,214019000,608151000,None,None,None,None,None,None,None,1.226,12.34,10.32,None,None,None,None,None,0,None,0.121,None,None,2025-10-30,annual,1.19,USD,pre-market,None,-64316000,0.0268,0.171,0.467,25.18,189026000,14123052000,1985140000,None,163.62,156.41,2.5862,23734935000,2047003000,2714551000,16042255000,21687932000,13327704000,2677369000,354555000,71.5,None,194.15,107.97
2025-12-28,ARES,2.36,5355558000.0,71.5,None,1.545,13.68,16664000,None,1561293000,1561293000,-1364106000,-76664000,91818000,None,327595000,None,None,None,None,80098497,None,200784000,200784000,121260000,None,None,271691000,None,None,19568000,36129000,4.29,0.0254,329893000,329893000,None,1.088,0.03,1286854000,1306422000,1.16,2014-12-31,25.97,8364000,1991537000.0,6181000,952942000,29573000,66942000,66942000,None,333912000,None,None,None,None,None,None,None,545662000,None,None,None,0.241,1532588000,267128000,-260947000,214019000,608151000,None,None,None,None,None,None,None,1.226,12.34,10.32,None,None,None,None,None,4251789000,None,0.121,None,None,2025-10-30,annual,1.19,USD,pre-market,None,-64316000,0.0268,0.171,0.467,25.18,189026000,14123052000,1985140000,None,163.62,156.41,2.5862,23734935000,2047003000,2714551000,16042255000,21687932000,13327704000,2677369000,354555000,71.5,None,194.15,107.97
2025-12-28,ARES,2.36,5355558000.0,71.5,None,1.545,13.68,12055000,None,1561293000,1561293000,-2113925000,-62372000,None,None,142712000,None,None,None,None,80098497,None,200784000,200784000,121260000,None,None,271691000,None,None,19568000,49532000,4.29,0.0254,420189000,420189000,None,1.088,0.03,1286854000,1306422000,1.16,2013-12-31,25.97,8364000,1991537000.0,6181000,952942000,29573000,66942000,66942000,None,333912000,None,None,None,None,None,None,None,813378000,None,None,None,0.241,2174692000,267128000,-260947000,214019000,608151000,None,None,None,None,None,None,None,1.226,12.34,10.32,None,None,None,None,None,None,None,0.121,None,None,2025-10-30,annual,1.19,USD,pre-market,None,-64316000,0.0268,0.171,0.467,25.18,189026000,14123052000,1985140000,None,163.62,156.41,2.5862,23734935000,2047003000,2714551000,16042255000,21687932000,13327704000,2677369000,354555000,71.5,None,194.15,107.97
2025-12-28,ARES,2.36,5355558000.0,71.5,None,1.545,13.68,12913000,None,1561293000,1561293000,-2708102000,-12913000,None,None,461138000,None,None,None,None,80098497,None,200784000,200784000,121260000,None,None,271691000,None,None,19568000,14177000,4.29,0.0254,230612000,230612000,None,1.088,0.03,1286854000,1306422000,1.16,2012-12-31,25.97,8364000,1991537000.0,6181000,952942000,29573000,66942000,66942000,None,333912000,None,None,None,None,None,None,None,1235688000,None,None,None,0.241,2747921000,267128000,-260947000,214019000,608151000,None,None,None,None,None,None,None,1.226,12.34,10.32,None,None,None,None,None,None,None,0.121,None,None,2025-10-30,annual,1.19,USD,pre-market,None,-64316000,0.0268,0.171,0.467,25.18,189026000,14123052000,1985140000,None,163.62,156.41,2.5862,23734935000,2047003000,2714551000,16042255000,21687932000,13327704000,2677369000,354555000,71.5,None,194.15,107.97
2025-12-28,ARES,2.36,5355558000.0,71.5,None,1.545,13.68,31867000,None,1561293000,1561293000,-2486151000,-42424000,None,None,-525698000,None,None,None,None,80098497,None,200784000,200784000,121260000,None,None,271691000,None,None,19568000,19568000,4.29,0.0254,258949000,258949000,None,1.088,0.03,1286854000,1306422000,1.16,2011-12-31,25.97,8364000,1991537000.0,6181000,952942000,29573000,66942000,66942000,None,333912000,None,None,None,None,None,None,None,923369000,None,None,None,0.241,2489292000,267128000,-260947000,214019000,608151000,None,None,None,None,None,None,None,1.226,12.34,10.32,None,None,None,None,None,None,None,0.121,None,None,2025-10-30,annual,1.19,USD,pre-market,None,-64316000,0.0268,0.171,0.467,25.18,189026000,14123052000,1985140000,None,163.62,156.41,2.5862,23734935000,2047003000,2714551000,16042255000,21687932000,13327704000,2677369000,354555000,71.5,None,194.15,107.97
