date,symbol,eps,revenue_ttm,accumulateddepreciationamortizationppe,beta,book_value,capitalexpenditures,capitalleaseobligations,cashandcashequivalentsatcarryingvalue,cashandshortterminvestments,cashflowfromfinancing,cashflowfrominvestment,changeincashandcashequivalents,changeinexchangerate,changeininventory,changeinoperatingassets,changeinoperatingliabilities,changeinreceivables,commonstock,commonstocksharesoutstanding,comprehensiveincomenetoftax,costofgoodsandservicessold,costofrevenue,currentaccountspayable,currentdebt,currentlongtermdebt,currentnetreceivables,deferredrevenue,depreciation,depreciationandamortization,depreciationdepletionandamortization,dividendpayout,dividendpayoutcommonstock,dividendpayoutpreferredstock,earnings_growth_yoy,earnings_surprise,ebit,ebitda,estimated_eps,fiscaldateending,goodwill,gross_profit_ttm,grossprofit,incomebeforetax,incometaxexpense,intangibleassets,intangibleassetsexcludinggoodwill,interestanddebtexpense,interestexpense,interestincome,inventory,investmentincomenet,investments,longtermdebt,longtermdebtnoncurrent,longterminvestments,netincome,netincomefromcontinuingoperations,netinterestincome,noninterestincome,operating_margin_ttm,operatingcashflow,operatingexpenses,operatingincome,othercurrentassets,othercurrentliabilities,othernoncurrentassets,othernoncurrentliabilities,othernonoperatingincome,paymentsforoperatingactivities,paymentsforrepurchaseofcommonstock,paymentsforrepurchaseofequity,paymentsforrepurchaseofpreferredstock,peg_ratio,price_to_book,price_to_sales_ttm,proceedsfromissuanceofcommonstock,proceedsfromissuanceoflongtermdebtandcapitalsecuritiesnet,proceedsfromissuanceofpreferredstock,proceedsfromoperatingactivities,proceedsfromrepaymentsofshorttermdebt,proceedsfromrepurchaseofequity,proceedsfromsaleoftreasurystock,profit_margin,profitloss,propertyplantequipment,report_date,report_type,reported_eps,reportedcurrency,reporttime,researchanddevelopment,retainedearnings,return_on_assets_ttm,return_on_equity_ttm,revenue_growth_yoy,revenue_per_share_ttm,sellinggeneralandadministrative,shortlongtermdebttotal,shorttermdebt,shortterminvestments,sma_200,sma_50,surprise_pct,totalassets,totalcurrentassets,totalcurrentliabilities,totalliabilities,totalnoncurrentassets,totalnoncurrentliabilities,totalrevenue,totalshareholderequity,treasurystock,week_52_high,week_52_low
2005-06-30,ATRC,,,,,,,,,,,,,,,,,,,,,,,,,,,,,,,,,,,0.0,,,,,,,,,,,,,,,,,,,,,,,,,,,,,,,,,,,,,,,,,,,,,,,,,,,2005-09-09,,-0.2966,,pre-market,,,,,,,,,,,,,,,,,,,,,,,,
2005-09-30,ATRC,,,,,,,,,,,,,,,,,,,,,,,,,,,,,,,,,,,-0.17,,,-0.33,,,,,,,,,,,,,,,,,,,,,,,,,,,,,,,,,,,,,,,,,,,,,,,,2005-11-03,,-0.5,,pre-market,,,,,,,,,,,,,-51.5152,,,,,,,,,,,
2005-12-31,ATRC,,,,,,,,,,,,,,,,,,,,,,,,,,,,,,,,,,,-0.02,,,-0.31,,,,,,,,,,,,,,,,,,,,,,,,,,,,,,,,,,,,,,,,,,,,,,,,2006-02-16,,-0.33,,pre-market,,,,,,,,,,,,,-6.4516,,,,,,,,,,,
2006-03-31,ATRC,,,,,,,,,,,,,,,,,,,,,,,,,,,,,,,,,,,0.12,,,-0.36,,,,,,,,,,,,,,,,,,,,,,,,,,,,,,,,,,,,,,,,,,,,,,,,2006-05-04,,-0.24,,pre-market,,,,,,,,,,,,,33.3333,,,,,,,,,,,
2006-06-30,ATRC,,,,,,,,,,,,,,,,,,,,,,,,,,,,,,,,,,,0.08,,,-0.34,,,,,,,,,,,,,,,,,,,,,,,,,,,,,,,,,,,,,,,,,,,,,,,,2006-08-08,,-0.26,,pre-market,,,,,,,,,,,,,23.5294,,,,,,,,,,,
2006-09-30,ATRC,,,,,,,,,,,,,,,,,,,,,,,,,,,,,,,,,,,0.14,,,-0.4,,,,,,,,,,,,,,,,,,,,,,,,,,,,,,,,,,,,,,,,,,,,,,,,2006-11-08,,-0.26,,pre-market,,,,,,,,,,,,,35.0,,,,,,,,,,,
2006-12-31,ATRC,,,,,,,,,,,,,,,,,,,,,,,,,,,,,,,,,,,0.08,,,-0.43,,,,,,,,,,,,,,,,,,,,,,,,,,,,,,,,,,,,,,,,,,,,,,,,2007-02-15,,-0.35,,pre-market,,,,,,,,,,,,,18.6047,,,,,,,,,,,
2007-03-31,ATRC,,,,,,,,,,,,,,,,,,,,,,,,,,,,,,,,,,,-0.06,,,-0.29,,,,,,,,,,,,,,,,,,,,,,,,,,,,,,,,,,,,,,,,,,,,,,,,2007-05-10,,-0.35,,pre-market,,,,,,,,,,,,,-20.6897,,,,,,,,,,,
2007-06-30,ATRC,,,,,,,,,,,,,,,,,,,,,,,,,,,,,,,,,,,0.05,,,-0.27,,,,,,,,,,,,,,,,,,,,,,,,,,,,,,,,,,,,,,,,,,,,,,,,2007-08-09,,-0.22,,pre-market,,,,,,,,,,,,,18.5185,,,,,,,,,,,
2007-09-30,ATRC,,,,,,,,,,,,,,,,,,,,,,,,,,,,,,,,,,,0.08,,,-0.26,,,,,,,,,,,,,,,,,,,,,,,,,,,,,,,,,,,,,,,,,,,,,,,,2007-11-06,,-0.18,,pre-market,,,,,,,,,,,,,30.7692,,,,,,,,,,,
2007-12-31,ATRC,,,,,,,,,,,,,,,,,,,,,,,,,,,,,,,,,,,0.09,,,-0.2,,,,,,,,,,,,,,,,,,,,,,,,,,,,,,,,,,,,,,,,,,,,,,,,2008-02-14,,-0.11,,pre-market,,,,,,,,,,,,,45.0,,,,,,,,,,,
2008-03-31,ATRC,,,,,,,,,,,,,,,,,,,,,,,,,,,,,,,,,,,-0.03,,,-0.22,,,,,,,,,,,,,,,,,,,,,,,,,,,,,,,,,,,,,,,,,,,,,,,,2008-05-06,,-0.25,,pre-market,,,,,,,,,,,,,-13.6364,,,,,,,,,,,
2008-06-30,ATRC,,,,,,,,,,,,,,,,,,,,,,,,,,,,,,,,,,,0.06,,,-0.17,,,,,,,,,,,,,,,,,,,,,,,,,,,,,,,,,,,,,,,,,,,,,,,,2008-08-05,,-0.11,,pre-market,,,,,,,,,,,,,35.2941,,,,,,,,,,,
2008-09-30,ATRC,,,,,,,,,,,,,,,,,,,,,,,,,,,,,,,,,,,0.03,,,-0.15,,,,,,,,,,,,,,,,,,,,,,,,,,,,,,,,,,,,,,,,,,,,,,,,2008-11-04,,-0.12,,pre-market,,,,,,,,,,,,,20.0,,,,,,,,,,,
2008-12-31,ATRC,,,,,,,,,,,,,,,,,,,,,,,,,,,,,,,,,,,-0.04,,,-0.18,,,,,,,,,,,,,,,,,,,,,,,,,,,,,,,,,,,,,,,,,,,,,,,,2009-02-19,,-0.22,,pre-market,,,,,,,,,,,,,-22.2222,,,,,,,,,,,
2009-03-31,ATRC,,,,,,,,,,,,,,,,,,,,,,,,,,,,,,,,,,,0.11,,,-0.19,,,,,,,,,,,,,,,,,,,,,,,,,,,,,,,,,,,,,,,,,,,,,,,,2009-05-05,,-0.08,,pre-market,,,,,,,,,,,,,57.8947,,,,,,,,,,,
2009-06-30,ATRC,,,,,,,,,,,,,,,,,,,,,,,,,,,,,,,,,,,-0.02,,,-0.08,,,,,,,,,,,,,,,,,,,,,,,,,,,,,,,,,,,,,,,,,,,,,,,,2009-08-04,,-0.1,,pre-market,,,,,,,,,,,,,-25.0,,,,,,,,,,,
2009-09-30,ATRC,,,,,,,,,,,,,,,,,,,,,,,,,,,,,,,,,,,0.04,,,-0.1,,,,,,,,,,,,,,,,,,,,,,,,,,,,,,,,,,,,,,,,,,,,,,,,2009-11-04,,-0.06,,pre-market,,,,,,,,,,,,,40.0,,,,,,,,,,,
2009-12-31,ATRC,,,,,,,,,,,,,,,,,,,,,,,,,,,,,,,,,,,-0.06,,,-0.09,,,,,,,,,,,,,,,,,,,,,,,,,,,,,,,,,,,,,,,,,,,,,,,,2010-02-18,,-0.15,,pre-market,,,,,,,,,,,,,-66.6667,,,,,,,,,,,
2010-03-31,ATRC,,,,,,,,,,,,,,,,,,,,,,,,,,,,,,,,,,,-0.03,,,-0.1,,,,,,,,,,,,,,,,,,,,,,,,,,,,,,,,,,,,,,,,,,,,,,,,2010-05-10,,-0.13,,pre-market,,,,,,,,,,,,,-30.0,,,,,,,,,,,
2010-06-30,ATRC,,,,,,,,,,,,,,,,,,,,,,,,,,,,,,,,,,,0.07,,,-0.12,,,,,,,,,,,,,,,,,,,,,,,,,,,,,,,,,,,,,,,,,,,,,,,,2010-08-04,,-0.05,,pre-market,,,,,,,,,,,,,58.3333,,,,,,,,,,,
2010-09-30,ATRC,,,,,,,,,,,,,,,,,,,,,,,,,,,,,,,,,,,0.03,,,-0.1,,,,,,,,,,,,,,,,,,,,,,,,,,,,,,,,,,,,,,,,,,,,,,,,2010-11-02,,-0.07,,pre-market,,,,,,,,,,,,,30.0,,,,,,,,,,,
2010-12-31,ATRC,,,,,,,,,,,,,,,,,,,,,,,,,,,,,,,,,,,0.0708,,,-0.07,,,,,,,,,,,,,,,,,,,,,,,,,,,,,,,,,,,,,,,,,,,,,,,,2011-02-16,,0.0008,,pre-market,,,,,,,,,,,,,101.1429,,,,,,,,,,,
2011-03-31,ATRC,,,,,,,,,,,,,,,,,,,,,,,,,,,,,,,,,,,-0.01,,,-0.07,,,,,,,,,,,,,,,,,,,,,,,,,,,,,,,,,,,,,,,,,,,,,,,,2011-05-04,,-0.08,,pre-market,,,,,,,,,,,,,-14.2857,,,,,,,,,,,
2011-06-30,ATRC,,,,,,,,,,,,,,,,,,,,,,,,,,,,,,,,,,,-0.01,,,-0.05,,,,,,,,,,,,,,,,,,,,,,,,,,,,,,,,,,,,,,,,,,,,,,,,2011-08-02,,-0.06,,pre-market,,,,,,,,,,,,,-20.0,,,,,,,,,,,
2011-09-30,ATRC,,,,,,,,,,,,,,,,,,,,,,,,,,,,,,,,,,,0.01,,,-0.08,,,,,,,,,,,,,,,,,,,,,,,,,,,,,,,,,,,,,,,,,,,,,,,,2011-11-01,,-0.07,,pre-market,,,,,,,,,,,,,12.5,,,,,,,,,,,
2011-12-31,ATRC,,,,,,,,,,,,,,,,,,,,,,,,,,,,,,,,,,,-0.06,,,-0.07,,,,,,,,,,,,,,,,,,,,,,,,,,,,,,,,,,,,,,,,,,,,,,,,2012-02-27,,-0.13,,pre-market,,,,,,,,,,,,,-85.7143,,,,,,,,,,,
2012-03-31,ATRC,,,,,,,,,,,,,,,,,,,,,,,,,,,,,,,,,,,0.04,,,-0.14,,,,,,,,,,,,,,,,,,,,,,,,,,,,,,,,,,,,,,,,,,,,,,,,2012-05-02,,-0.1,,pre-market,,,,,,,,,,,,,28.5714,,,,,,,,,,,
2012-06-30,ATRC,,,,,,,,,,,,,,,,,,,,,,,,,,,,,,,,,,,-0.01,,,-0.07,,,,,,,,,,,,,,,,,,,,,,,,,,,,,,,,,,,,,,,,,,,,,,,,2012-08-02,,-0.08,,pre-market,,,,,,,,,,,,,-14.2857,,,,,,,,,,,
2012-09-30,ATRC,,,,,,,,,,,,,,,,,,,,,,,,,,,,,,,,,,,-0.04,,,-0.12,,,,,,,,,,,,,,,,,,,,,,,,,,,,,,,,,,,,,,,,,,,,,,,,2012-11-01,,-0.16,,pre-market,,,,,,,,,,,,,-33.3333,,,,,,,,,,,
2012-12-31,ATRC,,,,,,,,,,,,,,,,,,,,,,,,,,,,,,,,,,,-0.02,,,-0.1,,,,,,,,,,,,,,,,,,,,,,,,,,,,,,,,,,,,,,,,,,,,,,,,2013-02-28,,-0.12,,pre-market,,,,,,,,,,,,,-20.0,,,,,,,,,,,
2013-03-31,ATRC,,,,,,,,,,,,,,,,,,,,,,,,,,,,,,,,,,,0.01,,,-0.11,,,,,,,,,,,,,,,,,,,,,,,,,,,,,,,,,,,,,,,,,,,,,,,,2013-05-02,,-0.1,,pre-market,,,,,,,,,,,,,9.0909,,,,,,,,,,,
2013-06-30,ATRC,,,,,,,,,,,,,,,,,,,,,,,,,,,,,,,,,,,0.01,,,-0.1,,,,,,,,,,,,,,,,,,,,,,,,,,,,,,,,,,,,,,,,,,,,,,,,2013-08-01,,-0.09,,pre-market,,,,,,,,,,,,,10.0,,,,,,,,,,,
2013-09-30,ATRC,,,,,,,,,,,,,,,,,,,,,,,,,,,,,,,,,,,0.02,,,-0.15,,,,,,,,,,,,,,,,,,,,,,,,,,,,,,,,,,,,,,,,,,,,,,,,2013-10-29,,-0.13,,pre-market,,,,,,,,,,,,,13.3333,,,,,,,,,,,
2013-12-31,ATRC,,,,,,,,,,,,,,,,,,,,,,,,,,,,,,,,,,,-0.1,,,-0.14,,,,,,,,,,,,,,,,,,,,,,,,,,,,,,,,,,,,,,,,,,,,,,,,2014-02-27,,-0.24,,pre-market,,,,,,,,,,,,,-71.4286,,,,,,,,,,,
2014-03-31,ATRC,,,,,,,,,,,,,,,,,,,,,,,,,,,,,,,,,,,0.01,,,-0.22,,,,,,,,,,,,,,,,,,,,,,,,,,,,,,,,,,,,,,,,,,,,,,,,2014-04-24,,-0.21,,pre-market,,,,,,,,,,,,,4.5455,,,,,,,,,,,
2014-06-30,ATRC,,,,,,,,,,,,,,,,,,,,,,,,,,,,,,,,,,,-0.01,,,-0.19,,,,,,,,,,,,,,,,,,,,,,,,,,,,,,,,,,,,,,,,,,,,,,,,2014-07-24,,-0.2,,pre-market,,,,,,,,,,,,,-5.2632,,,,,,,,,,,
2014-09-30,ATRC,,,,,,,,,,,,,,,,,,,,,,,,,,,,,,,,,,,0.15,,,-0.17,,,,,,,,,,,,,,,,,,,,,,,,,,,,,,,,,,,,,,,,,,,,,,,,2014-10-30,,-0.02,,post-market,,,,,,,,,,,,,88.2353,,,,,,,,,,,
2014-12-31,ATRC,,,,,,,,,,,,,,,,,,,,,,,,,,,,,,,,,,,0.0,,,-0.2,,,,,,,,,,,,,,,,,,,,,,,,,,,,,,,,,,,,,,,,,,,,,,,,2015-02-23,,-0.2,,post-market,,,,,,,,,,,,,0.0,,,,,,,,,,,
2015-03-31,ATRC,,,,,,,,,,,,,,,,,,,,,,,,,,,,,,,,,,,0.02,,,-0.21,,,,,,,,,,,,,,,,,,,,,,,,,,,,,,,,,,,,,,,,,,,,,,,,2015-04-29,,-0.19,,post-market,,,,,,,,,,,,,9.5238,,,,,,,,,,,
2015-06-30,ATRC,,,,,,,,,,,,,,,,,,,,,,,,,,,,,,,,,,,0.03,,,-0.21,,,,,,,,,,,,,,,,,,,,,,,,,,,,,,,,,,,,,,,,,,,,,,,,2015-07-28,,-0.18,,post-market,,,,,,,,,,,,,14.2857,,,,,,,,,,,
2015-09-30,ATRC,,,,,,,,,,,,,,,,,,,,,,,,,,,,,,,,,,,0.0,,,-0.22,,,,,,,,,,,,,,,,,,,,,,,,,,,,,,,,,,,,,,,,,,,,,,,,2015-10-27,,-0.22,,post-market,,,,,,,,,,,,,0.0,,,,,,,,,,,
2015-12-31,ATRC,,,,,,,,,,,,,,,,,,,,,,,,,,,,,,,,,,,-0.02,,,-0.34,,,,,,,,,,,,,,,,,,,,,,,,,,,,,,,,,,,,,,,,,,,,,,,,2016-02-23,,-0.36,,post-market,,,,,,,,,,,,,-5.8824,,,,,,,,,,,
2016-03-31,ATRC,,,,,,,,,,,,,,,,,,,,,,,,,,,,,,,,,,,0.01,,,-0.32,,,,,,,,,,,,,,,,,,,,,,,,,,,,,,,,,,,,,,,,,,,,,,,,2016-04-28,,-0.31,,post-market,,,,,,,,,,,,,3.125,,,,,,,,,,,
2016-06-30,ATRC,,,,,,,,,,,,,,,,,,,,,,,,,,,,,,,,,,,0.04,,,-0.3,,,,,,,,,,,,,,,,,,,,,,,,,,,,,,,,,,,,,,,,,,,,,,,,2016-08-04,,-0.26,,post-market,,,,,,,,,,,,,13.3333,,,,,,,,,,,
2016-09-30,ATRC,,,,,,,,,,,,,,,,,,,,,,,,,,,,,,,,,,,0.07,,,-0.28,,,,,,,,,,,,,,,,,,,,,,,,,,,,,,,,,,,,,,,,,,,,,,,,2016-10-27,,-0.21,,post-market,,,,,,,,,,,,,25.0,,,,,,,,,,,
2016-12-31,ATRC,,,,,,,,,,,,,,,,,,,,,,,,,,,,,,,,,,,0.04,,,-0.31,,,,,,,,,,,,,,,,,,,,,,,,,,,,,,,,,,,,,,,,,,,,,,,,2017-02-28,,-0.27,,post-market,,,,,,,,,,,,,12.9032,,,,,,,,,,,
2017-03-31,ATRC,,,,,,,,,,,,,,,,,,,,,,,,,,,,,,,,,,,0.03,,,-0.35,,,,,,,,,,,,,,,,,,,,,,,,,,,,,,,,,,,,,,,,,,,,,,,,2017-05-04,,-0.32,,post-market,,,,,,,,,,,,,8.5714,,,,,,,,,,,
2017-06-30,ATRC,,,,,,,,,,,,,,,,,,,,,,,,,,,,,,,,,,,0.05,,,-0.26,,,,,,,,,,,,,,,,,,,,,,,,,,,,,,,,,,,,,,,,,,,,,,,,2017-07-27,,-0.21,,post-market,,,,,,,,,,,,,19.2308,,,,,,,,,,,
2017-09-30,ATRC,,,,,,,,,,,,,,,,,,,,,,,,,,,,,,,,,,,0.02,,,-0.24,,,,,,,,,,,,,,,,,,,,,,,,,,,,,,,,,,,,,,,,,,,,,,,,2017-11-01,,-0.22,,post-market,,,,,,,,,,,,,8.3333,,,,,,,,,,,
2017-12-31,ATRC,,,,,,,,,,,,,,,,,,,,,,,,,,,,,,,,,,,0.01,,,-0.21,,,,,,,,,,,,,,,,,,,,,,,,,,,,,,,,,,,,,,,,,,,,,,,,2018-02-26,,-0.2,,post-market,,,,,,,,,,,,,4.7619,,,,,,,,,,,
2018-03-31,ATRC,,,,,,,,,,,,,,,,,,,,,,,,,,,,,,,,,,,-0.04,,,-0.27,,,,,,,,,,,,,,,,,,,,,,,,,,,,,,,,,,,,,,,,,,,,,,,,2018-04-26,,-0.31,,post-market,,,,,,,,,,,,,-14.8148,,,,,,,,,,,
2018-06-30,ATRC,,,,,,,,,,,,,,,,,,,,,,,,,,,,,,,,,,,0.04,,,-0.23,,,,,,,,,,,,,,,,,,,,,,,,,,,,,,,,,,,,,,,,,,,,,,,,2018-08-01,,-0.19,,post-market,,,,,,,,,,,,,17.3913,,,,,,,,,,,
2018-09-30,ATRC,,,,,,,,,,,,,,,,,,,,,,,,,,,,,,,,,,,0.0,,,-0.22,,,,,,,,,,,,,,,,,,,,,,,,,,,,,,,,,,,,,,,,,,,,,,,,2018-11-01,,-0.22,,post-market,,,,,,,,,,,,,0.0,,,,,,,,,,,
2018-12-31,ATRC,,,,,,,,,,,,,,,,,,,,,,,,,,,,,,,,,,,0.08,,,-0.17,,,,,,,,,,,,,,,,,,,,,,,,,,,,,,,,,,,,,,,,,,,,,,,,2019-02-28,,-0.09,,post-market,,,,,,,,,,,,,47.0588,,,,,,,,,,,
2019-03-31,ATRC,,,,,,,,,,,,,,,,,,,,,,,,,,,,,,,,,,,0.09,,,-0.24,,,,,,,,,,,,,,,,,,,,,,,,,,,,,,,,,,,,,,,,,,,,,,,,2019-04-25,,-0.15,,post-market,,,,,,,,,,,,,37.5,,,,,,,,,,,
2019-06-30,ATRC,,,,,,,,,,,,,,,,,,,,,,,,,,,,,,,,,,,0.07,,,-0.18,,,,,,,,,,,,,,,,,,,,,,,,,,,,,,,,,,,,,,,,,,,,,,,,2019-07-30,,-0.11,,post-market,,,,,,,,,,,,,38.8889,,,,,,,,,,,
2019-09-30,ATRC,,,,,,,,,,,,,,,,,,,,,,,,,,,,,,,,,,,0.02,,,-0.27,,,,,,,,,,,,,,,,,,,,,,,,,,,,,,,,,,,,,,,,,,,,,,,,2019-10-30,,-0.25,,post-market,,,,,,,,,,,,,7.4074,,,,,,,,,,,
2019-12-31,ATRC,,,,,,,,,,,,,,,,,,,,,,,,,,,,,,,,,,,-0.01,,,-0.41,,,,,,,,,,,,,,,,,,,,,,,,,,,,,,,,,,,,,,,,,,,,,,,,2020-02-18,,-0.42,,post-market,,,,,,,,,,,,,-2.439,,,,,,,,,,,
2020-03-31,ATRC,,,,,,,,,,,,,,,,,,,,,,,,,,,,,,,,,,,-0.01,,,-0.41,,,,,,,,,,,,,,,,,,,,,,,,,,,,,,,,,,,,,,,,,,,,,,,,2020-04-29,,-0.42,,post-market,,,,,,,,,,,,,-2.439,,,,,,,,,,,
2020-06-30,ATRC,,,,,,,,,,,,,,,,,,,,,,,,,,,,,,,,,,,0.37,,,-0.57,,,,,,,,,,,,,,,,,,,,,,,,,,,,,,,,,,,,,,,,,,,,,,,,2020-07-28,,-0.2,,post-market,,,,,,,,,,,,,64.9123,,,,,,,,,,,
2020-09-30,ATRC,,,,,,,,,,,,,,,,,,,,,,,,,,,,,,,,,,,0.23,,,-0.34,,,,,,,,,,,,,,,,,,,,,,,,,,,,,,,,,,,,,,,,,,,,,,,,2020-11-05,,-0.11,,post-market,,,,,,,,,,,,,67.6471,,,,,,,,,,,
2020-12-31,ATRC,,,,,,,,,,,,,,,,,,,,,,,,,,,,,,,,,,,0.0,,,-0.28,,,,,,,,,,,,,,,,,,,,,,,,,,,,,,,,,,,,,,,,,,,,,,,,2021-02-23,,-0.28,,post-market,,,,,,,,,,,,,0.0,,,,,,,,,,,
2021-03-31,ATRC,,,,,,,,,,,,,,,,,,,,,,,,,,,,,,,,,,,-0.01,,,-0.37,,,,,,,,,,,,,,,,,,,,,,,,,,,,,,,,,,,,,,,,,,,,,,,,2021-04-27,,-0.38,,post-market,,,,,,,,,,,,,-2.7027,,,,,,,,,,,
2021-06-30,ATRC,,,,,,,,,,,,,,,,,,,,,,,,,,,,,,,,,,,-0.03,,,-0.33,,,,,,,,,,,,,,,,,,,,,,,,,,,,,,,,,,,,,,,,,,,,,,,,2021-08-04,,-0.36,,post-market,,,,,,,,,,,,,-9.0909,,,,,,,,,,,
2021-09-30,ATRC,,,,,,,,,,,,,,,,,,,,,,,,,,,,,,,,,,,2.43,,,-0.32,,,,,,,,,,,,,,,,,,,,,,,,,,,,,,,,,,,,,,,,,,,,,,,,2021-11-03,,2.11,,post-market,,,,,,,,,,,,,759.375,,,,,,,,,,,
2021-12-31,ATRC,,,,,,,,,,,,,,,,,,,,,,,,,,,,,,,,,,,-0.01,,,-0.29,,,,,,,,,,,,,,,,,,,,,,,,,,,,,,,,,,,,,,,,,,,,,,,,2022-02-15,,-0.3,,post-market,,,,,,,,,,,,,-3.4483,,,,,,,,,,,
2022-03-31,ATRC,,,,,,,,,,,,,,,,,,,,,,,,,,,,,,,,,,,-0.01,,,-0.32,,,,,,,,,,,,,,,,,,,,,,,,,,,,,,,,,,,,,,,,,,,,,,,,2022-05-03,,-0.33,,post-market,,,,,,,,,,,,,-3.125,,,,,,,,,,,
2022-06-30,ATRC,,,,,,,,,,,,,,,,,,,,,,,,,,,,,,,,,,,-0.03,,,-0.29,,,,,,,,,,,,,,,,,,,,,,,,,,,,,,,,,,,,,,,,,,,,,,,,2022-08-02,,-0.32,,post-market,,,,,,,,,,,,,-10.3448,,,,,,,,,,,
2022-09-30,ATRC,,,,,,,,,,,,,,,,,,,,,,,,,,,,,,,,,,,-0.02,,,-0.25,,,,,,,,,,,,,,,,,,,,,,,,,,,,,,,,,,,,,,,,,,,,,,,,2022-11-01,,-0.27,,post-market,,,,,,,,,,,,,-8.0,,,,,,,,,,,
2022-12-31,ATRC,,,,,,,,,,,,,,,,,,,,,,,,,,,,,,,,,,,0.09,,,-0.18,,,,,,,,,,,,,,,,,,,,,,,,,,,,,,,,,,,,,,,,,,,,,,,,2023-02-21,,-0.09,,post-market,,,,,,,,,,,,,50.0,,,,,,,,,,,
2023-03-31,ATRC,,,,,,,,,,,,,,,,,,,,,,,,,,,,,,,,,,,0.11,,,-0.34,,,,,,,,,,,,,,,,,,,,,,,,,,,,,,,,,,,,,,,,,,,,,,,,2023-05-02,,-0.23,,post-market,,,,,,,,,,,,,32.3529,,,,,,,,,,,
2023-06-30,ATRC,,,,,,,,,,,,,,,,,,,,,,,,,,,,,,,,,,,0.19,,,-0.3,,,,,,,,,,,,,,,,,,,,,,,,,,,,,,,,,,,,,,,,,,,,,,,,2023-07-25,,-0.11,,post-market,,,,,,,,,,,,,63.3333,,,,,,,,,,,
2023-09-30,ATRC,,,,,,,,,,,,,,,,,,,,,,,,,,,,,,,,,,,0.11,,,-0.31,,,,,,,,,,,,,,,,,,,,,,,,,,,,,,,,,,,,,,,,,,,,,,,,2023-11-01,,-0.2,,post-market,,,,,,,,,,,,,35.4839,,,,,,,,,,,
2023-12-31,ATRC,,,,,,,,,,,,,,,,,,,,,,,,,,,,,,,,,,,0.02,,,-0.23,,,,,,,,,,,,,,,,,,,,,,,,,,,,,,,,,,,,,,,,,,,,,,,,2024-02-15,,-0.21,,post-market,,,,,,,,,,,,,8.6957,,,,,,,,,,,
2024-03-31,ATRC,,,,,,,,,,,,,,,,,,,,,,,,,,,,,,,,,,,-0.05,,,-0.23,,,,,,,,,,,,,,,,,,,,,,,,,,,,,,,,,,,,,,,,,,,,,,,,2024-05-01,,-0.28,,post-market,,,,,,,,,,,,,-21.7391,,,,,,,,,,,
2024-06-30,ATRC,,,,,,,,,,,,,,,,,,,,,,,,,,,,,,,,,,,0.0,,,-0.17,,,,,,,,,,,,,,,,,,,,,,,,,,,,,,,,,,,,,,,,,,,,,,,,2024-07-30,,-0.17,,post-market,,,,,,,,,,,,,0.0,,,,,,,,,,,
2024-09-30,ATRC,,,,,,,,,,,,,,,,,,,,,,,,,,,,,,,,,,,0.02,,,-0.19,,,,,,,,,,,,,,,,,,,,,,,,,,,,,,,,,,,,,,,,,,,,,,,,2024-10-29,,-0.17,,post-market,,,,,,,,,,,,,10.5263,,,,,,,,,,,
2024-12-31,ATRC,,,,,,,,,,,,,,,,,,,,,,,,,,,,,,,,,,,0.0688,,,-0.1488,,,,,,,,,,,,,,,,,,,,,,,,,,,,,,,,,,,,,,,,,,,,,,,,2025-02-13,,-0.08,,pre-market,,,,,,,,,,,,,46.2366,,,,,,,,,,,
2025-03-31,ATRC,,,,,,,,,,,,,,,,,,,,,,,,,,,,,,,,,,,0.0834,,,-0.2234,,,,,,,,,,,,,,,,,,,,,,,,,,,,,,,,,,,,,,,,,,,,,,,,2025-04-29,,-0.14,,pre-market,,,,,,,,,,,,,37.3321,,,,,,,,,,,
2025-06-30,ATRC,,,,,,,,,,,,,,,,,,,,,,,,,,,,,,,,,,,0.147,,,-0.167,,,,,,,,,,,,,,,,,,,,,,,,,,,,,,,,,,,,,,,,,,,,,,,,2025-07-28,,-0.02,,pre-market,,,,,,,,,,,,,88.024,,,,,,,,,,,
2025-09-30,ATRC,,,,,,,,,,,,,,,,,,,,,,,,,,,,,,,,,,,0.1,,,-0.11,,,,,,,,,,,,,,,,,,,,,,,,,,,,,,,,,,,,,,,,,,,,,,,,2025-10-29,,-0.01,,pre-market,,,,,,,,,,,,,90.9091,,,,,,,,,,,
2025-12-28,ATRC,-0.61,518305000.0,,1.473,9.59,,,,,,,,,,,,,,,,,,,,,,,,,,,,,0.0,0.1,,,-0.11,,,388061000.0,,,,,,,,,,,,,,,,,,,0.0016,,,,,,,,,,,,,-1.18,4.208,3.869,,,,,,,,-0.0555,,,2025-10-29,,-0.01,,pre-market,,,-0.0265,-0.0611,0.158,10.9,,,,,34.42,36.76,90.9091,,,,,,,,,,43.11,28.29
2025-12-28,ATRC,-0.61,518305000.0,,1.473,9.59,,,,,,,,,,,,,,,None,32937000,32937000,,,,,,None,5169000,,,,,0.0,0.1,2820000,7989000,-0.11,2025-09-30,,388061000.0,101332000,-86000,181000,,,None,2906000,1165000,,None,,,,,-267000,-267000,-303000,None,0.0016,,101124000,208000,,,,,None,,,,,-1.18,4.208,3.869,,,,,,,,-0.0555,,,2025-10-29,quarterly,-0.01,USD,pre-market,22892000,,-0.0265,-0.0611,0.158,10.9,78232000,,,,34.42,36.76,90.9091,,,,,,,134269000,,,43.11,28.29
2025-12-28,ATRC,-0.61,518305000.0,,1.473,9.59,,,,,,,,,,,,,,,None,34657000,34657000,,,,,,None,5171000,,,,,0.0,0.1,-4439000,732000,-0.11,2025-06-30,,388061000.0,101482000,-5929000,261000,,,None,1490000,941000,,None,,,,,-6190000,-6190000,-549000,None,0.0016,,107674000,-6192000,,,,,None,,,,,-1.18,4.208,3.869,,,,,,,,-0.0555,,,2025-10-29,quarterly,-0.01,USD,pre-market,29284000,,-0.0265,-0.0611,0.158,10.9,78390000,,,,34.42,36.76,90.9091,,,,,,,136139000,,,43.11,28.29
2025-12-28,ATRC,-0.61,518305000.0,,1.473,9.59,,,,,,,,,,,,,,,None,30992000,30992000,,,,,,None,-862000,,,,,0.0,0.1,-5092000,-5954000,-0.11,2025-03-31,,388061000.0,92628000,-6508000,239000,,,None,1416000,1042000,,None,,,,,-6747000,-6747000,-374000,None,0.0016,,98582000,-5954000,,,,,None,,,,,-1.18,4.208,3.869,,,,,,,,-0.0555,,,2025-10-29,quarterly,-0.01,USD,pre-market,22528000,,-0.0265,-0.0611,0.158,10.9,76054000,,,,34.42,36.76,90.9091,,,,,,,123620000,,,43.11,28.29
2025-12-28,ATRC,-0.61,518305000.0,,1.473,9.59,,,,,,,,,,,,,,,None,31658000,31658000,,,,,,None,4826000,,,,,0.0,0.1,-13851000,-9025000,-0.11,2024-12-31,,388061000.0,92619000,-15302000,266000,,,None,1451000,1204000,,None,,,,,-15568000,-15568000,-247000,None,0.0016,,107142000,-14523000,,,,,None,,,,,-1.18,4.208,3.869,,,,,,,,-0.0555,,,2025-10-29,quarterly,-0.01,USD,pre-market,34957000,,-0.0265,-0.0611,0.158,10.9,72185000,,,,34.42,36.76,90.9091,,,,,,,124277000,,,43.11,28.29
2025-12-28,ATRC,-0.61,518305000.0,,1.473,9.59,,,,,,,,,,,,,,,None,29117000,29117000,,,,,,None,4928000,,,,,0.0,0.1,-5864000,-936000,-0.11,2024-09-30,,388061000.0,86793000,-7531000,322000,,,None,1667000,1281000,,None,,,,,-7853000,-7853000,-386000,None,0.0016,,94198000,-7405000,,,,,None,,,,,-1.18,4.208,3.869,,,,,,,,-0.0555,,,2025-10-29,quarterly,-0.01,USD,pre-market,20960000,,-0.0265,-0.0611,0.158,10.9,73238000,,,,34.42,36.76,90.9091,,,,,,,115910000,,,43.11,28.29
2025-12-28,ATRC,-0.61,518305000.0,,1.473,9.59,,,,,,,,,,,,,,,None,30185000,30185000,,,,,,None,4527000,,,,,0.0,0.1,-6143000,-1616000,-0.11,2024-06-30,,388061000.0,86084000,-7755000,253000,,,None,1612000,997000,,None,,,,,-8008000,-8008000,-615000,None,0.0016,,93252000,-7168000,,,,,None,,,,,-1.18,4.208,3.869,,,,,,,,-0.0555,,,2025-10-29,quarterly,-0.01,USD,pre-market,19656000,,-0.0265,-0.0611,0.158,10.9,73596000,,,,34.42,36.76,90.9091,,,,,,,116269000,,,43.11,28.29
2025-12-28,ATRC,-0.61,518305000.0,,1.473,9.59,,,,,,,,,,,,,,,None,28321000,28321000,,,,,,None,4452000,,,,,0.0,0.1,-11409000,-6957000,-0.11,2024-03-31,,388061000.0,80530000,-13086000,183000,,,None,1677000,952000,,None,,,,,-13269000,-13269000,-725000,None,0.0016,,91447000,-10917000,,,,,None,,,,,-1.18,4.208,3.869,,,,,,,,-0.0555,,,2025-10-29,quarterly,-0.01,USD,pre-market,19845000,,-0.0265,-0.0611,0.158,10.9,72340000,,,,34.42,36.76,90.9091,,,,,,,108851000,,,43.11,28.29
2025-12-28,ATRC,-0.61,518305000.0,,1.473,9.59,,,,,,,,,,,,,,,None,27466000,27466000,,,,,,None,4179000,,,,,0.0,0.1,-7618000,-3439000,-0.11,2023-12-31,,388061000.0,79077000,-9416000,373000,,,None,1798000,1041000,,None,,,,,-9789000,-9789000,-757000,None,0.0016,,87745000,-8668000,,,,,None,,,,,-1.18,4.208,3.869,,,,,,,,-0.0555,,,2025-10-29,quarterly,-0.01,USD,pre-market,20796000,,-0.0265,-0.0611,0.158,10.9,67687000,,,,34.42,36.76,90.9091,,,,,,,106543000,,,43.11,28.29
2025-12-28,ATRC,-0.61,518305000.0,,1.473,9.59,,,,,,,,,,,,,,,None,24421000,24421000,,,,,,None,4111000,,,,,0.0,0.1,-7236000,-3125000,-0.11,2023-09-30,,388061000.0,73869000,-9008000,47000,,,None,1772000,915000,,None,,,,,-9055000,-9055000,-857000,None,0.0016,,81958000,-8089000,,,,,None,,,,,-1.18,4.208,3.869,,,,,,,,-0.0555,,,2025-10-29,quarterly,-0.01,USD,pre-market,20354000,,-0.0265,-0.0611,0.158,10.9,61604000,,,,34.42,36.76,90.9091,,,,,,,98290000,,,43.11,28.29
2025-12-28,ATRC,-0.61,518305000.0,,1.473,9.59,,,,,,,,,,,,,,,None,23841000,23841000,,,,,,None,3580000,,,,,0.0,0.1,-3306000,274000,-0.11,2023-06-30,,388061000.0,77077000,-5025000,93000,,,None,1719000,961000,,None,,,,,-5118000,-5118000,-758000,None,0.0016,,81221000,-4144000,,,,,838000,,,,,-1.18,4.208,3.869,,,,,,,,-0.0555,,,2025-10-29,quarterly,-0.01,USD,pre-market,17438000,,-0.0265,-0.0611,0.158,10.9,63783000,,,,34.42,36.76,90.9091,,,,,,,100918000,,,43.11,28.29
2025-12-28,ATRC,-0.61,518305000.0,,1.473,9.59,,,,,,,,,,,,,,,None,23885000,23885000,,,,,,None,2943000,,,,,0.0,0.1,-4762000,-1819000,-0.11,2023-03-31,,388061000.0,69609000,-6398000,78000,,,None,1636000,875000,,None,,,,,-6476000,-6476000,-761000,None,0.0016,,75391000,-5782000,,,,,1020000,,,,,-1.18,4.208,3.869,,,,,,,,-0.0555,,,2025-10-29,quarterly,-0.01,USD,pre-market,15327000,,-0.0265,-0.0611,0.158,10.9,60064000,,,,34.42,36.76,90.9091,,,,,,,93494000,,,43.11,28.29
2025-12-28,ATRC,-0.61,518305000.0,,1.473,9.59,,,,,,,,,,,,,,,None,22915000,22915000,,,,,,None,2919000,,,,,0.0,0.1,-2488000,431000,-0.11,2022-12-31,,388061000.0,65113000,-4049000,121000,,,None,1561000,1432000,,None,,,,,-4170000,-4170000,-129000,None,0.0016,,69249000,-4136000,,,,,1648000,,,,,-1.18,4.208,3.869,,,,,,,,-0.0555,,,2025-10-29,quarterly,-0.01,USD,pre-market,13748000,,-0.0265,-0.0611,0.158,10.9,55501000,,,,34.42,36.76,90.9091,,,,,,,88028000,,,43.11,28.29
2025-12-28,ATRC,-0.61,518305000.0,,1.473,9.59,,,,,,,,,,,,,,,None,21533000,21533000,,,,,,None,2987000,,,,,0.0,0.1,-10902000,-7915000,-0.11,2022-09-30,,388061000.0,61713000,-12226000,46000,,,None,1324000,370000,,None,,,,,-12272000,-12272000,-954000,None,0.0016,,72436000,-10723000,,,,,-179000,,,,,-1.18,4.208,3.869,,,,,,,,-0.0555,,,2025-10-29,quarterly,-0.01,USD,pre-market,15169000,,-0.0265,-0.0611,0.158,10.9,57267000,,,,34.42,36.76,90.9091,,,,,,,83246000,,,43.11,28.29
2025-12-28,ATRC,-0.61,518305000.0,,1.473,9.59,,,,,,,,,,,,,,,None,21010000,21010000,,,,,,None,2937000,,,,,0.0,0.1,-13695000,-10758000,-0.11,2022-06-30,,388061000.0,63519000,-14796000,45000,,,None,1101000,76000,,None,,,,,-14841000,-14841000,-1025000,None,0.0016,,77179000,-13660000,,,,,-35000,,,,,-1.18,4.208,3.869,,,,,,,,-0.0555,,,2025-10-29,quarterly,-0.01,USD,pre-market,14791000,,-0.0265,-0.0611,0.158,10.9,62388000,,,,34.42,36.76,90.9091,,,,,,,84529000,,,43.11,28.29
2025-12-28,ATRC,-0.61,518305000.0,,1.473,9.59,,,,,,,,,,,,,,,None,18981000,18981000,,,,,,None,2867000,,,,,0.0,0.1,-14127000,-11260000,-0.11,2022-03-31,,388061000.0,55595000,-15127000,56000,,,None,1000000,116000,,None,,,,,-15183000,-15183000,-884000,None,0.0016,,69745000,-14150000,,,,,23000,,,,,-1.18,4.208,3.869,,,,,,,,-0.0555,,,2025-10-29,quarterly,-0.01,USD,pre-market,13629000,,-0.0265,-0.0611,0.158,10.9,56116000,,,,34.42,36.76,90.9091,,,,,,,74576000,,,43.11,28.29
2025-12-28,ATRC,-0.61,518305000.0,,1.473,9.59,,,,,,,,,,,,,,,None,18202000,18202000,,,,,,None,2833000,,,,,0.0,0.1,-12605000,-9772000,-0.11,2021-12-31,,388061000.0,55016000,-13688000,53000,,,None,1083000,112000,,None,,,,,-13741000,-13741000,-971000,None,0.0016,,67518000,-12502000,,,,,-103000,,,,,-1.18,4.208,3.869,,,,,,,,-0.0555,,,2025-10-29,quarterly,-0.01,USD,pre-market,13808000,,-0.0265,-0.0611,0.158,10.9,53710000,,,,34.42,36.76,90.9091,,,,,,,73218000,,,43.11,28.29
2025-12-28,ATRC,-0.61,518305000.0,,1.473,9.59,,,,,,,,,,,,,,,None,18234000,18234000,,,,,,None,2828000,,,,,0.0,0.1,98595000,101423000,-0.11,2021-09-30,,388061000.0,52226000,97146000,38000,,,None,1449000,117000,,None,,,,,97108000,97108000,-1332000,None,0.0016,,61157000,-8931000,,,,,-74000,,,,,-1.18,4.208,3.869,,,,,,,,-0.0555,,,2025-10-29,quarterly,-0.01,USD,pre-market,11284000,,-0.0265,-0.0611,0.158,10.9,140027000,,,,34.42,36.76,90.9091,,,,,,,70460000,,,43.11,28.29
2025-12-28,ATRC,-0.61,518305000.0,,1.473,9.59,,,,,,,,,,,,,,,None,17298000,17298000,,,,,,None,2658000,,,,,0.0,0.1,-14988000,-12330000,-0.11,2021-06-30,,388061000.0,54078000,-16185000,66000,,,None,1197000,103000,,None,,,,,-16251000,-16251000,-1094000,None,0.0016,,69155000,-15077000,,,,,89000,,,,,-1.18,4.208,3.869,,,,,,,,-0.0555,,,2025-10-29,quarterly,-0.01,USD,pre-market,12197000,,-0.0265,-0.0611,0.158,10.9,56958000,,,,34.42,36.76,90.9091,,,,,,,71376000,,,43.11,28.29
2025-12-28,ATRC,-0.61,518305000.0,,1.473,9.59,,,,,,,,,,,,,,,None,14735000,14735000,,,,,,None,2122000,,,,,0.0,0.1,-15697000,-13575000,-0.11,2021-03-31,,388061000.0,44540000,-16886000,31000,,,None,1189000,134000,,None,,,,,-16917000,-16917000,-1055000,None,0.0016,,60425000,-15885000,,,,,188000,,,,,-1.18,4.208,3.869,,,,,,,,-0.0555,,,2025-10-29,quarterly,-0.01,USD,pre-market,11217000,,-0.0265,-0.0611,0.158,10.9,49208000,,,,34.42,36.76,90.9091,,,,,,,59275000,,,43.11,28.29
2025-12-28,ATRC,-0.61,518305000.0,,1.473,9.59,,,,,,,,,,,,,,,None,15288000,15288000,,,,,,None,2167000,,,,,0.0,0.1,-17270000,-15103000,-0.11,2020-12-31,,388061000.0,42437000,-18464000,98000,,,None,1194000,187000,,None,,,,,-18562000,-18562000,-1007000,None,0.0016,,59940000,-17503000,,,,,233000,,,,,-1.18,4.208,3.869,,,,,,,,-0.0555,,,2025-10-29,quarterly,-0.01,USD,pre-market,10871000,,-0.0265,-0.0611,0.158,10.9,49069000,,,,34.42,36.76,90.9091,,,,,,,57725000,,,43.11,28.29
2025-12-28,ATRC,-0.61,518305000.0,,1.473,9.59,,,,,,,,,,,,,,,None,14423000,14423000,,,,,,None,2479000,,,,,0.0,0.1,-3721000,-1242000,-0.11,2020-09-30,,388061000.0,40334000,-4953000,-4000,,,None,1232000,246000,,None,,,,,-4949000,-4949000,-986000,None,0.0016,,44325000,-3991000,,,,,270000,,,,,-1.18,4.208,3.869,,,,,,,,-0.0555,,,2025-10-29,quarterly,-0.01,USD,pre-market,10576000,,-0.0265,-0.0611,0.158,10.9,33749000,,,,34.42,36.76,90.9091,,,,,,,54757000,,,43.11,28.29
2025-12-28,ATRC,-0.61,518305000.0,,1.473,9.59,,,,,,,,,,,,,,,None,13170000,13170000,,,,,,None,2458000,,,,,0.0,0.1,-6993000,-4535000,-0.11,2020-06-30,,388061000.0,27654000,-8224000,12000,,,None,1231000,263000,,None,,,,,-8236000,-8236000,-968000,None,0.0016,,34939000,-7285000,,,,,292000,,,,,-1.18,4.208,3.869,,,,,,,,-0.0555,,,2025-10-29,quarterly,-0.01,USD,pre-market,10036000,,-0.0265,-0.0611,0.158,10.9,24903000,,,,34.42,36.76,90.9091,,,,,,,40824000,,,43.11,28.29
2025-12-28,ATRC,-0.61,518305000.0,,1.473,9.59,,,,,,,,,,,,,,,None,14341000,14341000,,,,,,None,2444000,,,,,0.0,0.1,-15172000,-12728000,-0.11,2020-03-31,,388061000.0,38884000,-16400000,8000,,,None,1228000,405000,,None,,,,,-16408000,-16408000,-823000,None,0.0016,,54338000,-15454000,,,,,282000,,,,,-1.18,4.208,3.869,,,,,,,,-0.0555,,,2025-10-29,quarterly,-0.01,USD,pre-market,11587000,,-0.0265,-0.0611,0.158,10.9,42751000,,,,34.42,36.76,90.9091,,,,,,,53225000,,,43.11,28.29
2025-12-28,ATRC,-0.61,518305000.0,,1.473,9.59,,,,,,,,,,,,,,,None,16547000,16547000,,,,,,None,2383000,,,,,0.0,0.1,-14791000,-12408000,-0.11,2019-12-31,,388061000.0,44774000,-16048000,48000,,,None,1257000,465000,,None,,,,,-16096000,-16096000,-792000,None,0.0016,,60100000,-15326000,,,,,535000,,,,,-1.18,4.208,3.869,,,,,,,,-0.0555,,,2025-10-29,quarterly,-0.01,USD,pre-market,13096000,,-0.0265,-0.0611,0.158,10.9,47004000,,,,34.42,36.76,90.9091,,,,,,,61321000,,,43.11,28.29
2025-12-28,ATRC,-0.61,518305000.0,,1.473,9.59,,,,,,,,,,,,,,,None,14817000,14817000,,,,,,None,2393000,,,,,0.0,0.1,-8174000,-5781000,-0.11,2019-09-30,,388061000.0,41797000,-9287000,75000,,,None,1113000,577000,,None,,,,,-9362000,-9362000,-536000,None,0.0016,,50434000,-8637000,,,,,463000,,,,,-1.18,4.208,3.869,,,,,,,,-0.0555,,,2025-10-29,quarterly,-0.01,USD,pre-market,10154000,,-0.0265,-0.0611,0.158,10.9,40280000,,,,34.42,36.76,90.9091,,,,,,,56614000,,,43.11,28.29
2025-12-28,ATRC,-0.61,518305000.0,,1.473,9.59,,,,,,,,,,,,,,,None,15013000,15013000,,,,,,None,2362000,,,,,0.0,0.1,-3212000,-850000,-0.11,2019-06-30,,388061000.0,43893000,-4091000,10000,,,None,879000,636000,,None,,,,,-4101000,-4101000,-243000,None,0.0016,,47732000,-3839000,,,,,627000,,,,,-1.18,4.208,3.869,,,,,,,,-0.0555,,,2025-10-29,quarterly,-0.01,USD,pre-market,9804000,,-0.0265,-0.0611,0.158,10.9,37928000,,,,34.42,36.76,90.9091,,,,,,,58906000,,,43.11,28.29
2025-12-28,ATRC,-0.61,518305000.0,,1.473,9.59,,,,,,,,,,,,,,,None,14095000,14095000,,,,,,None,2228000,,,,,0.0,0.1,-4707000,-2479000,-0.11,2019-03-31,,388061000.0,39871000,-5569000,66000,,,None,862000,720000,,None,,,,,-5635000,-5635000,-142000,None,0.0016,,45191000,-5320000,,,,,613000,,,,,-1.18,4.208,3.869,,,,,,,,-0.0555,,,2025-10-29,quarterly,-0.01,USD,pre-market,8176000,,-0.0265,-0.0611,0.158,10.9,37015000,,,,34.42,36.76,90.9091,,,,,,,53966000,,,43.11,28.29
2025-12-28,ATRC,-0.61,518305000.0,,1.473,9.59,,,,,,,,,,,,,,,None,14303000,14303000,,,,,,None,2223000,,,,,0.0,0.1,-2031000,192000,-0.11,2018-12-31,,388061000.0,38590000,-3351000,79000,,,None,1320000,None,,None,,,,,-3430000,-3430000,None,None,0.0016,,41197000,-2607000,,,,,576000,,,,,-1.18,4.208,3.869,,,,,,,,-0.0555,,,2025-10-29,quarterly,-0.01,USD,pre-market,8455000,,-0.0265,-0.0611,0.158,10.9,32742000,,,,34.42,36.76,90.9091,,,,,,,52893000,,,43.11,28.29
2025-12-28,ATRC,-0.61,518305000.0,,1.473,9.59,,,,,,,,,,,,,,,None,13993000,13993000,,,,,,None,2128000,,,,,0.0,0.1,-5938000,-3810000,-0.11,2018-09-30,,388061000.0,35948000,-7184000,51000,,,None,1246000,None,,None,,,,,-7235000,-7235000,None,None,0.0016,,41996000,-6048000,,,,,110000,,,,,-1.18,4.208,3.869,,,,,,,,-0.0555,,,2025-10-29,quarterly,-0.01,USD,pre-market,8556000,,-0.0265,-0.0611,0.158,10.9,33440000,,,,34.42,36.76,90.9091,,,,,,,49941000,,,43.11,28.29
2025-12-28,ATRC,-0.61,518305000.0,,1.473,9.59,,,,,,,,,,,,,,,None,13723000,13723000,,,,,,None,2204000,,,,,0.0,0.1,-4958000,-2754000,-0.11,2018-06-30,,388061000.0,38079000,-290000,48000,,,None,1221000,None,,None,,,,,-338000,-338000,None,None,0.0016,,37121000,958000,,,,,-27000,,,,,-1.18,4.208,3.869,,,,,,,,-0.0555,,,2025-10-29,quarterly,-0.01,USD,pre-market,8655000,,-0.0265,-0.0611,0.158,10.9,28466000,,,,34.42,36.76,90.9091,,,,,,,51802000,,,43.11,28.29
2025-12-28,ATRC,-0.61,518305000.0,,1.473,9.59,,,,,,,,,,,,,,,None,12491000,12491000,,,,,,None,2199000,,,,,0.0,0.1,-9266000,-7067000,-0.11,2018-03-31,,388061000.0,34503000,-10086000,48000,,,None,820000,None,,None,,,,,-10134000,-10134000,None,None,0.0016,,43933000,-9430000,,,,,164000,,,,,-1.18,4.208,3.869,,,,,,,,-0.0555,,,2025-10-29,quarterly,-0.01,USD,pre-market,9057000,,-0.0265,-0.0611,0.158,10.9,34876000,,,,34.42,36.76,90.9091,,,,,,,46994000,,,43.11,28.29
2025-12-28,ATRC,-0.61,518305000.0,,1.473,9.59,,,,,,,,,,,,,,,None,13379000,13379000,,,,,,None,2271000,,,,,0.0,0.1,-2062000,209000,-0.11,2017-12-31,,388061000.0,32683000,-2632000,-52000,,,None,570000,None,,None,,,,,-2580000,-2580000,None,None,0.0016,,34818000,-2135000,,,,,73000,,,,,-1.18,4.208,3.869,,,,,,,,-0.0555,,,2025-10-29,quarterly,-0.01,USD,pre-market,7721000,,-0.0265,-0.0611,0.158,10.9,27097000,,,,34.42,36.76,90.9091,,,,,,,46062000,,,43.11,28.29
2025-12-28,ATRC,-0.61,518305000.0,,1.473,9.59,,,,,,,,,,,,,,,None,11232000,11232000,,,,,,None,2267000,,,,,0.0,0.1,-6789000,-4522000,-0.11,2017-09-30,,388061000.0,30918000,-7220000,26000,,,None,576000,None,,None,,,,,-7246000,-7246000,None,None,0.0016,,37765000,-6847000,,,,,203000,,,,,-1.18,4.208,3.869,,,,,,,,-0.0555,,,2025-10-29,quarterly,-0.01,USD,pre-market,7966000,,-0.0265,-0.0611,0.158,10.9,29799000,,,,34.42,36.76,90.9091,,,,,,,42150000,,,43.11,28.29
2025-12-28,ATRC,-0.61,518305000.0,,1.473,9.59,,,,,,,,,,,,,,,None,12677000,12677000,,,,,,None,2286000,,,,,0.0,0.1,-6302000,-4016000,-0.11,2017-06-30,,388061000.0,32554000,-6866000,17000,,,None,564000,None,,None,,,,,-6883000,-6883000,None,None,0.0016,,38909000,-6355000,,,,,53000,,,,,-1.18,4.208,3.869,,,,,,,,-0.0555,,,2025-10-29,quarterly,-0.01,USD,pre-market,8907000,,-0.0265,-0.0611,0.158,10.9,30002000,,,,34.42,36.76,90.9091,,,,,,,45231000,,,43.11,28.29
2025-12-28,ATRC,-0.61,518305000.0,,1.473,9.59,,,,,,,,,,,,,,,None,11265000,11265000,,,,,,None,2304000,,,,,0.0,0.1,-9606000,-7302000,-0.11,2017-03-31,,388061000.0,30008000,-10160000,23000,,,None,554000,None,,None,,,,,-10183000,-10183000,None,None,0.0016,,39650000,-9642000,,,,,36000,,,,,-1.18,4.208,3.869,,,,,,,,-0.0555,,,2025-10-29,quarterly,-0.01,USD,pre-market,9550000,,-0.0265,-0.0611,0.158,10.9,30100000,,,,34.42,36.76,90.9091,,,,,,,41273000,,,43.11,28.29
2025-12-28,ATRC,-0.61,518305000.0,,1.473,9.59,,,,,,,,,,,,,,,None,12260000,12260000,,,,,,None,2441000,,,,,0.0,0.1,-8074000,-5633000,-0.11,2016-12-31,,388061000.0,28897000,-8609000,16000,,,None,535000,None,,None,,,,,-8625000,-8625000,None,None,0.0016,,36592000,-7695000,,,,,-379000,,,,,-1.18,4.208,3.869,,,,,,,,-0.0555,,,2025-10-29,quarterly,-0.01,USD,pre-market,9866000,,-0.0265,-0.0611,0.158,10.9,26726000,,,,34.42,36.76,90.9091,,,,,,,41157000,,,43.11,28.29
2025-12-28,ATRC,-0.61,518305000.0,,1.473,9.59,,,,,,,,,,,,,,,None,10868000,10868000,,,,,,None,2358000,,,,,0.0,0.1,-6251000,-3893000,-0.11,2016-09-30,,388061000.0,27472000,-6781000,2000,,,None,530000,None,,None,,,,,-6783000,-6783000,None,None,0.0016,,33758000,-6286000,,,,,35000,,,,,-1.18,4.208,3.869,,,,,,,,-0.0555,,,2025-10-29,quarterly,-0.01,USD,pre-market,8271000,,-0.0265,-0.0611,0.158,10.9,25487000,,,,34.42,36.76,90.9091,,,,,,,38340000,,,43.11,28.29
2025-12-28,ATRC,-0.61,518305000.0,,1.473,9.59,,,,,,,,,,,,,,,None,10854000,10854000,,,,,,None,2289000,,,,,0.0,0.1,-7738000,-5449000,-0.11,2016-06-30,,388061000.0,28818000,-8189000,17000,,,None,477000,None,,None,,,,,-8206000,-8206000,None,None,0.0016,,36556000,-7738000,,,,,26000,,,,,-1.18,4.208,3.869,,,,,,,,-0.0555,,,2025-10-29,quarterly,-0.01,USD,pre-market,9124000,,-0.0265,-0.0611,0.158,10.9,27432000,,,,34.42,36.76,90.9091,,,,,,,39672000,,,43.11,28.29
2025-12-28,ATRC,-0.61,518305000.0,,1.473,9.59,,,,,,,,,,,,,,,None,10026000,10026000,,,,,,None,2211000,,,,,0.0,0.1,-9419000,-7208000,-0.11,2016-03-31,,388061000.0,25914000,-9719000,5000,,,None,259000,None,,None,,,,,-9724000,-9724000,None,None,0.0016,,35333000,-9419000,,,,,-41000,,,,,-1.18,4.208,3.869,,,,,,,,-0.0555,,,2025-10-29,quarterly,-0.01,USD,pre-market,8563000,,-0.0265,-0.0611,0.158,10.9,26770000,,,,34.42,36.76,90.9091,,,,,,,35940000,,,43.11,28.29
2025-12-28,ATRC,-0.61,518305000.0,,1.473,9.59,,,,,,,,,,,,,,,None,10318000,10318000,,,,,,None,2066000,,,,,0.0,0.1,-10657000,-8591000,-0.11,2015-12-31,,388061000.0,25545000,-10898000,16000,,,None,241000,None,,None,,,,,-10914000,-10914000,None,None,0.0016,,36175000,-10630000,,,,,-27000,,,,,-1.18,4.208,3.869,,,,,,,,-0.0555,,,2025-10-29,quarterly,-0.01,USD,pre-market,7767000,,-0.0265,-0.0611,0.158,10.9,28408000,,,,34.42,36.76,90.9091,,,,,,,35863000,,,43.11,28.29
2025-12-28,ATRC,-0.61,518305000.0,,1.473,9.59,,,,,,,,,,,,,,,None,8945000,8945000,,,,,,None,1519000,,,,,0.0,0.1,-6119000,-4600000,-0.11,2015-09-30,,388061000.0,22478000,-6135000,6000,,,None,16000,None,,None,,,,,-6141000,-6141000,None,None,0.0016,,28605000,-6127000,,,,,8000,,,,,-1.18,4.208,3.869,,,,,,,,-0.0555,,,2025-10-29,quarterly,-0.01,USD,pre-market,6504000,,-0.0265,-0.0611,0.158,10.9,22101000,,,,34.42,36.76,90.9091,,,,,,,31423000,,,43.11,28.29
2025-12-28,ATRC,-0.61,518305000.0,,1.473,9.59,,,,,,,,,,,,,,,None,9466000,9466000,,,,,,None,1382000,,,,,0.0,0.1,-4819000,-3437000,-0.11,2015-06-30,,388061000.0,23117000,-4883000,8000,,,None,17000,None,,None,,,,,-4891000,-4891000,None,None,0.0016,,27936000,-4819000,,,,,-47000,,,,,-1.18,4.208,3.869,,,,,,,,-0.0555,,,2025-10-29,quarterly,-0.01,USD,pre-market,5862000,,-0.0265,-0.0611,0.158,10.9,22074000,,,,34.42,36.76,90.9091,,,,,,,32583000,,,43.11,28.29
2025-12-28,ATRC,-0.61,518305000.0,,1.473,9.59,,,,,,,,,,,,,,,None,8151000,8151000,,,,,,None,1311000,,,,,0.0,0.1,-5144000,-3833000,-0.11,2015-03-31,,388061000.0,21735000,-5260000,6000,,,None,18000,None,,None,,,,,-5266000,-5266000,None,None,0.0016,,26879000,-5144000,,,,,-98000,,,,,-1.18,4.208,3.869,,,,,,,,-0.0555,,,2025-10-29,quarterly,-0.01,USD,pre-market,5609000,,-0.0265,-0.0611,0.158,10.9,21270000,,,,34.42,36.76,90.9091,,,,,,,29886000,,,43.11,28.29
2025-12-28,ATRC,-0.61,518305000.0,,1.473,9.59,,,,,,,,,,,,,,,None,8995000,8995000,,,,,,None,1303000,,,,,0.0,0.1,-4746000,-3443000,-0.11,2014-12-31,,388061000.0,20420000,-5347000,-3000,,,None,15000,None,,None,,,,,-5344000,-5344000,None,None,0.0016,,25199000,-4779000,,,,,-553000,,,,,-1.18,4.208,3.869,,,,,,,,-0.0555,,,2025-10-29,quarterly,-0.01,USD,pre-market,4997000,,-0.0265,-0.0611,0.158,10.9,20202000,,,,34.42,36.76,90.9091,,,,,,,29415000,,,43.11,28.29
2025-12-28,ATRC,-0.61,518305000.0,,1.473,9.59,,,,,,,,,,,,,,,None,7786000,7786000,,,,,,None,1254000,,,,,0.0,0.1,-2057000,-803000,-0.11,2014-09-30,,388061000.0,18892000,-462000,4000,,,None,24000,None,,None,,,,,-466000,-466000,None,None,0.0016,,19695000,-803000,,,,,365000,,,,,-1.18,4.208,3.869,,,,,,,,-0.0555,,,2025-10-29,quarterly,-0.01,USD,pre-market,5033000,,-0.0265,-0.0611,0.158,10.9,14662000,,,,34.42,36.76,90.9091,,,,,,,26678000,,,43.11,28.29
2025-12-28,ATRC,-0.61,518305000.0,,1.473,9.59,,,,,,,,,,,,,,,None,7733000,7733000,,,,,,None,1132000,,,,,0.0,0.1,-2658000,-1526000,-0.11,2014-06-30,,388061000.0,18781000,-2687000,5000,,,None,29000,None,,None,,,,,-2692000,-2692000,None,None,0.0016,,21634000,-2853000,,,,,195000,,,,,-1.18,4.208,3.869,,,,,,,,-0.0555,,,2025-10-29,quarterly,-0.01,USD,pre-market,4569000,,-0.0265,-0.0611,0.158,10.9,17065000,,,,34.42,36.76,90.9091,,,,,,,26514000,,,43.11,28.29
2025-12-28,ATRC,-0.61,518305000.0,,1.473,9.59,,,,,,,,,,,,,,,None,7190000,7190000,,,,,,None,1085000,,,,,0.0,0.1,-7827000,-6742000,-0.11,2014-03-31,,388061000.0,17657000,-7682000,27000,,,None,237000,None,,None,,,,,-7709000,-7709000,None,None,0.0016,,25582000,-7925000,,,,,480000,,,,,-1.18,4.208,3.869,,,,,,,,-0.0555,,,2025-10-29,quarterly,-0.01,USD,pre-market,4001000,,-0.0265,-0.0611,0.158,10.9,21581000,,,,34.42,36.76,90.9091,,,,,,,24847000,,,43.11,28.29
2025-12-28,ATRC,-0.61,518305000.0,,1.473,9.59,,,,,,,,,,,,,,,None,6215000,6215000,,,,,,None,555000,,,,,0.0,0.1,-4838000,-4283000,-0.11,2013-12-31,,388061000.0,15669000,-4976000,4000,,,None,138000,None,,None,,,,,-4980000,-4980000,None,None,0.0016,,20507000,-4838000,,,,,None,,,,,-1.18,4.208,3.869,,,,,,,,-0.0555,,,2025-10-29,quarterly,-0.01,USD,pre-market,3648000,,-0.0265,-0.0611,0.158,10.9,16859000,,,,34.42,36.76,90.9091,,,,,,,21884000,,,43.11,28.29
2025-12-28,ATRC,-0.61,518305000.0,,1.473,9.59,,,,,,,,,,,,,,,None,5461000,5461000,,,,,,None,508000,,,,,0.0,0.1,-2640000,-2132000,-0.11,2013-09-30,,388061000.0,14685000,-2744000,4000,,,None,123000,None,,None,,,,,-2748000,-2748000,None,None,0.0016,,17299000,-2614000,,,,,-7000,,,,,-1.18,4.208,3.869,,,,,,,,-0.0555,,,2025-10-29,quarterly,-0.01,USD,pre-market,3237000,,-0.0265,-0.0611,0.158,10.9,14062000,,,,34.42,36.76,90.9091,,,,,,,20146000,,,43.11,28.29
2025-12-28,ATRC,-0.61,518305000.0,,1.473,9.59,,,,,,,,,,,,,,,None,5306000,5306000,,,,,,None,496000,,,,,0.0,0.1,-1654000,-1158000,-0.11,2013-06-30,,388061000.0,15123000,-1786000,5000,,,None,132000,None,,None,,,,,-1791000,-1791000,None,None,0.0016,,16762000,-1639000,,,,,-15000,,,,,-1.18,4.208,3.869,,,,,,,,-0.0555,,,2025-10-29,quarterly,-0.01,USD,pre-market,3049000,,-0.0265,-0.0611,0.158,10.9,13713000,,,,34.42,36.76,90.9091,,,,,,,20429000,,,43.11,28.29
2025-12-28,ATRC,-0.61,518305000.0,,1.473,9.59,,,,,,,,,,,,,,,None,5344000,5344000,,,,,,None,461000,,,,,0.0,0.1,-1814000,-1353000,-0.11,2013-03-31,,388061000.0,14086000,-1938000,5000,,,None,173000,None,,None,,,,,-1943000,-1943000,None,None,0.0016,,15886000,-1800000,,,,,35000,,,,,-1.18,4.208,3.869,,,,,,,,-0.0555,,,2025-10-29,quarterly,-0.01,USD,pre-market,3506000,,-0.0265,-0.0611,0.158,10.9,12380000,,,,34.42,36.76,90.9091,,,,,,,19430000,,,43.11,28.29
2025-12-28,ATRC,-0.61,518305000.0,,1.473,9.59,,,,,,,,,,,,,,,None,5362000,5362000,,,,,,None,379000,,,,,0.0,0.1,-1804000,-1425000,-0.11,2012-12-31,,388061000.0,13002000,-1990000,30000,,,None,186000,None,,None,,,,,-2020000,-2021220,None,None,0.0016,,14854000,-1852000,,,,,48976,,,,,-1.18,4.208,3.869,,,,,,,,-0.0555,,,2025-10-29,quarterly,-0.01,USD,pre-market,2967000,,-0.0265,-0.0611,0.158,10.9,11887000,,,,34.42,36.76,90.9091,,,,,,,18364000,,,43.11,28.29
2025-12-28,ATRC,-0.61,518305000.0,,1.473,9.59,,,,,,,,,,,,,,,None,4590000,4590000,,,,,,None,467000,,,,,0.0,0.1,-2444000,-1977000,-0.11,2012-09-30,,388061000.0,11549000,-2556000,11000,,,None,190000,None,,None,,,,,-2567000,-2567000,None,None,0.0016,,14078000,-2529000,,,,,163000,,,,,-1.18,4.208,3.869,,,,,,,,-0.0555,,,2025-10-29,quarterly,-0.01,USD,pre-market,2905000,,-0.0265,-0.0611,0.158,10.9,11173000,,,,34.42,36.76,90.9091,,,,,,,16139000,,,43.11,28.29
2025-12-28,ATRC,-0.61,518305000.0,,1.473,9.59,,,,,,,,,,,,,,,None,5557000,5557000,,,,,,None,574419,,,,,0.0,0.1,-1318000,-743581,-0.11,2012-06-30,,388061000.0,12711000,-1320000,6000,,,None,201000,None,,None,,,,,-1326000,-1326000,None,None,0.0016,,14031000,-1320000,,,,,201000,,,,,-1.18,4.208,3.869,,,,,,,,-0.0555,,,2025-10-29,quarterly,-0.01,USD,pre-market,2885000,,-0.0265,-0.0611,0.158,10.9,11146000,,,,34.42,36.76,90.9091,,,,,,,18268000,,,43.11,28.29
2025-12-28,ATRC,-0.61,518305000.0,,1.473,9.59,,,,,,,,,,,,,,,None,4724500,4724500,,,,,,None,530858,,,,,0.0,0.1,-1444858,-914000,-0.11,2012-03-31,,388061000.0,12751802,-1617221,2559,,,None,222529,None,,None,,,,,-1619780,-1619780,None,None,0.0016,,14247788,-1495986,,,,,103024,,,,,-1.18,4.208,3.869,,,,,,,,-0.0555,,,2025-10-29,quarterly,-0.01,USD,pre-market,3388925,,-0.0265,-0.0611,0.158,10.9,10858863,,,,34.42,36.76,90.9091,,,,,,,17476302,,,43.11,28.29
2025-12-28,ATRC,-0.61,518305000.0,,1.473,9.59,,,,,,,,,,,,,,,None,5022972,5022972,,,,,,None,429699,,,,,0.0,0.1,-1911260,-1481561,-0.11,2011-12-31,,388061000.0,11740725,-2074654,4814,,,None,163394,None,,None,,,,,-2079468,0,None,None,0.0016,,13435346,-1694621,,,,,None,,,,,-1.18,4.208,3.869,,,,,,,,-0.0555,,,2025-10-29,quarterly,-0.01,USD,pre-market,2964424,,-0.0265,-0.0611,0.158,10.9,10470922,,,,34.42,36.76,90.9091,,,,,,,16763697,,,43.11,28.29
2025-12-28,ATRC,-0.61,518305000.0,,1.473,9.59,,,,,,,,,,,,,,,None,4136651,4136651,,,,,,None,414304,,,,,0.0,0.1,-974304,-560000,-0.11,2011-09-30,,388061000.0,11085417,-1143968,12368,,,None,170223,None,,None,,,,,-1156336,-1156336,None,None,0.0016,,12275968,-1190551,,,,,216806,,,,,-1.18,4.208,3.869,,,,,,,,-0.0555,,,2025-10-29,quarterly,-0.01,USD,pre-market,3069174,,-0.0265,-0.0611,0.158,10.9,9206794,,,,34.42,36.76,90.9091,,,,,,,15222068,,,43.11,28.29
2025-12-28,ATRC,-0.61,518305000.0,,1.473,9.59,,,,,,,,,,,,,,,None,4502085,4502085,,,,,,None,548399,,,,,0.0,0.1,-765145,-216746,-0.11,2011-06-30,,388061000.0,12277478,-937445,9205,,,None,172292,None,,None,,,,,-946650,-946650,None,None,0.0016,,13048647,-771169,,,,,6016,,,,,-1.18,4.208,3.869,,,,,,,,-0.0555,,,2025-10-29,quarterly,-0.01,USD,pre-market,2878876,,-0.0265,-0.0611,0.158,10.9,10169771,,,,34.42,36.76,90.9091,,,,,,,16779563,,,43.11,28.29
2025-12-28,ATRC,-0.61,518305000.0,,1.473,9.59,,,,,,,,,,,,,,,None,3744277,3744277,,,,,,None,529746,,,,,0.0,0.1,-960031,-430285,-0.11,2011-03-31,,388061000.0,11892804,-1268545,4501,,,None,308514,None,,None,,,,,-1273046,0,None,None,0.0016,,12967000,-1074195,,,,,None,,,,,-1.18,4.208,3.869,,,,,,,,-0.0555,,,2025-10-29,quarterly,-0.01,USD,pre-market,2944347,,-0.0265,-0.0611,0.158,10.9,10022652,,,,34.42,36.76,90.9091,,,,,,,15637081,,,43.11,28.29
2025-12-28,ATRC,-0.61,518305000.0,,1.473,9.59,,,,,,,,,,,,,,,None,4082993,4082993,,,,,,None,587585,,,,,0.0,0.1,214545,802130,-0.11,2010-12-31,,388061000.0,12305970,30831,19287,,,None,183714,None,,None,,,,,11544,0,None,None,0.0016,,12543736,-237766,,,,,None,,,,,-1.18,4.208,3.869,,,,,,,,-0.0555,,,2025-10-29,quarterly,-0.01,USD,pre-market,3513406,,-0.0265,-0.0611,0.158,10.9,9030330,,,,34.42,36.76,90.9091,,,,,,,16388963,,,43.11,28.29
2025-12-28,ATRC,-0.61,518305000.0,,1.473,9.59,,,,,,,,,,,,,,,None,3299152,3299152,,,,,,None,539045,,,,,0.0,0.1,-827888,-288843,-0.11,2010-09-30,,388061000.0,11173961,-1027866,1444,,,None,199978,None,,None,,,,,-1029310,0,None,None,0.0016,,12004850,-830889,,,,,None,,,,,-1.18,4.208,3.869,,,,,,,,-0.0555,,,2025-10-29,quarterly,-0.01,USD,pre-market,2937043,,-0.0265,-0.0611,0.158,10.9,9067807,,,,34.42,36.76,90.9091,,,,,,,14473113,,,43.11,28.29
2025-12-28,ATRC,-0.61,518305000.0,,1.473,9.59,,,,,,,,,,,,,,,None,2963673,2963673,,,,,,None,605941,,,,,0.0,0.1,-549530,56411,-0.11,2010-06-30,,388061000.0,11228639,-764397,109,,,None,214867,None,,None,,,,,-764506,0,None,None,0.0016,,11661499,-432860,,,,,None,,,,,-1.18,4.208,3.869,,,,,,,,-0.0555,,,2025-10-29,quarterly,-0.01,USD,pre-market,2422443,,-0.0265,-0.0611,0.158,10.9,9239056,,,,34.42,36.76,90.9091,,,,,,,14192312,,,43.11,28.29
2025-12-28,ATRC,-0.61,518305000.0,,1.473,9.59,,,,,,,,,,,,,,,None,3272636,3272636,,,,,,None,630713,,,,,0.0,0.1,-1748128,-1117415,-0.11,2010-03-31,,388061000.0,10679164,-2011141,-1790,,,None,263013,None,,None,,,,,-2009351,0,None,None,0.0016,,12369450,-1690286,,,,,None,,,,,-1.18,4.208,3.869,,,,,,,,-0.0555,,,2025-10-29,quarterly,-0.01,USD,pre-market,2657928,,-0.0265,-0.0611,0.158,10.9,9711522,,,,34.42,36.76,90.9091,,,,,,,13951800,,,43.11,28.29
2025-12-28,ATRC,-0.61,518305000.0,,1.473,9.59,,,,,,,,,,,,,,,None,3420181,3420181,,,,,,None,626073,,,,,0.0,0.1,-2171248,-1545175,-0.11,2009-12-31,,388061000.0,10380188,-2402953,-12925,,,None,231705,None,,None,,,,,-2390028,0,None,None,0.0016,,12494467,-2114279,,,,,None,,,,,-1.18,4.208,3.869,,,,,,,,-0.0555,,,2025-10-29,quarterly,-0.01,USD,pre-market,2778951,,-0.0265,-0.0611,0.158,10.9,9526734,,,,34.42,36.76,90.9091,,,,,,,13800369,,,43.11,28.29
2025-12-28,ATRC,-0.61,518305000.0,,1.473,9.59,,,,,,,,,,,,,,,None,3278090,3278090,,,,,,None,602459,,,,,0.0,0.1,-4458931,-3856472,-0.11,2009-09-30,,388061000.0,10003246,-4700411,-3441,,,None,241480,None,,None,,,,,-4696970,0,None,None,0.0016,,14435285,-4432039,,,,,None,,,,,-1.18,4.208,3.869,,,,,,,,-0.0555,,,2025-10-29,quarterly,-0.01,USD,pre-market,2580766,,-0.0265,-0.0611,0.158,10.9,8087896,,,,34.42,36.76,90.9091,,,,,,,13281336,,,43.11,28.29
2025-12-28,ATRC,-0.61,518305000.0,,1.473,9.59,,,,,,,,,,,,,,,None,3107816,3107816,,,,,,None,603675,,,,,0.0,0.1,-1175686,-572011,-0.11,2009-06-30,,388061000.0,10670134,-1454101,-11033,,,None,278415,None,,None,,,,,-1443068,0,None,None,0.0016,,11703572,-1033438,,,,,None,,,,,-1.18,4.208,3.869,,,,,,,,-0.0555,,,2025-10-29,quarterly,-0.01,USD,pre-market,3138339,,-0.0265,-0.0611,0.158,10.9,8565233,,,,34.42,36.76,90.9091,,,,,,,13777950,,,43.11,28.29
2025-12-28,ATRC,-0.61,518305000.0,,1.473,9.59,,,,,,,,,,,,,,,None,2944658,2944658,,,,,,None,581593,,,,,0.0,0.1,-7935435,-7353842,-0.11,2009-03-31,,388061000.0,10729245,-7996162,-31240,,,None,60727,None,,None,,,,,-7964922,0,None,None,0.0016,,11848976,-7932120,,,,,None,,,,,-1.18,4.208,3.869,,,,,,,,-0.0555,,,2025-10-29,quarterly,-0.01,USD,pre-market,2916833,,-0.0265,-0.0611,0.158,10.9,8932143,,,,34.42,36.76,90.9091,,,,,,,13673903,,,43.11,28.29
2025-12-28,ATRC,-0.61,518305000.0,,1.473,9.59,,,,,,,,,,,,,,,None,3102678,3102678,,,,,,None,516740,,,,,0.0,0.1,-2320568,-1803828,-0.11,2008-12-31,,388061000.0,8963685,-3217351,878659,,,None,108000,None,,None,,,,,-3199227,0,None,None,0.0016,,12422102,-3458417,,,,,None,,,,,-1.18,4.208,3.869,,,,,,,,-0.0555,,,2025-10-29,quarterly,-0.01,USD,pre-market,2573202,,-0.0265,-0.0611,0.158,10.9,9848900,,,,34.42,36.76,90.9091,,,,,,,12066363,,,43.11,28.29
2025-12-28,ATRC,-0.61,518305000.0,,1.473,9.59,,,,,,,,,,,,,,,None,3396038,3396038,,,,,,None,741753,,,,,0.0,0.1,-1818133,-1076380,-0.11,2008-09-30,,388061000.0,11405963,-1769978000,-48155,,,None,173952000,None,,None,,,,,-1769978,0,None,None,0.0016,,13224096,-1818133,,,,,None,,,,,-1.18,4.208,3.869,,,,,,,,-0.0555,,,2025-10-29,quarterly,-0.01,USD,pre-market,3008619,,-0.0265,-0.0611,0.158,10.9,10215477,,,,34.42,36.76,90.9091,,,,,,,14802000,,,43.11,28.29
2025-12-28,ATRC,-0.61,518305000.0,,1.473,9.59,,,,,,,,,,,,,,,None,3494908,3494908,,,,,,None,685599,,,,,0.0,0.1,-1825422,-1139823,-0.11,2008-06-30,,388061000.0,11363606,-1592616000,-232806,,,None,43125000,None,,None,,,,,-1592616,0,None,None,0.0016,,13189028,-1825422,,,,,None,,,,,-1.18,4.208,3.869,,,,,,,,-0.0555,,,2025-10-29,quarterly,-0.01,USD,pre-market,2593694,,-0.0265,-0.0611,0.158,10.9,10595334,,,,34.42,36.76,90.9091,,,,,,,14858514,,,43.11,28.29
2025-12-28,ATRC,-0.61,518305000.0,,1.473,9.59,,,,,,,,,,,,,,,None,3230880,3230880,,,,,,None,738112,,,,,0.0,0.1,-3896315,-3158203,-0.11,2008-03-31,,388061000.0,10299265,-3605435000,-290880,,,None,39388000,None,,None,,,,,-3605435,0,None,None,0.0016,,14195580,-3896315,,,,,None,,,,,-1.18,4.208,3.869,,,,,,,,-0.0555,,,2025-10-29,quarterly,-0.01,USD,pre-market,2433154,,-0.0265,-0.0611,0.158,10.9,11762426,,,,34.42,36.76,90.9091,,,,,,,13530145,,,43.11,28.29
2025-12-28,ATRC,-0.61,518305000.0,,1.473,9.59,,,,,,,,,,,,,,,None,2618710,2618710,,,,,,None,659588,,,,,0.0,0.1,-1626961,-967373,-0.11,2007-12-31,,388061000.0,10532905,-11253000,-9687687,,,None,213000,None,,None,,,,,-1565381,0,None,None,0.0016,,12159866,-1626961,,,,,None,,,,,-1.18,4.208,3.869,,,,,,,,-0.0555,,,2025-10-29,quarterly,-0.01,USD,pre-market,2532379,,-0.0265,-0.0611,0.158,10.9,9627487,,,,34.42,36.76,90.9091,,,,,,,13151615,,,43.11,28.29
2025-12-28,ATRC,-0.61,518305000.0,,1.473,9.59,,,,,,,,,,,,,,,None,2760418,2760418,,,,,,None,615918,,,,,0.0,0.1,-2908800,-2292882,-0.11,2007-09-30,,388061000.0,9294041,-2598000,-310624,,,None,49000,None,,None,,,,,-2598176,0,None,None,0.0016,,12202841,-2908800,,,,,None,,,,,-1.18,4.208,3.869,,,,,,,,-0.0555,,,2025-10-29,quarterly,-0.01,USD,pre-market,2397837,,-0.0265,-0.0611,0.158,10.9,9805004,,,,34.42,36.76,90.9091,,,,,,,12054459,,,43.11,28.29
2025-12-28,ATRC,-0.61,518305000.0,,1.473,9.59,,,,,,,,,,,,,,,None,2547152,2547152,,,,,,None,543695,,,,,0.0,0.1,-3159753,-2616058,-0.11,2007-06-30,,388061000.0,9805067,-2787090000,-372663,,,None,45509000,None,,None,,,,,-2787090,0,None,None,0.0016,,12964820,-3159753,,,,,None,,,,,-1.18,4.208,3.869,,,,,,,,-0.0555,,,2025-10-29,quarterly,-0.01,USD,pre-market,2927984,,-0.0265,-0.0611,0.158,10.9,10036836,,,,34.42,36.76,90.9091,,,,,,,12352219,,,43.11,28.29
2025-12-28,ATRC,-0.61,518305000.0,,1.473,9.59,,,,,,,,,,,,,,,None,2210495,2210495,,,,,,None,502585,,,,,0.0,0.1,-4872190,-4369605,-0.11,2007-03-31,,388061000.0,8540275,-4302421000,-569769,,,None,2332000,None,,None,,,,,-4302421,0,None,None,0.0016,,13412465,-4872190,,,,,None,,,,,-1.18,4.208,3.869,,,,,,,,-0.0555,,,2025-10-29,quarterly,-0.01,USD,pre-market,3129278,,-0.0265,-0.0611,0.158,10.9,10283187,,,,34.42,36.76,90.9091,,,,,,,10750770,,,43.11,28.29
2025-12-28,ATRC,-0.61,518305000.0,,1.473,9.59,,,,,,,,,,,,,,,None,2355258,2355258,,,,,,None,520345,,,,,0.0,0.1,-4454573,-3934228,-0.11,2006-12-31,,388061000.0,8244094,0,0,,,None,50000,None,,None,,,,,-4263565,0,None,None,0.0016,,12698667,-4454573,,,,,None,,,,,-1.18,4.208,3.869,,,,,,,,-0.0555,,,2025-10-29,quarterly,-0.01,USD,pre-market,3204667,,-0.0265,-0.0611,0.158,10.9,9494000,,,,34.42,36.76,90.9091,,,,,,,10599352,,,43.11,28.29
2025-12-28,ATRC,-0.61,518305000.0,,1.473,9.59,,,,,,,,,,,,,,,None,1885946,1885946,,,,,,None,480303,,,,,0.0,0.1,-3391447,-2911144,-0.11,2006-09-30,,388061000.0,7472099,-3155598000,235613151,,,None,51218000,None,,None,,,,,-3155598,0,None,None,0.0016,,10863546,-3391447,,,,,None,,,,,-1.18,4.208,3.869,,,,,,,,-0.0555,,,2025-10-29,quarterly,-0.01,USD,pre-market,3172286,,-0.0265,-0.0611,0.158,10.9,7691260,,,,34.42,36.76,90.9091,,,,,,,9358045,,,43.11,28.29
2025-12-28,ATRC,-0.61,518305000.0,,1.473,9.59,,,,,,,,,,,,,,,None,1785417,1785417,,,,,,None,458099,,,,,0.0,0.1,-3553520,-3095421,-0.11,2006-06-30,,388061000.0,7863621,-3480888,-345179,,,None,53084000,None,,None,,,,,-3208341,0,None,None,0.0016,,11417141,-3553520,,,,,None,,,,,-1.18,4.208,3.869,,,,,,,,-0.0555,,,2025-10-29,quarterly,-0.01,USD,pre-market,2928171,,-0.0265,-0.0611,0.158,10.9,8488970,,,,34.42,36.76,90.9091,,,,,,,9649038,,,43.11,28.29
2025-12-28,ATRC,-0.61,518305000.0,,1.473,9.59,,,,,,,,,,,,,,,None,1599741,1599741,,,,,,None,426556,,,,,0.0,0.1,-3369524,-2942968,-0.11,2006-03-31,,388061000.0,7037067,-3089771,4707,,,None,54922000,None,,None,,,,,-3089771,0,None,None,0.0016,,10406591,-3369524,,,,,None,,,,,-1.18,4.208,3.869,,,,,,,,-0.0555,,,2025-10-29,quarterly,-0.01,USD,pre-market,2910493,,-0.0265,-0.0611,0.158,10.9,7496098,,,,34.42,36.76,90.9091,,,,,,,8636808,,,43.11,28.29
2025-12-28,ATRC,-0.61,518305000.0,,1.473,9.59,,,,,,,,,,,,,,,None,2143581,2143581,,,,,,None,493488,,,,,0.0,0.1,-4296389,-3802901,-0.11,2005-12-31,,388061000.0,6415479,-4004805,4707,,,None,2332000,None,,None,,,,,-4009512,0,None,None,0.0016,,10711868,-4296389,,,,,None,,,,,-1.18,4.208,3.869,,,,,,,,-0.0555,,,2025-10-29,quarterly,-0.01,USD,pre-market,2788229,,-0.0265,-0.0611,0.158,10.9,7923639,,,,34.42,36.76,90.9091,,,,,,,8559060,,,43.11,28.29
2025-12-28,ATRC,-0.61,518305000.0,,1.473,9.59,,,,,,,,,,,,,,,None,2015458,2015458,,,,,,None,427880,,,,,0.0,0.1,-3776578,-3348698,-0.11,2005-09-30,,388061000.0,5154290,-3955061,9375,,,None,379669000,None,,None,,,,,-3964436,0,None,None,0.0016,,8921493,-3767203,,,,,None,,,,,-1.18,4.208,3.869,,,,,,,,-0.0555,,,2025-10-29,quarterly,-0.01,USD,pre-market,2612977,,-0.0265,-0.0611,0.158,10.9,6308516,,,,34.42,36.76,90.9091,,,,,,,7169748,,,43.11,28.29
2025-12-28,ATRC,-0.61,518305000.0,,1.473,9.59,,,,,,,,,,,,,,,None,117783000,117783000,,,,,,None,18733000,,,,,0.0,0.1,-37267000,-18534000,-0.11,2024-12-31,,388061000.0,347524000,-43674000,1024000,,,None,6407000,4434000,,None,,,,,-44698000,-44698000,-1973000,None,0.0016,,387537000,-40013000,,,,,None,,,,,-1.18,4.208,3.869,,,,,,,,-0.0555,,,2025-10-29,annual,-0.01,USD,pre-market,96178000,,-0.0265,-0.0611,0.158,10.9,291359000,,,,34.42,36.76,90.9091,,,,,,,465307000,,,43.11,28.29
2025-12-28,ATRC,-0.61,518305000.0,,1.473,9.59,,,,,,,,,,,,,,,None,98875000,98875000,,,,,,None,14813000,,,,,0.0,0.1,-22922000,-8109000,-0.11,2023-12-31,,388061000.0,300370000,-29847000,591000,,,None,6925000,3792000,,None,,,,,-30438000,-30438000,-3133000,None,0.0016,,327053000,-26683000,,,,,None,,,,,-1.18,4.208,3.869,,,,,,,,-0.0555,,,2025-10-29,annual,-0.01,USD,pre-market,73915000,,-0.0265,-0.0611,0.158,10.9,253138000,,,,34.42,36.76,90.9091,,,,,,,399245000,,,43.11,28.29
2025-12-28,ATRC,-0.61,518305000.0,,1.473,9.59,,,,,,,,,,,,,,,None,84439000,84439000,,,,,,None,11710000,,,,,0.0,0.1,-42669000,-30959000,-0.11,2022-12-31,,388061000.0,245940000,-46198000,268000,,,None,4986000,1994000,,None,,,,,-46466000,-46466000,-2992000,None,0.0016,,288609000,-42669000,,,,,1457000,,,,,-1.18,4.208,3.869,,,,,,,,-0.0555,,,2025-10-29,annual,-0.01,USD,pre-market,57337000,,-0.0265,-0.0611,0.158,10.9,231272000,,,,34.42,36.76,90.9091,,,,,,,330379000,,,43.11,28.29
2025-12-28,ATRC,-0.61,518305000.0,,1.473,9.59,,,,,,,,,,,,,,,None,68469000,68469000,,,,,,None,10441000,,,,,0.0,0.1,55305000,65746000,-0.11,2021-12-31,,388061000.0,205860000,50387000,188000,,,None,4918000,466000,,None,,,,,50199000,50199000,-4452000,None,0.0016,,150655000,55205000,,,,,100000,,,,,-1.18,4.208,3.869,,,,,,,,-0.0555,,,2025-10-29,annual,-0.01,USD,pre-market,48506000,,-0.0265,-0.0611,0.158,10.9,19849000,,,,34.42,36.76,90.9091,,,,,,,274329000,,,43.11,28.29
2025-12-28,ATRC,-0.61,518305000.0,,1.473,9.59,,,,,,,,,,,,,,,None,57222000,57222000,,,,,,None,9548000,,,,,0.0,0.1,-44233000,-34685000,-0.11,2020-12-31,,388061000.0,149309000,-48041000,114000,,,None,4885000,1101000,,None,,,,,-48155000,-48155000,-3784000,None,0.0016,,193542000,-44233000,,,,,1077000,,,,,-1.18,4.208,3.869,,,,,,,,-0.0555,,,2025-10-29,annual,-0.01,USD,pre-market,43070000,,-0.0265,-0.0611,0.158,10.9,150472000,,,,34.42,36.76,90.9091,,,,,,,206531000,,,43.11,28.29
2025-12-28,ATRC,-0.61,518305000.0,,1.473,9.59,,,,,,,,,,,,,,,None,60472000,60472000,,,,,,None,9366000,,,,,0.0,0.1,-30884000,-21518000,-0.11,2019-12-31,,388061000.0,170335000,-34995000,199000,,,None,4111000,2398000,,None,,,,,-35194000,-35194000,-1713000,None,0.0016,,203457000,-33122000,,,,,2238000,,,,,-1.18,4.208,3.869,,,,,,,,-0.0555,,,2025-10-29,annual,-0.01,USD,pre-market,41230000,,-0.0265,-0.0611,0.158,10.9,162227000,,,,34.42,36.76,90.9091,,,,,,,230807000,,,43.11,28.29
2025-12-28,ATRC,-0.61,518305000.0,,1.473,9.59,,,,,,,,,,,,,,,None,54510000,54510000,,,,,,None,8754000,,,,,0.0,0.1,-16304000,-7550000,-0.11,2018-12-31,,388061000.0,147120000,-20911000,226000,,,None,4607000,1006000,,None,,,,,-21137000,-21137000,-3601000,None,0.0016,,164247000,-17127000,,,,,823000,,,,,-1.18,4.208,3.869,,,,,,,,-0.0555,,,2025-10-29,annual,-0.01,USD,pre-market,34723000,,-0.0265,-0.0611,0.158,10.9,129524000,,,,34.42,36.76,90.9091,,,,,,,201630000,,,43.11,28.29
2025-12-28,ATRC,-0.61,518305000.0,,1.473,9.59,,,,,,,,,,,,,,,None,48553000,48553000,,,,,,None,9128000,,,,,0.0,0.1,-24614000,-15486000,-0.11,2017-12-31,,388061000.0,126163000,-26878000,14000,,,None,2264000,227000,,None,,,,,-26892000,-26892000,-2037000,None,0.0016,,151142000,-24979000,,,,,365000,,,,,-1.18,4.208,3.869,,,,,,,,-0.0555,,,2025-10-29,annual,-0.01,USD,pre-market,34144000,,-0.0265,-0.0611,0.158,10.9,116998000,,,,34.42,36.76,90.9091,,,,,,,174716000,,,43.11,28.29
2025-12-28,ATRC,-0.61,518305000.0,,1.473,9.59,,,,,,,,,,,,,,,None,44008000,44008000,,,,,,None,9299000,,,,,0.0,0.1,-31497000,-22198000,-0.11,2016-12-31,,388061000.0,111101000,-33298000,40000,,,None,1801000,227000,,None,,,,,-33338000,-33338000,-1574000,None,0.0016,,142239000,-31138000,,,,,-359000,,,,,-1.18,4.208,3.869,,,,,,,,-0.0555,,,2025-10-29,annual,-0.01,USD,pre-market,35824000,,-0.0265,-0.0611,0.158,10.9,106415000,,,,34.42,36.76,90.9091,,,,,,,155109000,,,43.11,28.29
2025-12-28,ATRC,-0.61,518305000.0,,1.473,9.59,,,,,,,,,,,,,,,None,36880000,36880000,,,,,,None,6278000,,,,,0.0,0.1,-26884000,-20606000,-0.11,2015-12-31,,388061000.0,92875000,-27176000,36000,,,None,292000,441000,,None,,,,,-27212000,-27212000,None,None,0.0016,,119595000,-26720000,,,,,-164000,,,,,-1.18,4.208,3.869,,,,,,,,-0.0555,,,2025-10-29,annual,-0.01,USD,pre-market,25742000,,-0.0265,-0.0611,0.158,10.9,93853000,,,,34.42,36.76,90.9091,,,,,,,129755000,,,43.11,28.29
2025-12-28,ATRC,-0.61,518305000.0,,1.473,9.59,,,,,,,,,,,,,,,None,31704000,31704000,,,,,,None,4774000,,,,,0.0,0.1,-15873000,-11099000,-0.11,2014-12-31,,388061000.0,75750000,-16178000,33000,,,None,305000,None,,None,,,,,-16211000,-16211000,None,None,0.0016,,92110000,-16360000,,,,,487000,,,,,-1.18,4.208,3.869,,,,,,,,-0.0555,,,2025-10-29,annual,-0.01,USD,pre-market,18600000,,-0.0265,-0.0611,0.158,10.9,73510000,,,,34.42,36.76,90.9091,,,,,,,107454000,,,43.11,28.29
2025-12-28,ATRC,-0.61,518305000.0,,1.473,9.59,,,,,,,,,,,,,,,None,22326000,22326000,,,,,,None,2020000,,,,,0.0,0.1,-10878000,-8858000,-0.11,2013-12-31,,388061000.0,59563000,-11444000,18000,,,None,566000,None,,None,,,,,-11462000,-11462000,None,None,0.0016,,70454000,-10891000,,,,,13000,,,,,-1.18,4.208,3.869,,,,,,,,-0.0555,,,2025-10-29,annual,-0.01,USD,pre-market,13440000,,-0.0265,-0.0611,0.158,10.9,57014000,,,,34.42,36.76,90.9091,,,,,,,81889000,,,43.11,28.29
2025-12-28,ATRC,-0.61,518305000.0,,1.473,9.59,,,,,,,,,,,,,,,None,20233000,20233000,,,,,,None,1899000,,,,,0.0,0.1,-6682000,-4783000,-0.11,2012-12-31,,388061000.0,50014000,-7484000,50000,,,None,802000,None,,None,,,,,-7534000,-7534000,None,None,0.0016,,57212000,-7198000,,,,,516000,,,,,-1.18,4.208,3.869,,,,,,,,-0.0555,,,2025-10-29,annual,-0.01,USD,pre-market,12147000,,-0.0265,-0.0611,0.158,10.9,45065000,,,,34.42,36.76,90.9091,,,,,,,70247000,,,43.11,28.29
2025-12-28,ATRC,-0.61,518305000.0,,1.473,9.59,,,,,,,,,,,,,,,None,17405985,17405985,,,,,,None,1922148,,,,,0.0,0.1,-4610186,-2688038,-0.11,2011-12-31,,388061000.0,46996424,-5424615,30888,,,None,814427,None,,None,,,,,-5455503,-5455503,None,None,0.0016,,51726960,-4730536,,,,,120348,,,,,-1.18,4.208,3.869,,,,,,,,-0.0555,,,2025-10-29,annual,-0.01,USD,pre-market,11856821,,-0.0265,-0.0611,0.158,10.9,39870139,,,,34.42,36.76,90.9091,,,,,,,64402409,,,43.11,28.29
2025-12-28,ATRC,-0.61,518305000.0,,1.473,9.59,,,,,,,,,,,,,,,None,13618454,13618454,,,,,,None,2363284,,,,,0.0,0.1,-2910999,-547715,-0.11,2010-12-31,,388061000.0,45387734,-3772573,19050,,,None,861573,None,,None,,,,,-3791623,None,None,None,0.0016,,48579535,-3191801,,,,,None,,,,,-1.18,4.208,3.869,,,,,,,,-0.0555,,,2025-10-29,annual,-0.01,USD,pre-market,11530820,,-0.0265,-0.0611,0.158,10.9,37048715,,,,34.42,36.76,90.9091,,,,,,,59006188,,,43.11,28.29
2025-12-28,ATRC,-0.61,518305000.0,,1.473,9.59,,,,,,,,,,,,,,,None,12750745,12750745,,,,,,None,2772864,,,,,0.0,0.1,-16100361,-13327497,-0.11,2009-12-31,,388061000.0,41782813,-16553627,-58639,,,None,812326,None,,None,,,,,-16494988,None,None,None,0.0016,,50482300,-15511876,,,,,None,,,,,-1.18,4.208,3.869,,,,,,,,-0.0555,,,2025-10-29,annual,-0.01,USD,pre-market,11414889,,-0.0265,-0.0611,0.158,10.9,35112006,,,,34.42,36.76,90.9091,,,,,,,54533558,,,43.11,28.29
2025-12-28,ATRC,-0.61,518305000.0,,1.473,9.59,,,,,,,,,,,,,,,None,13224504,13224504,,,,,,None,2682204,,,,,0.0,0.1,-10028259,-7346055,-0.11,2008-12-31,,388061000.0,42032519,-10224504,-57252,,,None,364071,None,,None,,,,,-10167252,None,None,None,0.0016,,53030801,-10998282,,,,,None,,,,,-1.18,4.208,3.869,,,,,,,,-0.0555,,,2025-10-29,annual,-0.01,USD,pre-market,10608668,,-0.0265,-0.0611,0.158,10.9,42422133,,,,34.42,36.76,90.9091,,,,,,,55257023,,,43.11,28.29
2025-12-28,ATRC,-0.61,518305000.0,,1.473,9.59,,,,,,,,,,,,,,,None,10136776,10136776,,,,,,None,2321786,,,,,0.0,0.1,-12567703,-10245917,-0.11,2007-12-31,,388061000.0,38172287,-11253000,-1314637,,,None,213000,None,,None,,,,,-11253066,None,None,None,0.0016,,50739990,-12567703,,,,,None,,,,,-1.18,4.208,3.869,,,,,,,,-0.0555,,,2025-10-29,annual,-0.01,USD,pre-market,10987477,,-0.0265,-0.0611,0.158,10.9,39752513,,,,34.42,36.76,90.9091,,,,,,,48309063,,,43.11,28.29
2025-12-28,ATRC,-0.61,518305000.0,,1.473,9.59,,,,,,,,,,,,,,,None,7626362,7626362,,,,,,None,1885303,,,,,0.0,0.1,-14769064,-12883761,-0.11,2006-12-31,,388061000.0,30616881,-12683000,1051789,,,None,2332000,None,,None,,,,,-13717275,None,None,None,0.0016,,45385945,-14769064,,,,,None,,,,,-1.18,4.208,3.869,,,,,,,,-0.0555,,,2025-10-29,annual,-0.01,USD,pre-market,12215617,,-0.0265,-0.0611,0.158,10.9,33170328,,,,34.42,36.76,90.9091,,,,,,,38243243,,,43.11,28.29
2025-12-28,ATRC,-0.61,518305000.0,,1.473,9.59,,,,,,,,,,,,,,,None,8056680,8056680,,,,,,None,1554238,,,,,0.0,0.1,-10230134,-8675896,-0.11,2005-12-31,,388061000.0,22900307,-12636032,46932,,,None,2332000,None,,None,,,,,-12682964,None,None,None,0.0016,,33703089,-10802782,,,,,None,,,,,-1.18,4.208,3.869,,,,,,,,-0.0555,,,2025-10-29,annual,-0.01,USD,pre-market,9108600,,-0.0265,-0.0611,0.158,10.9,24594489,,,,34.42,36.76,90.9091,,,,,,,30956987,,,43.11,28.29
2025-12-28,ATRC,-0.61,518305000.0,None,1.473,9.59,,14865000,147865000,147865000,,,,,,,,,50000,47680000,None,8056680,8056680,25472000,None,None,62980000,None,None,1554238,,,,,0.0,0.1,-10230134,-8675896,-0.11,2025-09-30,234781000,388061000.0,22900307,-12636032,46932,50136000,50136000,None,2332000,None,78951000,None,None,61865000,None,None,-12682964,None,None,None,0.0016,,33703089,-10802782,11314000,49370000,None,7363000,None,,,,,-1.18,4.208,3.869,,,,,,,,-0.0555,,None,2025-10-29,quarterly,-0.01,USD,pre-market,9108600,-414959000,-0.0265,-0.0611,0.158,10.9,24594489,76730000,2998000,None,34.42,36.76,90.9091,635442000,301110000,77840000,158935000,334332000,81095000,30956987,476507000,None,43.11,28.29
2025-12-28,ATRC,-0.61,518305000.0,None,1.473,9.59,,15386000,117796000,117796000,,,,,,,,,50000,47557000,None,8056680,8056680,25678000,None,None,66004000,None,None,1554238,,,,,0.0,0.1,-10230134,-8675896,-0.11,2025-06-30,234781000,388061000.0,22900307,-12636032,46932,52246000,52246000,None,2332000,None,76344000,None,None,61865000,None,None,-12682964,None,None,None,0.0016,,33703089,-10802782,11113000,40257000,None,1172000,None,,,,,-1.18,4.208,3.869,,,,,,,,-0.0555,,None,2025-10-29,quarterly,-0.01,USD,pre-market,9108600,-414692000,-0.0265,-0.0611,0.158,10.9,24594489,77251000,2908000,None,34.42,36.76,90.9091,608849000,271257000,68843000,144358000,337592000,75515000,30956987,464491000,None,43.11,28.29
2025-12-28,ATRC,-0.61,518305000.0,None,1.473,9.59,,15548000,99885000,99885000,,,,,,,,,49000,47393000,None,8056680,8056680,25176000,None,None,63323000,None,None,1554238,,,,,0.0,0.1,-10230134,-8675896,-0.11,2025-03-31,234781000,388061000.0,22900307,-12636032,46932,54357000,54357000,None,2332000,None,74911000,None,None,61865000,None,None,-12682964,None,None,None,0.0016,,33703089,-10802782,13365000,33205000,None,1218000,None,,,,,-1.18,4.208,3.869,,,,,,,,-0.0555,,None,2025-10-29,quarterly,-0.01,USD,pre-market,9108600,-408502000,-0.0265,-0.0611,0.158,10.9,24594489,77413000,2840000,None,34.42,36.76,90.9091,591631000,251484000,61221000,137012000,340147000,75791000,30956987,454619000,None,43.11,28.29
2025-12-28,ATRC,-0.61,518305000.0,None,1.473,9.59,,11860000,122721000,122721000,,,,,,,,,49000,47105000,None,8056680,8056680,25032000,None,2805000,60339000,None,None,1554238,,,,,0.0,0.1,-10230134,-8675896,-0.11,2024-12-31,234781000,388061000.0,22900307,-12636032,46932,56467000,56467000,None,2332000,None,75335000,None,None,61865000,None,None,-12682964,None,None,None,0.0016,,33703089,-10802782,9431000,45587000,None,1210000,None,,,,,-1.18,4.208,3.869,,,,,,,,-0.0555,,None,2025-10-29,quarterly,-0.01,USD,pre-market,9108600,-401755000,-0.0265,-0.0611,0.158,10.9,24594489,76530000,2805000,0,34.42,36.76,90.9091,609328000,267826000,73424000,148359000,341502000,74935000,30956987,460969000,None,43.11,28.29
2025-12-28,ATRC,-0.61,518305000.0,None,1.473,9.59,,15263000,130335000,130335000,,,,,,,,,49000,47105000,None,8056680,8056680,31736000,None,None,54909000,None,None,1554238,,,,,0.0,0.1,-10230134,-8675896,-0.11,2024-09-30,234781000,388061000.0,22900307,-12636032,46932,58352000,58352000,None,2332000,None,76546000,None,None,61865000,None,None,-12682964,None,None,None,0.0016,,33703089,-10802782,7496000,39980000,None,1203000,None,,,,,-1.18,4.208,3.869,,,,,,,,-0.0555,,None,2025-10-29,quarterly,-0.01,USD,pre-market,9108600,-386187000,-0.0265,-0.0611,0.158,10.9,24594489,77128000,2715000,0,34.42,36.76,90.9091,615068000,269286000,74431000,150047000,345782000,75616000,30956987,465021000,None,43.11,28.29
2025-12-28,ATRC,-0.61,518305000.0,None,1.473,9.59,,13451000,106035000,106035000,,,,,,,,,49000,46909000,None,8056680,8056680,26666000,None,None,55568000,None,None,1554238,,,,,0.0,0.1,-10230134,-8675896,-0.11,2024-06-30,234781000,388061000.0,22900307,-12636032,46932,60238000,60238000,None,2332000,None,73654000,None,None,61865000,None,None,-12682964,None,None,None,0.0016,,33703089,-10802782,9610000,32018000,None,1188000,None,,,,,-1.18,4.208,3.869,,,,,,,,-0.0555,,None,2025-10-29,quarterly,-0.01,USD,pre-market,9108600,-378334000,-0.0265,-0.0611,0.158,10.9,24594489,75316000,2541000,7985000,34.42,36.76,90.9091,597273000,252852000,61225000,135188000,344421000,73963000,30956987,462085000,None,43.11,28.29
2025-12-28,ATRC,-0.61,518305000.0,None,1.473,9.59,,13498000,64967000,64967000,,,,,,,,,48000,46719000,None,8056680,8056680,28991000,None,None,55319000,None,None,1554238,,,,,0.0,0.1,-10230134,-8675896,-0.11,2024-03-31,234781000,388061000.0,22900307,-12636032,46932,62123000,62123000,None,2332000,None,71945000,None,None,61865000,None,None,-12682964,None,None,None,0.0016,,33703089,-10802782,12004000,29719000,None,1242000,None,,,,,-1.18,4.208,3.869,,,,,,,,-0.0555,,None,2025-10-29,quarterly,-0.01,USD,pre-market,9108600,-370326000,-0.0265,-0.0611,0.158,10.9,24594489,75363000,2542000,40990000,34.42,36.76,90.9091,591628000,245225000,61252000,135315000,346403000,74063000,30956987,456313000,None,43.11,28.29
2025-12-28,ATRC,-0.61,518305000.0,None,1.473,9.59,,11368000,84310000,84310000,,,,,,,,,48000,46447000,None,8056680,8056680,27354000,None,2533000,52501000,None,None,1554238,,,,,0.0,0.1,-10230134,-8675896,-0.11,2023-12-31,234781000,388061000.0,22900307,-12636032,46932,63986000,63986000,None,2332000,None,67897000,None,None,60593000,None,0,-12682964,None,None,None,0.0016,,33703089,-10802782,8563000,44682000,None,1234000,None,,,,,-1.18,4.208,3.869,,,,,,,,-0.0555,,None,2025-10-29,quarterly,-0.01,USD,pre-market,9108600,-357057000,-0.0265,-0.0611,0.158,10.9,24594489,74494000,2533000,52975000,34.42,36.76,90.9091,613932000,266246000,74569000,147764000,347686000,73195000,30956987,466168000,None,43.11,28.29
2025-12-28,ATRC,-0.61,518305000.0,None,1.473,9.59,,11520000,80598000,80598000,,,,,,,,,47000,46411000,None,8056680,8056680,24542000,None,20702000,51528000,None,None,1554238,,,,,0.0,0.1,-10230134,-8675896,-0.11,2023-09-30,234781000,388061000.0,22900307,-12636032,46932,65684000,65684000,None,2332000,None,61894000,None,None,42153000,None,0,-12682964,None,None,None,0.0016,,33703089,-10802782,6283000,37294000,None,1227000,None,,,,,-1.18,4.208,3.869,,,,,,,,-0.0555,,None,2025-10-29,quarterly,-0.01,USD,pre-market,9108600,-347268000,-0.0265,-0.0611,0.158,10.9,24594489,74375000,20702000,52416000,34.42,36.76,90.9091,600271000,252719000,82538000,137438000,347552000,54900000,30956987,462833000,None,43.11,28.29
2025-12-28,ATRC,-0.61,518305000.0,None,1.473,9.59,,12072000,67240000,67240000,,,,,,,,,47000,46266000,None,8056680,8056680,23709000,None,15715000,48362000,None,None,1554238,,,,,0.0,0.1,-10230134,-8675896,-0.11,2023-06-30,234781000,388061000.0,22900307,-12636032,46932,67383000,67383000,None,2332000,None,55409000,None,None,47047000,None,7598000,-12682964,None,None,None,0.0016,,33703089,-10802782,7179000,31986000,None,13292000,None,,,,,-1.18,4.208,3.869,,,,,,,,-0.0555,,None,2025-10-29,quarterly,-0.01,USD,pre-market,9108600,-338213000,-0.0265,-0.0611,0.158,10.9,24594489,74834000,15715000,59785000,34.42,36.76,90.9091,594171000,237975000,71410000,131749000,356196000,60339000,30956987,462422000,None,43.11,28.29
2025-12-28,ATRC,-0.61,518305000.0,None,1.473,9.59,,12608000,77341000,77341000,,,,,,,,,47000,46107000,None,8056680,8056680,23561000,None,10677000,45661000,None,None,1554238,,,,,0.0,0.1,-10230134,-8675896,-0.11,2023-03-31,234781000,388061000.0,22900307,-12636032,46932,38601000,38601000,None,2332000,None,48848000,None,None,51940000,None,25561000,-12682964,None,None,None,0.0016,,33703089,-10802782,7956000,28233000,None,1236000,None,,,,,-1.18,4.208,3.869,,,,,,,,-0.0555,,44212000,2025-10-29,quarterly,-0.01,USD,pre-market,9108600,-333095000,-0.0265,-0.0611,0.158,10.9,24594489,75225000,10677000,58519000,34.42,36.76,90.9091,583100000,238325000,62471000,128255000,344775000,65784000,30956987,454845000,None,43.11,28.29
2025-12-28,ATRC,-0.61,518305000.0,None,1.473,9.59,,12242000,58099000,58099000,,,,,,,,,47000,45912000,None,8056680,8056680,19898000,None,5472000,42693000,None,None,1554238,,,,,0.0,0.1,-10230134,-8675896,-0.11,2022-12-31,234781000,388061000.0,22900307,-12636032,46932,39339000,39339000,None,2332000,None,45931000,None,None,56834000,None,51509000,-12682964,None,None,None,0.0016,,33703089,-10802782,5477000,33022000,None,13468000,None,,,,,-1.18,4.208,3.869,,,,,,,,-0.0555,,42620000,2025-10-29,quarterly,-0.01,USD,pre-market,9108600,-326619000,-0.0265,-0.0611,0.158,10.9,24594489,74548000,5472000,63014000,34.42,36.76,90.9091,585448000,215214000,58392000,128694000,370234000,70302000,30956987,456754000,None,43.11,28.29
2025-12-28,ATRC,-0.61,518305000.0,None,1.473,9.59,,14752000,48823000,48823000,,,,,,,,,46000,45823000,None,8056680,8056680,24405000,None,None,41466000,None,None,1554238,,,,,0.0,0.1,-10230134,-8675896,-0.11,2022-09-30,234781000,388061000.0,22900307,-12636032,46932,40078000,40078000,None,2332000,None,43953000,None,None,60061000,None,51413000,-12682964,None,None,None,0.0016,,33703089,-10802782,4222000,29405000,None,13944000,None,,,,,-1.18,4.208,3.869,,,,,,,,-0.0555,,38556000,2025-10-29,quarterly,-0.01,USD,pre-market,9108600,-322449000,-0.0265,-0.0611,0.158,10.9,24594489,74813000,2031000,73821000,34.42,36.76,90.9091,581911000,212285000,57598000,131603000,369626000,74005000,30956987,450308000,None,43.11,28.29
2025-12-28,ATRC,-0.61,518305000.0,None,1.473,9.59,,15014000,54556000,54556000,,,,,,,,,46000,45692000,None,8056680,8056680,23721000,None,None,41488000,None,None,1554238,,,,,0.0,0.1,-10230134,-8675896,-0.11,2022-06-30,234781000,388061000.0,22900307,-12636032,46932,41049000,41049000,None,2332000,None,41292000,None,None,59954000,None,64295000,-12682964,None,None,None,0.0016,,33703089,-10802782,4932000,29203000,None,14409000,None,,,,,-1.18,4.208,3.869,,,,,,,,-0.0555,,36053000,2025-10-29,quarterly,-0.01,USD,pre-market,9108600,-310177000,-0.0265,-0.0611,0.158,10.9,24594489,74968000,1820000,63898000,34.42,36.76,90.9091,587389000,206166000,56316000,130679000,381223000,74363000,30956987,456710000,None,43.11,28.29
2025-12-28,ATRC,-0.61,518305000.0,None,1.473,9.59,,15470000,28141000,28141000,,,,,,,,,46000,45528000,None,8056680,8056680,20294000,None,None,40878000,None,None,1554238,,,,,0.0,0.1,-10230134,-8675896,-0.11,2022-03-31,234781000,388061000.0,22900307,-12636032,46932,42020000,42020000,None,2332000,None,40762000,None,None,59848000,None,70514000,-12682964,None,None,None,0.0016,,33703089,-10802782,6570000,23729000,None,14935000,None,,,,,-1.18,4.208,3.869,,,,,,,,-0.0555,,32867000,2025-10-29,quarterly,-0.01,USD,pre-market,9108600,-295336000,-0.0265,-0.0611,0.158,10.9,24594489,75318000,1760000,83256000,34.42,36.76,90.9091,584983000,199607000,47375000,122158000,385376000,74783000,30956987,462825000,None,43.11,28.29
2025-12-28,ATRC,-0.61,518305000.0,None,1.473,9.59,,15906000,43654000,43654000,,,,,,,,,46000,45331000,None,8056680,8056680,18597000,None,1756000,33021000,None,None,1554238,,,,,0.0,0.1,-10230134,-8675896,-0.11,2021-12-31,234781000,388061000.0,22900307,-12636032,46932,42992000,42992000,None,2332000,None,38964000,None,None,59741000,None,104338000,-12682964,None,None,None,0.0016,,33703089,-10802782,5001000,34640000,None,15370000,None,,,,,-1.18,4.208,3.869,,,,,,,,-0.0555,,36170000,2025-10-29,quarterly,-0.01,USD,pre-market,9108600,-280153000,-0.0265,-0.0611,0.158,10.9,24594489,75647000,1756000,75436000,34.42,36.76,90.9091,615312000,196076000,56445000,131556000,419236000,75111000,30956987,483756000,None,43.11,28.29
2025-12-28,ATRC,-0.61,518305000.0,None,1.473,9.59,,11910000,39886000,39886000,,,,,,,,,46000,46100000,None,8056680,8056680,17527000,None,4581000,33497999,None,None,1554238,,,,,0.0,0.1,-10230134,-8675896,-0.11,2021-09-30,234781000,388061000.0,22900307,-12636032,46932,43963000,43963000,None,2332000,None,38587000,None,None,56354000,None,105097000,-12682964,None,None,None,0.0016,,33703089,-10802782,3876001,31846000,None,14192000,None,,,,,-1.18,4.208,3.869,,,,,,,,-0.0555,,29901000,2025-10-29,quarterly,-0.01,USD,pre-market,9108600,-266411999,-0.0265,-0.0611,0.158,10.9,24594489,72845000,4581000,79860000,34.42,36.76,90.9091,612969000,195707000,53954000,124500000,417262000,70546000,30956987,488469000,None,43.11,28.29
2025-12-28,ATRC,-0.61,518305000.0,None,1.473,9.59,,12373000,67619000,67619000,,,,,,,,,46000,45035000,None,8056680,8056680,16496000,None,18493000,33835000,None,None,1554238,,,,,0.0,0.1,-10230134,-8675896,-0.11,2021-06-30,234781000,388061000.0,22900307,-12636032,46932,127234000,127234000,None,2332000,None,37608000,None,None,43669000,None,69770000,-12682964,None,None,None,0.0016,,33703089,-10802782,4636000,30828000,None,192517000,None,,,,,-1.18,4.208,3.869,,,,,,,,-0.0555,,32858000,2025-10-29,quarterly,-0.01,USD,pre-market,9108600,-363520000,-0.0265,-0.0611,0.158,10.9,24594489,74535000,18493000,92246000,34.42,36.76,90.9091,701075000,235944000,67433000,315992000,465131000,248559000,30956987,385083000,None,43.11,28.29
2025-12-28,ATRC,-0.61,518305000.0,None,1.473,9.59,,11715000,85380000,85380000,,,,,,,,,46000,44632000,None,8056680,8056680,15459000,None,13308000,29741000,None,None,1554238,,,,,0.0,0.1,-10230134,-8675896,-0.11,2021-03-31,234781000,388061000.0,22900307,-12636032,46932,127961000,127961000,None,2332000,None,36144000,None,None,48552000,None,9127000,-12682964,None,None,None,0.0016,,33703089,-10802782,5214000,28367000,None,201644000,None,,,,,-1.18,4.208,3.869,,,,,,,,-0.0555,,27633000,2025-10-29,quarterly,-0.01,USD,pre-market,9108600,-347269000,-0.0265,-0.0611,0.158,10.9,24594489,73575000,13308000,141825000,34.42,36.76,90.9091,699902000,298304000,58463000,308659000,401598000,250196000,30956987,391243000,None,43.11,28.29
2025-12-28,ATRC,-0.61,518305000.0,None,1.473,9.59,,12149000,41944000,41944000,,,,,,,,,45000,44124000,None,8056680,8056680,12736000,None,8417000,23146000,None,None,1554238,,,,,0.0,0.1,-10230134,-8675896,-0.11,2020-12-31,234781000,388061000.0,22900307,-12636032,46932,128199000,128199000,None,2332000,None,35026000,None,None,53435000,None,14178000,-12682964,None,None,None,0.0016,,33703089,-10802782,4347000,26728000,None,199573000,None,,,,,-1.18,4.208,3.869,,,,,,,,-0.0555,,28290000,2025-10-29,quarterly,-0.01,USD,pre-market,9108600,-330352000,-0.0265,-0.0611,0.158,10.9,24594489,74001000,8417000,202274000,34.42,36.76,90.9091,714539000,306737000,49137000,302145000,407802000,253008000,30956987,412394000,None,43.11,28.29
2025-12-28,ATRC,-0.61,518305000.0,None,1.473,9.59,,12496000,33381000,33381000,,,,,,,,,45000,44012000,None,8056680,8056680,13554000,None,12070000,25448000,None,None,1554238,,,,,0.0,0.1,-10230134,-8675896,-0.11,2020-09-30,234781000,388061000.0,22900307,-12636032,46932,128437000,128437000,None,2332000,None,34326000,None,None,49985000,None,16516000,-12682964,None,None,None,0.0016,,33703089,-10802782,3369000,17965000,None,195526000,None,,,,,-1.18,4.208,3.869,,,,,,,,-0.0555,,29089000,2025-10-29,quarterly,-0.01,USD,pre-market,9108600,-311790000,-0.0265,-0.0611,0.158,10.9,24594489,74551000,12070000,199688000,34.42,36.76,90.9091,707797000,296212000,44754000,290265000,411585000,245511000,30956987,417532000,None,43.11,28.29
2025-12-28,ATRC,-0.61,518305000.0,None,1.473,9.59,,12958000,88522000,88522000,,,,,,,,,45000,41649000,None,8056680,8056680,12467000,None,7701000,22892000,None,None,1554238,,,,,0.0,0.1,-10230134,-8675896,-0.11,2020-06-30,234781000,388061000.0,22900307,-12636032,46932,128904000,128904000,None,2332000,None,32808999,None,None,54154000,None,15339000,-12682964,None,None,None,0.0016,,33703089,-10802782,3835001,17884000,None,195165000,None,,,,,-1.18,4.208,3.869,,,,,,,,-0.0555,,30236000,2025-10-29,quarterly,-0.01,USD,pre-market,9108600,-306841000,-0.0265,-0.0611,0.158,10.9,24594489,74813000,7701000,143976000,34.42,36.76,90.9091,704233000,292034000,38052000,287371000,412199000,249319000,30956987,416862000,None,43.11,28.29
2025-12-28,ATRC,-0.61,518305000.0,None,1.473,9.59,,14103000,21766000,21766000,,,,,,,,,40000,38671000,None,8056680,8056680,17302000,None,3614000,22131000,None,None,1554238,,,,,0.0,0.1,-10230134,-8675896,-0.11,2020-03-31,234781000,388061000.0,22900307,-12636032,46932,129392000,129392000,None,2332000,None,32063000,None,None,58323000,None,0,-12682964,None,None,None,0.0016,,33703089,-10802782,4293000,16984000,None,202974000,None,,,,,-1.18,4.208,3.869,,,,,,,,-0.0555,,32324000,2025-10-29,quarterly,-0.01,USD,pre-market,9108600,-298605000,-0.0265,-0.0611,0.158,10.9,24594489,76040000,3614000,46771000,34.42,36.76,90.9091,527734000,127024000,39071000,300368000,400710000,261297000,30956987,227366000,None,43.11,28.29
2025-12-28,ATRC,-0.61,518305000.0,None,1.473,9.59,,14570000,28483000,28483000,,,,,,,,,40000,38190000,None,8056680,8056680,14948000,None,2218000,28046000,None,None,1554238,,,,,0.0,0.1,-10230134,-8675896,-0.11,2019-12-31,234781000,388061000.0,22900307,-12636032,46932,129881000,129881000,None,2332000,None,29414000,None,None,59634000,None,12675000,-12682964,None,None,None,0.0016,,33703089,-10802782,3899000,31092000,None,200987000,None,,,,,-1.18,4.208,3.869,,,,,,,,-0.0555,,32646000,2025-10-29,quarterly,-0.01,USD,pre-market,9108600,-282197000,-0.0265,-0.0611,0.158,10.9,24594489,76422000,2218000,53318000,34.42,36.76,90.9091,557880000,143160000,49916000,310537000,414720000,260621000,30956987,247343000,None,43.11,28.29
2025-12-28,ATRC,-0.61,518305000.0,None,1.473,9.59,,14738000,33182000,33182000,,,,,,,,,40000,37842000,None,8056680,8056680,13966000,None,2158000,26798000,None,None,1554238,,,,,0.0,0.1,-10230134,-8675896,-0.11,2019-09-30,236316000,388061000.0,22900307,-12636032,46932,130370000,130370000,None,2332000,None,27789000,None,None,59517000,None,20354000,-12682964,None,None,None,0.0016,,33703089,-10802782,7054000,24883000,None,198736000,None,,,,,-1.18,4.208,3.869,,,,,,,,-0.0555,,30788000,2025-10-29,quarterly,-0.01,USD,pre-market,9108600,-266101000,-0.0265,-0.0611,0.158,10.9,24594489,76413000,4316000,46557000,34.42,36.76,90.9091,560756000,137853000,44282000,302535000,422903000,258253000,30956987,258221000,None,43.11,28.29
2025-12-28,ATRC,-0.61,518305000.0,None,1.473,9.59,,12984000,25247000,25247000,,,,,,,,,39000,37334000,None,8056680,8056680,12592000,None,6955000,27955000,None,None,1554238,,,,,0.0,0.1,-10230134,-8675896,-0.11,2019-06-30,105257000,388061000.0,22900307,-12636032,46932,48286000,48286000,None,2332000,None,24432000,None,None,33886000,None,12860000,-12682964,None,None,None,0.0016,,33703089,-10802782,6594000,17678000,None,28254000,None,,,,,-1.18,4.208,3.869,,,,,,,,-0.0555,,28095000,2025-10-29,quarterly,-0.01,USD,pre-market,9108600,-256739000,-0.0265,-0.0611,0.158,10.9,24594489,53825000,8355000,65594000,34.42,36.76,90.9091,343120000,146525000,39432000,101572000,196595000,62140000,30956987,241548000,None,43.11,28.29
2025-12-28,ATRC,-0.61,518305000.0,None,1.473,9.59,,13342000,20720000,20720000,,,,,,,,,39000,36976000,None,8056680,8056680,10375000,None,8039000,26662000,None,None,1554238,,,,,0.0,0.1,-10230134,-8675896,-0.11,2019-03-31,105257000,388061000.0,22900307,-12636032,46932,48770000,48770000,None,2332000,None,24122000,None,None,32737000,None,None,-12682964,None,None,None,0.0016,,33703089,-10802782,7210000,14809000,None,30866000,None,,,,,-1.18,4.208,3.869,,,,,,,,-0.0555,,27050000,2025-10-29,quarterly,-0.01,USD,pre-market,9108600,-252638000,-0.0265,-0.0611,0.158,10.9,24594489,54118000,9411000,79910000,34.42,36.76,90.9091,338360000,155019000,35465000,99068000,183341000,63603000,30956987,239292000,None,43.11,28.29
2025-12-28,ATRC,-0.61,518305000.0,None,1.473,9.59,,12172000,32231000,32231000,,,,,,,,,39000,36480000,None,8056680,8056680,9659000,None,None,25195000,None,None,1554238,,,,,0.0,0.1,-10230134,-8675896,-0.11,2018-12-31,105257000,388061000.0,22900307,-12636032,46932,49254000,49254000,None,2332000,None,22484000,None,None,35571000,None,None,-12682964,None,None,None,0.0016,,33703089,-10802782,2592000,24954000,None,19419000,None,,,,,-1.18,4.208,3.869,,,,,,,,-0.0555,,27080000,2025-10-29,quarterly,-0.01,USD,pre-market,9108600,-247003000,-0.0265,-0.0611,0.158,10.9,24594489,52460000,4717000,92171000,34.42,36.76,90.9091,356759000,174673000,40216000,107378000,182086000,67162000,30956987,249381000,None,43.11,28.29
2025-12-28,ATRC,-0.61,518305000.0,None,1.473,9.59,,12336000,17999000,17999000,,,,,,,,,36000,33601000,None,8056680,8056680,10587000,None,1559000,23290000,None,None,1554238,,,,,0.0,0.1,-10230134,-8675896,-0.11,2018-09-30,105257000,388061000.0,22900307,-12636032,46932,49738000,49738000,None,2332000,None,22258000,None,None,38554000,None,None,-12682964,None,None,None,0.0016,,33703089,-10802782,2662000,21047000,None,23560000,None,,,,,-1.18,4.208,3.869,,,,,,,,-0.0555,,27964000,2025-10-29,quarterly,-0.01,USD,pre-market,9108600,-243574000,-0.0265,-0.0611,0.158,10.9,24594489,52449000,1559000,22220000,34.42,36.76,90.9091,271962000,88429000,33744000,108194000,183533000,74450000,30956987,163768000,0,43.11,28.29
2025-12-28,ATRC,-0.61,518305000.0,None,1.473,9.59,,12492000,13866000,13866000,,,,,,,,,35000,33252000,None,8056680,8056680,9670000,None,589000,24895000,None,None,1554238,,,,,0.0,0.1,-10230134,-8675896,-0.11,2018-06-30,105257000,388061000.0,22900307,-12636032,46932,50080000,50080000,None,2332000,None,21682000,None,None,39399000,None,None,-12682964,None,None,None,0.0016,,33703089,-10802782,3120000,16638000,None,31849000,None,,,,,-1.18,4.208,3.869,,,,,,,,-0.0555,,28126000,2025-10-29,quarterly,-0.01,USD,pre-market,9108600,-236338000,-0.0265,-0.0611,0.158,10.9,24594489,52480000,589000,23202000,34.42,36.76,90.9091,270847000,86765000,27420000,111160000,184082000,83740000,30956987,159687000,0,43.11,28.29
2025-12-28,ATRC,-0.61,518305000.0,None,1.473,9.59,,12626000,21229000,21229000,,,,,,,,,35000,32926000,None,8056680,8056680,11583000,None,575000,22325000,None,None,1554238,,,,,0.0,0.1,-10230134,-8675896,-0.11,2018-03-31,105257000,388061000.0,22900307,-12636032,46932,50422000,50422000,None,2332000,None,22571000,None,None,39313000,None,None,-12682964,None,None,None,0.0016,,33703089,-10802782,3835000,14095000,None,37768000,None,,,,,-1.18,4.208,3.869,,,,,,,,-0.0555,,28549000,2025-10-29,quarterly,-0.01,USD,pre-market,9108600,-236000000,-0.0265,-0.0611,0.158,10.9,24594489,52514000,575000,14809000,34.42,36.76,90.9091,269702000,84769000,26872000,116579000,184933000,89707000,30956987,153123000,0,43.11,28.29
2025-12-28,ATRC,-0.61,518305000.0,None,1.473,9.59,,12761000,21809000,21809000,,,,,,,,,35000,32654000,None,8056680,8056680,12431000,None,561000,23083000,None,None,1554238,,,,,0.0,0.1,-10230134,-8675896,-0.11,2017-12-31,105257000,388061000.0,22900307,-12636032,46932,50764000,50764000,None,2332000,None,22451000,None,None,24100000,None,None,-12682964,None,None,None,0.0016,,33703089,-10802782,2273000,18277000,None,37774000,None,,,,,-1.18,4.208,3.869,,,,,,,,-0.0555,,28749000,2025-10-29,quarterly,-0.01,USD,pre-market,9108600,-225866000,-0.0265,-0.0611,0.158,10.9,24594489,37422000,561000,12642000,34.42,36.76,90.9091,267704000,82258000,31903000,106538000,185446000,74635000,30956987,161166000,0,43.11,28.29
2025-12-28,ATRC,-0.61,518305000.0,None,1.473,9.59,,12910000,19444000,19444000,,,,,,,,,34000,32576000,None,8056680,8056680,10791000,None,7093000,22580000,None,None,1554238,,,,,0.0,0.1,-10230134,-8675896,-0.11,2017-09-30,105257000,388061000.0,22900307,-12636032,46932,51105000,51105000,None,2332000,None,22565000,None,None,18689000,None,None,-12682964,None,None,None,0.0016,,33703089,-10802782,2615000,17318000,None,41861000,None,,,,,-1.18,4.208,3.869,,,,,,,,-0.0555,,29267000,2025-10-29,quarterly,-0.01,USD,pre-market,9108600,-223286000,-0.0265,-0.0611,0.158,10.9,24594489,38692000,7093000,14942000,34.42,36.76,90.9091,268451000,82146000,36072000,109532000,186305000,73460000,30956987,158919000,0,43.11,28.29
2025-12-28,ATRC,-0.61,518305000.0,None,1.473,9.59,,13048000,21013000,21013000,,,,,,,,,34000,32288000,None,8056680,8056680,11697000,None,38760000,23110000,None,None,1554238,,,,,0.0,0.1,-10230134,-8675896,-0.11,2017-06-30,105257000,388061000.0,22900307,-12636032,46932,51447000,51447000,None,2332000,None,19943000,None,None,20421000,None,None,-12682964,None,None,None,0.0016,,33703089,-10802782,3080000,13931000,None,41845000,None,,,,,-1.18,4.208,3.869,,,,,,,,-0.0555,,29959000,2025-10-29,quarterly,-0.01,USD,pre-market,9108600,-216040000,-0.0265,-0.0611,0.158,10.9,24594489,38760000,5291000,13965000,34.42,36.76,90.9091,268510000,81111000,31695000,107009000,187399000,75314000,30956987,161501000,0,43.11,28.29
2025-12-28,ATRC,-0.61,518305000.0,None,1.473,9.59,,13184000,19154000,19154000,,,,,,,,,34000,32020000,None,8056680,8056680,11259000,None,38827000,21661000,None,None,1554238,,,,,0.0,0.1,-10230134,-8675896,-0.11,2017-03-31,105257000,388061000.0,22900307,-12636032,46932,51789000,51789000,None,2332000,None,18838000,None,None,22154000,None,None,-12682964,None,None,None,0.0016,,33703089,-10802782,4145000,12553000,None,41818000,None,,,,,-1.18,4.208,3.869,,,,,,,,-0.0555,,29930000,2025-10-29,quarterly,-0.01,USD,pre-market,9108600,-209157000,-0.0265,-0.0611,0.158,10.9,24594489,38827000,3489000,15311000,34.42,36.76,90.9091,266423000,79109000,28409000,105565000,187314000,77156000,30956987,160858000,0,43.11,28.29
2025-12-28,ATRC,-0.61,518305000.0,None,1.473,9.59,,13319000,24208000,24208000,,,,,,,,,33000,31794000,None,8056680,8056680,10673000,None,1688000,21094000,None,None,1554238,,,,,0.0,0.1,-10230134,-8675896,-0.11,2016-12-31,105257000,388061000.0,22900307,-12636032,46932,52131000,52131000,None,2332000,None,17660000,None,None,23886000,None,3000000,-12682964,None,None,None,0.0016,,33703089,-10802782,2954000,15178000,None,41946000,None,,,,,-1.18,4.208,3.869,,,,,,,,-0.0555,,29995000,2025-10-29,quarterly,-0.01,USD,pre-market,9108600,-198974000,-0.0265,-0.0611,0.158,10.9,24594489,38893000,1688000,19801000,34.42,36.76,90.9091,276421000,85717000,28828000,107979000,190704000,79151000,30956987,168442000,0,43.11,28.29
2025-12-28,ATRC,-0.61,518305000.0,None,1.473,9.59,,13423000,16107000,16107000,,,,,,,,,33000,31706000,None,8056680,8056680,10990000,None,None,21066000,None,None,1554238,,,,,0.0,0.1,-10230134,-8675896,-0.11,2016-09-30,105257000,388061000.0,22900307,-12636032,46932,52542000,52542000,None,2332000,None,18985000,None,None,25023000,None,6017000,-12682964,None,None,None,0.0016,,33703089,-10802782,3016000,13559000,None,40946000,None,,,,,-1.18,4.208,3.869,,,,,,,,-0.0555,,30742000,2025-10-29,quarterly,-0.01,USD,pre-market,9108600,-190349000,-0.0265,-0.0611,0.158,10.9,24594489,38938000,984000,25236000,34.42,36.76,90.9091,279316000,84410000,26490000,105882000,194906000,79392000,30956987,173434000,0,43.11,28.29
2025-12-28,ATRC,-0.61,518305000.0,None,1.473,9.59,,13504000,19917000,19917000,,,,,,,,,33000,31575000,None,8056680,8056680,11926000,None,None,21354000,None,None,1554238,,,,,0.0,0.1,-10230134,-8675896,-0.11,2016-06-30,105257000,388061000.0,22900307,-12636032,46932,52953000,52953000,None,2332000,None,19311000,None,None,24969000,None,5525000,-12682964,None,None,None,0.0016,,33703089,-10802782,3373000,11931000,None,40851000,None,,,,,-1.18,4.208,3.869,,,,,,,,-0.0555,,30902000,2025-10-29,quarterly,-0.01,USD,pre-market,9108600,-183566000,-0.0265,-0.0611,0.158,10.9,24594489,38946000,473000,22510000,34.42,36.76,90.9091,281513000,86465000,25189000,104513000,195048000,79324000,30956987,177000000,0,43.11,28.29
2025-12-28,ATRC,-0.61,518305000.0,None,1.473,9.59,,13592000,20768000,20768000,,,,,,,,,33000,31358000,None,8056680,8056680,12801000,None,None,19446000,None,None,1554238,,,,,0.0,0.1,-10230134,-8675896,-0.11,2016-03-31,105257000,388061000.0,22900307,-12636032,46932,53364000,53364000,None,2332000,None,19015000,None,None,13592000,None,6150000,-12682964,None,None,None,0.0016,,33703089,-10802782,3608000,10255000,None,40897000,None,,,,,-1.18,4.208,3.869,,,,,,,,-0.0555,,31155000,2025-10-29,quarterly,-0.01,USD,pre-market,9108600,-175360000,-0.0265,-0.0611,0.158,10.9,24594489,14054000,924000,2556000,34.42,36.76,90.9091,261710000,65393000,26194000,80683000,196317000,54489000,30956987,181027000,0,43.11,28.29
2025-12-28,ATRC,-0.61,518305000.0,None,1.473,9.59,,None,23764000,23764000,,,,,,,,,32000,30634000,None,8056680,8056680,12744000,None,14160000,19409000,None,None,1554238,,,,,0.0,0.1,-10230134,-8675896,-0.11,2015-12-31,105257000,388061000.0,22900307,-12636032,46932,53775000,53775000,None,2332000,None,17659000,None,None,13710000,None,7706000,-12682964,None,None,None,0.0016,,33703089,-10802782,3106000,17482000,None,41109000,None,,,,,-1.18,4.208,3.869,,,,,,,,-0.0555,,31279000,2025-10-29,quarterly,-0.01,USD,pre-market,9108600,-165636000,-0.0265,-0.0611,0.158,10.9,24594489,14160000,450000,10814000,34.42,36.76,90.9091,273092000,74752000,31588000,86407000,198340000,54819000,30956987,186685000,0,43.11,28.29
2025-12-28,ATRC,-0.61,518305000.0,None,1.473,9.59,,68000,28714000,28714000,,,,,,,,,28000,27462000,None,8056680,8056680,11174000,None,None,16643000,None,None,1554238,,,,,0.0,0.1,-10230134,-8675896,-0.11,2015-09-30,35386000,388061000.0,22900307,-12636032,46932,7970000,7970000,None,2332000,None,16567000,None,None,68000,None,10381000,-12682964,None,None,None,0.0016,,33703089,-10802782,2477000,13595000,None,1025000,None,,,,,-1.18,4.208,3.869,,,,,,,,-0.0555,,27455000,2025-10-29,quarterly,-0.01,USD,pre-market,9108600,-154722000,-0.0265,-0.0611,0.158,10.9,24594489,13639000,13571000,19712000,34.42,36.76,90.9091,165642000,84113000,39065000,40158000,81529000,1093000,30956987,125484000,0,43.11,28.29
2025-12-28,ATRC,-0.61,518305000.0,None,1.473,9.59,,68000,29987000,29987000,,,,,,,,,28000,27304000,None,8056680,8056680,9344000,None,None,17590000,None,None,1554238,,,,,0.0,0.1,-10230134,-8675896,-0.11,2015-06-30,35386000,388061000.0,22900307,-12636032,46932,8272000,8272000,None,2332000,None,16073000,None,None,68000,None,5209000,-12682964,None,None,None,0.0016,,33703089,-10802782,2597000,10764000,None,409000,None,,,,,-1.18,4.208,3.869,,,,,,,,-0.0555,,19352000,2025-10-29,quarterly,-0.01,USD,pre-market,9108600,-148581000,-0.0265,-0.0611,0.158,10.9,24594489,9305000,9298000,24492000,34.42,36.76,90.9091,159309000,90739000,30141000,30618000,68570000,477000,30956987,128691000,0,43.11,28.29
2025-12-28,ATRC,-0.61,518305000.0,None,1.473,9.59,,79000,23559000,23559000,,,,,,,,,28000,27069000,None,8056680,8056680,9659000,None,None,19786000,None,None,1554238,,,,,0.0,0.1,-10230134,-8675896,-0.11,2015-03-31,35386000,388061000.0,22900307,-12636032,46932,8575000,8575000,None,2332000,None,15106000,None,None,79000,None,2025000,-12682964,None,None,None,0.0016,,33703089,-10802782,2790000,8100000,None,139000,None,,,,,-1.18,4.208,3.869,,,,,,,,-0.0555,,13874000,2025-10-29,quarterly,-0.01,USD,pre-market,9108600,-143690000,-0.0265,-0.0611,0.158,10.9,24594489,6075000,6056000,32174000,34.42,36.76,90.9091,153406000,93415000,24629000,24847000,59991000,218000,30956987,128559000,0,43.11,28.29
2025-12-28,ATRC,-0.61,518305000.0,None,1.473,9.59,,None,28384000,28384000,,,,,,,,,28000,26935000,None,8056680,8056680,7621000,None,74000,17558000,None,None,1554238,,,,,0.0,0.1,-10230134,-8675896,-0.11,2014-12-31,35386000,388061000.0,22900307,-12636032,46932,8878000,8878000,None,2332000,None,14257000,None,None,74000,None,8894000,-12682964,None,None,None,0.0016,,33703089,-10802782,2044000,12769000,None,149000,None,,,,,-1.18,4.208,3.869,,,,,,,,-0.0555,,11552000,2025-10-29,quarterly,-0.01,USD,pre-market,9108600,-138424000,-0.0265,-0.0611,0.158,10.9,24594489,4055000,3981000,31265000,34.42,36.76,90.9091,158404000,93508000,25643000,25866000,64896000,223000,30956987,132538000,0,43.11,28.29
2025-12-28,ATRC,-0.61,518305000.0,None,1.473,9.59,,None,35526000,35526000,,,,,,,,,27000,26915000,None,8056680,8056680,7785000,None,None,15177000,None,None,1554238,,,,,0.0,0.1,-10230134,-8675896,-0.11,2014-09-30,35386000,388061000.0,22900307,-12636032,46932,9233000,9233000,None,2332000,None,14563000,None,None,55000,None,11749000,-12682964,None,None,None,0.0016,,33703089,-10802782,1547000,9923000,None,158000,None,,,,,-1.18,4.208,3.869,,,,,,,,-0.0555,,9842000,2025-10-29,quarterly,-0.01,USD,pre-market,9108600,-133080000,-0.0265,-0.0611,0.158,10.9,24594489,2596000,2582000,23908000,34.42,36.76,90.9091,157140000,90721000,21892000,22105000,66419000,213000,30956987,135035000,0,43.11,28.29
2025-12-28,ATRC,-0.61,518305000.0,None,1.473,9.59,,None,41978000,41978000,,,,,,,,,27000,26849000,None,8056680,8056680,7522000,None,None,15058000,None,None,1554238,,,,,0.0,0.1,-10230134,-8675896,-0.11,2014-06-30,35386000,388061000.0,22900307,-12636032,46932,9588000,9588000,None,2332000,None,12666000,None,None,65000,None,11387000,-12682964,None,None,None,0.0016,,33703089,-10802782,1840000,8434000,None,4768000,None,,,,,-1.18,4.208,3.869,,,,,,,,-0.0555,,6462000,2025-10-29,quarterly,-0.01,USD,pre-market,9108600,-132614000,-0.0265,-0.0611,0.158,10.9,24594489,106000,41000,21223000,34.42,36.76,90.9091,155933000,92765000,16880000,21713000,63168000,4833000,30956987,134220000,0,43.11,28.29
2025-12-28,ATRC,-0.61,518305000.0,None,1.473,9.59,,None,68639000,68639000,,,,,,,,,27000,24766000,None,8056680,8056680,7921000,None,None,14713000,None,None,1554238,,,,,0.0,0.1,-10230134,-8675896,-0.11,2014-03-31,35386000,388061000.0,22900307,-12636032,46932,9944000,9944000,None,2332000,None,11082000,None,None,69000,None,None,-12682964,None,None,None,0.0016,,33703089,-10802782,2098000,7094000,None,8209000,None,,,,,-1.18,4.208,3.869,,,,,,,,-0.0555,,5769000,2025-10-29,quarterly,-0.01,USD,pre-market,9108600,-129922000,-0.0265,-0.0611,0.158,10.9,24594489,107000,38000,10716000,34.42,36.76,90.9091,158554000,107248000,16013000,24291000,51306000,8278000,30956987,134263000,0,43.11,28.29
2025-12-28,ATRC,-0.61,518305000.0,None,1.473,9.59,,None,14892000,14892000,,,,,,,,,23000,20785000,None,8056680,8056680,8605000,None,None,13652000,None,None,1554238,,,,,0.0,0.1,-10230134,-8675896,-0.11,2013-12-31,35386000,388061000.0,22900307,-12636032,46932,10299000,10299000,None,2332000,None,10214000,None,None,4412000,None,7914000,-12682964,None,None,None,0.0016,,33703089,-10802782,2410000,14617000,None,8218000,None,,,,,-1.18,4.208,3.869,,,,,,,,-0.0555,,5643000,2025-10-29,quarterly,-0.01,USD,pre-market,9108600,-122213000,-0.0265,-0.0611,0.158,10.9,24594489,6450000,2038000,11319000,34.42,36.76,90.9091,111947000,52487000,26713000,39343000,59460000,12630000,30956987,72604000,0,43.11,28.29
2025-12-28,ATRC,-0.61,518305000.0,None,1.473,9.59,,None,25821000,25821000,,,,,,,,,21000,20725000,None,8056680,8056680,5720000,None,None,11031000,None,None,1554238,,,,,0.0,0.1,-10230134,-8675896,-0.11,2013-09-30,23000,388061000.0,22900307,-12636032,46932,23000,23000,None,2332000,None,7062000,None,None,4922000,None,4678000,-12682964,None,None,None,0.0016,,33703089,-10802782,779000,7819000,None,195000,None,,,,,-1.18,4.208,3.869,,,,,,,,-0.0555,,4135000,2025-10-29,quarterly,-0.01,USD,pre-market,9108600,-117233000,-0.0265,-0.0611,0.158,10.9,24594489,6959000,2037000,3864000,34.42,36.76,90.9091,57637000,48557000,16275000,21392000,9080000,5117000,30956987,36245000,0,43.11,28.29
2025-12-28,ATRC,-0.61,518305000.0,None,1.473,9.59,,None,31044000,31044000,,,,,,,,,21000,20652000,None,8056680,8056680,5196000,None,None,11344000,None,None,1554238,,,,,0.0,0.1,-10230134,-8675896,-0.11,2013-06-30,26000,388061000.0,22900307,-12636032,46932,26000,26000,None,2332000,None,6028000,None,None,5391000,None,None,-12682964,None,None,None,0.0016,,33703089,-10802782,1152000,5650000,None,547000,None,,,,,-1.18,4.208,3.869,,,,,,,,-0.0555,,3685000,2025-10-29,quarterly,-0.01,USD,pre-market,9108600,-114485000,-0.0265,-0.0611,0.158,10.9,24594489,7422000,2031000,3898000,34.42,36.76,90.9091,57481000,53466000,13403000,19341000,4015000,5938000,30956987,38140000,0,43.11,28.29
2025-12-28,ATRC,-0.61,518305000.0,None,1.473,9.59,,None,30784000,30784000,,,,,,,,,21000,19544000,None,8056680,8056680,5429000,None,None,11135000,None,None,1554238,,,,,0.0,0.1,-10230134,-8675896,-0.11,2013-03-31,29000,388061000.0,22900307,-12636032,46932,29000,29000,None,2332000,None,5693000,None,None,5899000,None,None,-12682964,None,None,None,0.0016,,33703089,-10802782,1500000,4763000,None,934000,None,,,,,-1.18,4.208,3.869,,,,,,,,-0.0555,,3455000,2025-10-29,quarterly,-0.01,USD,pre-market,9108600,-112694000,-0.0265,-0.0611,0.158,10.9,24594489,7929000,2030000,5245000,34.42,36.76,90.9091,58127000,54357000,12694000,19527000,3770000,6833000,30956987,38600000,0,43.11,28.29
2025-12-28,ATRC,-0.61,518305000.0,None,1.473,9.59,,None,7753000,7753000,,,,,,,,,17000,16332000,None,8056680,8056680,5103000,None,None,9948000,None,None,1554238,,,,,0.0,0.1,-10230134,-8675896,-0.11,2012-12-31,32000,388061000.0,22900307,-12636032,46932,32000,32000,None,2332000,None,5718000,None,None,6407000,None,None,-12682964,None,None,None,0.0016,,33703089,-10802782,873000,4707000,None,1319000,None,,,,,-1.18,4.208,3.869,,,,,,,,-0.0555,,3430000,2025-10-29,quarterly,-0.01,USD,pre-market,9108600,-110751000,-0.0265,-0.0611,0.158,10.9,24594489,8436000,2029000,4247000,34.42,36.76,90.9091,32431000,28539000,12205000,19931000,3892000,7726000,30956987,12500000,0,43.11,28.29
2025-12-28,ATRC,-0.61,518305000.0,None,1.473,9.59,,None,8203000,8203000,,,,,,,,,17000,16278000,None,8056680,8056680,4795000,None,None,9391000,None,None,1554238,,,,,0.0,0.1,-10230134,-8675896,-0.11,2012-09-30,36000,388061000.0,22900307,-12636032,46932,36000,36000,None,2332000,None,6878000,None,None,6866000,None,None,-12682964,None,None,None,0.0016,,33703089,-10802782,802000,4775000,None,1713000,None,,,,,-1.18,4.208,3.869,,,,,,,,-0.0555,,3205000,2025-10-29,quarterly,-0.01,USD,pre-market,9108600,-108731000,-0.0265,-0.0611,0.158,10.9,24594489,8900000,2034000,4845000,34.42,36.76,90.9091,33744000,30119000,11604000,20183000,3625000,8579000,30956987,13561000,0,43.11,28.29
2025-12-28,ATRC,-0.61,518305000.0,None,1.473,9.59,,None,8660000,8660000,,,,,,,,,17000,16132000,None,8056680,8056680,4847000,None,None,10383000,None,None,1554238,,,,,0.0,0.1,-10230134,-8675896,-0.11,2012-06-30,39000,388061000.0,22900307,-12636032,46932,39000,39000,None,2332000,None,6491000,None,None,7366000,None,1499000,-12682964,None,None,None,0.0016,,33703089,-10802782,1099000,4856000,None,1980000,None,,,,,-1.18,4.208,3.869,,,,,,,,-0.0555,,2653000,2025-10-29,quarterly,-0.01,USD,pre-market,9108600,-106163000,-0.0265,-0.0611,0.158,10.9,24594489,9405000,2039000,4795000,34.42,36.76,90.9091,36024000,31428000,11742000,21088000,4596000,9346000,30956987,14936000,0,43.11,28.29
2025-12-28,ATRC,-0.61,518305000.0,None,1.473,9.59,,None,11418360,11418360,,,,,,,,,16485,16015877,None,8056680,8056680,5229096,None,None,9723090,None,None,1554238,,,,,0.0,0.1,-10230134,-8675896,-0.11,2012-03-31,41666,388061000.0,22900307,-12636032,46932,41666,41666,None,2332000,None,7037280,None,None,7873000,None,600000,-12682964,None,None,None,0.0016,,33703089,-10802782,1059754,4122238,None,2245155,None,,,,,-1.18,4.208,3.869,,,,,,,,-0.0555,,2543865,2025-10-29,quarterly,-0.01,USD,pre-market,9108600,-104836876,-0.0265,-0.0611,0.158,10.9,24594489,9916640,2043928,3871147,34.42,36.76,90.9091,36588080,33109631,11818436,21936303,3478449,10117867,30956987,14651777,0,43.11,28.29
2025-12-28,ATRC,-0.61,518305000.0,None,1.473,9.59,,None,9758903,9758903,,,,,,,,,16369,16015877,None,8056680,8056680,5270000,None,None,9513894,None,None,1554238,,,,,0.0,0.1,-10230134,-8675896,-0.11,2011-12-31,44791,388061000.0,22900307,-12636032,46932,44791,44791,None,2332000,None,6563138,None,None,4926000,None,None,-12682964,None,None,None,0.0016,,33703089,-10802782,-16077032,3546569,None,2509599,None,,,,,-1.18,4.208,3.869,,,,,,,,-0.0555,,2350760,2025-10-29,quarterly,-0.01,USD,pre-market,9108600,-103217096,-0.0265,-0.0611,0.158,10.9,24594489,6468623,1543000,4423763,34.42,36.76,90.9091,33858890,31192726,10808812,18244186,2666164,7435374,30956987,15614704,0,43.11,28.29
2025-12-28,ATRC,-0.61,518305000.0,None,1.473,9.59,,None,3431513,3431513,,,,,,,,,16267,15811000,None,8056680,8056680,4830721,None,None,8852834,None,None,1554238,,,,,0.0,0.1,-10230134,-8675896,-0.11,2011-09-30,47916,388061000.0,22900307,-12636032,46932,47916,47916,None,2332000,None,6543080,None,None,5286000,None,None,-12682964,None,None,None,0.0016,,33703089,-10802782,1125424,3606051,None,2770838,None,,,,,-1.18,4.208,3.869,,,,,,,,-0.0555,,2110916,2025-10-29,quarterly,-0.01,USD,pre-market,9108600,-101137628,-0.0265,-0.0611,0.158,10.9,24594489,6820781,1534754,11787336,34.42,36.76,90.9091,34120525,31740187,9971526,18028391,2380338,8056865,30956987,16092134,0,43.11,28.29
2025-12-28,ATRC,-0.61,518305000.0,None,1.473,9.59,,None,4111921,4111921,,,,,,,,,16282,15613000,None,8056680,8056680,5184660,None,None,9898929,None,None,1554238,,,,,0.0,0.1,-10230134,-8675896,-0.11,2011-06-30,55625,388061000.0,22900307,-12636032,46932,55625,55625,None,2332000,None,6009527,None,None,5670000,None,509681,-12682964,None,None,None,0.0016,,33703089,-10802782,1227510,3196689,None,2942717,None,,,,,-1.18,4.208,3.869,,,,,,,,-0.0555,,2281640,2025-10-29,quarterly,-0.01,USD,pre-market,9108600,-99981292,-0.0265,-0.0611,0.158,10.9,24594489,7203941,1533899,11798678,34.42,36.76,90.9091,36136844,33046565,10602841,19215600,3090279,8612759,30956987,16921244,0,43.11,28.29
2025-12-28,ATRC,-0.61,518305000.0,None,1.473,9.59,,None,7685746,7685746,,,,,,,,,16069,15396307,None,8056680,8056680,4437344,None,None,9270705,None,None,1554238,,,,,0.0,0.1,-10230134,-8675896,-0.11,2011-03-31,72500,388061000.0,22900307,-12636032,46932,72500,72500,None,2332000,None,6015338,None,None,6054000,None,None,-12682964,None,None,None,0.0016,,33703089,-10802782,3003966,5557897,None,None,None,,,,,-1.18,4.208,3.869,,,,,,,,-0.0555,,2554000,2025-10-29,quarterly,-0.01,USD,pre-market,9108600,-99034639,-0.0265,-0.0611,0.158,10.9,24594489,7586902,1533066,7973664,34.42,36.76,90.9091,36730341,33949419,11528307,20695538,2780922,9167231,30956987,16034803,None,43.11,28.29
2025-12-28,ATRC,-0.61,518305000.0,None,1.473,9.59,,None,4230709,4230709,,,,,,,,,15664,15396307,None,8056680,8056680,4511516,None,None,9480064,None,None,1554238,,,,,0.0,0.1,-10230134,-8675896,-0.11,2010-12-31,89375,388061000.0,22900307,-12636032,46932,89375,89375,None,2332000,None,5680033,None,None,662000,None,None,-12682964,None,None,None,0.0016,,33703089,-10802782,2917571,6311405,None,None,None,,,,,-1.18,4.208,3.869,,,,,,,,-0.0555,,2724000,2025-10-29,quarterly,-0.01,USD,pre-market,9108600,-97761593,-0.0265,-0.0611,0.158,10.9,24594489,2854980,2193356,8340028,34.42,36.76,90.9091,33715714,30648405,13035277,16979784,3067309,3944507,30956987,16735930,None,43.11,28.29
2025-12-28,ATRC,-0.61,518305000.0,None,1.473,9.59,,None,3526091,3526091,,,,,,,,,15588,15148815,None,8056680,8056680,4751692,None,None,13517264,None,None,1554238,,,,,0.0,0.1,-10230134,-8675896,-0.11,2010-09-30,106250,388061000.0,22900307,-12636032,46932,106250,106250,None,2332000,None,6631463,None,None,1172000,None,None,-12682964,None,None,None,0.0016,,33703089,-10802782,681989,8750566,None,None,None,,,,,-1.18,4.208,3.869,,,,,,,,-0.0555,,2969000,2025-10-29,quarterly,-0.01,USD,pre-market,9108600,-97773137,-0.0265,-0.0611,0.158,10.9,24594489,3373744,2202105,7930184,34.42,36.76,90.9091,35673450,32286991,15704363,19960831,3386459,4256468,30956987,15712619,None,43.11,28.29
2025-12-28,ATRC,-0.61,518305000.0,None,1.473,9.59,,None,6854106,6854106,,,,,,,,,15558,15025522,None,8056680,8056680,3803684,None,None,7720511,None,None,1554238,,,,,0.0,0.1,-10230134,-8675896,-0.11,2010-06-30,146903,388061000.0,22900307,-12636032,46932,146903,146903,None,2332000,None,5988966,None,None,1676000,None,None,-12682964,None,None,None,0.0016,,33703089,-10802782,5651610,8126489,None,None,None,,,,,-1.18,4.208,3.869,,,,,,,,-0.0555,,2944000,2025-10-29,quarterly,-0.01,USD,pre-market,9108600,-96743827,-0.0265,-0.0611,0.158,10.9,24594489,3886622,2210699,5126111,34.42,36.76,90.9091,34753534,31341304,14140872,19014403,3412230,4873531,30956987,15739131,None,43.11,28.29
2025-12-28,ATRC,-0.61,518305000.0,None,1.473,9.59,,None,3655505,3655505,,,,,,,,,15461,14997009,None,8056680,8056680,4765446,None,None,8696571,None,None,1554238,,,,,0.0,0.1,-10230134,-8675896,-0.11,2010-03-31,217278,388061000.0,22900307,-12636032,46932,217278,217278,None,2332000,None,5448976,None,None,2175000,None,None,-12682964,None,None,None,0.0016,,33703089,-10802782,3568602,4695883,None,None,None,,,,,-1.18,4.208,3.869,,,,,,,,-0.0555,,2883000,2025-10-29,quarterly,-0.01,USD,pre-market,9108600,-95979321,-0.0265,-0.0611,0.158,10.9,24594489,4394321,2219140,8189204,34.42,36.76,90.9091,32989071,29558858,11680469,17165160,3430213,5484691,30956987,15823911,None,43.11,28.29
2025-12-28,ATRC,-0.61,518305000.0,None,1.473,9.59,,None,8905425,8905425,,,,,,,,,15353,14997009,None,8056680,8056680,3599943,None,None,7248087,None,None,1554238,,,,,0.0,0.1,-10230134,-8675896,-0.11,2009-12-31,287653,388061000.0,22900307,-12636032,46932,287653,287653,None,2332000,None,4869708,None,None,2669000,None,None,-12682964,None,None,None,0.0016,,33703089,-10802782,3511335,5979176,None,None,None,,,,,-1.18,4.208,3.869,,,,,,,,-0.0555,,3009000,2025-10-29,quarterly,-0.01,USD,pre-market,9108600,-93969970,-0.0265,-0.0611,0.158,10.9,24594489,4897097,2227431,6816673,34.42,36.76,90.9091,34982336,31351228,11806550,17892576,3631108,6086026,30956987,17089760,None,43.11,28.29
2025-12-28,ATRC,-0.61,518305000.0,None,1.473,9.59,,None,10573594,10573594,,,,,,,,,14992,14614217,None,8056680,8056680,3813153,None,None,6502970,None,None,1554238,,,,,0.0,0.1,-10230134,-8675896,-0.11,2009-09-30,358028,388061000.0,22900307,-12636032,46932,358028,358028,None,2332000,None,5478423,None,None,3094000,None,None,-12682964,None,None,None,0.0016,,33703089,-10802782,3873104,5359598,None,None,None,,,,,-1.18,4.208,3.869,,,,,,,,-0.0555,,3086000,2025-10-29,quarterly,-0.01,USD,pre-market,9108600,-91579942,-0.0265,-0.0611,0.158,10.9,24594489,5296906,2202603,4712435,34.42,36.76,90.9091,36073984,31140526,11375354,17782930,4933458,6407576,30956987,18291054,None,43.11,28.29
2025-12-28,ATRC,-0.61,518305000.0,None,1.473,9.59,,None,13728047,13728047,,,,,,,,,14723,14456542,None,8056680,8056680,4315832,None,None,7357227,None,None,1554238,,,,,0.0,0.1,-10230134,-8675896,-0.11,2009-06-30,428403,388061000.0,22900307,-12636032,46932,428403,428403,None,2332000,None,5932089,None,None,3581000,None,None,-12682964,None,None,None,0.0016,,33703089,-10802782,1568396,2508888,None,None,None,,,,,-1.18,4.208,3.869,,,,,,,,-0.0555,,3381000,2025-10-29,quarterly,-0.01,USD,pre-market,9108600,-86882972,-0.0265,-0.0611,0.158,10.9,24594489,5782466,2201947,2007495,34.42,36.76,90.9091,34788506,30593254,9026667,12673243,4195252,3646576,30956987,22115263,None,43.11,28.29
2025-12-28,ATRC,-0.61,518305000.0,None,1.473,9.59,,None,8608176,8608176,,,,,,,,,14750,14296612,None,8056680,8056680,3232120,None,None,7593147,None,None,1554238,,,,,0.0,0.1,-10230134,-8675896,-0.11,2009-03-31,6812389,388061000.0,22900307,-12636032,46932,498778,498778,None,2332000,None,5690728,None,None,28000,None,None,-12682964,None,None,None,0.0016,,33703089,-10802782,1699916,2417421,None,None,None,,,,,-1.18,4.208,3.869,,,,,,,,-0.0555,,3564000,2025-10-29,quarterly,-0.01,USD,pre-market,9108600,-85439904,-0.0265,-0.0611,0.158,10.9,24594489,62342,34637,None,34.42,36.76,90.9091,27975824,23591967,5684178,5793680,4383857,109502,30956987,22182144,None,43.11,28.29
2025-12-28,ATRC,-0.61,518305000.0,None,1.473,9.59,,None,11448451,11448451,,,,,,,,,14275,14296612,None,8056680,8056680,5150033,None,None,6511594,None,None,1554238,,,,,0.0,0.1,-10230134,-8675896,-0.11,2008-12-31,6812389,388061000.0,22900307,-12636032,46932,569153,569153,None,2332000,None,6361242,None,None,6037000,None,None,-12682964,None,None,None,0.0016,,33703089,-10802782,1781825,2979563,None,None,None,,,,,-1.18,4.208,3.869,,,,,,,,-0.0555,,3683000,2025-10-29,quarterly,-0.01,USD,pre-market,9108600,-77474982,-0.0265,-0.0611,0.158,10.9,24594489,6070609,34004,None,34.42,36.76,90.9091,43368832,26103112,8106600,14249675,17265720,6143075,30956987,29119157,None,43.11,28.29
2025-12-28,ATRC,-0.61,518305000.0,None,1.473,9.59,,None,12280244,12280244,,,,,,,,,14219,14208232,None,8056680,8056680,4106376,None,None,8716091,None,None,1554238,,,,,0.0,0.1,-10230134,-8675896,-0.11,2008-09-30,6812389,388061000.0,22900307,-12636032,46932,639528,639528,None,2332000,None,5358715,None,None,6044000,None,None,-12682964,None,None,None,0.0016,,33703089,-10802782,1379698,4128748,None,None,None,,,,,-1.18,4.208,3.869,,,,,,,,-0.0555,,4239000,2025-10-29,quarterly,-0.01,USD,pre-market,9108600,-74275755,-0.0265,-0.0611,0.158,10.9,24594489,6078725,33383,None,34.42,36.76,90.9091,45642111,27734748,8268507,14441378,17907363,6172871,30956987,31200733,None,43.11,28.29
2025-12-28,ATRC,-0.61,518305000.0,None,1.473,9.59,,None,10023442,10023442,,,,,,,,,14196,14184973,None,8056680,8056680,3902038,None,None,9458302,None,None,1554238,,,,,0.0,0.1,-10230134,-8675896,-0.11,2008-06-30,6763259,388061000.0,22900307,-12636032,46932,709903,709903,None,2332000,None,5847802,None,None,538000,None,None,-12682964,None,None,None,0.0016,,33703089,-10802782,1228197,3342956,None,None,None,,,,,-1.18,4.208,3.869,,,,,,,,-0.0555,,4455000,2025-10-29,quarterly,-0.01,USD,pre-market,9108600,-72505779,-0.0265,-0.0611,0.158,10.9,24594489,571387,32774,1895462,34.42,36.76,90.9091,40608649,28453205,7277768,8143247,12155444,865479,30956987,32465402,None,43.11,28.29
2025-12-28,ATRC,-0.61,518305000.0,None,1.473,9.59,,None,13014579,13014579,,,,,,,,,14175,14149963,None,8056680,8056680,5266991,None,None,8552666,None,None,1554238,,,,,0.0,0.1,-10230134,-8675896,-0.11,2008-03-31,6763259,388061000.0,22900307,-12636032,46932,780278,780278,None,2332000,None,6305013,None,None,243000,None,None,-12682964,None,None,None,0.0016,,33703089,-10802782,1418648,3953508,None,None,None,,,,,-1.18,4.208,3.869,,,,,,,,-0.0555,,4765000,2025-10-29,quarterly,-0.01,USD,pre-market,9108600,-70913165,-0.0265,-0.0611,0.158,10.9,24594489,686755,443338,1903904,34.42,36.76,90.9091,43619981,31194810,9663837,10221070,12425171,557233,30956987,33398911,None,43.11,28.29
2025-12-28,ATRC,-0.61,518305000.0,None,1.473,9.59,,None,13000652,13000652,,,,,,,,,14132,14149963,None,8056680,8056680,4651201,None,None,7189512,None,None,1554238,,,,,0.0,0.1,-10230134,-8675896,-0.11,2007-12-31,6763259,388061000.0,22900307,-12636032,46932,850653,850653,None,2332000,None,5266155,None,None,283000,None,None,-12682964,None,None,None,0.0016,,33703089,-10802782,1400163,3762455,None,None,None,,,,,-1.18,4.208,3.869,,,,,,,,-0.0555,,4466000,2025-10-29,quarterly,-0.01,USD,pre-market,9108600,-67307730,-0.0265,-0.0611,0.158,10.9,24594489,1107621,825146,7006041,34.42,36.76,90.9091,46071496,33862523,9238802,9834994,12208973,596192,30956987,36236502,None,43.11,28.29
2025-12-28,ATRC,-0.61,518305000.0,None,1.473,9.59,,None,17230239,17230239,,,,,,,,,14129,14125230,None,8056680,8056680,3658000,None,None,7362113,None,None,1554238,,,,,0.0,0.1,-10230134,-8675896,-0.11,2007-09-30,6222258,388061000.0,22900307,-12636032,46932,1095611,1095611,None,2332000,None,4172069,None,None,385000,None,None,-12682964,None,None,None,0.0016,,33703089,-10802782,1353415,3429148,None,None,None,,,,,-1.18,4.208,3.869,,,,,,,,-0.0555,,4386000,2025-10-29,quarterly,-0.01,USD,pre-market,9108600,-65742349,-0.0265,-0.0611,0.158,10.9,24594489,797268,412676,3979050,34.42,36.76,90.9091,45941964,34096886,7499825,8218479,11845078,718654,30956987,37723485,None,43.11,28.29
2025-12-28,ATRC,-0.61,518305000.0,None,1.473,9.59,,None,27736249,27736249,,,,,,,,,14121,12943884,None,8056680,8056680,5662273,None,None,7247903,None,None,1554238,,,,,0.0,0.1,-10230134,-8675896,-0.11,2007-06-30,3840837,388061000.0,22900307,-12636032,46932,665778,665778,None,2332000,None,3976143,None,None,485000,None,None,-12682964,None,None,None,0.0016,,33703089,-10802782,988402,3143965,None,None,None,,,,,-1.18,4.208,3.869,,,,,,,,-0.0555,,4170000,2025-10-29,quarterly,-0.01,USD,pre-market,9108600,-63144175,-0.0265,-0.0611,0.158,10.9,24594489,892206,407513,999380,34.42,36.76,90.9091,49777909,40948077,9213751,10035944,8829832,822193,30956987,39741965,None,43.11,28.29
2025-12-28,ATRC,-0.61,518305000.0,None,1.473,9.59,,None,13186141,13186141,,,,,,,,,12304,12298424,None,8056680,8056680,5172000,None,None,6264462,None,None,1554238,,,,,0.0,0.1,-10230134,-8675896,-0.11,2007-03-31,3840837,388061000.0,22900307,-12636032,46932,719278,719278,None,2332000,None,4115658,None,None,590000,None,None,-12682964,None,None,None,0.0016,,33703089,-10802782,1371575,2638910,None,None,None,,,,,-1.18,4.208,3.869,,,,,,,,-0.0555,,3768000,2025-10-29,quarterly,-0.01,USD,pre-market,9108600,-60357085,-0.0265,-0.0611,0.158,10.9,24594489,989068,399406,2797820,34.42,36.76,90.9091,36232319,27735656,8210315,9123415,8496663,913100,30956987,27108904,None,43.11,28.29
2025-12-28,ATRC,-0.61,518305000.0,None,1.473,9.59,,None,14890383,14890383,,,,,,,,,12000,12298424,None,8056680,8056680,1930000,None,None,6562341,None,None,1554238,,,,,0.0,0.1,-10230134,-8675896,-0.11,2006-12-31,3840837,388061000.0,22900307,-12636032,46932,772778,772778,None,2332000,None,3389401,None,None,693000,None,None,-12682964,None,None,None,0.0016,,33703089,-10802782,1248000,5336000,None,None,None,,,,,-1.18,4.208,3.869,,,,,,,,-0.0555,,3643000,2025-10-29,quarterly,-0.01,USD,pre-market,9108600,-56054664,-0.0265,-0.0611,0.158,10.9,24594489,1084004,391460,4598032,34.42,36.76,90.9091,39128065,30687895,7656884,8433803,None,None,30956987,30694000,None,43.11,28.29
2025-12-28,ATRC,-0.61,518305000.0,None,1.473,9.59,,None,15816121,15816121,,,,,,,,,12180,12148565,None,8056680,8056680,1546658,None,None,6085754,None,None,1554238,,,,,0.0,0.1,-10230134,-8675896,-0.11,2006-09-30,3840837,388061000.0,22900307,-12636032,46932,826278,826278,None,2332000,None,3249554,None,None,793000,None,None,-12682964,None,None,None,0.0016,,33703089,-10802782,1460288,4253206,None,None,None,,,,,-1.18,4.208,3.869,,,,,,,,-0.0555,,3534000,2025-10-29,quarterly,-0.01,USD,pre-market,9108600,-51791100,-0.0265,-0.0611,0.158,10.9,24594489,1178371,384992,3689367,34.42,36.76,90.9091,41501414,30301084,6184856,7048548,11200330,863692,30956987,34452866,None,43.11,28.29
2025-12-28,ATRC,-0.61,518305000.0,None,1.473,9.59,,None,19814470,19814470,,,,,,,,,12123,12118032,None,8056680,8056680,1354903,None,None,5599078,None,None,1554238,,,,,0.0,0.1,-10230134,-8675896,-0.11,2006-06-30,3840837,388061000.0,22900307,-12636032,46932,879778,879778,None,2332000,None,3055668,None,None,893000,None,None,-12682964,None,None,None,0.0016,,33703089,-10802782,498818,4120803,None,None,None,,,,,-1.18,4.208,3.869,,,,,,,,-0.0555,,3271000,2025-10-29,quarterly,-0.01,USD,pre-market,9108600,-48635502,-0.0265,-0.0611,0.158,10.9,24594489,1271506,379299,5174928,34.42,36.76,90.9091,44139948,34142962,5855005,6803462,9996986,948457,30956987,37336486,None,43.11,28.29
2025-12-28,ATRC,-0.61,518305000.0,None,1.473,9.59,,None,23058275,23058275,,,,,,,,,12117,12096200,None,8056680,8056680,1463330,None,None,5490512,None,None,1554238,,,,,0.0,0.1,-10230134,-8675896,-0.11,2006-03-31,3840837,388061000.0,22900307,-12636032,46932,933278,933278,None,2332000,None,2708529,None,None,989000,None,None,-12682964,None,None,None,0.0016,,33703089,-10802782,726148,3838240,None,None,None,,,,,-1.18,4.208,3.869,,,,,,,,-0.0555,,3273000,2025-10-29,quarterly,-0.01,USD,pre-market,9108600,-45427161,-0.0265,-0.0611,0.158,10.9,24594489,1362780,373711,4920257,34.42,36.76,90.9091,46972540,36903721,5675281,6706537,10068819,1031256,30956987,40266003,None,43.11,28.29
2025-12-28,ATRC,-0.61,518305000.0,None,1.473,9.59,,None,27432948,27432948,,,,,,,,,12086,12096200,None,8056680,8056680,1243365,None,None,4865065,None,None,1554238,,,,,0.0,0.1,-10230134,-8675896,-0.11,2005-12-31,4827615,388061000.0,22900307,-12636032,46932,4827615,4827615,None,2332000,None,2135143,None,None,1084000,None,None,-12682964,None,None,None,0.0016,,33703089,-10802782,845330,4159758,None,None,None,,,,,-1.18,4.208,3.869,,,,,,,,-0.0555,,3359000,2025-10-29,quarterly,-0.01,USD,pre-market,9108600,-42337389,-0.0265,-0.0611,0.158,10.9,24594489,1481965,369835,6369234,34.42,36.76,90.9091,50040415,41647720,5772958,6856963,8392695,1084005,30956987,43183452,None,43.11,28.29
2025-12-28,ATRC,-0.61,518305000.0,None,1.473,9.59,,None,38335926,38335926,,,,,,,,,12060,8151220,None,8056680,8056680,2191349,None,None,3769495,None,None,1554238,,,,,0.0,0.1,-10230134,-8675896,-0.11,2005-09-30,3840837000,388061000.0,22900307,-12636032,46932,4881115,4881115,None,2332000,None,2424719,None,None,1245000,None,None,-12682964,None,None,None,0.0016,,33703089,-10802782,1132617,-395077040,None,None,None,,,,,-1.18,4.208,3.869,,,,,,,,-0.0555,,3551000,2025-10-29,quarterly,-0.01,USD,pre-market,9108600,-38327879,-0.0265,-0.0611,0.158,10.9,24594489,1569303,323585,None,34.42,36.76,90.9091,54310237,45662757,6020894,7314612,8647480,1293718,30956987,46995625,None,43.11,28.29
2025-12-28,ATRC,-0.61,518305000.0,None,1.473,9.59,,11860000,122721000,122721000,,,,,,,,,49000,46965000,None,8056680,8056680,25032000,None,2805000,60339000,None,None,1554238,,,,,0.0,0.1,-10230134,-8675896,-0.11,2024-12-31,234781000,388061000.0,22900307,-12636032,46932,56467000,56467000,None,2332000,None,75335000,None,None,61865000,None,None,-12682964,None,None,None,0.0016,,33703089,-10802782,9431000,45587000,None,1210000,None,,,,,-1.18,4.208,3.869,,,,,,,,-0.0555,,None,2025-10-29,annual,-0.01,USD,pre-market,9108600,-401755000,-0.0265,-0.0611,0.158,10.9,24594489,76530000,2805000,0,34.42,36.76,90.9091,609328000,267826000,73424000,148359000,341502000,74935000,30956987,460969000,None,43.11,28.29
2025-12-28,ATRC,-0.61,518305000.0,None,1.473,9.59,,11368000,84310000,84310000,,,,,,,,,48000,46309000,None,8056680,8056680,27354000,None,2533000,52501000,None,None,1554238,,,,,0.0,0.1,-10230134,-8675896,-0.11,2023-12-31,234781000,388061000.0,22900307,-12636032,46932,63986000,63986000,None,2332000,None,67897000,None,None,60593000,None,0,-12682964,None,None,None,0.0016,,33703089,-10802782,8563000,44682000,None,1234000,None,,,,,-1.18,4.208,3.869,,,,,,,,-0.0555,,None,2025-10-29,annual,-0.01,USD,pre-market,9108600,-357057000,-0.0265,-0.0611,0.158,10.9,24594489,74494000,2533000,52975000,34.42,36.76,90.9091,613932000,266246000,74569000,147764000,347686000,73195000,30956987,466168000,None,43.11,28.29
2025-12-28,ATRC,-0.61,518305000.0,None,1.473,9.59,,12242000,58099000,58099000,,,,,,,,,47000,45740000,None,8056680,8056680,19898000,None,5472000,42693000,None,None,1554238,,,,,0.0,0.1,-10230134,-8675896,-0.11,2022-12-31,234781000,388061000.0,22900307,-12636032,46932,39339000,39339000,None,2332000,None,45931000,None,None,56834000,None,51509000,-12682964,None,None,None,0.0016,,33703089,-10802782,5477000,33022000,None,13468000,None,,,,,-1.18,4.208,3.869,,,,,,,,-0.0555,,42620000,2025-10-29,annual,-0.01,USD,pre-market,9108600,-326619000,-0.0265,-0.0611,0.158,10.9,24594489,74548000,5472000,63014000,34.42,36.76,90.9091,585448000,215214000,58392000,128694000,370234000,70302000,30956987,456754000,None,43.11,28.29
2025-12-28,ATRC,-0.61,518305000.0,None,1.473,9.59,,15906000,43654000,43654000,,,,,,,,,46000,46039000,None,8056680,8056680,18597000,None,1756000,33021000,None,None,1554238,,,,,0.0,0.1,-10230134,-8675896,-0.11,2021-12-31,234781000,388061000.0,22900307,-12636032,46932,42992000,42992000,None,2332000,None,38964000,None,None,59741000,None,104338000,-12682964,None,None,None,0.0016,,33703089,-10802782,5001000,34640000,None,15370000,None,,,,,-1.18,4.208,3.869,,,,,,,,-0.0555,,36170000,2025-10-29,annual,-0.01,USD,pre-market,9108600,-280153000,-0.0265,-0.0611,0.158,10.9,24594489,75647000,1756000,75436000,34.42,36.76,90.9091,615312000,196076000,56445000,131556000,419236000,75111000,30956987,483756000,None,43.11,28.29
2025-12-28,ATRC,-0.61,518305000.0,None,1.473,9.59,,12149000,41944000,41944000,,,,,,,,,45000,42125000,None,8056680,8056680,12736000,None,8417000,23146000,None,None,1554238,,,,,0.0,0.1,-10230134,-8675896,-0.11,2020-12-31,234781000,388061000.0,22900307,-12636032,46932,128199000,128199000,None,2332000,None,35026000,None,None,53435000,None,14178000,-12682964,None,None,None,0.0016,,33703089,-10802782,4347000,26728000,None,199573000,None,,,,,-1.18,4.208,3.869,,,,,,,,-0.0555,,28290000,2025-10-29,annual,-0.01,USD,pre-market,9108600,-330352000,-0.0265,-0.0611,0.158,10.9,24594489,74001000,8417000,202274000,34.42,36.76,90.9091,714539000,306737000,49137000,302145000,407802000,253008000,30956987,412394000,None,43.11,28.29
2025-12-28,ATRC,-0.61,518305000.0,None,1.473,9.59,,14570000,28483000,28483000,,,,,,,,,40000,37589000,None,8056680,8056680,14948000,None,2218000,28046000,None,None,1554238,,,,,0.0,0.1,-10230134,-8675896,-0.11,2019-12-31,234781000,388061000.0,22900307,-12636032,46932,129881000,129881000,None,2332000,None,29414000,None,None,59634000,None,12675000,-12682964,None,None,None,0.0016,,33703089,-10802782,3899000,31092000,None,200987000,None,,,,,-1.18,4.208,3.869,,,,,,,,-0.0555,,32646000,2025-10-29,annual,-0.01,USD,pre-market,9108600,-282197000,-0.0265,-0.0611,0.158,10.9,24594489,76422000,2218000,53318000,34.42,36.76,90.9091,557880000,143160000,49916000,310537000,414720000,260621000,30956987,247343000,None,43.11,28.29
2025-12-28,ATRC,-0.61,518305000.0,None,1.473,9.59,,12172000,32231000,32231000,,,,,,,,,39000,34087000,None,8056680,8056680,9659000,None,4717000,25195000,None,None,1554238,,,,,0.0,0.1,-10230134,-8675896,-0.11,2018-12-31,105257000,388061000.0,22900307,-12636032,46932,49254000,49254000,None,2332000,None,22484000,None,None,35571000,None,None,-12682964,None,None,None,0.0016,,33703089,-10802782,2592000,24954000,None,19419000,None,,,,,-1.18,4.208,3.869,,,,,,,,-0.0555,,27080000,2025-10-29,annual,-0.01,USD,pre-market,9108600,-247003000,-0.0265,-0.0611,0.158,10.9,24594489,52460000,4717000,92171000,34.42,36.76,90.9091,356759000,174673000,40216000,107378000,182086000,67162000,30956987,249381000,None,43.11,28.29
2025-12-28,ATRC,-0.61,518305000.0,None,1.473,9.59,,12761000,21809000,21809000,,,,,,,,,35000,32387000,None,8056680,8056680,12431000,None,561000,23083000,None,None,1554238,,,,,0.0,0.1,-10230134,-8675896,-0.11,2017-12-31,105257000,388061000.0,22900307,-12636032,46932,50764000,50764000,None,2332000,None,22451000,None,None,24100000,None,0,-12682964,None,None,None,0.0016,,33703089,-10802782,2273000,18277000,None,37774000,None,,,,,-1.18,4.208,3.869,,,,,,,,-0.0555,,28749000,2025-10-29,annual,-0.01,USD,pre-market,9108600,-225866000,-0.0265,-0.0611,0.158,10.9,24594489,37422000,561000,12642000,34.42,36.76,90.9091,267704000,82258000,31903000,106538000,185446000,74635000,30956987,161166000,0,43.11,28.29
2025-12-28,ATRC,-0.61,518305000.0,None,1.473,9.59,,13319000,24208000,24208000,,,,,,,,,33000,31609000,None,8056680,8056680,10673000,None,1688000,21094000,None,None,1554238,,,,,0.0,0.1,-10230134,-8675896,-0.11,2016-12-31,105257000,388061000.0,22900307,-12636032,46932,52131000,52131000,None,2332000,None,17660000,None,None,23886000,None,3000000,-12682964,None,None,None,0.0016,,33703089,-10802782,2954000,15178000,None,41946000,None,,,,,-1.18,4.208,3.869,,,,,,,,-0.0555,,29995000,2025-10-29,annual,-0.01,USD,pre-market,9108600,-198974000,-0.0265,-0.0611,0.158,10.9,24594489,38893000,1688000,19801000,34.42,36.76,90.9091,276421000,85717000,28828000,107979000,190704000,79151000,30956987,168442000,0,43.11,28.29
2025-12-28,ATRC,-0.61,518305000.0,None,1.473,9.59,,None,23764000,23764000,,,,,,,,,32000,28058000,None,8056680,8056680,12744000,None,14160000,19409000,None,None,1554238,,,,,0.0,0.1,-10230134,-8675896,-0.11,2015-12-31,105257000,388061000.0,22900307,-12636032,46932,53775000,53775000,None,2332000,None,17659000,None,None,13710000,None,7706000,-12682964,None,None,None,0.0016,,33703089,-10802782,3106000,17032000,None,41109000,None,,,,,-1.18,4.208,3.869,,,,,,,,-0.0555,,31279000,2025-10-29,annual,-0.01,USD,pre-market,9108600,-165636000,-0.0265,-0.0611,0.158,10.9,24594489,14160000,900000,10814000,34.42,36.76,90.9091,273092000,74752000,31588000,86407000,198340000,54819000,30956987,186685000,0,43.11,28.29
2025-12-28,ATRC,-0.61,518305000.0,None,1.473,9.59,,None,28384000,28384000,,,,,,,,,28000,26374000,None,8056680,8056680,7621000,None,74000,17558000,None,None,1554238,,,,,0.0,0.1,-10230134,-8675896,-0.11,2014-12-31,35386000,388061000.0,22900307,-12636032,46932,8878000,8878000,None,2332000,None,14257000,None,None,74000,None,8894000,-12682964,None,None,None,0.0016,,33703089,-10802782,2044000,12769000,None,149000,None,,,,,-1.18,4.208,3.869,,,,,,,,-0.0555,,11552000,2025-10-29,annual,-0.01,USD,pre-market,9108600,-138424000,-0.0265,-0.0611,0.158,10.9,24594489,4055000,3981000,31265000,34.42,36.76,90.9091,158404000,93508000,25643000,25866000,64896000,223000,30956987,132538000,0,43.11,28.29
2025-12-28,ATRC,-0.61,518305000.0,None,1.473,9.59,,None,14892000,14892000,,,,,,,,,23000,20431000,None,8056680,8056680,8605000,None,None,13652000,None,None,1554238,,,,,0.0,0.1,-10230134,-8675896,-0.11,2013-12-31,35386000,388061000.0,22900307,-12636032,46932,10299000,10299000,None,2332000,None,10214000,None,None,4412000,None,7914000,-12682964,None,None,None,0.0016,,33703089,-10802782,2410000,14617000,None,8218000,None,,,,,-1.18,4.208,3.869,,,,,,,,-0.0555,,5643000,2025-10-29,annual,-0.01,USD,pre-market,9108600,-122213000,-0.0265,-0.0611,0.158,10.9,24594489,6450000,2038000,11319000,34.42,36.76,90.9091,111947000,52487000,26713000,39343000,59460000,12630000,30956987,72604000,0,43.11,28.29
2025-12-28,ATRC,-0.61,518305000.0,None,1.473,9.59,,None,7753000,7753000,,,,,,,,,17000,16190000,None,8056680,8056680,5103000,None,None,9948000,None,None,1554238,,,,,0.0,0.1,-10230134,-8675896,-0.11,2012-12-31,32000,388061000.0,22900307,-12636032,46932,32000,32000,None,2332000,None,5718000,None,None,6407000,None,None,-12682964,None,None,None,0.0016,,33703089,-10802782,873000,4707000,None,1319000,None,,,,,-1.18,4.208,3.869,,,,,,,,-0.0555,,3430000,2025-10-29,annual,-0.01,USD,pre-market,9108600,-110751000,-0.0265,-0.0611,0.158,10.9,24594489,8436000,2029000,4247000,34.42,36.76,90.9091,32431000,28539000,12205000,19931000,3892000,7726000,30956987,12500000,0,43.11,28.29
2025-12-28,ATRC,-0.61,518305000.0,None,1.473,9.59,,None,9758903,9758903,,,,,,,,,16369,15672000,None,8056680,8056680,5270084,None,None,9513894,None,None,1554238,,,,,0.0,0.1,-10230134,-8675896,-0.11,2011-12-31,44791,388061000.0,22900307,-12636032,46932,44791,44791,None,2332000,None,6563138,None,None,4926000,None,None,-12682964,None,None,None,0.0016,,33703089,-10802782,933028,3546485,None,2509599,None,,,,,-1.18,4.208,3.869,,,,,,,,-0.0555,,2350760,2025-10-29,annual,-0.01,USD,pre-market,9108600,-103217096,-0.0265,-0.0611,0.158,10.9,24594489,6468623,1543000,4423763,34.42,36.76,90.9091,33858890,31192726,10808812,18244186,2666164,7435374,30956987,15614704,0,43.11,28.29
2025-12-28,ATRC,-0.61,518305000.0,None,1.473,9.59,,None,4230709,4230709,,,,,,,,,15664,15095000,None,8056680,8056680,4511516,None,None,9480064,None,None,1554238,,,,,0.0,0.1,-10230134,-8675896,-0.11,2010-12-31,89375,388061000.0,22900307,-12636032,46932,89375,89375,None,2332000,None,5680033,None,None,662000,None,None,-12682964,None,None,None,0.0016,,33703089,-10802782,2917571,6311405,None,None,None,,,,,-1.18,4.208,3.869,,,,,,,,-0.0555,,2724000,2025-10-29,annual,-0.01,USD,pre-market,9108600,-97761593,-0.0265,-0.0611,0.158,10.9,24594489,2854980,2193356,8340028,34.42,36.76,90.9091,33715714,30648405,13035277,16979784,3067309,3944507,30956987,16735930,None,43.11,28.29
2025-12-28,ATRC,-0.61,518305000.0,None,1.473,9.59,,None,8905425,8905425,,,,,,,,,15353,14563710,None,8056680,8056680,3599943,None,None,7248087,None,None,1554238,,,,,0.0,0.1,-10230134,-8675896,-0.11,2009-12-31,287653,388061000.0,22900307,-12636032,46932,287653,287653,None,2332000,None,4869708,None,None,2669000,None,None,-12682964,None,None,None,0.0016,,33703089,-10802782,3511335,5979176,None,None,None,,,,,-1.18,4.208,3.869,,,,,,,,-0.0555,,3009000,2025-10-29,annual,-0.01,USD,pre-market,9108600,-93969970,-0.0265,-0.0611,0.158,10.9,24594489,4897097,2227431,6816673,34.42,36.76,90.9091,34982336,31351228,11806550,17892576,3631108,6086026,30956987,17089760,None,43.11,28.29
2025-12-28,ATRC,-0.61,518305000.0,None,1.473,9.59,,None,11448451,11448451,,,,,,,,,14275,14191000,None,8056680,8056680,5150033,None,None,6511594,None,None,1554238,,,,,0.0,0.1,-10230134,-8675896,-0.11,2008-12-31,6812389,388061000.0,22900307,-12636032,46932,569153,569153,None,2332000,None,6361242,None,None,6037000,None,None,-12682964,None,None,None,0.0016,,33703089,-10802782,1781825,2979563,None,None,None,,,,,-1.18,4.208,3.869,,,,,,,,-0.0555,,3683000,2025-10-29,annual,-0.01,USD,pre-market,9108600,-77474982,-0.0265,-0.0611,0.158,10.9,24594489,6070609,34004,None,34.42,36.76,90.9091,43368832,26103112,8106600,14249675,17265720,6143075,30956987,29119157,None,43.11,28.29
2025-12-28,ATRC,-0.61,518305000.0,None,1.473,9.59,,None,13000652,13000652,,,,,,,,,14132,13381715,None,8056680,8056680,4651201,None,None,7189512,None,None,1554238,,,,,0.0,0.1,-10230134,-8675896,-0.11,2007-12-31,6763259,388061000.0,22900307,-12636032,46932,850653,850653,None,2332000,None,5266155,None,None,283000,None,None,-12682964,None,None,None,0.0016,,33703089,-10802782,1400163,3762455,None,None,None,,,,,-1.18,4.208,3.869,,,,,,,,-0.0555,,4466000,2025-10-29,annual,-0.01,USD,pre-market,9108600,-67307730,-0.0265,-0.0611,0.158,10.9,24594489,1107621,825146,7006041,34.42,36.76,90.9091,46071496,33862523,9238802,9834994,12208973,596192,30956987,36236502,None,43.11,28.29
2025-12-28,ATRC,-0.61,518305000.0,None,1.473,9.59,,None,14890383,14890383,,,,,,,,,12189,12137258,None,8056680,8056680,1929983,None,None,6562341,None,None,1554238,,,,,0.0,0.1,-10230134,-8675896,-0.11,2006-12-31,3840837,388061000.0,22900307,-12636032,46932,772778,772778,None,2332000,None,3389401,None,None,693000,None,None,-12682964,None,None,None,0.0016,,33703089,-10802782,1247738,5335441,None,None,None,,,,,-1.18,4.208,3.869,,,,,,,,-0.0555,,3643000,2025-10-29,annual,-0.01,USD,pre-market,9108600,-56054664,-0.0265,-0.0611,0.158,10.9,24594489,1084004,391460,4598032,34.42,36.76,90.9091,39128065,30687895,7656884,8433803,8440170,776919,30956987,30694262,None,43.11,28.29
2025-12-28,ATRC,-0.61,518305000.0,None,1.473,9.59,,None,27432948,27432948,,,,,,,,,12086,6025300,None,8056680,8056680,1243365,None,None,4865065,None,None,1554238,,,,,0.0,0.1,-10230134,-8675896,-0.11,2005-12-31,4827615,388061000.0,22900307,-12636032,46932,4827615,4827615,None,2332000,None,2135143,None,None,1084000,None,None,-12682964,None,None,None,0.0016,,33703089,-10802782,845330,4159758,None,None,None,,,,,-1.18,4.208,3.869,,,,,,,,-0.0555,,3359000,2025-10-29,annual,-0.01,USD,pre-market,9108600,-42337389,-0.0265,-0.0611,0.158,10.9,24594489,1481965,369835,6369234,34.42,36.76,90.9091,50040415,41647720,5772958,6856963,8392695,1084005,30956987,43183452,None,43.11,28.29
2025-12-28,ATRC,-0.61,518305000.0,None,1.473,9.59,2605000,None,27432948,27432948,5984000,-2605000,None,None,-2637000,None,None,None,12086,6025300,None,8056680,8056680,1243365,None,None,4865065,None,None,1554238,5169000,0,0,None,0.0,0.1,-10230134,-8675896,-0.11,2025-09-30,4827615,388061000.0,22900307,-12636032,46932,4827615,4827615,None,2332000,None,2135143,None,None,1084000,None,None,-267000,None,None,None,0.0016,26716000,33703089,-10802782,845330,4159758,None,None,None,None,None,None,None,-1.18,4.208,3.869,None,None,None,None,None,-357000,None,-0.0555,None,3359000,2025-10-29,quarterly,-0.01,USD,pre-market,9108600,-42337389,-0.0265,-0.0611,0.158,10.9,24594489,1481965,369835,6369234,34.42,36.76,90.9091,50040415,41647720,5772958,6856963,8392695,1084005,30956987,43183452,None,43.11,28.29
2025-12-28,ATRC,-0.61,518305000.0,None,1.473,9.59,7662000,None,27432948,27432948,3419000,-7662000,None,None,-824000,None,None,None,12086,6025300,None,8056680,8056680,1243365,None,None,4865065,None,None,1554238,5171000,0,0,None,0.0,0.1,-10230134,-8675896,-0.11,2025-06-30,4827615,388061000.0,22900307,-12636032,46932,4827615,4827615,None,2332000,None,2135143,None,None,1084000,None,None,-6190000,None,None,None,0.0016,21617000,33703089,-10802782,845330,4159758,None,None,None,None,None,None,None,-1.18,4.208,3.869,None,None,None,None,None,-406000,None,-0.0555,None,3359000,2025-10-29,quarterly,-0.01,USD,pre-market,9108600,-42337389,-0.0265,-0.0611,0.158,10.9,24594489,1481965,369835,6369234,34.42,36.76,90.9091,50040415,41647720,5772958,6856963,8392695,1084005,30956987,43183452,None,43.11,28.29
2025-12-28,ATRC,-0.61,518305000.0,None,1.473,9.59,2181000,None,27432948,27432948,-10325000,-1681000,None,None,750000,None,None,None,12086,6025300,None,8056680,8056680,1243365,None,None,4865065,None,None,1554238,5084000,0,0,None,0.0,0.1,-10230134,-8675896,-0.11,2025-03-31,4827615,388061000.0,22900307,-12636032,46932,4827615,4827615,None,2332000,None,2135143,None,None,1084000,None,None,-6747000,None,None,None,0.0016,-11026000,33703089,-10802782,845330,4159758,None,None,None,None,None,None,None,-1.18,4.208,3.869,None,None,None,None,None,-10172000,None,-0.0555,None,3359000,2025-10-29,quarterly,-0.01,USD,pre-market,9108600,-42337389,-0.0265,-0.0611,0.158,10.9,24594489,1481965,369835,6369234,34.42,36.76,90.9091,50040415,41647720,5772958,6856963,8392695,1084005,30956987,43183452,None,43.11,28.29
2025-12-28,ATRC,-0.61,518305000.0,None,1.473,9.59,14693000,None,27432948,27432948,1738000,-14693000,None,None,831000,None,None,None,12086,6025300,None,8056680,8056680,1243365,None,None,4865065,None,None,1554238,4826000,0,0,None,0.0,0.1,-10230134,-8675896,-0.11,2024-12-31,4827615,388061000.0,22900307,-12636032,46932,4827615,4827615,None,2332000,None,2135143,None,None,1084000,None,None,-15568000,None,None,None,0.0016,5836000,33703089,-10802782,845330,4159758,None,None,None,None,None,None,None,-1.18,4.208,3.869,None,None,None,None,None,-192000,None,-0.0555,None,3359000,2025-10-29,quarterly,-0.01,USD,pre-market,9108600,-42337389,-0.0265,-0.0611,0.158,10.9,24594489,1481965,369835,6369234,34.42,36.76,90.9091,50040415,41647720,5772958,6856963,8392695,1084005,30956987,43183452,None,43.11,28.29
2025-12-28,ATRC,-0.61,518305000.0,None,1.473,9.59,3608000,None,27432948,27432948,-333000,4392000,None,None,-2684000,None,None,None,12086,6025300,None,8056680,8056680,1243365,None,None,4865065,None,None,1554238,4928000,0,0,None,0.0,0.1,-10230134,-8675896,-0.11,2024-09-30,4827615,388061000.0,22900307,-12636032,46932,4827615,4827615,None,2332000,None,2135143,None,None,1084000,None,None,-7853000,None,None,None,0.0016,20004000,33703089,-10802782,845330,4159758,None,None,None,None,None,None,None,-1.18,4.208,3.869,None,None,None,None,None,-63000,None,-0.0555,None,3359000,2025-10-29,quarterly,-0.01,USD,pre-market,9108600,-42337389,-0.0265,-0.0611,0.158,10.9,24594489,1481965,369835,6369234,34.42,36.76,90.9091,50040415,41647720,5772958,6856963,8392695,1084005,30956987,43183452,None,43.11,28.29
2025-12-28,ATRC,-0.61,518305000.0,None,1.473,9.59,2384000,None,27432948,27432948,2854000,30891000,None,None,-1742000,None,None,None,12086,6025300,None,8056680,8056680,1243365,None,None,4865065,None,None,1554238,4527000,0,0,None,0.0,0.1,-10230134,-8675896,-0.11,2024-06-30,4827615,388061000.0,22900307,-12636032,46932,4827615,4827615,None,2332000,None,2135143,None,None,1084000,None,None,-8008000,None,None,None,0.0016,7380000,33703089,-10802782,845330,4159758,None,None,None,None,None,None,None,-1.18,4.208,3.869,None,None,None,None,None,-159000,None,-0.0555,None,3359000,2025-10-29,quarterly,-0.01,USD,pre-market,9108600,-42337389,-0.0265,-0.0611,0.158,10.9,24594489,1481965,369835,6369234,34.42,36.76,90.9091,50040415,41647720,5772958,6856963,8392695,1084005,30956987,43183452,None,43.11,28.29
2025-12-28,ATRC,-0.61,518305000.0,None,1.473,9.59,2774000,None,27432948,27432948,-7002000,9644000,None,None,-4145000,None,None,None,12086,6025300,None,8056680,8056680,1243365,None,None,4865065,None,None,1554238,4452000,None,None,None,0.0,0.1,-10230134,-8675896,-0.11,2024-03-31,4827615,388061000.0,22900307,-12636032,46932,4827615,4827615,None,2332000,None,2135143,None,None,1084000,None,None,-13269000,None,None,None,0.0016,-21876000,33703089,-10802782,845330,4159758,None,None,None,None,None,None,None,-1.18,4.208,3.869,None,None,None,None,None,-6537000,None,-0.0555,None,3359000,2025-10-29,quarterly,-0.01,USD,pre-market,9108600,-42337389,-0.0265,-0.0611,0.158,10.9,24594489,1481965,369835,6369234,34.42,36.76,90.9091,50040415,41647720,5772958,6856963,8392695,1084005,30956987,43183452,None,43.11,28.29
2025-12-28,ATRC,-0.61,518305000.0,None,1.473,9.59,2786000,None,27432948,27432948,2359000,-2786000,None,None,-5793000,None,None,None,12086,6025300,None,8056680,8056680,1243365,None,None,4865065,None,None,1554238,4179000,2359000,2359000,None,0.0,0.1,-10230134,-8675896,-0.11,2023-12-31,4827615,388061000.0,22900307,-12636032,46932,4827615,4827615,None,2332000,None,2135143,None,None,1084000,None,None,-9789000,None,None,None,0.0016,4030000,33703089,-10802782,845330,4159758,None,None,None,None,None,None,None,-1.18,4.208,3.869,None,None,None,None,None,-84000,None,-0.0555,None,3359000,2025-10-29,quarterly,-0.01,USD,pre-market,9108600,-42337389,-0.0265,-0.0611,0.158,10.9,24594489,1481965,369835,6369234,34.42,36.76,90.9091,50040415,41647720,5772958,6856963,8392695,1084005,30956987,43183452,None,43.11,28.29
2025-12-28,ATRC,-0.61,518305000.0,None,1.473,9.59,3630000,None,27432948,27432948,132000,11870000,None,None,-6660000,None,None,None,12086,6025300,None,8056680,8056680,1243365,None,None,4865065,None,None,1554238,4111000,815000,815000,None,0.0,0.1,-10230134,-8675896,-0.11,2023-09-30,4827615,388061000.0,22900307,-12636032,46932,4827615,4827615,None,2332000,None,2135143,None,None,1084000,None,None,-9055000,None,None,None,0.0016,1522000,33703089,-10802782,845330,4159758,None,None,None,None,None,None,None,-1.18,4.208,3.869,None,None,None,None,None,-435000,None,-0.0555,None,3359000,2025-10-29,quarterly,-0.01,USD,pre-market,9108600,-42337389,-0.0265,-0.0611,0.158,10.9,24594489,1481965,369835,6369234,34.42,36.76,90.9091,50040415,41647720,5772958,6856963,8392695,1084005,30956987,43183452,None,43.11,28.29
2025-12-28,ATRC,-0.61,518305000.0,None,1.473,9.59,33080000,None,27432948,27432948,2994000,-16080000,-10075000,None,-6530000,None,None,-2663000,12086,6025300,None,8056680,8056680,1243365,None,None,4865065,None,None,1554238,3580000,3536000,3536000,None,0.0,0.1,-10230134,-8675896,-0.11,2023-06-30,4827615,388061000.0,22900307,-12636032,46932,4827615,4827615,None,2332000,None,2135143,None,None,1084000,None,None,-5118000,None,None,None,0.0016,3011000,33703089,-10802782,845330,4159758,None,None,None,None,None,None,None,-1.18,4.208,3.869,None,None,None,None,None,-299000,None,-0.0555,None,3359000,2025-10-29,quarterly,-0.01,USD,pre-market,9108600,-42337389,-0.0265,-0.0611,0.158,10.9,24594489,1481965,369835,6369234,34.42,36.76,90.9091,50040415,41647720,5772958,6856963,8392695,1084005,30956987,43183452,None,43.11,28.29
2025-12-28,ATRC,-0.61,518305000.0,None,1.473,9.59,2502000,None,27432948,27432948,-5517000,28813000,19217000,None,-2847000,None,None,-2900000,12086,6025300,None,8056680,8056680,1243365,None,None,4865065,None,None,1554238,2943000,522000,522000,None,0.0,0.1,-10230134,-8675896,-0.11,2023-03-31,4827615,388061000.0,22900307,-12636032,46932,4827615,4827615,None,2332000,None,2135143,None,None,1084000,None,None,-6476000,None,None,None,0.0016,-4079000,33703089,-10802782,845330,4159758,None,None,None,None,None,None,None,-1.18,4.208,3.869,None,None,None,None,None,-5739000,None,-0.0555,None,3359000,2025-10-29,quarterly,-0.01,USD,pre-market,9108600,-42337389,-0.0265,-0.0611,0.158,10.9,24594489,1481965,369835,6369234,34.42,36.76,90.9091,50040415,41647720,5772958,6856963,8392695,1084005,30956987,43183452,None,43.11,28.29
2025-12-28,ATRC,-0.61,518305000.0,None,1.473,9.59,4171000,None,27432948,27432948,1982000,7002000,9030000,None,-1595000,None,None,-4000,12086,6025300,None,8056680,8056680,1243365,None,None,4865065,None,None,1554238,2919000,2284000,2284000,None,0.0,0.1,-10230134,-8675896,-0.11,2022-12-31,4827615,388061000.0,22900307,-12636032,46932,4827615,4827615,None,2332000,None,2135143,None,None,1084000,None,None,-4170000,None,None,None,0.0016,46000,33703089,-10802782,845330,4159758,None,None,None,None,None,None,None,-1.18,4.208,3.869,None,None,None,None,None,-65000,None,-0.0555,None,3359000,2025-10-29,quarterly,-0.01,USD,pre-market,9108600,-42337389,-0.0265,-0.0611,0.158,10.9,24594489,1481965,369835,6369234,34.42,36.76,90.9091,50040415,41647720,5772958,6856963,8392695,1084005,30956987,43183452,None,43.11,28.29
2025-12-28,ATRC,-0.61,518305000.0,None,1.473,9.59,5145000,None,27432948,27432948,-405000,-3239000,-5428000,None,-2983000,None,None,-228000,12086,6025300,None,8056680,8056680,1243365,None,None,4865065,None,None,1554238,2987000,383000,383000,None,0.0,0.1,-10230134,-8675896,-0.11,2022-09-30,4827615,388061000.0,22900307,-12636032,46932,4827615,4827615,None,2332000,None,2135143,None,None,1084000,None,None,-12272000,None,None,None,0.0016,-1784000,33703089,-10802782,845330,4159758,None,None,None,None,None,None,None,-1.18,4.208,3.869,None,None,None,None,None,-563000,None,-0.0555,None,3359000,2025-10-29,quarterly,-0.01,USD,pre-market,9108600,-42337389,-0.0265,-0.0611,0.158,10.9,24594489,1481965,369835,6369234,34.42,36.76,90.9091,50040415,41647720,5772958,6856963,8392695,1084005,30956987,43183452,None,43.11,28.29
2025-12-28,ATRC,-0.61,518305000.0,None,1.473,9.59,4184000,None,27432948,27432948,1861000,20521000,26611000,None,-793000,None,None,-807000,12086,6025300,None,8056680,8056680,1243365,None,None,4865065,None,None,1554238,2937000,None,None,None,0.0,0.1,-10230134,-8675896,-0.11,2022-06-30,4827615,388061000.0,22900307,-12636032,46932,4827615,4827615,None,2332000,None,2135143,None,None,1084000,None,None,-14841000,None,None,None,0.0016,4229000,33703089,-10802782,845330,4159758,None,None,None,None,None,None,None,-1.18,4.208,3.869,None,None,None,None,None,-938000,None,-0.0555,None,3359000,2025-10-29,quarterly,-0.01,USD,pre-market,9108600,-42337389,-0.0265,-0.0611,0.158,10.9,24594489,1481965,369835,6369234,34.42,36.76,90.9091,50040415,41647720,5772958,6856963,8392695,1084005,30956987,43183452,None,43.11,28.29
2025-12-28,ATRC,-0.61,518305000.0,None,1.473,9.59,3381000,None,27432948,27432948,-10497000,19722000,-15407000,None,-1934000,None,None,-7950000,12086,6025300,None,8056680,8056680,1243365,None,None,4865065,None,None,1554238,2867000,None,None,None,0.0,0.1,-10230134,-8675896,-0.11,2022-03-31,4827615,388061000.0,22900307,-12636032,46932,4827615,4827615,None,2332000,None,2135143,None,None,1084000,None,None,-15183000,None,None,None,0.0016,-24632000,33703089,-10802782,845330,4159758,None,None,None,None,None,None,None,-1.18,4.208,3.869,None,None,None,None,None,-10635000,None,-0.0555,None,3359000,2025-10-29,quarterly,-0.01,USD,pre-market,9108600,-42337389,-0.0265,-0.0611,0.158,10.9,24594489,1481965,369835,6369234,34.42,36.76,90.9091,50040415,41647720,5772958,6856963,8392695,1084005,30956987,43183452,None,43.11,28.29
2025-12-28,ATRC,-0.61,518305000.0,None,1.473,9.59,2710000,None,27432948,27432948,2507000,1077000,3513000,-257000,-465000,None,None,496000,12086,6025300,None,8056680,8056680,1243365,None,None,4865065,None,None,1554238,2833000,None,None,None,0.0,0.1,-10230134,-8675896,-0.11,2021-12-31,4827615,388061000.0,22900307,-12636032,46932,4827615,4827615,None,2332000,None,2135143,None,None,1084000,None,None,-13741000,None,None,None,0.0016,301000,33703089,-10802782,845330,4159758,None,None,None,None,None,None,None,-1.18,4.208,3.869,None,None,None,None,None,-111000,None,-0.0555,None,3359000,2025-10-29,quarterly,-0.01,USD,pre-market,9108600,-42337389,-0.0265,-0.0611,0.158,10.9,24594489,1481965,369835,6369234,34.42,36.76,90.9091,50040415,41647720,5772958,6856963,8392695,1084005,30956987,43183452,None,43.11,28.29
2025-12-28,ATRC,-0.61,518305000.0,None,1.473,9.59,1504000,None,27432948,27432948,-2260000,-25101000,-27478000,None,-1102000,None,None,216000,12086,6025300,None,8056680,8056680,1243365,None,None,4865065,None,None,1554238,2828000,None,None,None,0.0,0.1,-10230134,-8675896,-0.11,2021-09-30,4827615,388061000.0,22900307,-12636032,46932,4827615,4827615,None,2332000,None,2135143,None,None,1084000,None,None,97108000,None,None,None,0.0016,-232000,33703089,-10802782,845330,4159758,None,None,None,None,None,None,None,-1.18,4.208,3.869,None,None,None,None,None,-1400000,None,-0.0555,None,3359000,2025-10-29,quarterly,-0.01,USD,pre-market,9108600,-42337389,-0.0265,-0.0611,0.158,10.9,24594489,1481965,369835,6369234,34.42,36.76,90.9091,50040415,41647720,5772958,6856963,8392695,1084005,30956987,43183452,None,43.11,28.29
2025-12-28,ATRC,-0.61,518305000.0,None,1.473,9.59,4213000,None,27432948,27432948,2818000,-16059000,-17761000,13000,-1443000,None,None,-4103000,12086,6025300,None,8056680,8056680,1243365,None,None,4865065,None,None,1554238,2658000,None,None,None,0.0,0.1,-10230134,-8675896,-0.11,2021-06-30,4827615,388061000.0,22900307,-12636032,46932,4827615,4827615,None,2332000,None,2135143,None,None,1084000,None,None,-16251000,None,None,None,0.0016,-4533000,33703089,-10802782,845330,4159758,None,None,None,None,None,None,None,-1.18,4.208,3.869,None,None,None,None,None,-1403000,None,-0.0555,None,3359000,2025-10-29,quarterly,-0.01,USD,pre-market,9108600,-42337389,-0.0265,-0.0611,0.158,10.9,24594489,1481965,369835,6369234,34.42,36.76,90.9091,50040415,41647720,5772958,6856963,8392695,1084005,30956987,43183452,None,43.11,28.29
2025-12-28,ATRC,-0.61,518305000.0,None,1.473,9.59,1326000,None,27432948,27432948,-10707000,63587000,43436000,-128000,-1264000,None,None,-6696000,12086,6025300,None,8056680,8056680,1243365,None,None,4865065,None,None,1554238,2122000,None,None,None,0.0,0.1,-10230134,-8675896,-0.11,2021-03-31,4827615,388061000.0,22900307,-12636032,46932,4827615,4827615,None,2332000,None,2135143,None,None,1084000,None,None,-16917000,None,None,None,0.0016,-9316000,33703089,-10802782,845330,4159758,None,None,None,None,None,None,None,-1.18,4.208,3.869,None,None,None,None,None,-15097000,None,-0.0555,None,3359000,2025-10-29,quarterly,-0.01,USD,pre-market,9108600,-42337389,-0.0265,-0.0611,0.158,10.9,24594489,1481965,369835,6369234,34.42,36.76,90.9091,50040415,41647720,5772958,6856963,8392695,1084005,30956987,43183452,None,43.11,28.29
2025-12-28,ATRC,-0.61,518305000.0,None,1.473,9.59,1052000,None,27432948,27432948,6453000,-1980000,8563000,221000,-519000,None,None,2412000,12086,6025300,None,8056680,8056680,1243365,None,None,4865065,None,None,1554238,2167000,3423000,3423000,None,0.0,0.1,-10230134,-8675896,-0.11,2020-12-31,4827615,388061000.0,22900307,-12636032,46932,4827615,4827615,None,2332000,None,2135143,None,None,1084000,None,None,-18562000,None,None,None,0.0016,3954000,33703089,-10802782,845330,4159758,None,None,None,None,None,None,None,-1.18,4.208,3.869,None,None,None,None,None,-100000,None,-0.0555,None,3359000,2025-10-29,quarterly,-0.01,USD,pre-market,9108600,-42337389,-0.0265,-0.0611,0.158,10.9,24594489,1481965,369835,6369234,34.42,36.76,90.9091,50040415,41647720,5772958,6856963,8392695,1084005,30956987,43183452,None,43.11,28.29
2025-12-28,ATRC,-0.61,518305000.0,None,1.473,9.59,1263000,None,27432948,27432948,-301000,-58737000,-55141000,None,-1344000,None,None,-2452000,12086,6025300,None,8056680,8056680,1243365,None,None,4865065,None,None,1554238,2479000,None,None,None,0.0,0.1,-10230134,-8675896,-0.11,2020-09-30,4827615,388061000.0,22900307,-12636032,46932,4827615,4827615,None,2332000,None,2135143,None,None,1084000,None,None,-4949000,None,None,None,0.0016,3812000,33703089,-10802782,845330,4159758,None,None,None,None,None,None,None,-1.18,4.208,3.869,None,None,None,None,None,-606000,None,-0.0555,None,3359000,2025-10-29,quarterly,-0.01,USD,pre-market,9108600,-42337389,-0.0265,-0.0611,0.158,10.9,24594489,1481965,369835,6369234,34.42,36.76,90.9091,50040415,41647720,5772958,6856963,8392695,1084005,30956987,43183452,None,43.11,28.29
2025-12-28,ATRC,-0.61,518305000.0,None,1.473,9.59,1112000,None,27432948,27432948,191074000,-112812000,66756000,42000,-674000,None,None,-748000,12086,6025300,None,8056680,8056680,1243365,None,None,4865065,None,None,1554238,2458000,None,None,None,0.0,0.1,-10230134,-8675896,-0.11,2020-06-30,4827615,388061000.0,22900307,-12636032,46932,4827615,4827615,None,2332000,None,2135143,None,None,1084000,None,None,-8236000,None,None,None,0.0016,-11548000,33703089,-10802782,845330,4159758,None,None,None,None,None,None,None,-1.18,4.208,3.869,None,None,None,None,None,-547000,None,-0.0555,None,3359000,2025-10-29,quarterly,-0.01,USD,pre-market,9108600,-42337389,-0.0265,-0.0611,0.158,10.9,24594489,1481965,369835,6369234,34.42,36.76,90.9091,50040415,41647720,5772958,6856963,8392695,1084005,30956987,43183452,None,43.11,28.29
2025-12-28,ATRC,-0.61,518305000.0,None,1.473,9.59,1832000,None,27432948,27432948,-7834000,17331000,-6717000,-127000,-2728000,None,None,5875000,12086,6025300,None,8056680,8056680,1243365,None,None,4865065,None,None,1554238,2444000,None,None,None,0.0,0.1,-10230134,-8675896,-0.11,2020-03-31,4827615,388061000.0,22900307,-12636032,46932,4827615,4827615,None,2332000,None,2135143,None,None,1084000,None,None,-16408000,None,None,None,0.0016,-16087000,33703089,-10802782,845330,4159758,None,None,None,None,None,None,None,-1.18,4.208,3.869,None,None,None,None,None,-11776000,None,-0.0555,None,3359000,2025-10-29,quarterly,-0.01,USD,pre-market,9108600,-42337389,-0.0265,-0.0611,0.158,10.9,24594489,1481965,369835,6369234,34.42,36.76,90.9091,50040415,41647720,5772958,6856963,8392695,1084005,30956987,43183452,None,43.11,28.29
2025-12-28,ATRC,-0.61,518305000.0,None,1.473,9.59,4357000,None,27432948,27432948,1354000,-2601000,-4699000,77000,-1508000,None,None,-1156000,12086,6025300,None,8056680,8056680,1243365,None,None,4865065,None,None,1554238,2383000,None,None,None,0.0,0.1,-10230134,-8675896,-0.11,2019-12-31,4827615,388061000.0,22900307,-12636032,46932,4827615,4827615,None,2332000,None,2135143,None,None,1084000,None,None,-16096000,None,None,None,0.0016,-3529000,33703089,-10802782,845330,4159758,None,None,None,None,None,None,None,-1.18,4.208,3.869,None,None,None,None,None,-57000,None,-0.0555,None,3359000,2025-10-29,quarterly,-0.01,USD,pre-market,9108600,-42337389,-0.0265,-0.0611,0.158,10.9,24594489,1481965,369835,6369234,34.42,36.76,90.9091,50040415,41647720,5772958,6856963,8392695,1084005,30956987,43183452,None,43.11,28.29
2025-12-28,ATRC,-0.61,518305000.0,None,1.473,9.59,3369000,None,27432948,27432948,20293000,-9633000,7935000,-135000,-1677000,None,None,814000,12086,6025300,None,8056680,8056680,1243365,None,None,4865065,None,None,1554238,2393000,None,None,None,0.0,0.1,-10230134,-8675896,-0.11,2019-09-30,4827615,388061000.0,22900307,-12636032,46932,4827615,4827615,None,2332000,None,2135143,None,None,1084000,None,None,-9362000,None,None,None,0.0016,-2590000,33703089,-10802782,845330,4159758,None,None,None,None,None,None,None,-1.18,4.208,3.869,None,None,None,None,None,-281000,None,-0.0555,None,3359000,2025-10-29,quarterly,-0.01,USD,pre-market,9108600,-42337389,-0.0265,-0.0611,0.158,10.9,24594489,1481965,369835,6369234,34.42,36.76,90.9091,50040415,41647720,5772958,6856963,8392695,1084005,30956987,43183452,None,43.11,28.29
2025-12-28,ATRC,-0.61,518305000.0,None,1.473,9.59,2747000,None,27432948,27432948,1696000,-930000,4527000,15000,-267000,None,None,-1312000,12086,6025300,None,8056680,8056680,1243365,None,None,4865065,None,None,1554238,2362000,238000,238000,None,0.0,0.1,-10230134,-8675896,-0.11,2019-06-30,4827615,388061000.0,22900307,-12636032,46932,4827615,4827615,None,2332000,None,2135143,None,None,1084000,None,None,-4101000,None,None,None,0.0016,3746000,33703089,-10802782,845330,4159758,None,None,None,None,None,None,None,-1.18,4.208,3.869,None,None,None,None,None,-94000,None,-0.0555,None,3359000,2025-10-29,quarterly,-0.01,USD,pre-market,9108600,-42337389,-0.0265,-0.0611,0.158,10.9,24594489,1481965,369835,6369234,34.42,36.76,90.9091,50040415,41647720,5772958,6856963,8392695,1084005,30956987,43183452,None,43.11,28.29
2025-12-28,ATRC,-0.61,518305000.0,None,1.473,9.59,1709000,None,27432948,27432948,-8970000,11017000,-11511000,-120000,-1699000,None,None,-1547000,12086,6025300,None,8056680,8056680,1243365,None,None,4865065,None,None,1554238,2228000,None,None,None,0.0,0.1,-10230134,-8675896,-0.11,2019-03-31,4827615,388061000.0,22900307,-12636032,46932,4827615,4827615,None,2332000,None,2135143,None,None,1084000,None,None,-5635000,None,None,None,0.0016,-13438000,33703089,-10802782,845330,4159758,None,None,None,None,None,None,None,-1.18,4.208,3.869,None,None,None,None,None,-8601000,None,-0.0555,None,3359000,2025-10-29,quarterly,-0.01,USD,pre-market,9108600,-42337389,-0.0265,-0.0611,0.158,10.9,24594489,1481965,369835,6369234,34.42,36.76,90.9091,50040415,41647720,5772958,6856963,8392695,1084005,30956987,43183452,None,43.11,28.29
2025-12-28,ATRC,-0.61,518305000.0,None,1.473,9.59,1083000,None,27432948,27432948,84129000,-70826000,14232000,-56000,-256000,None,None,-2110000,12086,6025300,None,8056680,8056680,1243365,None,None,4865065,None,None,1554238,2223000,None,None,None,0.0,0.1,-10230134,-8675896,-0.11,2018-12-31,4827615,388061000.0,22900307,-12636032,46932,4827615,4827615,None,2332000,None,2135143,None,None,1084000,None,None,-3430000,None,None,None,0.0016,985000,33703089,-10802782,845330,4159758,None,None,None,None,None,None,None,-1.18,4.208,3.869,None,None,None,None,None,-35000,None,-0.0555,None,3359000,2025-10-29,quarterly,-0.01,USD,pre-market,9108600,-42337389,-0.0265,-0.0611,0.158,10.9,24594489,1481965,369835,6369234,34.42,36.76,90.9091,50040415,41647720,5772958,6856963,8392695,1084005,30956987,43183452,None,43.11,28.29
2025-12-28,ATRC,-0.61,518305000.0,None,1.473,9.59,1655000,None,27432948,27432948,-430000,-601000,4133000,-49000,-593000,None,None,1219000,12086,6025300,None,8056680,8056680,1243365,None,None,4865065,None,None,1554238,2128000,0,0,None,0.0,0.1,-10230134,-8675896,-0.11,2018-09-30,4827615,388061000.0,22900307,-12636032,46932,4827615,4827615,None,2332000,None,2135143,None,None,1084000,None,None,-7235000,None,None,None,0.0016,5213000,33703089,-10802782,845330,4159758,None,None,None,None,None,None,None,-1.18,4.208,3.869,None,None,None,None,None,-698000,None,-0.0555,None,3359000,2025-10-29,quarterly,-0.01,USD,pre-market,9108600,-42337389,-0.0265,-0.0611,0.158,10.9,24594489,1481965,369835,6369234,34.42,36.76,90.9091,50040415,41647720,5772958,6856963,8392695,1084005,30956987,43183452,None,43.11,28.29
2025-12-28,ATRC,-0.61,518305000.0,None,1.473,9.59,1387000,None,27432948,27432948,3414000,-9732000,-7363000,-110000,746000,None,None,-2729000,12086,6025300,None,8056680,8056680,1243365,None,None,4865065,None,None,1554238,2204000,0,0,None,0.0,0.1,-10230134,-8675896,-0.11,2018-06-30,4827615,388061000.0,22900307,-12636032,46932,4827615,4827615,None,2332000,None,2135143,None,None,1084000,None,None,-338000,None,None,None,0.0016,-935000,33703089,-10802782,845330,4159758,None,None,None,None,None,None,None,-1.18,4.208,3.869,None,None,None,None,None,-59000,None,-0.0555,None,3359000,2025-10-29,quarterly,-0.01,USD,pre-market,9108600,-42337389,-0.0265,-0.0611,0.158,10.9,24594489,1481965,369835,6369234,34.42,36.76,90.9091,50040415,41647720,5772958,6856963,8392695,1084005,30956987,43183452,None,43.11,28.29
2025-12-28,ATRC,-0.61,518305000.0,None,1.473,9.59,2086000,None,27432948,27432948,13063000,-4245000,-580000,36000,-43000,None,None,783000,12086,6025300,None,8056680,8056680,1243365,None,None,4865065,None,None,1554238,2199000,0,0,None,0.0,0.1,-10230134,-8675896,-0.11,2018-03-31,4827615,388061000.0,22900307,-12636032,46932,4827615,4827615,None,2332000,None,2135143,None,None,1084000,None,None,-10134000,None,None,None,0.0016,-9434000,33703089,-10802782,845330,4159758,None,None,None,None,None,None,None,-1.18,4.208,3.869,None,None,None,None,None,-3665000,None,-0.0555,None,3359000,2025-10-29,quarterly,-0.01,USD,pre-market,9108600,-42337389,-0.0265,-0.0611,0.158,10.9,24594489,1481965,369835,6369234,34.42,36.76,90.9091,50040415,41647720,5772958,6856963,8392695,1084005,30956987,43183452,None,43.11,28.29
2025-12-28,ATRC,-0.61,518305000.0,None,1.473,9.59,1249000,None,27432948,27432948,-209000,1065000,2365000,-19000,155000,None,None,-434000,12086,6025300,None,8056680,8056680,1243365,None,None,4865065,None,None,1554238,2271000,0,0,None,0.0,0.1,-10230134,-8675896,-0.11,2017-12-31,4827615,388061000.0,22900307,-12636032,46932,4827615,4827615,None,2332000,None,2135143,None,None,1084000,None,None,-2580000,None,None,None,0.0016,1528000,33703089,-10802782,845330,4159758,None,None,None,None,None,None,None,-1.18,4.208,3.869,None,None,None,None,None,-22000,None,-0.0555,None,3359000,2025-10-29,quarterly,-0.01,USD,pre-market,9108600,-42337389,-0.0265,-0.0611,0.158,10.9,24594489,1481965,369835,6369234,34.42,36.76,90.9091,50040415,41647720,5772958,6856963,8392695,1084005,30956987,43183452,None,43.11,28.29
2025-12-28,ATRC,-0.61,518305000.0,None,1.473,9.59,1647000,None,27432948,27432948,882000,-2599000,-1569000,17000,-2538000,None,None,643000,12086,6025300,None,8056680,8056680,1243365,None,None,4865065,None,None,1554238,2267000,0,0,None,0.0,0.1,-10230134,-8675896,-0.11,2017-09-30,4827615,388061000.0,22900307,-12636032,46932,4827615,4827615,None,2332000,None,2135143,None,None,1084000,None,None,-7246000,None,None,None,0.0016,131000,33703089,-10802782,845330,4159758,None,None,None,None,None,None,None,-1.18,4.208,3.869,None,None,None,None,None,-90000,None,-0.0555,None,3359000,2025-10-29,quarterly,-0.01,USD,pre-market,9108600,-42337389,-0.0265,-0.0611,0.158,10.9,24594489,1481965,369835,6369234,34.42,36.76,90.9091,50040415,41647720,5772958,6856963,8392695,1084005,30956987,43183452,None,43.11,28.29
2025-12-28,ATRC,-0.61,518305000.0,None,1.473,9.59,1760000,None,27432948,27432948,3311000,-431000,1859000,36000,-949000,None,None,-1276000,12086,6025300,None,8056680,8056680,1243365,None,None,4865065,None,None,1554238,2286000,0,0,None,0.0,0.1,-10230134,-8675896,-0.11,2017-06-30,4827615,388061000.0,22900307,-12636032,46932,4827615,4827615,None,2332000,None,2135143,None,None,1084000,None,None,-6883000,None,None,None,0.0016,-1057000,33703089,-10802782,845330,4159758,None,None,None,None,None,None,None,-1.18,4.208,3.869,None,None,None,None,None,-166000,None,-0.0555,None,3359000,2025-10-29,quarterly,-0.01,USD,pre-market,9108600,-42337389,-0.0265,-0.0611,0.158,10.9,24594489,1481965,369835,6369234,34.42,36.76,90.9091,50040415,41647720,5772958,6856963,8392695,1084005,30956987,43183452,None,43.11,28.29
2025-12-28,ATRC,-0.61,518305000.0,None,1.473,9.59,1728000,None,27432948,27432948,-1224000,5726000,-5054000,-10000,-1145000,None,None,-397000,12086,6025300,None,8056680,8056680,1243365,None,None,4865065,None,None,1554238,2304000,0,0,None,0.0,0.1,-10230134,-8675896,-0.11,2017-03-31,4827615,388061000.0,22900307,-12636032,46932,4827615,4827615,None,2332000,None,2135143,None,None,1084000,None,None,-10183000,None,None,None,0.0016,-9546000,33703089,-10802782,845330,4159758,None,None,None,None,None,None,None,-1.18,4.208,3.869,None,None,None,None,None,-1735000,None,-0.0555,None,3359000,2025-10-29,quarterly,-0.01,USD,pre-market,9108600,-42337389,-0.0265,-0.0611,0.158,10.9,24594489,1481965,369835,6369234,34.42,36.76,90.9091,50040415,41647720,5772958,6856963,8392695,1084005,30956987,43183452,None,43.11,28.29
2025-12-28,ATRC,-0.61,518305000.0,None,1.473,9.59,1590000,None,27432948,27432948,654000,6813000,8101000,-127000,1155000,None,None,-205000,12086,6025300,None,8056680,8056680,1243365,None,None,4865065,None,None,1554238,2441000,0,0,None,0.0,0.1,-10230134,-8675896,-0.11,2016-12-31,4827615,388061000.0,22900307,-12636032,46932,4827615,4827615,None,2332000,None,2135143,None,None,1084000,None,None,-8625000,None,None,None,0.0016,761000,33703089,-10802782,845330,4159758,None,None,None,None,None,None,None,-1.18,4.208,3.869,None,None,None,None,None,-623000,None,-0.0555,None,3359000,2025-10-29,quarterly,-0.01,USD,pre-market,9108600,-42337389,-0.0265,-0.0611,0.158,10.9,24594489,1481965,369835,6369234,34.42,36.76,90.9091,50040415,41647720,5772958,6856963,8392695,1084005,30956987,43183452,None,43.11,28.29
2025-12-28,ATRC,-0.61,518305000.0,None,1.473,9.59,1761000,None,27432948,27432948,124000,-5015000,-3810000,5000,361000,None,None,120000,12086,6025300,None,8056680,8056680,1243365,None,None,4865065,None,None,1554238,2358000,0,0,None,0.0,0.1,-10230134,-8675896,-0.11,2016-09-30,4827615,388061000.0,22900307,-12636032,46932,4827615,4827615,None,2332000,None,2135143,None,None,1084000,None,None,-6783000,None,None,None,0.0016,1076000,33703089,-10802782,845330,4159758,None,None,None,None,None,None,None,-1.18,4.208,3.869,None,None,None,None,None,-45000,None,-0.0555,None,3359000,2025-10-29,quarterly,-0.01,USD,pre-market,9108600,-42337389,-0.0265,-0.0611,0.158,10.9,24594489,1481965,369835,6369234,34.42,36.76,90.9091,50040415,41647720,5772958,6856963,8392695,1084005,30956987,43183452,None,43.11,28.29
2025-12-28,ATRC,-0.61,518305000.0,None,1.473,9.59,1537000,None,27432948,27432948,26127000,-20873000,-851000,-80000,-363000,None,None,-1927000,12086,6025300,None,8056680,8056680,1243365,None,None,4865065,None,None,1554238,2289000,0,0,None,0.0,0.1,-10230134,-8675896,-0.11,2016-06-30,4827615,388061000.0,22900307,-12636032,46932,4827615,4827615,None,2332000,None,2135143,None,None,1084000,None,None,-8206000,None,None,None,0.0016,-6025000,33703089,-10802782,845330,4159758,None,None,None,None,None,None,None,-1.18,4.208,3.869,None,None,None,None,None,-34000,None,-0.0555,None,3359000,2025-10-29,quarterly,-0.01,USD,pre-market,9108600,-42337389,-0.0265,-0.0611,0.158,10.9,24594489,1481965,369835,6369234,34.42,36.76,90.9091,50040415,41647720,5772958,6856963,8392695,1084005,30956987,43183452,None,43.11,28.29
2025-12-28,ATRC,-0.61,518305000.0,None,1.473,9.59,2804000,None,27432948,27432948,790000,6996000,-2996000,149000,-1232000,None,None,30000,12086,6025300,None,8056680,8056680,1243365,None,None,4865065,None,None,1554238,2211000,0,0,None,0.0,0.1,-10230134,-8675896,-0.11,2016-03-31,4827615,388061000.0,22900307,-12636032,46932,4827615,4827615,None,2332000,None,2135143,None,None,1084000,None,None,-9724000,None,None,None,0.0016,-10931000,33703089,-10802782,845330,4159758,None,None,None,None,None,None,None,-1.18,4.208,3.869,None,None,None,None,None,-999000,None,-0.0555,None,3359000,2025-10-29,quarterly,-0.01,USD,pre-market,9108600,-42337389,-0.0265,-0.0611,0.158,10.9,24594489,1481965,369835,6369234,34.42,36.76,90.9091,50040415,41647720,5772958,6856963,8392695,1084005,30956987,43183452,None,43.11,28.29
2025-12-28,ATRC,-0.61,518305000.0,None,1.473,9.59,6582000,None,27432948,27432948,1914000,-2735000,-4950000,-49000,-489000,None,None,-1471000,12086,6025300,None,8056680,8056680,1243365,None,None,4865065,None,None,1554238,2066000,282000,282000,None,0.0,0.1,-10230134,-8675896,-0.11,2015-12-31,4827615,388061000.0,22900307,-12636032,46932,4827615,4827615,None,2332000,None,2135143,None,None,1084000,None,None,-10914000,None,None,None,0.0016,-4080000,33703089,-10802782,845330,4159758,None,None,None,None,None,None,None,-1.18,4.208,3.869,None,None,None,None,None,-132000,None,-0.0555,None,3359000,2025-10-29,quarterly,-0.01,USD,pre-market,9108600,-42337389,-0.0265,-0.0611,0.158,10.9,24594489,1481965,369835,6369234,34.42,36.76,90.9091,50040415,41647720,5772958,6856963,8392695,1084005,30956987,43183452,None,43.11,28.29
2025-12-28,ATRC,-0.61,518305000.0,None,1.473,9.59,8532000,None,27432948,27432948,5140000,-9041000,-1273000,-4000,-484000,None,None,1039000,12086,6025300,None,8056680,8056680,1243365,None,None,4865065,None,None,1554238,1519000,0,0,None,0.0,0.1,-10230134,-8675896,-0.11,2015-09-30,4827615,388061000.0,22900307,-12636032,46932,4827615,4827615,None,2332000,None,2135143,None,None,1084000,None,None,-6141000,None,None,None,0.0016,2632000,33703089,-10802782,845330,4159758,None,None,None,None,None,None,None,-1.18,4.208,3.869,None,None,None,None,None,-78000,None,-0.0555,None,3359000,2025-10-29,quarterly,-0.01,USD,pre-market,9108600,-42337389,-0.0265,-0.0611,0.158,10.9,24594489,1481965,369835,6369234,34.42,36.76,90.9091,50040415,41647720,5772958,6856963,8392695,1084005,30956987,43183452,None,43.11,28.29
2025-12-28,ATRC,-0.61,518305000.0,None,1.473,9.59,5627000,None,27432948,27432948,5086000,-1282000,6428000,48000,-873000,None,None,2217000,12086,6025300,None,8056680,8056680,1243365,None,None,4865065,None,None,1554238,1382000,0,0,None,0.0,0.1,-10230134,-8675896,-0.11,2015-06-30,4827615,388061000.0,22900307,-12636032,46932,4827615,4827615,None,2332000,None,2135143,None,None,1084000,None,None,-4891000,None,None,None,0.0016,2576000,33703089,-10802782,845330,4159758,None,None,None,None,None,None,None,-1.18,4.208,3.869,None,None,None,None,None,-69000,None,-0.0555,None,3359000,2025-10-29,quarterly,-0.01,USD,pre-market,9108600,-42337389,-0.0265,-0.0611,0.158,10.9,24594489,1481965,369835,6369234,34.42,36.76,90.9091,50040415,41647720,5772958,6856963,8392695,1084005,30956987,43183452,None,43.11,28.29
2025-12-28,ATRC,-0.61,518305000.0,None,1.473,9.59,3256000,None,27432948,27432948,1821000,2557000,-4825000,-233000,-1104000,None,None,-2685000,12086,6025300,None,8056680,8056680,1243365,None,None,4865065,None,None,1554238,1311000,0,0,None,0.0,0.1,-10230134,-8675896,-0.11,2015-03-31,4827615,388061000.0,22900307,-12636032,46932,4827615,4827615,None,2332000,None,2135143,None,None,1084000,None,None,-5266000,None,None,None,0.0016,-8970000,33703089,-10802782,845330,4159758,None,None,None,None,None,None,None,-1.18,4.208,3.869,None,None,None,None,None,-503000,None,-0.0555,None,3359000,2025-10-29,quarterly,-0.01,USD,pre-market,9108600,-42337389,-0.0265,-0.0611,0.158,10.9,24594489,1481965,369835,6369234,34.42,36.76,90.9091,50040415,41647720,5772958,6856963,8392695,1084005,30956987,43183452,None,43.11,28.29
2025-12-28,ATRC,-0.61,518305000.0,None,1.473,9.59,4818000,None,27432948,27432948,4417000,-9436000,-7142000,-110000,212000,None,None,-2383000,12086,6025300,None,8056680,8056680,1243365,None,None,4865065,None,None,1554238,1303000,0,0,None,0.0,0.1,-10230134,-8675896,-0.11,2014-12-31,4827615,388061000.0,22900307,-12636032,46932,4827615,4827615,None,2332000,None,2135143,None,None,1084000,None,None,-5344000,None,None,None,0.0016,-2013000,33703089,-10802782,845330,4159758,None,None,None,None,None,None,None,-1.18,4.208,3.869,None,None,None,None,None,-133000,None,-0.0555,None,3359000,2025-10-29,quarterly,-0.01,USD,pre-market,9108600,-42337389,-0.0265,-0.0611,0.158,10.9,24594489,1481965,369835,6369234,34.42,36.76,90.9091,50040415,41647720,5772958,6856963,8392695,1084005,30956987,43183452,None,43.11,28.29
2025-12-28,ATRC,-0.61,518305000.0,None,1.473,9.59,1914000,None,27432948,27432948,-47000,-5139000,-6452000,-52000,-2098000,None,None,-337000,12086,6025300,None,8056680,8056680,1243365,None,None,4865065,None,None,1554238,1254000,0,0,None,0.0,0.1,-10230134,-8675896,-0.11,2014-09-30,4827615,388061000.0,22900307,-12636032,46932,4827615,4827615,None,2332000,None,2135143,None,None,1084000,None,None,-466000,None,None,None,0.0016,-1214000,33703089,-10802782,845330,4159758,None,None,None,None,None,None,None,-1.18,4.208,3.869,None,None,None,None,None,-45000,None,-0.0555,None,3359000,2025-10-29,quarterly,-0.01,USD,pre-market,9108600,-42337389,-0.0265,-0.0611,0.158,10.9,24594489,1481965,369835,6369234,34.42,36.76,90.9091,50040415,41647720,5772958,6856963,8392695,1084005,30956987,43183452,None,43.11,28.29
2025-12-28,ATRC,-0.61,518305000.0,None,1.473,9.59,1455000,None,27432948,27432948,765000,-23462000,-26661000,11000,-1595000,None,None,-403000,12086,6025300,None,8056680,8056680,1243365,None,None,4865065,None,None,1554238,1132000,950000,950000,None,0.0,0.1,-10230134,-8675896,-0.11,2014-06-30,4827615,388061000.0,22900307,-12636032,46932,4827615,4827615,None,2332000,None,2135143,None,None,1084000,None,None,-2692000,None,None,None,0.0016,-3975000,33703089,-10802782,845330,4159758,None,None,None,None,None,None,None,-1.18,4.208,3.869,None,None,None,None,None,-65000,None,-0.0555,None,3359000,2025-10-29,quarterly,-0.01,USD,pre-market,9108600,-42337389,-0.0265,-0.0611,0.158,10.9,24594489,1481965,369835,6369234,34.42,36.76,90.9091,50040415,41647720,5772958,6856963,8392695,1084005,30956987,43183452,None,43.11,28.29
2025-12-28,ATRC,-0.61,518305000.0,None,1.473,9.59,1020000,None,27432948,27432948,60736000,7414000,53747000,-5000,-862000,None,None,-1045000,12086,6025300,None,8056680,8056680,1243365,None,None,4865065,None,None,1554238,1085000,1395000,1395000,None,0.0,0.1,-10230134,-8675896,-0.11,2014-03-31,4827615,388061000.0,22900307,-12636032,46932,4827615,4827615,None,2332000,None,2135143,None,None,1084000,None,None,-7709000,None,None,None,0.0016,-14398000,33703089,-10802782,845330,4159758,None,None,None,None,None,None,None,-1.18,4.208,3.869,None,None,None,None,None,-88000,None,-0.0555,None,3359000,2025-10-29,quarterly,-0.01,USD,pre-market,9108600,-42337389,-0.0265,-0.0611,0.158,10.9,24594489,1481965,369835,6369234,34.42,36.76,90.9091,50040415,41647720,5772958,6856963,8392695,1084005,30956987,43183452,None,43.11,28.29
2025-12-28,ATRC,-0.61,518305000.0,None,1.473,9.59,934000,None,27432948,27432948,278000,-7937000,-10929000,-206000,-975000,None,None,-199000,12086,6025300,None,8056680,8056680,1243365,None,None,4865065,None,None,1554238,555000,0,0,None,0.0,0.1,-10230134,-8675896,-0.11,2013-12-31,4827615,388061000.0,22900307,-12636032,46932,4827615,4827615,None,2332000,None,2135143,None,None,1084000,None,None,-4980000,None,None,None,0.0016,-3064000,33703089,-10802782,845330,4159758,None,None,None,None,None,None,None,-1.18,4.208,3.869,None,None,None,None,None,-119000,None,-0.0555,None,3359000,2025-10-29,quarterly,-0.01,USD,pre-market,9108600,-42337389,-0.0265,-0.0611,0.158,10.9,24594489,1481965,369835,6369234,34.42,36.76,90.9091,50040415,41647720,5772958,6856963,8392695,1084005,30956987,43183452,None,43.11,28.29
2025-12-28,ATRC,-0.61,518305000.0,None,1.473,9.59,739000,None,27432948,27432948,-507000,-5379000,-5223000,-11000,-993000,None,None,414000,12086,6025300,None,8056680,8056680,1243365,None,None,4865065,None,None,1554238,508000,0,0,None,0.0,0.1,-10230134,-8675896,-0.11,2013-09-30,4827615,388061000.0,22900307,-12636032,46932,4827615,4827615,None,2332000,None,2135143,None,None,1084000,None,None,-2748000,None,None,None,0.0016,674000,33703089,-10802782,845330,4159758,None,None,None,None,None,None,None,-1.18,4.208,3.869,None,None,None,None,None,-10000,None,-0.0555,None,3359000,2025-10-29,quarterly,-0.01,USD,pre-market,9108600,-42337389,-0.0265,-0.0611,0.158,10.9,24594489,1481965,369835,6369234,34.42,36.76,90.9091,50040415,41647720,5772958,6856963,8392695,1084005,30956987,43183452,None,43.11,28.29
2025-12-28,ATRC,-0.61,518305000.0,None,1.473,9.59,736000,None,27432948,27432948,-80000,614000,260000,-16000,-319000,None,None,-232000,12086,6025300,None,8056680,8056680,1243365,None,None,4865065,None,None,1554238,496000,564000,564000,None,0.0,0.1,-10230134,-8675896,-0.11,2013-06-30,4827615,388061000.0,22900307,-12636032,46932,4827615,4827615,None,2332000,None,2135143,None,None,1084000,None,None,-1791000,None,None,None,0.0016,-258000,33703089,-10802782,845330,4159758,None,None,None,None,None,None,None,-1.18,4.208,3.869,None,None,None,None,None,-24000,None,-0.0555,None,3359000,2025-10-29,quarterly,-0.01,USD,pre-market,9108600,-42337389,-0.0265,-0.0611,0.158,10.9,24594489,1481965,369835,6369234,34.42,36.76,90.9091,50040415,41647720,5772958,6856963,8392695,1084005,30956987,43183452,None,43.11,28.29
2025-12-28,ATRC,-0.61,518305000.0,None,1.473,9.59,455000,None,27432948,27432948,27137000,-1449000,23031000,-83000,-1000,None,None,-1231000,12086,6025300,None,8056680,8056680,1243365,None,None,4865065,None,None,1554238,461000,1002000,1002000,None,0.0,0.1,-10230134,-8675896,-0.11,2013-03-31,4827615,388061000.0,22900307,-12636032,46932,4827615,4827615,None,2332000,None,2135143,None,None,1084000,None,None,-1943000,None,None,None,0.0016,-2574000,33703089,-10802782,845330,4159758,None,None,None,None,None,None,None,-1.18,4.208,3.869,None,None,None,None,None,-245000,None,-0.0555,None,3359000,2025-10-29,quarterly,-0.01,USD,pre-market,9108600,-42337389,-0.0265,-0.0611,0.158,10.9,24594489,1481965,369835,6369234,34.42,36.76,90.9091,50040415,41647720,5772958,6856963,8392695,1084005,30956987,43183452,None,43.11,28.29
2025-12-28,ATRC,-0.61,518305000.0,None,1.473,9.59,613000,None,27432948,27432948,-254000,-11000,-450000,6000,1184000,None,None,-542000,12086,6025300,None,8056680,8056680,1243365,None,None,4865065,None,None,1554238,379000,0,0,None,0.0,0.1,-10230134,-8675896,-0.11,2012-12-31,4827615,388061000.0,22900307,-12636032,46932,4827615,4827615,None,2332000,None,2135143,None,None,1084000,None,None,-2020000,None,None,None,0.0016,-191000,33703089,-10802782,845330,4159758,None,None,None,None,None,None,None,-1.18,4.208,3.869,None,None,None,None,None,-29000,None,-0.0555,None,3359000,2025-10-29,quarterly,-0.01,USD,pre-market,9108600,-42337389,-0.0265,-0.0611,0.158,10.9,24594489,1481965,369835,6369234,34.42,36.76,90.9091,50040415,41647720,5772958,6856963,8392695,1084005,30956987,43183452,None,43.11,28.29
2025-12-28,ATRC,-0.61,518305000.0,None,1.473,9.59,977000,None,27432948,27432948,-523000,477000,-457000,52000,-358000,None,None,1041000,12086,6025300,None,8056680,8056680,1243365,None,None,4865065,None,None,1554238,467000,0,0,None,0.0,0.1,-10230134,-8675896,-0.11,2012-09-30,4827615,388061000.0,22900307,-12636032,46932,4827615,4827615,None,2332000,None,2135143,None,None,1084000,None,None,-2567000,None,None,None,0.0016,-463000,33703089,-10802782,845330,4159758,None,None,None,None,None,None,None,-1.18,4.208,3.869,None,None,None,None,None,-144000,None,-0.0555,None,3359000,2025-10-29,quarterly,-0.01,USD,pre-market,9108600,-42337389,-0.0265,-0.0611,0.158,10.9,24594489,1481965,369835,6369234,34.42,36.76,90.9091,50040415,41647720,5772958,6856963,8392695,1084005,30956987,43183452,None,43.11,28.29
2025-12-28,ATRC,-0.61,518305000.0,None,1.473,9.59,733046,None,27432948,27432948,1289,-2565834,-2758457,4477,488629,None,None,-738722,12086,6025300,None,8056680,8056680,1243365,None,None,4865065,None,None,1554238,574419,0,0,None,0.0,0.1,-10230134,-8675896,-0.11,2012-06-30,4827615,388061000.0,22900307,-12636032,46932,4827615,4827615,None,2332000,None,2135143,None,None,1084000,None,None,-1326000,None,None,None,0.0016,-198389,33703089,-10802782,845330,4159758,None,None,None,None,None,None,None,-1.18,4.208,3.869,None,None,None,None,None,-30000,None,-0.0555,None,3359000,2025-10-29,quarterly,-0.01,USD,pre-market,9108600,-42337389,-0.0265,-0.0611,0.158,10.9,24594489,1481965,369835,6369234,34.42,36.76,90.9091,50040415,41647720,5772958,6856963,8392695,1084005,30956987,43183452,None,43.11,28.29
2025-12-28,ATRC,-0.61,518305000.0,None,1.473,9.59,661954,None,27432948,27432948,3437711,-697166,1659457,2523,-449629,None,None,-177278,12086,6025300,None,8056680,8056680,1243365,None,None,4865065,None,None,1554238,530858,0,0,None,0.0,0.1,-10230134,-8675896,-0.11,2012-03-31,4827615,388061000.0,22900307,-12636032,46932,4827615,4827615,None,2332000,None,2135143,None,None,1084000,None,None,-1619780,None,None,None,0.0016,-1083611,33703089,-10802782,845330,4159758,None,None,None,None,None,None,None,-1.18,4.208,3.869,None,None,None,None,None,-198000,None,-0.0555,None,3359000,2025-10-29,quarterly,-0.01,USD,pre-market,9108600,-42337389,-0.0265,-0.0611,0.158,10.9,24594489,1481965,369835,6369234,34.42,36.76,90.9091,50040415,41647720,5772958,6856963,8392695,1084005,30956987,43183452,None,43.11,28.29
2025-12-28,ATRC,-0.61,518305000.0,None,1.473,9.59,670327,None,27432948,27432948,422705,6932712,None,None,-43191,None,None,None,12086,6025300,None,8056680,8056680,1243365,None,None,4865065,None,None,1554238,429699,0,0,None,0.0,0.1,-10230134,-8675896,-0.11,2011-12-31,4827615,388061000.0,22900307,-12636032,46932,4827615,4827615,None,2332000,None,2135143,None,None,1084000,None,None,-2079468,None,None,None,0.0016,-1126976,33703089,-10802782,845330,4159758,None,None,None,None,None,None,None,-1.18,4.208,3.869,None,None,None,None,None,-47001,None,-0.0555,None,3359000,2025-10-29,quarterly,-0.01,USD,pre-market,9108600,-42337389,-0.0265,-0.0611,0.158,10.9,24594489,1481965,369835,6369234,34.42,36.76,90.9091,50040415,41647720,5772958,6856963,8392695,1084005,30956987,43183452,None,43.11,28.29
2025-12-28,ATRC,-0.61,518305000.0,None,1.473,9.59,213864,None,27432948,27432948,-585114,306471,None,None,-611391,None,None,None,12086,6025300,None,8056680,8056680,1243365,None,None,4865065,None,None,1554238,414304,0,0,None,0.0,0.1,-10230134,-8675896,-0.11,2011-09-30,4827615,388061000.0,22900307,-12636032,46932,4827615,4827615,None,2332000,None,2135143,None,None,1084000,None,None,-1156336,None,None,None,0.0016,-355549,33703089,-10802782,845330,4159758,None,None,None,None,None,None,None,-1.18,4.208,3.869,None,None,None,None,None,-212977,None,-0.0555,None,3359000,2025-10-29,quarterly,-0.01,USD,pre-market,9108600,-42337389,-0.0265,-0.0611,0.158,10.9,24594489,1481965,369835,6369234,34.42,36.76,90.9091,50040415,41647720,5772958,6856963,8392695,1084005,30956987,43183452,None,43.11,28.29
2025-12-28,ATRC,-0.61,518305000.0,None,1.473,9.59,249386,None,27432948,27432948,677684,-4584373,None,None,23175,None,None,None,12086,6025300,None,8056680,8056680,1243365,None,None,4865065,None,None,1554238,548399,0,0,None,0.0,0.1,-10230134,-8675896,-0.11,2011-06-30,4827615,388061000.0,22900307,-12636032,46932,4827615,4827615,None,2332000,None,2135143,None,None,1084000,None,None,-946650,None,None,None,0.0016,367673,33703089,-10802782,845330,4159758,None,None,None,None,None,None,None,-1.18,4.208,3.869,None,None,None,None,None,0,None,-0.0555,None,3359000,2025-10-29,quarterly,-0.01,USD,pre-market,9108600,-42337389,-0.0265,-0.0611,0.158,10.9,24594489,1481965,369835,6369234,34.42,36.76,90.9091,50040415,41647720,5772958,6856963,8392695,1084005,30956987,43183452,None,43.11,28.29
2025-12-28,ATRC,-0.61,518305000.0,None,1.473,9.59,388734,None,27432948,27432948,4331905,69402,None,None,-292105,None,None,None,12086,6025300,None,8056680,8056680,1243365,None,None,4865065,None,None,1554238,529746,None,None,None,0.0,0.1,-10230134,-8675896,-0.11,2011-03-31,4827615,388061000.0,22900307,-12636032,46932,4827615,4827615,None,2332000,None,2135143,None,None,1084000,None,None,-1273046,None,None,None,0.0016,-871574,33703089,-10802782,845330,4159758,None,None,None,None,None,None,None,-1.18,4.208,3.869,None,None,None,None,None,-468445,None,-0.0555,None,3359000,2025-10-29,quarterly,-0.01,USD,pre-market,9108600,-42337389,-0.0265,-0.0611,0.158,10.9,24594489,1481965,369835,6369234,34.42,36.76,90.9091,50040415,41647720,5772958,6856963,8392695,1084005,30956987,43183452,None,43.11,28.29
2025-12-28,ATRC,-0.61,518305000.0,None,1.473,9.59,279125,None,27432948,27432948,-117462,-685526,None,None,935982,None,None,None,12086,6025300,None,8056680,8056680,1243365,None,None,4865065,None,None,1554238,587585,None,None,None,0.0,0.1,-10230134,-8675896,-0.11,2010-12-31,4827615,388061000.0,22900307,-12636032,46932,4827615,4827615,None,2332000,None,2135143,None,None,1084000,None,None,11544,None,None,None,0.0016,1533663,33703089,-10802782,845330,4159758,None,None,None,None,None,None,None,-1.18,4.208,3.869,None,None,None,None,None,None,None,-0.0555,None,3359000,2025-10-29,quarterly,-0.01,USD,pre-market,9108600,-42337389,-0.0265,-0.0611,0.158,10.9,24594489,1481965,369835,6369234,34.42,36.76,90.9091,50040415,41647720,5772958,6856963,8392695,1084005,30956987,43183452,None,43.11,28.29
2025-12-28,ATRC,-0.61,518305000.0,None,1.473,9.59,497679,None,27432948,27432948,-406875,-3302118,None,None,-538680,None,None,None,12086,6025300,None,8056680,8056680,1243365,None,None,4865065,None,None,1554238,539045,None,None,None,0.0,0.1,-10230134,-8675896,-0.11,2010-09-30,4827615,388061000.0,22900307,-12636032,46932,4827615,4827615,None,2332000,None,2135143,None,None,1084000,None,None,-1029310,None,None,None,0.0016,317073,33703089,-10802782,845330,4159758,None,None,None,None,None,None,None,-1.18,4.208,3.869,None,None,None,None,None,None,None,-0.0555,None,3359000,2025-10-29,quarterly,-0.01,USD,pre-market,9108600,-42337389,-0.0265,-0.0611,0.158,10.9,24594489,1481965,369835,6369234,34.42,36.76,90.9091,50040415,41647720,5772958,6856963,8392695,1084005,30956987,43183452,None,43.11,28.29
2025-12-28,ATRC,-0.61,518305000.0,None,1.473,9.59,639932,None,27432948,27432948,-379461,2423768,None,None,-625372,None,None,None,12086,6025300,None,8056680,8056680,1243365,None,None,4865065,None,None,1554238,605941,None,None,None,0.0,0.1,-10230134,-8675896,-0.11,2010-06-30,4827615,388061000.0,22900307,-12636032,46932,4827615,4827615,None,2332000,None,2135143,None,None,1084000,None,None,-764506,None,None,None,0.0016,1092358,33703089,-10802782,845330,4159758,None,None,None,None,None,None,None,-1.18,4.208,3.869,None,None,None,None,None,None,None,-0.0555,None,3359000,2025-10-29,quarterly,-0.01,USD,pre-market,9108600,-42337389,-0.0265,-0.0611,0.158,10.9,24594489,1481965,369835,6369234,34.42,36.76,90.9091,50040415,41647720,5772958,6856963,8392695,1084005,30956987,43183452,None,43.11,28.29
2025-12-28,ATRC,-0.61,518305000.0,None,1.473,9.59,397076,None,27432948,27432948,-539376,-1771059,None,None,-622077,None,None,None,12086,6025300,None,8056680,8056680,1243365,None,None,4865065,None,None,1554238,630713,None,None,None,0.0,0.1,-10230134,-8675896,-0.11,2010-03-31,4827615,388061000.0,22900307,-12636032,46932,4827615,4827615,None,2332000,None,2135143,None,None,1084000,None,None,-2009351,None,None,None,0.0016,-2976528,33703089,-10802782,845330,4159758,None,None,None,None,None,None,None,-1.18,4.208,3.869,None,None,None,None,None,None,None,-0.0555,None,3359000,2025-10-29,quarterly,-0.01,USD,pre-market,9108600,-42337389,-0.0265,-0.0611,0.158,10.9,24594489,1481965,369835,6369234,34.42,36.76,90.9091,50040415,41647720,5772958,6856963,8392695,1084005,30956987,43183452,None,43.11,28.29
2025-12-28,ATRC,-0.61,518305000.0,None,1.473,9.59,354296,None,27432948,27432948,-408947,-1341624,None,None,590535,None,None,None,12086,6025300,None,8056680,8056680,1243365,None,None,4865065,None,None,1554238,626073,None,None,None,0.0,0.1,-10230134,-8675896,-0.11,2009-12-31,4827615,388061000.0,22900307,-12636032,46932,4827615,4827615,None,2332000,None,2135143,None,None,1084000,None,None,-2390028,None,None,None,0.0016,89955,33703089,-10802782,845330,4159758,None,None,None,None,None,None,None,-1.18,4.208,3.869,None,None,None,None,None,None,None,-0.0555,None,3359000,2025-10-29,quarterly,-0.01,USD,pre-market,9108600,-42337389,-0.0265,-0.0611,0.158,10.9,24594489,1481965,369835,6369234,34.42,36.76,90.9091,50040415,41647720,5772958,6856963,8392695,1084005,30956987,43183452,None,43.11,28.29
2025-12-28,ATRC,-0.61,518305000.0,None,1.473,9.59,248205,None,27432948,27432948,-624440,-4063599,None,None,476789,None,None,None,12086,6025300,None,8056680,8056680,1243365,None,None,4865065,None,None,1554238,602459,None,None,None,0.0,0.1,-10230134,-8675896,-0.11,2009-09-30,4827615,388061000.0,22900307,-12636032,46932,4827615,4827615,None,2332000,None,2135143,None,None,1084000,None,None,-4696970,None,None,None,0.0016,1531295,33703089,-10802782,845330,4159758,None,None,None,None,None,None,None,-1.18,4.208,3.869,None,None,None,None,None,None,None,-0.0555,None,3359000,2025-10-29,quarterly,-0.01,USD,pre-market,9108600,-42337389,-0.0265,-0.0611,0.158,10.9,24594489,1481965,369835,6369234,34.42,36.76,90.9091,50040415,41647720,5772958,6856963,8392695,1084005,30956987,43183452,None,43.11,28.29
2025-12-28,ATRC,-0.61,518305000.0,None,1.473,9.59,384887,None,27432948,27432948,6178682,-2394154,None,None,-209165,None,None,None,12086,6025300,None,8056680,8056680,1243365,None,None,4865065,None,None,1554238,603675,None,None,None,0.0,0.1,-10230134,-8675896,-0.11,2009-06-30,4827615,388061000.0,22900307,-12636032,46932,4827615,4827615,None,2332000,None,2135143,None,None,1084000,None,None,-1443068,None,None,None,0.0016,1241238,33703089,-10802782,845330,4159758,None,None,None,None,None,None,None,-1.18,4.208,3.869,None,None,None,None,None,None,None,-0.0555,None,3359000,2025-10-29,quarterly,-0.01,USD,pre-market,9108600,-42337389,-0.0265,-0.0611,0.158,10.9,24594489,1481965,369835,6369234,34.42,36.76,90.9091,50040415,41647720,5772958,6856963,8392695,1084005,30956987,43183452,None,43.11,28.29
2025-12-28,ATRC,-0.61,518305000.0,None,1.473,9.59,373071,None,27432948,27432948,-6059304,5626929,None,None,646547,None,None,None,12086,6025300,None,8056680,8056680,1243365,None,None,4865065,None,None,1554238,581593,None,None,None,0.0,0.1,-10230134,-8675896,-0.11,2009-03-31,4827615,388061000.0,22900307,-12636032,46932,4827615,4827615,None,2332000,None,2135143,None,None,1084000,None,None,-7964922,None,None,None,0.0016,-2442540,33703089,-10802782,845330,4159758,None,None,None,None,None,None,None,-1.18,4.208,3.869,None,None,None,None,None,None,None,-0.0555,None,3359000,2025-10-29,quarterly,-0.01,USD,pre-market,9108600,-42337389,-0.0265,-0.0611,0.158,10.9,24594489,1481965,369835,6369234,34.42,36.76,90.9091,50040415,41647720,5772958,6856963,8392695,1084005,30956987,43183452,None,43.11,28.29
2025-12-28,ATRC,-0.61,518305000.0,None,1.473,9.59,163311,None,27432948,27432948,24507,-163311,None,None,-994683,None,None,None,12086,6025300,None,8056680,8056680,1243365,None,None,4865065,None,None,1554238,516740,None,None,None,0.0,0.1,-10230134,-8675896,-0.11,2008-12-31,4827615,388061000.0,22900307,-12636032,46932,4827615,4827615,None,2332000,None,2135143,None,None,1084000,None,None,-3199227,None,None,None,0.0016,-824400,33703089,-10802782,845330,4159758,None,None,None,None,None,None,None,-1.18,4.208,3.869,None,None,None,None,None,None,None,-0.0555,None,3359000,2025-10-29,quarterly,-0.01,USD,pre-market,9108600,-42337389,-0.0265,-0.0611,0.158,10.9,24594489,1481965,369835,6369234,34.42,36.76,90.9091,50040415,41647720,5772958,6856963,8392695,1084005,30956987,43183452,None,43.11,28.29
2025-12-28,ATRC,-0.61,518305000.0,None,1.473,9.59,491856,None,27432948,27432948,5303174,-4593968,None,None,401814,None,None,None,12086,6025300,None,8056680,8056680,1243365,None,None,4865065,None,None,1554238,741753,None,None,None,0.0,0.1,-10230134,-8675896,-0.11,2008-09-30,4827615,388061000.0,22900307,-12636032,46932,4827615,4827615,None,2332000,None,2135143,None,None,1084000,None,None,-1769978,None,None,None,0.0016,1624585,33703089,-10802782,845330,4159758,None,None,None,None,None,None,None,-1.18,4.208,3.869,None,None,None,None,None,None,None,-0.0555,None,3359000,2025-10-29,quarterly,-0.01,USD,pre-market,9108600,-42337389,-0.0265,-0.0611,0.158,10.9,24594489,1481965,369835,6369234,34.42,36.76,90.9091,50040415,41647720,5772958,6856963,8392695,1084005,30956987,43183452,None,43.11,28.29
2025-12-28,ATRC,-0.61,518305000.0,None,1.473,9.59,260392,None,27432948,27432948,364347,-680123,None,None,450959,None,None,None,12086,6025300,None,8056680,8056680,1243365,None,None,4865065,None,None,1554238,685599,None,None,None,0.0,0.1,-10230134,-8675896,-0.11,2008-06-30,4827615,388061000.0,22900307,-12636032,46932,4827615,4827615,None,2332000,None,2135143,None,None,1084000,None,None,-1592612,None,None,None,0.0016,-2681643,33703089,-10802782,845330,4159758,None,None,None,None,None,None,None,-1.18,4.208,3.869,None,None,None,None,None,None,None,-0.0555,None,3359000,2025-10-29,quarterly,-0.01,USD,pre-market,9108600,-42337389,-0.0265,-0.0611,0.158,10.9,24594489,1481965,369835,6369234,34.42,36.76,90.9091,50040415,41647720,5772958,6856963,8392695,1084005,30956987,43183452,None,43.11,28.29
2025-12-28,ATRC,-0.61,518305000.0,None,1.473,9.59,832031,None,27432948,27432948,-411364,4266434,None,None,-1007321,None,None,None,12086,6025300,None,8056680,8056680,1243365,None,None,4865065,None,None,1554238,738112,None,None,None,0.0,0.1,-10230134,-8675896,-0.11,2008-03-31,4827615,388061000.0,22900307,-12636032,46932,4827615,4827615,None,2332000,None,2135143,None,None,1084000,None,None,-3605435,None,None,None,0.0016,-3828482,33703089,-10802782,845330,4159758,None,None,None,None,None,None,None,-1.18,4.208,3.869,None,None,None,None,None,None,None,-0.0555,None,3359000,2025-10-29,quarterly,-0.01,USD,pre-market,9108600,-42337389,-0.0265,-0.0611,0.158,10.9,24594489,1481965,369835,6369234,34.42,36.76,90.9091,50040415,41647720,5772958,6856963,8392695,1084005,30956987,43183452,None,43.11,28.29
2025-12-28,ATRC,-0.61,518305000.0,None,1.473,9.59,776057,None,27432948,27432948,-165875,-3801524,None,None,-1043946,None,None,None,12086,6025300,None,8056680,8056680,1243365,None,None,4865065,None,None,1554238,659588,None,None,None,0.0,0.1,-10230134,-8675896,-0.11,2007-12-31,4827615,388061000.0,22900307,-12636032,46932,4827615,4827615,None,2332000,None,2135143,None,None,1084000,None,None,-1565381,None,None,None,0.0016,-326322,33703089,-10802782,845330,4159758,None,None,None,None,None,None,None,-1.18,4.208,3.869,None,None,None,None,None,None,None,-0.0555,None,3359000,2025-10-29,quarterly,-0.01,USD,pre-market,9108600,-42337389,-0.0265,-0.0611,0.158,10.9,24594489,1481965,369835,6369234,34.42,36.76,90.9091,50040415,41647720,5772958,6856963,8392695,1084005,30956987,43183452,None,43.11,28.29
2025-12-28,ATRC,-0.61,518305000.0,None,1.473,9.59,826995,None,27432948,27432948,-1265461,-7151545,None,None,249732,None,None,None,12086,6025300,None,8056680,8056680,1243365,None,None,4865065,None,None,1554238,615918,None,None,None,0.0,0.1,-10230134,-8675896,-0.11,2007-09-30,4827615,388061000.0,22900307,-12636032,46932,4827615,4827615,None,2332000,None,2135143,None,None,1084000,None,None,-2598174,None,None,None,0.0016,-2166574,33703089,-10802782,845330,4159758,None,None,None,None,None,None,None,-1.18,4.208,3.869,None,None,None,None,None,None,None,-0.0555,None,3359000,2025-10-29,quarterly,-0.01,USD,pre-market,9108600,-42337389,-0.0265,-0.0611,0.158,10.9,24594489,1481965,369835,6369234,34.42,36.76,90.9091,50040415,41647720,5772958,6856963,8392695,1084005,30956987,43183452,None,43.11,28.29
2025-12-28,ATRC,-0.61,518305000.0,None,1.473,9.59,915423,None,27432948,27432948,16428239,891338,None,None,139516,None,None,None,12086,6025300,None,8056680,8056680,1243365,None,None,4865065,None,None,1554238,543695,None,None,None,0.0,0.1,-10230134,-8675896,-0.11,2007-06-30,4827615,388061000.0,22900307,-12636032,46932,4827615,4827615,None,2332000,None,2135143,None,None,1084000,None,None,-2787090,None,None,None,0.0016,-2664162,33703089,-10802782,845330,4159758,None,None,None,None,None,None,None,-1.18,4.208,3.869,None,None,None,None,None,None,None,-0.0555,None,3359000,2025-10-29,quarterly,-0.01,USD,pre-market,9108600,-42337389,-0.0265,-0.0611,0.158,10.9,24594489,1481965,369835,6369234,34.42,36.76,90.9091,50040415,41647720,5772958,6856963,8392695,1084005,30956987,43183452,None,43.11,28.29
2025-12-28,ATRC,-0.61,518305000.0,None,1.473,9.59,526071,None,27432948,27432948,31305,1275168,None,None,-726258,None,None,None,12086,6025300,None,8056680,8056680,1243365,None,None,4865065,None,None,1554238,502585,None,None,None,0.0,0.1,-10230134,-8675896,-0.11,2007-03-31,4827615,388061000.0,22900307,-12636032,46932,4827615,4827615,None,2332000,None,2135143,None,None,1084000,None,None,-4302421,None,None,None,0.0016,-2958570,33703089,-10802782,845330,4159758,None,None,None,None,None,None,None,-1.18,4.208,3.869,None,None,None,None,None,None,None,-0.0555,None,3359000,2025-10-29,quarterly,-0.01,USD,pre-market,9108600,-42337389,-0.0265,-0.0611,0.158,10.9,24594489,1481965,369835,6369234,34.42,36.76,90.9091,50040415,41647720,5772958,6856963,8392695,1084005,30956987,43183452,None,43.11,28.29
2025-12-28,ATRC,-0.61,518305000.0,None,1.473,9.59,301979,None,27432948,27432948,-85740,115000,None,None,-139848,None,None,None,12086,6025300,None,8056680,8056680,1243365,None,None,4865065,None,None,1554238,520345,None,None,None,0.0,0.1,-10230134,-8675896,-0.11,2006-12-31,4827615,388061000.0,22900307,-12636032,46932,4827615,4827615,None,2332000,None,2135143,None,None,1084000,None,None,-4263565,None,None,None,0.0016,-2516952,33703089,-10802782,845330,4159758,None,None,None,None,None,None,None,-1.18,4.208,3.869,None,None,None,None,None,None,None,-0.0555,None,3359000,2025-10-29,quarterly,-0.01,USD,pre-market,9108600,-42337389,-0.0265,-0.0611,0.158,10.9,24594489,1481965,369835,6369234,34.42,36.76,90.9091,50040415,41647720,5772958,6856963,8392695,1084005,30956987,43183452,None,43.11,28.29
2025-12-28,ATRC,-0.61,518305000.0,None,1.473,9.59,735055,None,27432948,27432948,-46891,-218289,None,None,-193885,None,None,None,12086,6025300,None,8056680,8056680,1243365,None,None,4865065,None,None,1554238,480303,None,None,None,0.0,0.1,-10230134,-8675896,-0.11,2006-09-30,4827615,388061000.0,22900307,-12636032,46932,4827615,4827615,None,2332000,None,2135143,None,None,1084000,None,None,-3155598,None,None,None,0.0016,-3733169,33703089,-10802782,845330,4159758,None,None,None,None,None,None,None,-1.18,4.208,3.869,None,None,None,None,None,None,None,-0.0555,None,3359000,2025-10-29,quarterly,-0.01,USD,pre-market,9108600,-42337389,-0.0265,-0.0611,0.158,10.9,24594489,1481965,369835,6369234,34.42,36.76,90.9091,50040415,41647720,5772958,6856963,8392695,1084005,30956987,43183452,None,43.11,28.29
2025-12-28,ATRC,-0.61,518305000.0,None,1.473,9.59,450097,None,27432948,27432948,-82825,-710817,None,None,-347140,None,None,None,12086,6025300,None,8056680,8056680,1243365,None,None,4865065,None,None,1554238,458099,None,None,None,0.0,0.1,-10230134,-8675896,-0.11,2006-06-30,4827615,388061000.0,22900307,-12636032,46932,4827615,4827615,None,2332000,None,2135143,None,None,1084000,None,None,-3208341,None,None,None,0.0016,-2450163,33703089,-10802782,845330,4159758,None,None,None,None,None,None,None,-1.18,4.208,3.869,None,None,None,None,None,None,None,-0.0555,None,3359000,2025-10-29,quarterly,-0.01,USD,pre-market,9108600,-42337389,-0.0265,-0.0611,0.158,10.9,24594489,1481965,369835,6369234,34.42,36.76,90.9091,50040415,41647720,5772958,6856963,8392695,1084005,30956987,43183452,None,43.11,28.29
2025-12-28,ATRC,-0.61,518305000.0,None,1.473,9.59,193389,None,27432948,27432948,-61909,-547318,None,None,-573386,None,None,None,12086,6025300,None,8056680,8056680,1243365,None,None,4865065,None,None,1554238,426556,None,None,None,0.0,0.1,-10230134,-8675896,-0.11,2006-03-31,4827615,388061000.0,22900307,-12636032,46932,4827615,4827615,None,2332000,None,2135143,None,None,1084000,None,None,-3089771,None,None,None,0.0016,-3765446,33703089,-10802782,845330,4159758,None,None,None,None,None,None,None,-1.18,4.208,3.869,None,None,None,None,None,None,None,-0.0555,None,3359000,2025-10-29,quarterly,-0.01,USD,pre-market,9108600,-42337389,-0.0265,-0.0611,0.158,10.9,24594489,1481965,369835,6369234,34.42,36.76,90.9091,50040415,41647720,5772958,6856963,8392695,1084005,30956987,43183452,None,43.11,28.29
2025-12-28,ATRC,-0.61,518305000.0,None,1.473,9.59,464785,None,27432948,27432948,-66131,-6833193,None,None,289577,None,None,None,12086,6025300,None,8056680,8056680,1243365,None,None,4865065,None,None,1554238,493488,None,None,None,0.0,0.1,-10230134,-8675896,-0.11,2005-12-31,4827615,388061000.0,22900307,-12636032,46932,4827615,4827615,None,2332000,None,2135143,None,None,1084000,None,None,-4009512,None,None,None,0.0016,-4003654,33703089,-10802782,845330,4159758,None,None,None,None,None,None,None,-1.18,4.208,3.869,None,None,None,None,None,None,None,-0.0555,None,3359000,2025-10-29,quarterly,-0.01,USD,pre-market,9108600,-42337389,-0.0265,-0.0611,0.158,10.9,24594489,1481965,369835,6369234,34.42,36.76,90.9091,50040415,41647720,5772958,6856963,8392695,1084005,30956987,43183452,None,43.11,28.29
2025-12-28,ATRC,-0.61,518305000.0,None,1.473,9.59,602925,None,27432948,27432948,44662101,-6523606,None,None,-17770,None,None,None,12086,6025300,None,8056680,8056680,1243365,None,None,4865065,None,None,1554238,427880,None,None,None,0.0,0.1,-10230134,-8675896,-0.11,2005-09-30,4827615,388061000.0,22900307,-12636032,46932,4827615,4827615,None,2332000,None,2135143,None,None,1084000,None,None,-3964436,None,None,None,0.0016,-893249,33703089,-10802782,845330,4159758,None,None,None,None,None,None,None,-1.18,4.208,3.869,None,None,None,None,None,None,None,-0.0555,None,3359000,2025-10-29,quarterly,-0.01,USD,pre-market,9108600,-42337389,-0.0265,-0.0611,0.158,10.9,24594489,1481965,369835,6369234,34.42,36.76,90.9091,50040415,41647720,5772958,6856963,8392695,1084005,30956987,43183452,None,43.11,28.29
2025-12-28,ATRC,-0.61,518305000.0,None,1.473,9.59,23459000,None,27432948,27432948,-3603000,30234000,None,None,-7740000,None,None,None,12086,6025300,None,8056680,8056680,1243365,None,None,4865065,None,None,1554238,18733000,0,0,None,0.0,0.1,-10230134,-8675896,-0.11,2024-12-31,4827615,388061000.0,22900307,-12636032,46932,4827615,4827615,None,2332000,None,2135143,None,None,1084000,None,None,-44698000,None,None,None,0.0016,12204000,33703089,-10802782,845330,4159758,None,None,None,None,None,None,None,-1.18,4.208,3.869,None,None,None,None,None,-6951000,None,-0.0555,None,3359000,2025-10-29,annual,-0.01,USD,pre-market,9108600,-42337389,-0.0265,-0.0611,0.158,10.9,24594489,1481965,369835,6369234,34.42,36.76,90.9091,50040415,41647720,5772958,6856963,8392695,1084005,30956987,43183452,None,43.11,28.29
2025-12-28,ATRC,-0.61,518305000.0,None,1.473,9.59,41998000,None,27432948,27432948,-32000,21817000,None,None,-21830000,None,None,None,12086,6025300,None,8056680,8056680,1243365,None,None,4865065,None,None,1554238,14813000,60000,60000,None,0.0,0.1,-10230134,-8675896,-0.11,2023-12-31,4827615,388061000.0,22900307,-12636032,46932,4827615,4827615,None,2332000,None,2135143,None,None,1084000,None,None,-30438000,None,None,None,0.0016,4484000,33703089,-10802782,845330,4159758,None,None,None,None,None,None,None,-1.18,4.208,3.869,None,None,None,None,None,-6557000,None,-0.0555,None,3359000,2025-10-29,annual,-0.01,USD,pre-market,9108600,-42337389,-0.0265,-0.0611,0.158,10.9,24594489,1481965,369835,6369234,34.42,36.76,90.9091,50040415,41647720,5772958,6856963,8392695,1084005,30956987,43183452,None,43.11,28.29
2025-12-28,ATRC,-0.61,518305000.0,None,1.473,9.59,16881000,None,27432948,27432948,-7059000,44006000,14806000,None,-7305000,None,None,-8989000,12086,6025300,None,8056680,8056680,1243365,None,None,4865065,None,None,1554238,11710000,6041000,6041000,None,0.0,0.1,-10230134,-8675896,-0.11,2022-12-31,4827615,388061000.0,22900307,-12636032,46932,4827615,4827615,None,2332000,None,2135143,None,None,1084000,None,None,-46466000,None,None,None,0.0016,-22141000,33703089,-10802782,845330,4159758,None,None,None,None,None,None,None,-1.18,4.208,3.869,None,None,None,None,None,-12201000,None,-0.0555,None,3359000,2025-10-29,annual,-0.01,USD,pre-market,9108600,-42337389,-0.0265,-0.0611,0.158,10.9,24594489,1481965,369835,6369234,34.42,36.76,90.9091,50040415,41647720,5772958,6856963,8392695,1084005,30956987,43183452,None,43.11,28.29
2025-12-28,ATRC,-0.61,518305000.0,None,1.473,9.59,9753000,None,27432948,27432948,-7642000,23504000,1710000,-372000,-4274000,None,None,-10087000,12086,6025300,None,8056680,8056680,1243365,None,None,4865065,None,None,1554238,10441000,12356000,12356000,None,0.0,0.1,-10230134,-8675896,-0.11,2021-12-31,4827615,388061000.0,22900307,-12636032,46932,4827615,4827615,None,2332000,None,2135143,None,None,1084000,None,None,50199000,None,None,None,0.0016,-13780000,33703089,-10802782,845330,4159758,None,None,None,None,None,None,None,-1.18,4.208,3.869,None,None,None,None,None,-18011000,None,-0.0555,None,3359000,2025-10-29,annual,-0.01,USD,pre-market,9108600,-42337389,-0.0265,-0.0611,0.158,10.9,24594489,1481965,369835,6369234,34.42,36.76,90.9091,50040415,41647720,5772958,6856963,8392695,1084005,30956987,43183452,None,43.11,28.29
2025-12-28,ATRC,-0.61,518305000.0,None,1.473,9.59,5259000,None,27432948,27432948,189392000,-156198000,13461000,136000,-5265000,None,None,5087000,12086,6025300,None,8056680,8056680,1243365,None,None,4865065,None,None,1554238,9548000,14165000,14165000,None,0.0,0.1,-10230134,-8675896,-0.11,2020-12-31,4827615,388061000.0,22900307,-12636032,46932,4827615,4827615,None,2332000,None,2135143,None,None,1084000,None,None,-48155000,None,None,None,0.0016,-19869000,33703089,-10802782,845330,4159758,None,None,None,None,None,None,None,-1.18,4.208,3.869,None,None,None,None,None,-13029000,None,-0.0555,None,3359000,2025-10-29,annual,-0.01,USD,pre-market,9108600,-42337389,-0.0265,-0.0611,0.158,10.9,24594489,1481965,369835,6369234,34.42,36.76,90.9091,50040415,41647720,5772958,6856963,8392695,1084005,30956987,43183452,None,43.11,28.29
2025-12-28,ATRC,-0.61,518305000.0,None,1.473,9.59,12182000,None,27432948,27432948,14373000,-2147000,-3748000,-163000,-5151000,None,None,-3201000,12086,6025300,None,8056680,8056680,1243365,None,None,4865065,None,None,1554238,9366000,3864000,3864000,None,0.0,0.1,-10230134,-8675896,-0.11,2019-12-31,4827615,388061000.0,22900307,-12636032,46932,4827615,4827615,None,2332000,None,2135143,None,None,1084000,None,None,-35194000,None,None,None,0.0016,-15811000,33703089,-10802782,845330,4159758,None,None,None,None,None,None,None,-1.18,4.208,3.869,None,None,None,None,None,-9033000,None,-0.0555,None,3359000,2025-10-29,annual,-0.01,USD,pre-market,9108600,-42337389,-0.0265,-0.0611,0.158,10.9,24594489,1481965,369835,6369234,34.42,36.76,90.9091,50040415,41647720,5772958,6856963,8392695,1084005,30956987,43183452,None,43.11,28.29
2025-12-28,ATRC,-0.61,518305000.0,None,1.473,9.59,6211000,None,27432948,27432948,100176000,-85404000,10422000,-179000,-146000,None,None,-2837000,12086,6025300,None,8056680,8056680,1243365,None,None,4865065,None,None,1554238,8754000,25776000,25776000,None,0.0,0.1,-10230134,-8675896,-0.11,2018-12-31,4827615,388061000.0,22900307,-12636032,46932,4827615,4827615,None,2332000,None,2135143,None,None,1084000,None,None,-21137000,None,None,None,0.0016,-4171000,33703089,-10802782,845330,4159758,None,None,None,None,None,None,None,-1.18,4.208,3.869,None,None,None,None,None,-4457000,None,-0.0555,None,3359000,2025-10-29,annual,-0.01,USD,pre-market,9108600,-42337389,-0.0265,-0.0611,0.158,10.9,24594489,1481965,369835,6369234,34.42,36.76,90.9091,50040415,41647720,5772958,6856963,8392695,1084005,30956987,43183452,None,43.11,28.29
2025-12-28,ATRC,-0.61,518305000.0,None,1.473,9.59,6384000,None,27432948,27432948,2760000,3761000,-2399000,24000,-4477000,None,None,-1464000,12086,6025300,None,8056680,8056680,1243365,None,None,4865065,None,None,1554238,9128000,4402000,4402000,None,0.0,0.1,-10230134,-8675896,-0.11,2017-12-31,4827615,388061000.0,22900307,-12636032,46932,4827615,4827615,None,2332000,None,2135143,None,None,1084000,None,None,-26892000,None,None,None,0.0016,-8944000,33703089,-10802782,845330,4159758,None,None,None,None,None,None,None,-1.18,4.208,3.869,None,None,None,None,None,-2013000,None,-0.0555,None,3359000,2025-10-29,annual,-0.01,USD,pre-market,9108600,-42337389,-0.0265,-0.0611,0.158,10.9,24594489,1481965,369835,6369234,34.42,36.76,90.9091,50040415,41647720,5772958,6856963,8392695,1084005,30956987,43183452,None,43.11,28.29
2025-12-28,ATRC,-0.61,518305000.0,None,1.473,9.59,7692000,None,27432948,27432948,27695000,-12079000,444000,-53000,-79000,None,None,-1982000,12086,6025300,None,8056680,8056680,1243365,None,None,4865065,None,None,1554238,9299000,28337000,28337000,None,0.0,0.1,-10230134,-8675896,-0.11,2016-12-31,4827615,388061000.0,22900307,-12636032,46932,4827615,4827615,None,2332000,None,2135143,None,None,1084000,None,None,-33338000,None,None,None,0.0016,-15119000,33703089,-10802782,845330,4159758,None,None,None,None,None,None,None,-1.18,4.208,3.869,None,None,None,None,None,-1701000,None,-0.0555,None,3359000,2025-10-29,annual,-0.01,USD,pre-market,9108600,-42337389,-0.0265,-0.0611,0.158,10.9,24594489,1481965,369835,6369234,34.42,36.76,90.9091,50040415,41647720,5772958,6856963,8392695,1084005,30956987,43183452,None,43.11,28.29
2025-12-28,ATRC,-0.61,518305000.0,None,1.473,9.59,23997000,None,27432948,27432948,13961000,-10501000,-4620000,-238000,-2950000,None,None,-900000,12086,6025300,None,8056680,8056680,1243365,None,None,4865065,None,None,1554238,6278000,3043000,3043000,None,0.0,0.1,-10230134,-8675896,-0.11,2015-12-31,4827615,388061000.0,22900307,-12636032,46932,4827615,4827615,None,2332000,None,2135143,None,None,1084000,None,None,-27212000,None,None,None,0.0016,-7842000,33703089,-10802782,845330,4159758,None,None,None,None,None,None,None,-1.18,4.208,3.869,None,None,None,None,None,-782000,None,-0.0555,None,3359000,2025-10-29,annual,-0.01,USD,pre-market,9108600,-42337389,-0.0265,-0.0611,0.158,10.9,24594489,1481965,369835,6369234,34.42,36.76,90.9091,50040415,41647720,5772958,6856963,8392695,1084005,30956987,43183452,None,43.11,28.29
2025-12-28,ATRC,-0.61,518305000.0,None,1.473,9.59,9207000,None,27432948,27432948,65871000,-30623000,13492000,-156000,-4343000,None,None,-4168000,12086,6025300,None,8056680,8056680,1243365,None,None,4865065,None,None,1554238,4774000,6935000,6935000,None,0.0,0.1,-10230134,-8675896,-0.11,2014-12-31,4827615,388061000.0,22900307,-12636032,46932,4827615,4827615,None,2332000,None,2135143,None,None,1084000,None,None,-16211000,None,None,None,0.0016,-21600000,33703089,-10802782,845330,4159758,None,None,None,None,None,None,None,-1.18,4.208,3.869,None,None,None,None,None,-331000,None,-0.0555,None,3359000,2025-10-29,annual,-0.01,USD,pre-market,9108600,-42337389,-0.0265,-0.0611,0.158,10.9,24594489,1481965,369835,6369234,34.42,36.76,90.9091,50040415,41647720,5772958,6856963,8392695,1084005,30956987,43183452,None,43.11,28.29
2025-12-28,ATRC,-0.61,518305000.0,None,1.473,9.59,2864000,None,27432948,27432948,26828000,-14151000,7139000,-316000,-2288000,None,None,-1248000,12086,6025300,None,8056680,8056680,1243365,None,None,4865065,None,None,1554238,2020000,2508000,2508000,None,0.0,0.1,-10230134,-8675896,-0.11,2013-12-31,4827615,388061000.0,22900307,-12636032,46932,4827615,4827615,None,2332000,None,2135143,None,None,1084000,None,None,-11462000,None,None,None,0.0016,-5222000,33703089,-10802782,845330,4159758,None,None,None,None,None,None,None,-1.18,4.208,3.869,None,None,None,None,None,-398000,None,-0.0555,None,3359000,2025-10-29,annual,-0.01,USD,pre-market,9108600,-42337389,-0.0265,-0.0611,0.158,10.9,24594489,1481965,369835,6369234,34.42,36.76,90.9091,50040415,41647720,5772958,6856963,8392695,1084005,30956987,43183452,None,43.11,28.29
2025-12-28,ATRC,-0.61,518305000.0,None,1.473,9.59,2985000,None,27432948,27432948,2662000,-2797000,-2006000,65000,865000,None,None,-417000,12086,6025300,None,8056680,8056680,1243365,None,None,4865065,None,None,1554238,1899000,10659000,10659000,None,0.0,0.1,-10230134,-8675896,-0.11,2012-12-31,4827615,388061000.0,22900307,-12636032,46932,4827615,4827615,None,2332000,None,2135143,None,None,1084000,None,None,-7534000,None,None,None,0.0016,-1936000,33703089,-10802782,845330,4159758,None,None,None,None,None,None,None,-1.18,4.208,3.869,None,None,None,None,None,-401000,None,-0.0555,None,3359000,2025-10-29,annual,-0.01,USD,pre-market,9108600,-42337389,-0.0265,-0.0611,0.158,10.9,24594489,1481965,369835,6369234,34.42,36.76,90.9091,50040415,41647720,5772958,6856963,8392695,1084005,30956987,43183452,None,43.11,28.29
2025-12-28,ATRC,-0.61,518305000.0,None,1.473,9.59,1522311,None,27432948,27432948,4847180,2724212,5528194,-56772,-923512,None,None,-198947,12086,6025300,None,8056680,8056680,1243365,None,None,4865065,None,None,1554238,1922148,0,0,None,0.0,0.1,-10230134,-8675896,-0.11,2011-12-31,4827615,388061000.0,22900307,-12636032,46932,4827615,4827615,None,2332000,None,2135143,None,None,1084000,None,None,-5455503,None,None,None,0.0016,-1986426,33703089,-10802782,845330,4159758,None,None,None,None,None,None,None,-1.18,4.208,3.869,None,None,None,None,None,-783000,None,-0.0555,None,3359000,2025-10-29,annual,-0.01,USD,pre-market,9108600,-42337389,-0.0265,-0.0611,0.158,10.9,24594489,1481965,369835,6369234,34.42,36.76,90.9091,50040415,41647720,5772958,6856963,8392695,1084005,30956987,43183452,None,43.11,28.29
2025-12-28,ATRC,-0.61,518305000.0,None,1.473,9.59,1813812,None,27432948,27432948,-1443174,-3334935,None,None,-850147,None,None,None,12086,6025300,None,8056680,8056680,1243365,None,None,4865065,None,None,1554238,2363284,None,None,None,0.0,0.1,-10230134,-8675896,-0.11,2010-12-31,4827615,388061000.0,22900307,-12636032,46932,4827615,4827615,None,2332000,None,2135143,None,None,1084000,None,None,-3791623,None,None,None,0.0016,-33434,33703089,-10802782,845330,4159758,None,None,None,None,None,None,None,-1.18,4.208,3.869,None,None,None,None,None,None,None,-0.0555,None,3359000,2025-10-29,annual,-0.01,USD,pre-market,9108600,-42337389,-0.0265,-0.0611,0.158,10.9,24594489,1481965,369835,6369234,34.42,36.76,90.9091,50040415,41647720,5772958,6856963,8392695,1084005,30956987,43183452,None,43.11,28.29
2025-12-28,ATRC,-0.61,518305000.0,None,1.473,9.59,1360459,None,27432948,27432948,-914009,-2172448,None,None,1504706,None,None,None,12086,6025300,None,8056680,8056680,1243365,None,None,4865065,None,None,1554238,2772864,None,None,None,0.0,0.1,-10230134,-8675896,-0.11,2009-12-31,4827615,388061000.0,22900307,-12636032,46932,4827615,4827615,None,2332000,None,2135143,None,None,1084000,None,None,-16494988,None,None,None,0.0016,419948,33703089,-10802782,845330,4159758,None,None,None,None,None,None,None,-1.18,4.208,3.869,None,None,None,None,None,None,None,-0.0555,None,3359000,2025-10-29,annual,-0.01,USD,pre-market,9108600,-42337389,-0.0265,-0.0611,0.158,10.9,24594489,1481965,369835,6369234,34.42,36.76,90.9091,50040415,41647720,5772958,6856963,8392695,1084005,30956987,43183452,None,43.11,28.29
2025-12-28,ATRC,-0.61,518305000.0,None,1.473,9.59,1747590,None,27432948,27432948,5280664,-1170968,None,None,-1149231,None,None,None,12086,6025300,None,8056680,8056680,1243365,None,None,4865065,None,None,1554238,2682204,None,None,None,0.0,0.1,-10230134,-8675896,-0.11,2008-12-31,4827615,388061000.0,22900307,-12636032,46932,4827615,4827615,None,2332000,None,2135143,None,None,1084000,None,None,-10167252,None,None,None,0.0016,-5709940,33703089,-10802782,845330,4159758,None,None,None,None,None,None,None,-1.18,4.208,3.869,None,None,None,None,None,None,None,-0.0555,None,3359000,2025-10-29,annual,-0.01,USD,pre-market,9108600,-42337389,-0.0265,-0.0611,0.158,10.9,24594489,1481965,369835,6369234,34.42,36.76,90.9091,50040415,41647720,5772958,6856963,8392695,1084005,30956987,43183452,None,43.11,28.29
2025-12-28,ATRC,-0.61,518305000.0,None,1.473,9.59,3044546,None,27432948,27432948,15028208,-8786563,None,None,-1380956,None,None,None,12086,6025300,None,8056680,8056680,1243365,None,None,4865065,None,None,1554238,2321786,None,None,None,0.0,0.1,-10230134,-8675896,-0.11,2007-12-31,4827615,388061000.0,22900307,-12636032,46932,4827615,4827615,None,2332000,None,2135143,None,None,1084000,None,None,-11253066,None,None,None,0.0016,-8115628,33703089,-10802782,845330,4159758,None,None,None,None,None,None,None,-1.18,4.208,3.869,None,None,None,None,None,None,None,-0.0555,None,3359000,2025-10-29,annual,-0.01,USD,pre-market,9108600,-42337389,-0.0265,-0.0611,0.158,10.9,24594489,1481965,369835,6369234,34.42,36.76,90.9091,50040415,41647720,5772958,6856963,8392695,1084005,30956987,43183452,None,43.11,28.29
2025-12-28,ATRC,-0.61,518305000.0,None,1.473,9.59,1680520,None,27432948,27432948,-277365,114643,None,None,-1254259,None,None,None,12086,6025300,None,8056680,8056680,1243365,None,None,4865065,None,None,1554238,1885303,None,None,None,0.0,0.1,-10230134,-8675896,-0.11,2006-12-31,4827615,388061000.0,22900307,-12636032,46932,4827615,4827615,None,2332000,None,2135143,None,None,1084000,None,None,-13717275,None,None,None,0.0016,-12465730,33703089,-10802782,845330,4159758,None,None,None,None,None,None,None,-1.18,4.208,3.869,None,None,None,None,None,None,None,-0.0555,None,3359000,2025-10-29,annual,-0.01,USD,pre-market,9108600,-42337389,-0.0265,-0.0611,0.158,10.9,24594489,1481965,369835,6369234,34.42,36.76,90.9091,50040415,41647720,5772958,6856963,8392695,1084005,30956987,43183452,None,43.11,28.29
2025-12-28,ATRC,-0.61,518305000.0,None,1.473,9.59,1951733,None,27432948,27432948,44614502,-14740822,None,None,-193559,None,None,None,12086,6025300,None,8056680,8056680,1243365,None,None,4865065,None,None,1554238,1554238,None,None,None,0.0,0.1,-10230134,-8675896,-0.11,2005-12-31,4827615,388061000.0,22900307,-12636032,46932,4827615,4827615,None,2332000,None,2135143,None,None,1084000,None,None,-12682964,None,None,None,0.0016,-7615909,33703089,-10802782,845330,4159758,None,None,None,None,None,None,None,-1.18,4.208,3.869,None,None,None,None,None,None,None,-0.0555,None,3359000,2025-10-29,annual,-0.01,USD,pre-market,9108600,-42337389,-0.0265,-0.0611,0.158,10.9,24594489,1481965,369835,6369234,34.42,36.76,90.9091,50040415,41647720,5772958,6856963,8392695,1084005,30956987,43183452,None,43.11,28.29
