date,symbol,eps,revenue_ttm,accumulateddepreciationamortizationppe,beta,book_value,capitalexpenditures,capitalleaseobligations,cashandcashequivalentsatcarryingvalue,cashandshortterminvestments,cashflowfromfinancing,cashflowfrominvestment,changeincashandcashequivalents,changeinexchangerate,changeininventory,changeinoperatingassets,changeinoperatingliabilities,changeinreceivables,commonstock,commonstocksharesoutstanding,comprehensiveincomenetoftax,costofgoodsandservicessold,costofrevenue,currentaccountspayable,currentdebt,currentlongtermdebt,currentnetreceivables,deferredrevenue,depreciation,depreciationandamortization,depreciationdepletionandamortization,dividendpayout,dividendpayoutcommonstock,dividendpayoutpreferredstock,earnings_growth_yoy,earnings_surprise,ebit,ebitda,estimated_eps,fiscaldateending,forward_pe,goodwill,gross_profit_ttm,grossprofit,incomebeforetax,incometaxexpense,intangibleassets,intangibleassetsexcludinggoodwill,interestanddebtexpense,interestexpense,interestincome,inventory,investmentincomenet,investments,longtermdebt,longtermdebtnoncurrent,longterminvestments,netincome,netincomefromcontinuingoperations,netinterestincome,noninterestincome,operating_margin_ttm,operatingcashflow,operatingexpenses,operatingincome,othercurrentassets,othercurrentliabilities,othernoncurrentassets,othernoncurrentliabilities,othernonoperatingincome,paymentsforoperatingactivities,paymentsforrepurchaseofcommonstock,paymentsforrepurchaseofequity,paymentsforrepurchaseofpreferredstock,peg_ratio,price_to_book,price_to_sales_ttm,proceedsfromissuanceofcommonstock,proceedsfromissuanceoflongtermdebtandcapitalsecuritiesnet,proceedsfromissuanceofpreferredstock,proceedsfromoperatingactivities,proceedsfromrepaymentsofshorttermdebt,proceedsfromrepurchaseofequity,proceedsfromsaleoftreasurystock,profit_margin,profitloss,propertyplantequipment,report_date,report_type,reported_eps,reportedcurrency,reporttime,researchanddevelopment,retainedearnings,return_on_assets_ttm,return_on_equity_ttm,revenue_growth_yoy,revenue_per_share_ttm,sellinggeneralandadministrative,shortlongtermdebttotal,shorttermdebt,shortterminvestments,sma_200,sma_50,surprise_pct,totalassets,totalcurrentassets,totalcurrentliabilities,totalliabilities,totalnoncurrentassets,totalnoncurrentliabilities,totalrevenue,totalshareholderequity,treasurystock,week_52_high,week_52_low
1999-12-31,AXGN,,,,,,,,,,,,,,,,,,,,,,,,,,,,,,,,,,,0.0,,,,,,,,,,,,,,,,,,,,,,,,,,,,,,,,,,,,,,,,,,,,,,,,,,,,1999-12-31,,-0.2049,,pre-market,,,,,,,,,,,,,,,,,,,,,,,,
2001-06-30,AXGN,,,,,,,,,,,,,,,,,,,,,,,,,,,,,,,,,,,0.0,,,,,,,,,,,,,,,,,,,,,,,,,,,,,,,,,,,,,,,,,,,,,,,,,,,,2001-06-30,,-0.1771,,pre-market,,,,,,,,,,,,,,,,,,,,,,,,
2001-09-30,AXGN,,,,,,,,,,,,,,,,,,,,,,,,,,,,,,,,,,,0.0,,,,,,,,,,,,,,,,,,,,,,,,,,,,,,,,,,,,,,,,,,,,,,,,,,,,2001-09-30,,-0.1389,,pre-market,,,,,,,,,,,,,,,,,,,,,,,,
2002-03-31,AXGN,,,,,,,,,,,,,,,,,,,,,,,,,,,,,,,,,,,0.0,,,,,,,,,,,,,,,,,,,,,,,,,,,,,,,,,,,,,,,,,,,,,,,,,,,,2002-03-31,,-0.2043,,pre-market,,,,,,,,,,,,,,,,,,,,,,,,
2002-06-30,AXGN,,,,,,,,,,,,,,,,,,,,,,,,,,,,,,,,,,,0.0,,,,,,,,,,,,,,,,,,,,,,,,,,,,,,,,,,,,,,,,,,,,,,,,,,,,2002-06-30,,-0.1941,,pre-market,,,,,,,,,,,,,,,,,,,,,,,,
2002-09-30,AXGN,,,,,,,,,,,,,,,,,,,,,,,,,,,,,,,,,,,0.0,,,,,,,,,,,,,,,,,,,,,,,,,,,,,,,,,,,,,,,,,,,,,,,,,,,,2002-09-30,,-0.0936,,pre-market,,,,,,,,,,,,,,,,,,,,,,,,
2003-03-31,AXGN,,,,,,,,,,,,,,,,,,,,,,,,,,,,,,,,,,,0.0,,,,,,,,,,,,,,,,,,,,,,,,,,,,,,,,,,,,,,,,,,,,,,,,,,,,2003-03-31,,-0.0906,,pre-market,,,,,,,,,,,,,,,,,,,,,,,,
2003-06-30,AXGN,,,,,,,,,,,,,,,,,,,,,,,,,,,,,,,,,,,0.0,,,,,,,,,,,,,,,,,,,,,,,,,,,,,,,,,,,,,,,,,,,,,,,,,,,,2003-06-30,,-0.1093,,pre-market,,,,,,,,,,,,,,,,,,,,,,,,
2003-09-30,AXGN,,,,,,,,,,,,,,,,,,,,,,,,,,,,,,,,,,,0.0,,,,,,,,,,,,,,,,,,,,,,,,,,,,,,,,,,,,,,,,,,,,,,,,,,,,2003-09-30,,-0.0867,,pre-market,,,,,,,,,,,,,,,,,,,,,,,,
2003-12-31,AXGN,,,,,,,,,,,,,,,,,,,,,,,,,,,,,,,,,,,0.0,,,,,,,,,,,,,,,,,,,,,,,,,,,,,,,,,,,,,,,,,,,,,,,,,,,,2003-12-31,,-0.0365,,pre-market,,,,,,,,,,,,,,,,,,,,,,,,
2004-03-31,AXGN,,,,,,,,,,,,,,,,,,,,,,,,,,,,,,,,,,,0.0,,,,,,,,,,,,,,,,,,,,,,,,,,,,,,,,,,,,,,,,,,,,,,,,,,,,2004-03-31,,0.018,,pre-market,,,,,,,,,,,,,,,,,,,,,,,,
2004-06-30,AXGN,,,,,,,,,,,,,,,,,,,,,,,,,,,,,,,,,,,0.0,,,,,,,,,,,,,,,,,,,,,,,,,,,,,,,,,,,,,,,,,,,,,,,,,,,,2004-06-30,,0.0022,,pre-market,,,,,,,,,,,,,,,,,,,,,,,,
2004-09-30,AXGN,,,,,,,,,,,,,,,,,,,,,,,,,,,,,,,,,,,0.0,,,,,,,,,,,,,,,,,,,,,,,,,,,,,,,,,,,,,,,,,,,,,,,,,,,,2004-09-30,,0.2806,,pre-market,,,,,,,,,,,,,,,,,,,,,,,,
2004-12-31,AXGN,,,,,,,,,,,,,,,,,,,,,,,,,,,,,,,,,,,0.0,,,,,,,,,,,,,,,,,,,,,,,,,,,,,,,,,,,,,,,,,,,,,,,,,,,,2004-12-31,,0.2537,,pre-market,,,,,,,,,,,,,,,,,,,,,,,,
2005-03-31,AXGN,,,,,,,,,,,,,,,,,,,,,,,,,,,,,,,,,,,0.0,,,,,,,,,,,,,,,,,,,,,,,,,,,,,,,,,,,,,,,,,,,,,,,,,,,,2005-03-31,,-0.1438,,pre-market,,,,,,,,,,,,,,,,,,,,,,,,
2005-06-30,AXGN,,,,,,,,,,,,,,,,,,,,,,,,,,,,,,,,,,,0.0,,,,,,,,,,,,,,,,,,,,,,,,,,,,,,,,,,,,,,,,,,,,,,,,,,,,2005-06-30,,-0.0198,,pre-market,,,,,,,,,,,,,,,,,,,,,,,,
2005-09-30,AXGN,,,,,,,,,,,,,,,,,,,,,,,,,,,,,,,,,,,0.0,,,,,,,,,,,,,,,,,,,,,,,,,,,,,,,,,,,,,,,,,,,,,,,,,,,,2005-09-30,,0.0001,,pre-market,,,,,,,,,,,,,,,,,,,,,,,,
2005-12-31,AXGN,,,,,,,,,,,,,,,,,,,,,,,,,,,,,,,,,,,0.0,,,,,,,,,,,,,,,,,,,,,,,,,,,,,,,,,,,,,,,,,,,,,,,,,,,,2005-12-31,,0.0338,,pre-market,,,,,,,,,,,,,,,,,,,,,,,,
2006-03-31,AXGN,,,,,,,,,,,,,,,,,,,,,,,,,,,,,,,,,,,0.0,,,,,,,,,,,,,,,,,,,,,,,,,,,,,,,,,,,,,,,,,,,,,,,,,,,,2006-03-31,,-0.0124,,pre-market,,,,,,,,,,,,,,,,,,,,,,,,
2006-06-30,AXGN,,,,,,,,,,,,,,,,,,,,,,,,,,,,,,,,,,,0.0,,,,,,,,,,,,,,,,,,,,,,,,,,,,,,,,,,,,,,,,,,,,,,,,,,,,2006-06-30,,-0.0256,,pre-market,,,,,,,,,,,,,,,,,,,,,,,,
2006-09-30,AXGN,,,,,,,,,,,,,,,,,,,,,,,,,,,,,,,,,,,0.0,,,,,,,,,,,,,,,,,,,,,,,,,,,,,,,,,,,,,,,,,,,,,,,,,,,,2006-09-30,,-0.0149,,pre-market,,,,,,,,,,,,,,,,,,,,,,,,
2006-12-31,AXGN,,,,,,,,,,,,,,,,,,,,,,,,,,,,,,,,,,,0.0,,,,,,,,,,,,,,,,,,,,,,,,,,,,,,,,,,,,,,,,,,,,,,,,,,,,2006-12-31,,-0.0356,,pre-market,,,,,,,,,,,,,,,,,,,,,,,,
2007-03-31,AXGN,,,,,,,,,,,,,,,,,,,,,,,,,,,,,,,,,,,0.0,,,,,,,,,,,,,,,,,,,,,,,,,,,,,,,,,,,,,,,,,,,,,,,,,,,,2007-03-31,,-0.0275,,pre-market,,,,,,,,,,,,,,,,,,,,,,,,
2007-06-30,AXGN,,,,,,,,,,,,,,,,,,,,,,,,,,,,,,,,,,,0.0,,,,,,,,,,,,,,,,,,,,,,,,,,,,,,,,,,,,,,,,,,,,,,,,,,,,2007-08-13,,-0.038,,pre-market,,,,,,,,,,,,,,,,,,,,,,,,
2007-09-30,AXGN,,,,,,,,,,,,,,,,,,,,,,,,,,,,,,,,,,,0.0,,,,,,,,,,,,,,,,,,,,,,,,,,,,,,,,,,,,,,,,,,,,,,,,,,,,2007-11-12,,-0.1095,,pre-market,,,,,,,,,,,,,,,,,,,,,,,,
2008-03-31,AXGN,,,,,,,,,,,,,,,,,,,,,,,,,,,,,,,,,,,0.0,,,,,,,,,,,,,,,,,,,,,,,,,,,,,,,,,,,,,,,,,,,,,,,,,,,,2008-05-28,,-0.0378,,pre-market,,,,,,,,,,,,,,,,,,,,,,,,
2008-06-30,AXGN,,,,,,,,,,,,,,,,,,,,,,,,,,,,,,,,,,,0.0,,,,,,,,,,,,,,,,,,,,,,,,,,,,,,,,,,,,,,,,,,,,,,,,,,,,2008-08-14,,-0.0413,,pre-market,,,,,,,,,,,,,,,,,,,,,,,,
2008-09-30,AXGN,,,,,,,,,,,,,,,,,,,,,,,,,,,,,,,,,,,0.0,,,,,,,,,,,,,,,,,,,,,,,,,,,,,,,,,,,,,,,,,,,,,,,,,,,,2008-11-17,,-0.1359,,pre-market,,,,,,,,,,,,,,,,,,,,,,,,
2008-12-31,AXGN,,,,,,,,,,,,,,,,,,,,,,,,,,,,,,,,,,,0.0,,,,,,,,,,,,,,,,,,,,,,,,,,,,,,,,,,,,,,,,,,,,,,,,,,,,2009-02-25,,-0.02,,pre-market,,,,,,,,,,,,,,,,,,,,,,,,
2009-03-31,AXGN,,,,,,,,,,,,,,,,,,,,,,,,,,,,,,,,,,,0.0,,,,,,,,,,,,,,,,,,,,,,,,,,,,,,,,,,,,,,,,,,,,,,,,,,,,2009-05-27,,-0.0313,,pre-market,,,,,,,,,,,,,,,,,,,,,,,,
2009-06-30,AXGN,,,,,,,,,,,,,,,,,,,,,,,,,,,,,,,,,,,0.0,,,,,,,,,,,,,,,,,,,,,,,,,,,,,,,,,,,,,,,,,,,,,,,,,,,,2009-08-13,,0.0323,,pre-market,,,,,,,,,,,,,,,,,,,,,,,,
2009-09-30,AXGN,,,,,,,,,,,,,,,,,,,,,,,,,,,,,,,,,,,0.0,,,,,,,,,,,,,,,,,,,,,,,,,,,,,,,,,,,,,,,,,,,,,,,,,,,,2009-11-17,,-0.0305,,pre-market,,,,,,,,,,,,,,,,,,,,,,,,
2009-12-31,AXGN,,,,,,,,,,,,,,,,,,,,,,,,,,,,,,,,,,,0.0,,,,,,,,,,,,,,,,,,,,,,,,,,,,,,,,,,,,,,,,,,,,,,,,,,,,2010-03-03,,3.521,,pre-market,,,,,,,,,,,,,,,,,,,,,,,,
2010-03-31,AXGN,,,,,,,,,,,,,,,,,,,,,,,,,,,,,,,,,,,0.0,,,,,,,,,,,,,,,,,,,,,,,,,,,,,,,,,,,,,,,,,,,,,,,,,,,,2010-05-17,,-0.0572,,pre-market,,,,,,,,,,,,,,,,,,,,,,,,
2010-06-30,AXGN,,,,,,,,,,,,,,,,,,,,,,,,,,,,,,,,,,,0.0,,,,,,,,,,,,,,,,,,,,,,,,,,,,,,,,,,,,,,,,,,,,,,,,,,,,2010-08-17,,-0.0535,,pre-market,,,,,,,,,,,,,,,,,,,,,,,,
2010-09-30,AXGN,,,,,,,,,,,,,,,,,,,,,,,,,,,,,,,,,,,0.0,,,,,,,,,,,,,,,,,,,,,,,,,,,,,,,,,,,,,,,,,,,,,,,,,,,,2010-11-16,,-0.108,,pre-market,,,,,,,,,,,,,,,,,,,,,,,,
2010-12-31,AXGN,,,,,,,,,,,,,,,,,,,,,,,,,,,,,,,,,,,0.0,,,,,,,,,,,,,,,,,,,,,,,,,,,,,,,,,,,,,,,,,,,,,,,,,,,,2011-03-02,,-0.0871,,pre-market,,,,,,,,,,,,,,,,,,,,,,,,
2011-03-31,AXGN,,,,,,,,,,,,,,,,,,,,,,,,,,,,,,,,,,,0.0,,,,,,,,,,,,,,,,,,,,,,,,,,,,,,,,,,,,,,,,,,,,,,,,,,,,2011-05-16,,0.21,,pre-market,,,,,,,,,,,,,,,,,,,,,,,,
2011-06-30,AXGN,,,,,,,,,,,,,,,,,,,,,,,,,,,,,,,,,,,0.0,,,,,,,,,,,,,,,,,,,,,,,,,,,,,,,,,,,,,,,,,,,,,,,,,,,,2011-08-11,,0.0581,,pre-market,,,,,,,,,,,,,,,,,,,,,,,,
2011-12-31,AXGN,,,,,,,,,,,,,,,,,,,,,,,,,,,,,,,,,,,-0.36,,,-0.22,,,,,,,,,,,,,,,,,,,,,,,,,,,,,,,,,,,,,,,,,,,,,,,,,2012-03-14,,-0.58,,pre-market,,,,,,,,,,,,,-163.6364,,,,,,,,,,,
2012-03-31,AXGN,,,,,,,,,,,,,,,,,,,,,,,,,,,,,,,,,,,0.0,,,-0.19,,,,,,,,,,,,,,,,,,,,,,,,,,,,,,,,,,,,,,,,,,,,,,,,,2012-05-14,,-0.19,,pre-market,,,,,,,,,,,,,0.0,,,,,,,,,,,
2012-06-30,AXGN,,,,,,,,,,,,,,,,,,,,,,,,,,,,,,,,,,,0.02,,,-0.18,,,,,,,,,,,,,,,,,,,,,,,,,,,,,,,,,,,,,,,,,,,,,,,,,2012-08-14,,-0.16,,pre-market,,,,,,,,,,,,,11.1111,,,,,,,,,,,
2012-09-30,AXGN,,,,,,,,,,,,,,,,,,,,,,,,,,,,,,,,,,,-0.02,,,-0.18,,,,,,,,,,,,,,,,,,,,,,,,,,,,,,,,,,,,,,,,,,,,,,,,,2012-11-07,,-0.2,,pre-market,,,,,,,,,,,,,-11.1111,,,,,,,,,,,
2012-12-31,AXGN,,,,,,,,,,,,,,,,,,,,,,,,,,,,,,,,,,,-0.15,,,-0.21,,,,,,,,,,,,,,,,,,,,,,,,,,,,,,,,,,,,,,,,,,,,,,,,,2013-03-12,,-0.36,,pre-market,,,,,,,,,,,,,-71.4286,,,,,,,,,,,
2013-03-31,AXGN,,,,,,,,,,,,,,,,,,,,,,,,,,,,,,,,,,,-0.03,,,-0.28,,,,,,,,,,,,,,,,,,,,,,,,,,,,,,,,,,,,,,,,,,,,,,,,,2013-04-30,,-0.31,,pre-market,,,,,,,,,,,,,-10.7143,,,,,,,,,,,
2013-06-30,AXGN,,,,,,,,,,,,,,,,,,,,,,,,,,,,,,,,,,,-0.03,,,-0.28,,,,,,,,,,,,,,,,,,,,,,,,,,,,,,,,,,,,,,,,,,,,,,,,,2013-07-11,,-0.31,,pre-market,,,,,,,,,,,,,-10.7143,,,,,,,,,,,
2013-09-30,AXGN,,,,,,,,,,,,,,,,,,,,,,,,,,,,,,,,,,,-0.04,,,-0.21,,,,,,,,,,,,,,,,,,,,,,,,,,,,,,,,,,,,,,,,,,,,,,,,,2013-10-30,,-0.25,,pre-market,,,,,,,,,,,,,-19.0476,,,,,,,,,,,
2013-12-31,AXGN,,,,,,,,,,,,,,,,,,,,,,,,,,,,,,,,,,,-0.02,,,-0.22,,,,,,,,,,,,,,,,,,,,,,,,,,,,,,,,,,,,,,,,,,,,,,,,,2014-03-06,,-0.24,,pre-market,,,,,,,,,,,,,-9.0909,,,,,,,,,,,
2014-03-31,AXGN,,,,,,,,,,,,,,,,,,,,,,,,,,,,,,,,,,,-0.01,,,-0.23,,,,,,,,,,,,,,,,,,,,,,,,,,,,,,,,,,,,,,,,,,,,,,,,,2014-04-30,,-0.24,,pre-market,,,,,,,,,,,,,-4.3478,,,,,,,,,,,
2014-06-30,AXGN,,,,,,,,,,,,,,,,,,,,,,,,,,,,,,,,,,,0.01,,,-0.22,,,,,,,,,,,,,,,,,,,,,,,,,,,,,,,,,,,,,,,,,,,,,,,,,2014-08-04,,-0.21,,pre-market,,,,,,,,,,,,,4.5455,,,,,,,,,,,
2014-09-30,AXGN,,,,,,,,,,,,,,,,,,,,,,,,,,,,,,,,,,,0.01,,,-0.2,,,,,,,,,,,,,,,,,,,,,,,,,,,,,,,,,,,,,,,,,,,,,,,,,2014-11-13,,-0.19,,post-market,,,,,,,,,,,,,5.0,,,,,,,,,,,
2014-12-31,AXGN,,,,,,,,,,,,,,,,,,,,,,,,,,,,,,,,,,,-0.06,,,-0.15,,,,,,,,,,,,,,,,,,,,,,,,,,,,,,,,,,,,,,,,,,,,,,,,,2015-03-05,,-0.21,,post-market,,,,,,,,,,,,,-40.0,,,,,,,,,,,
2015-03-31,AXGN,,,,,,,,,,,,,,,,,,,,,,,,,,,,,,,,,,,-0.01,,,-0.15,,,,,,,,,,,,,,,,,,,,,,,,,,,,,,,,,,,,,,,,,,,,,,,,,2015-05-05,,-0.16,,post-market,,,,,,,,,,,,,-6.6667,,,,,,,,,,,
2015-06-30,AXGN,,,,,,,,,,,,,,,,,,,,,,,,,,,,,,,,,,,0.01,,,-0.14,,,,,,,,,,,,,,,,,,,,,,,,,,,,,,,,,,,,,,,,,,,,,,,,,2015-08-06,,-0.13,,post-market,,,,,,,,,,,,,7.1429,,,,,,,,,,,
2015-09-30,AXGN,,,,,,,,,,,,,,,,,,,,,,,,,,,,,,,,,,,0.02,,,-0.13,,,,,,,,,,,,,,,,,,,,,,,,,,,,,,,,,,,,,,,,,,,,,,,,,2015-11-05,,-0.11,,post-market,,,,,,,,,,,,,15.3846,,,,,,,,,,,
2015-12-31,AXGN,,,,,,,,,,,,,,,,,,,,,,,,,,,,,,,,,,,0.0,,,-0.12,,,,,,,,,,,,,,,,,,,,,,,,,,,,,,,,,,,,,,,,,,,,,,,,,2016-02-29,,-0.12,,post-market,,,,,,,,,,,,,0.0,,,,,,,,,,,
2016-03-31,AXGN,,,,,,,,,,,,,,,,,,,,,,,,,,,,,,,,,,,0.0,,,-0.12,,,,,,,,,,,,,,,,,,,,,,,,,,,,,,,,,,,,,,,,,,,,,,,,,2016-05-04,,-0.12,,post-market,,,,,,,,,,,,,0.0,,,,,,,,,,,
2016-06-30,AXGN,,,,,,,,,,,,,,,,,,,,,,,,,,,,,,,,,,,0.03,,,-0.12,,,,,,,,,,,,,,,,,,,,,,,,,,,,,,,,,,,,,,,,,,,,,,,,,2016-08-03,,-0.09,,post-market,,,,,,,,,,,,,25.0,,,,,,,,,,,
2016-09-30,AXGN,,,,,,,,,,,,,,,,,,,,,,,,,,,,,,,,,,,0.0,,,-0.08,,,,,,,,,,,,,,,,,,,,,,,,,,,,,,,,,,,,,,,,,,,,,,,,,2016-11-02,,-0.08,,post-market,,,,,,,,,,,,,0.0,,,,,,,,,,,
2016-12-31,AXGN,,,,,,,,,,,,,,,,,,,,,,,,,,,,,,,,,,,-0.02,,,-0.08,,,,,,,,,,,,,,,,,,,,,,,,,,,,,,,,,,,,,,,,,,,,,,,,,2017-02-22,,-0.1,,post-market,,,,,,,,,,,,,-25.0,,,,,,,,,,,
2017-03-31,AXGN,,,,,,,,,,,,,,,,,,,,,,,,,,,,,,,,,,,-0.01,,,-0.1,,,,,,,,,,,,,,,,,,,,,,,,,,,,,,,,,,,,,,,,,,,,,,,,,2017-05-04,,-0.11,,post-market,,,,,,,,,,,,,-10.0,,,,,,,,,,,
2017-06-30,AXGN,,,,,,,,,,,,,,,,,,,,,,,,,,,,,,,,,,,0.02,,,-0.08,,,,,,,,,,,,,,,,,,,,,,,,,,,,,,,,,,,,,,,,,,,,,,,,,2017-08-02,,-0.06,,post-market,,,,,,,,,,,,,25.0,,,,,,,,,,,
2017-09-30,AXGN,,,,,,,,,,,,,,,,,,,,,,,,,,,,,,,,,,,0.0,,,-0.06,,,,,,,,,,,,,,,,,,,,,,,,,,,,,,,,,,,,,,,,,,,,,,,,,2017-11-01,,-0.06,,post-market,,,,,,,,,,,,,0.0,,,,,,,,,,,
2017-12-31,AXGN,,,,,,,,,,,,,,,,,,,,,,,,,,,,,,,,,,,0.01,,,-0.08,,,,,,,,,,,,,,,,,,,,,,,,,,,,,,,,,,,,,,,,,,,,,,,,,2018-02-28,,-0.07,,post-market,,,,,,,,,,,,,12.5,,,,,,,,,,,
2018-03-31,AXGN,,,,,,,,,,,,,,,,,,,,,,,,,,,,,,,,,,,-0.05,,,-0.11,,,,,,,,,,,,,,,,,,,,,,,,,,,,,,,,,,,,,,,,,,,,,,,,,2018-04-30,,-0.16,,post-market,,,,,,,,,,,,,-45.4545,,,,,,,,,,,
2018-06-30,AXGN,,,,,,,,,,,,,,,,,,,,,,,,,,,,,,,,,,,0.0,,,-0.09,,,,,,,,,,,,,,,,,,,,,,,,,,,,,,,,,,,,,,,,,,,,,,,,,2018-08-01,,-0.09,,post-market,,,,,,,,,,,,,0.0,,,,,,,,,,,
2018-09-30,AXGN,,,,,,,,,,,,,,,,,,,,,,,,,,,,,,,,,,,0.0,,,-0.05,,,,,,,,,,,,,,,,,,,,,,,,,,,,,,,,,,,,,,,,,,,,,,,,,2018-10-29,,-0.05,,post-market,,,,,,,,,,,,,0.0,,,,,,,,,,,
2018-12-31,AXGN,,,,,,,,,,,,,,,,,,,,,,,,,,,,,,,,,,,-0.04,,,-0.05,,,,,,,,,,,,,,,,,,,,,,,,,,,,,,,,,,,,,,,,,,,,,,,,,2019-02-26,,-0.09,,post-market,,,,,,,,,,,,,-80.0,,,,,,,,,,,
2019-03-31,AXGN,,,,,,,,,,,,,,,,,,,,,,,,,,,,,,,,,,,0.0,,,-0.15,,,,,,,,,,,,,,,,,,,,,,,,,,,,,,,,,,,,,,,,,,,,,,,,,2019-05-08,,-0.15,,post-market,,,,,,,,,,,,,0.0,,,,,,,,,,,
2019-06-30,AXGN,,,,,,,,,,,,,,,,,,,,,,,,,,,,,,,,,,,0.04,,,-0.14,,,,,,,,,,,,,,,,,,,,,,,,,,,,,,,,,,,,,,,,,,,,,,,,,2019-08-06,,-0.1,,post-market,,,,,,,,,,,,,28.5714,,,,,,,,,,,
2019-09-30,AXGN,,,,,,,,,,,,,,,,,,,,,,,,,,,,,,,,,,,0.04,,,-0.11,,,,,,,,,,,,,,,,,,,,,,,,,,,,,,,,,,,,,,,,,,,,,,,,,2019-11-06,,-0.07,,post-market,,,,,,,,,,,,,36.3636,,,,,,,,,,,
2019-12-31,AXGN,,,,,,,,,,,,,,,,,,,,,,,,,,,,,,,,,,,-0.01,,,-0.09,,,,,,,,,,,,,,,,,,,,,,,,,,,,,,,,,,,,,,,,,,,,,,,,,2020-02-24,,-0.1,,post-market,,,,,,,,,,,,,-11.1111,,,,,,,,,,,
2020-03-31,AXGN,,,,,,,,,,,,,,,,,,,,,,,,,,,,,,,,,,,-0.04,,,-0.15,,,,,,,,,,,,,,,,,,,,,,,,,,,,,,,,,,,,,,,,,,,,,,,,,2020-05-06,,-0.19,,post-market,,,,,,,,,,,,,-26.6667,,,,,,,,,,,
2020-06-30,AXGN,,,,,,,,,,,,,,,,,,,,,,,,,,,,,,,,,,,0.23,,,-0.38,,,,,,,,,,,,,,,,,,,,,,,,,,,,,,,,,,,,,,,,,,,,,,,,,2020-08-05,,-0.15,,post-market,,,,,,,,,,,,,60.5263,,,,,,,,,,,
2020-09-30,AXGN,,,,,,,,,,,,,,,,,,,,,,,,,,,,,,,,,,,0.18,,,-0.14,,,,,,,,,,,,,,,,,,,,,,,,,,,,,,,,,,,,,,,,,,,,,,,,,2020-10-29,,0.04,,post-market,,,,,,,,,,,,,128.5714,,,,,,,,,,,
2020-12-31,AXGN,,,,,,,,,,,,,,,,,,,,,,,,,,,,,,,,,,,0.04,,,-0.12,,,,,,,,,,,,,,,,,,,,,,,,,,,,,,,,,,,,,,,,,,,,,,,,,2021-02-22,,-0.08,,post-market,,,,,,,,,,,,,33.3333,,,,,,,,,,,
2021-03-31,AXGN,,,,,,,,,,,,,,,,,,,,,,,,,,,,,,,,,,,0.08,,,-0.16,,,,,,,,,,,,,,,,,,,,,,,,,,,,,,,,,,,,,,,,,,,,,,,,,2021-05-05,,-0.08,,post-market,,,,,,,,,,,,,50.0,,,,,,,,,,,
2021-06-30,AXGN,,,,,,,,,,,,,,,,,,,,,,,,,,,,,,,,,,,0.04,,,-0.13,,,,,,,,,,,,,,,,,,,,,,,,,,,,,,,,,,,,,,,,,,,,,,,,,2021-08-04,,-0.09,,post-market,,,,,,,,,,,,,30.7692,,,,,,,,,,,
2021-09-30,AXGN,,,,,,,,,,,,,,,,,,,,,,,,,,,,,,,,,,,0.05,,,-0.14,,,,,,,,,,,,,,,,,,,,,,,,,,,,,,,,,,,,,,,,,,,,,,,,,2021-11-03,,-0.09,,post-market,,,,,,,,,,,,,35.7143,,,,,,,,,,,
2021-12-31,AXGN,,,,,,,,,,,,,,,,,,,,,,,,,,,,,,,,,,,0.05,,,-0.13,,,,,,,,,,,,,,,,,,,,,,,,,,,,,,,,,,,,,,,,,,,,,,,,,2022-02-22,,-0.08,,post-market,,,,,,,,,,,,,38.4615,,,,,,,,,,,
2022-03-31,AXGN,,,,,,,,,,,,,,,,,,,,,,,,,,,,,,,,,,,-0.05,,,-0.15,,,,,,,,,,,,,,,,,,,,,,,,,,,,,,,,,,,,,,,,,,,,,,,,,2022-05-04,,-0.2,,post-market,,,,,,,,,,,,,-33.3333,,,,,,,,,,,
2022-06-30,AXGN,,,,,,,,,,,,,,,,,,,,,,,,,,,,,,,,,,,0.08,,,-0.14,,,,,,,,,,,,,,,,,,,,,,,,,,,,,,,,,,,,,,,,,,,,,,,,,2022-08-03,,-0.06,,post-market,,,,,,,,,,,,,57.1429,,,,,,,,,,,
2022-09-30,AXGN,,,,,,,,,,,,,,,,,,,,,,,,,,,,,,,,,,,0.11,,,-0.12,,,,,,,,,,,,,,,,,,,,,,,,,,,,,,,,,,,,,,,,,,,,,,,,,2022-11-08,,-0.01,,pre-market,,,,,,,,,,,,,91.6667,,,,,,,,,,,
2022-12-31,AXGN,,,,,,,,,,,,,,,,,,,,,,,,,,,,,,,,,,,0.08,,,-0.11,,,,,,,,,,,,,,,,,,,,,,,,,,,,,,,,,,,,,,,,,,,,,,,,,2023-03-14,,-0.03,,pre-market,,,,,,,,,,,,,72.7273,,,,,,,,,,,
2023-03-31,AXGN,,,,,,,,,,,,,,,,,,,,,,,,,,,,,,,,,,,0.04,,,-0.14,,,,,,,,,,,,,,,,,,,,,,,,,,,,,,,,,,,,,,,,,,,,,,,,,2023-05-09,,-0.1,,pre-market,,,,,,,,,,,,,28.5714,,,,,,,,,,,
2023-06-30,AXGN,,,,,,,,,,,,,,,,,,,,,,,,,,,,,,,,,,,0.1,,,-0.13,,,,,,,,,,,,,,,,,,,,,,,,,,,,,,,,,,,,,,,,,,,,,,,,,2023-08-07,,-0.03,,post-market,,,,,,,,,,,,,76.9231,,,,,,,,,,,
2023-09-30,AXGN,,,,,,,,,,,,,,,,,,,,,,,,,,,,,,,,,,,0.07,,,-0.06,,,,,,,,,,,,,,,,,,,,,,,,,,,,,,,,,,,,,,,,,,,,,,,,,2023-11-07,,0.01,,pre-market,,,,,,,,,,,,,116.6667,,,,,,,,,,,
2023-12-31,AXGN,,,,,,,,,,,,,,,,,,,,,,,,,,,,,,,,,,,0.04,,,-0.1,,,,,,,,,,,,,,,,,,,,,,,,,,,,,,,,,,,,,,,,,,,,,,,,,2024-03-05,,-0.06,,pre-market,,,,,,,,,,,,,40.0,,,,,,,,,,,
2024-03-31,AXGN,,,,,,,,,,,,,,,,,,,,,,,,,,,,,,,,,,,0.01,,,-0.07,,,,,,,,,,,,,,,,,,,,,,,,,,,,,,,,,,,,,,,,,,,,,,,,,2024-05-02,,-0.06,,pre-market,,,,,,,,,,,,,14.2857,,,,,,,,,,,
2024-06-30,AXGN,,,,,,,,,,,,,,,,,,,,,,,,,,,,,,,,,,,0.09,,,-0.04,,,,,,,,,,,,,,,,,,,,,,,,,,,,,,,,,,,,,,,,,,,,,,,,,2024-08-08,,0.05,,pre-market,,,,,,,,,,,,,225.0,,,,,,,,,,,
2024-09-30,AXGN,,,,,,,,,,,,,,,,,,,,,,,,,,,,,,,,,,,0.06,,,0.01,,,,,,,,,,,,,,,,,,,,,,,,,,,,,,,,,,,,,,,,,,,,,,,,,2024-11-07,,0.07,,pre-market,,,,,,,,,,,,,600.0,,,,,,,,,,,
2024-12-31,AXGN,,,,,,,,,,,,,,,,,,,,,,,,,,,,,,,,,,,0.04,,,0.03,,,,,,,,,,,,,,,,,,,,,,,,,,,,,,,,,,,,,,,,,,,,,,,,,2025-02-25,,0.07,,pre-market,,,,,,,,,,,,,133.3333,,,,,,,,,,,
2025-03-31,AXGN,,,,,,,,,,,,,,,,,,,,,,,,,,,,,,,,,,,-0.036,,,0.016,,,,,,,,,,,,,,,,,,,,,,,,,,,,,,,,,,,,,,,,,,,,,,,,,2025-04-30,,-0.02,,pre-market,,,,,,,,,,,,,-225.0,,,,,,,,,,,
2025-06-30,AXGN,,,,,,,,,,,,,,,,,,,,,,,,,,,,,,,,,,,0.06,,,0.06,,,,,,,,,,,,,,,,,,,,,,,,,,,,,,,,,,,,,,,,,,,,,,,,,2025-08-05,,0.12,,pre-market,,,,,,,,,,,,,100.0,,,,,,,,,,,
2025-09-30,AXGN,,,,,,,,,,,,,,,,,,,,,,,,,,,,,,,,,,,0.05,,,0.07,,,,,,,,,,,,,,,,,,,,,,,,,,,,,,,,,,,,,,,,,,,,,,,,,2025-10-29,,0.12,,pre-market,,,,,,,,,,,,,71.4286,,,,,,,,,,,
2025-12-28,AXGN,-0.05,214709000.0,,1.06,2.62,,,,,,,,,,,,,,,,,,,,,,,,,,,,,0.0,0.05,,,0.07,,81.97,,160519000.0,,,,,,,,,,,,,,,,,,,0.0318,,,,,,,,,,,,,0.0,12.52,7.05,,,,,,,,-0.0098,,,2025-10-29,,0.12,,pre-market,,,0.0121,-0.0191,0.235,4.67,,,,,17.18,25.47,71.4286,,,,,,,,,,34.24,9.22
2025-12-28,AXGN,-0.05,214709000.0,,1.06,2.62,,,,,,,,,,,,,,,None,14089000,14089000,,,,,,None,1730000,,,,,0.0,0.05,10919000,12649000,0.07,2025-09-30,81.97,,160519000.0,45993000,708000,None,,,None,10211000,None,,None,,,,,708000,708000,-1757000,None,0.0318,,44081000,1912000,,,,,None,,,,,0.0,12.52,7.05,,,,,,,,-0.0098,,,2025-10-29,quarterly,0.12,USD,pre-market,7565000,,0.0121,-0.0191,0.235,4.67,10836000,,,,17.18,25.47,71.4286,,,,,,,60082000,,,34.24,9.22
2025-12-28,AXGN,-0.05,214709000.0,,1.06,2.62,,,,,,,,,,,,,,,None,14644000,14644000,,,,,,None,1820000,,,,,0.0,0.05,2556000,4376000,0.07,2025-06-30,81.97,,160519000.0,42018000,579000,None,,,None,1977000,None,,None,,,,,579000,579000,-1977000,None,0.0318,,40346000,1672000,,,,,None,,,,,0.0,12.52,7.05,,,,,,,,-0.0098,,,2025-10-29,quarterly,0.12,USD,pre-market,6853000,,0.0121,-0.0191,0.235,4.67,9689000,,,,17.18,25.47,71.4286,,,,,,,56662000,,,34.24,9.22
2025-12-28,AXGN,-0.05,214709000.0,,1.06,2.62,,,,,,,,,,,,,,,None,13627000,13627000,,,,,,None,1882000,,,,,0.0,0.05,-1584000,298000,0.07,2025-03-31,81.97,,160519000.0,34933000,-3834000,None,,,None,2250000,None,,None,,,,,-3834000,-3834000,-2250000,None,0.0318,,36594000,-1661000,,,,,None,,,,,0.0,12.52,7.05,,,,,,,,-0.0098,,,2025-10-29,quarterly,0.12,USD,pre-market,6091000,,0.0121,-0.0191,0.235,4.67,9458000,,,,17.18,25.47,71.4286,,,,,,,48560000,,,34.24,9.22
2025-12-28,AXGN,-0.05,214709000.0,,1.06,2.62,,,,,,,,,,,,,,,None,11830000,11830000,,,,,,None,1915000,,,,,0.0,0.05,2250000,4165000,0.07,2024-12-31,81.97,,160519000.0,37575000,450000,None,,,None,1801000,None,,None,,,,,450000,450000,-1801000,None,0.0318,,35558000,2017000,,,,,None,,,,,0.0,12.52,7.05,,,,,,,,-0.0098,,,2025-10-29,quarterly,0.12,USD,pre-market,6731000,,0.0121,-0.0191,0.235,4.67,8830000,,,,17.18,25.47,71.4286,,,,,,,49405000,,,34.24,9.22
2025-12-28,AXGN,-0.05,214709000.0,,1.06,2.62,,,,,,,,,,,,,,,None,12206000,12206000,,,,,,None,1965000,,,,,0.0,0.05,35000,2000000,0.07,2024-09-30,81.97,,160519000.0,36438000,-1858000,-1858000,,,None,1893000,None,,None,,,,,-1858000,-1858000,-1893000,None,0.0318,,36754000,-316000,,,,,None,,,,,0.0,12.52,7.05,,,,,,,,-0.0098,,,2025-10-29,quarterly,0.12,USD,pre-market,6996000,,0.0121,-0.0191,0.235,4.67,10834000,,,,17.18,25.47,71.4286,,,,,,,48644000,,,34.24,9.22
2025-12-28,AXGN,-0.05,214709000.0,,1.06,2.62,,,,,,,,,,,,,,,None,12567000,12567000,,,,,,None,2060000,,,,,0.0,0.05,264000,2324000,0.07,2024-06-30,81.97,,160519000.0,35345000,-1921000,None,,,None,2185000,None,,None,,,,,-1921000,-1921000,-2185000,None,0.0318,,35773000,-428000,,,,,None,,,,,0.0,12.52,7.05,,,,,,,,-0.0098,,,2025-10-29,quarterly,0.12,USD,pre-market,6658000,,0.0121,-0.0191,0.235,4.67,9417000,,,,17.18,25.47,71.4286,,,,,,,47912000,,,34.24,9.22
2025-12-28,AXGN,-0.05,214709000.0,,1.06,2.62,,,,,,,,,,,,,,,None,8758000,8758000,,,,,,None,1897000,,,,,0.0,0.05,-4309000,-2412000,0.07,2024-03-31,81.97,,160519000.0,32620000,-6635000,1854000,,,None,2326000,None,,None,,,,,-6635000,-6635000,-2326000,None,0.0318,,37180000,-4560000,,,,,None,,,,,0.0,12.52,7.05,,,,,,,,-0.0098,,,2025-10-29,quarterly,0.12,USD,pre-market,7409000,,0.0121,-0.0191,0.235,4.67,9956000,,,,17.18,25.47,71.4286,,,,,,,41378000,,,34.24,9.22
2025-12-28,AXGN,-0.05,214709000.0,,1.06,2.62,,,,,,,,,,,,,,,None,9158000,9158000,,,,,,None,1853000,,,,,0.0,0.05,-2050000,-197000,0.07,2023-12-31,81.97,,160519000.0,33764000,-3893000,-328000,,,None,1843000,None,,None,,,,,-3893000,-3893000,-1843000,None,0.0318,,36958000,-3194000,,,,,None,,,,,0.0,12.52,7.05,,,,,,,,-0.0098,,,2025-10-29,quarterly,0.12,USD,pre-market,7301000,,0.0121,-0.0191,0.235,4.67,7482000,,,,17.18,25.47,71.4286,,,,,,,42922000,,,34.24,9.22
2025-12-28,AXGN,-0.05,214709000.0,,1.06,2.62,,,,,,,,,,,,,,,None,9567000,9567000,,,,,,None,1408000,,,,,0.0,0.05,-3262000,-1854000,0.07,2023-09-30,81.97,,160519000.0,31704000,-4089000,821000,,,None,827000,None,,None,,,,,-4089000,-4089000,-827000,None,0.0318,,35729000,-4025000,,,,,None,,,,,0.0,12.52,7.05,,,,,,,,-0.0098,,,2025-10-29,quarterly,0.12,USD,pre-market,6694000,,0.0121,-0.0191,0.235,4.67,9870000,,,,17.18,25.47,71.4286,,,,,,,41271000,,,34.24,9.22
2025-12-28,AXGN,-0.05,214709000.0,,1.06,2.62,,,,,,,,,,,,,,,None,8503000,8503000,,,,,,None,1048000,,,,,0.0,0.05,-6512000,-5464000,0.07,2023-06-30,81.97,,160519000.0,29652000,-6660000,-129000,,,None,148000,None,,None,,,,,-6660000,-6660000,-148000,None,0.0318,,36554000,-6902000,,,,,390000,,,,,0.0,12.52,7.05,,,,,,,,-0.0098,,,2025-10-29,quarterly,0.12,USD,pre-market,7144000,,0.0121,-0.0191,0.235,4.67,10550000,,,,17.18,25.47,71.4286,,,,,,,38155000,,,34.24,9.22
2025-12-28,AXGN,-0.05,214709000.0,,1.06,2.62,,,,,,,,,,,,,,,None,6709000,6709000,,,,,,None,1244000,,,,,0.0,0.05,-7058000,-5814000,0.07,2023-03-31,81.97,,160519000.0,29955000,-7074000,-364000,,,None,16000,None,,None,,,,,-7074000,-7074000,-16000,None,0.0318,,37296000,-7341000,,,,,283000,,,,,0.0,12.52,7.05,,,,,,,,-0.0098,,,2025-10-29,quarterly,0.12,USD,pre-market,6679000,,0.0121,-0.0191,0.235,4.67,8999000,,,,17.18,25.47,71.4286,,,,,,,36664000,,,34.24,9.22
2025-12-28,AXGN,-0.05,214709000.0,,1.06,2.62,,,,,,,,,,,,,,,None,6141000,6141000,,,,,,None,1170000,,,,,0.0,0.05,-5415000,-4245000,0.07,2022-12-31,81.97,,160519000.0,30023000,-5415000,-286000,,,None,40000,None,,None,,,,,-5415000,-5415000,40000,None,0.0318,,35631000,-5608000,,,,,153000,,,,,0.0,12.52,7.05,,,,,,,,-0.0098,,,2025-10-29,quarterly,0.12,USD,pre-market,6811000,,0.0121,-0.0191,0.235,4.67,8941000,,,,17.18,25.47,71.4286,,,,,,,36164000,,,34.24,9.22
2025-12-28,AXGN,-0.05,214709000.0,,1.06,2.62,,,,,,,,,,,,,,,None,6176000,6176000,,,,,,None,1274000,,,,,0.0,0.05,-4257000,-2983000,0.07,2022-09-30,81.97,,160519000.0,30783000,-4318000,-655000,,,None,61000,None,,None,,,,,-4318000,-4318000,-61000,None,0.0318,,35638000,-4855000,,,,,598000,,,,,0.0,12.52,7.05,,,,,,,,-0.0098,,,2025-10-29,quarterly,0.12,USD,pre-market,7050000,,0.0121,-0.0191,0.235,4.67,8796000,,,,17.18,25.47,71.4286,,,,,,,36959000,,,34.24,9.22
2025-12-28,AXGN,-0.05,214709000.0,,1.06,2.62,,,,,,,,,,,,,,,None,6284000,6284000,,,,,,None,1208000,,,,,0.0,0.05,-7490000,-6282000,0.07,2022-06-30,81.97,,160519000.0,28170000,-7740000,216000,,,None,249000,None,,None,,,,,-7740000,-7740000,-249000,None,0.0318,,36094000,-7924000,,,,,433000,,,,,0.0,12.52,7.05,,,,,,,,-0.0098,,,2025-10-29,quarterly,0.12,USD,pre-market,7022000,,0.0121,-0.0191,0.235,4.67,9403000,,,,17.18,25.47,71.4286,,,,,,,34454000,,,34.24,9.22
2025-12-28,AXGN,-0.05,214709000.0,,1.06,2.62,,,,,,,,,,,,,,,None,5546000,5546000,,,,,,None,1200000,,,,,0.0,0.05,-11121000,-9921000,0.07,2022-03-31,81.97,,160519000.0,25461000,-11475000,-206000,,,None,354000,None,,None,,,,,-11475000,-11475000,-354000,None,0.0318,,36781000,-11320000,,,,,199000,,,,,0.0,12.52,7.05,,,,,,,,-0.0098,,,2025-10-29,quarterly,0.12,USD,pre-market,6275000,,0.0121,-0.0191,0.235,4.67,9618000,,,,17.18,25.47,71.4286,,,,,,,31007000,,,34.24,9.22
2025-12-28,AXGN,-0.05,214709000.0,,1.06,2.62,,,,,,,,,,,,,,,None,5428000,5428000,,,,,,None,1116000,,,,,0.0,0.05,-5357000,-4241000,0.07,2021-12-31,81.97,,160519000.0,26109000,-5286000,-137000,,,None,71000,None,,None,,,,,-5286000,-5286000,71000,None,0.0318,,31462000,-5353000,,,,,-3000,,,,,0.0,12.52,7.05,,,,,,,,-0.0098,,,2025-10-29,quarterly,0.12,USD,pre-market,6302000,,0.0121,-0.0191,0.235,4.67,7426000,,,,17.18,25.47,71.4286,,,,,,,31537000,,,34.24,9.22
2025-12-28,AXGN,-0.05,214709000.0,,1.06,2.62,,,,,,,,,,,,,,,None,5239000,5239000,,,,,,None,1164000,,,,,0.0,0.05,-6724000,-5560000,0.07,2021-09-30,81.97,,160519000.0,25965000,-7141000,29000,,,None,417000,None,,None,,,,,-7141000,-7141000,-417000,None,0.0318,,32654000,-6689000,,,,,-35000,,,,,0.0,12.52,7.05,,,,,,,,-0.0098,,,2025-10-29,quarterly,0.12,USD,pre-market,6404000,,0.0121,-0.0191,0.235,4.67,7880000,,,,17.18,25.47,71.4286,,,,,,,31204000,,,34.24,9.22
2025-12-28,AXGN,-0.05,214709000.0,,1.06,2.62,,,,,,,,,,,,,,,None,7092000,7092000,,,,,,None,1142000,,,,,0.0,0.05,-7333000,-6191000,0.07,2021-06-30,81.97,,160519000.0,26488000,-7898000,55000,,,None,565000,None,,None,,,,,-7898000,-7898000,-565000,None,0.0318,,33642000,-7154000,,,,,-179000,,,,,0.0,12.52,7.05,,,,,,,,-0.0098,,,2025-10-29,quarterly,0.12,USD,pre-market,5723000,,0.0121,-0.0191,0.235,4.67,8669000,,,,17.18,25.47,71.4286,,,,,,,33580000,,,34.24,9.22
2025-12-28,AXGN,-0.05,214709000.0,,1.06,2.62,,,,,,,,,,,,,,,None,5172000,5172000,,,,,,None,1319000,,,,,0.0,0.05,-6216000,-4897000,0.07,2021-03-31,81.97,,160519000.0,25865000,-6660000,-34000,,,None,444000,None,,None,,,,,-6660000,-6660000,-444000,None,0.0318,,32085000,-6220000,,,,,4000,,,,,0.0,12.52,7.05,,,,,,,,-0.0098,,,2025-10-29,quarterly,0.12,USD,pre-market,5748000,,0.0121,-0.0191,0.235,4.67,8364000,,,,17.18,25.47,71.4286,,,,,,,31037000,,,34.24,9.22
2025-12-28,AXGN,-0.05,214709000.0,,1.06,2.62,,,,,,,,,,,,,,,None,5463000,5463000,,,,,,None,1074000,,,,,0.0,0.05,-5415000,-4341000,0.07,2020-12-31,81.97,,160519000.0,27032000,-6010000,17000,,,None,595000,None,,None,,,,,-6010000,-6010000,-595000,None,0.0318,,32406000,-5374000,,,,,-41000,,,,,0.0,12.52,7.05,,,,,,,,-0.0098,,,2025-10-29,quarterly,0.12,USD,pre-market,4931000,,0.0121,-0.0191,0.235,4.67,7670000,,,,17.18,25.47,71.4286,,,,,,,32495000,,,34.24,9.22
2025-12-28,AXGN,-0.05,214709000.0,,1.06,2.62,,,,,,,,,,,,,,,None,5697000,5697000,,,,,,None,894000,,,,,0.0,0.05,-1082000,-188000,0.07,2020-09-30,81.97,,160519000.0,27731000,-1479000,43000,,,None,397000,None,,None,,,,,-1479000,-1479000,-397000,None,0.0318,,28776000,-1045000,,,,,-37000,,,,,0.0,12.52,7.05,,,,,,,,-0.0098,,,2025-10-29,quarterly,0.12,USD,pre-market,4230000,,0.0121,-0.0191,0.235,4.67,6820000,,,,17.18,25.47,71.4286,,,,,,,33428000,,,34.24,9.22
2025-12-28,AXGN,-0.05,214709000.0,,1.06,2.62,,,,,,,,,,,,,,,None,5605000,5605000,,,,,,None,679000,,,,,0.0,0.05,-8074000,-7395000,0.07,2020-06-30,81.97,,160519000.0,16511000,-8105000,-149000,,,None,31000,206000,,None,,,,,-8105000,-8105000,206000,None,0.0318,,24765000,-8254000,,,,,180000,,,,,0.0,12.52,7.05,,,,,,,,-0.0098,,,2025-10-29,quarterly,0.12,USD,pre-market,4071000,,0.0121,-0.0191,0.235,4.67,6404000,,,,17.18,25.47,71.4286,,,,,,,22116000,,,34.24,9.22
2025-12-28,AXGN,-0.05,214709000.0,,1.06,2.62,,,,,,,,,,,,,,,None,4816000,4816000,,,,,,None,813000,,,,,0.0,0.05,-8161000,-7348000,0.07,2020-03-31,81.97,,160519000.0,19445000,-8192000,-311000,,,None,31000,280000,,None,,,,,-8192000,-8192000,-31000,None,0.0318,,27954000,-8509000,,,,,348000,,,,,0.0,12.52,7.05,,,,,,,,-0.0098,,,2025-10-29,quarterly,0.12,USD,pre-market,4614000,,0.0121,-0.0191,0.235,4.67,5502000,,,,17.18,25.47,71.4286,,,,,,,24261000,,,34.24,9.22
2025-12-28,AXGN,-0.05,214709000.0,,1.06,2.62,,,,,,,,,,,,,,,None,4881000,4881000,,,,,,None,805000,,,,,0.0,0.05,-7030000,-6225000,0.07,2019-12-31,81.97,,160519000.0,23281000,-7038000,-439000,,,None,8000,439000,,None,,,,,-7038000,-7038000,-8000,None,0.0318,,30700000,-7419000,,,,,None,,,,,0.0,12.52,7.05,,,,,,,,-0.0098,,,2025-10-29,quarterly,0.12,USD,pre-market,4912000,,0.0121,-0.0191,0.235,4.67,6984000,,,,17.18,25.47,71.4286,,,,,,,28162000,,,34.24,9.22
2025-12-28,AXGN,-0.05,214709000.0,,1.06,2.62,,,,,,,,,,,,,,,None,4510000,4510000,,,,,,None,686000,,,,,0.0,0.05,-5564000,-4878000,0.07,2019-09-30,81.97,,160519000.0,24054000,-5571000,-555000,,,None,7000,548000,,None,,,,,-5571000,-5571000,-7000,None,0.0318,,30166000,-6112000,,,,,548000,,,,,0.0,12.52,7.05,,,,,,,,-0.0098,,,2025-10-29,quarterly,0.12,USD,pre-market,4181000,,0.0121,-0.0191,0.235,4.67,7740000,,,,17.18,25.47,71.4286,,,,,,,28564000,,,34.24,9.22
2025-12-28,AXGN,-0.05,214709000.0,,1.06,2.62,,,,,,,,,,,,,,,None,4244000,4244000,,,,,,None,712000,,,,,0.0,0.05,-7012000,-6300000,0.07,2019-06-30,81.97,,160519000.0,22457000,-7023000,-654000,,,None,11000,643000,,None,,,,,-7023000,-7023000,-11000,None,0.0318,,30129000,-7672000,,,,,660000,,,,,0.0,12.52,7.05,,,,,,,,-0.0098,,,2025-10-29,quarterly,0.12,USD,pre-market,4282000,,0.0121,-0.0191,0.235,4.67,7380000,,,,17.18,25.47,71.4286,,,,,,,26701000,,,34.24,9.22
2025-12-28,AXGN,-0.05,214709000.0,,1.06,2.62,,,,,,,,,,,,,,,None,3714000,3714000,,,,,,None,674000,,,,,0.0,0.05,-9490000,-8816000,0.07,2019-03-31,81.97,,160519000.0,19571000,-9504000,-716000,,,None,14000,702000,,None,,,,,-9504000,-9504000,-14000,None,0.0318,,29774000,-10203000,,,,,713000,,,,,0.0,12.52,7.05,,,,,,,,-0.0098,,,2025-10-29,quarterly,0.12,USD,pre-market,4139000,,0.0121,-0.0191,0.235,4.67,9201000,,,,17.18,25.47,71.4286,,,,,,,23285000,,,34.24,9.22
2025-12-28,AXGN,-0.05,214709000.0,,1.06,2.62,,,,,,,,,,,,,,,None,3640000,3640000,,,,,,None,217766,,,,,0.0,0.05,-5226766,-5009000,0.07,2018-12-31,81.97,,160519000.0,19793000,-5224000,-641000,,,None,3000,None,,None,,,,,-5229000,-5229375,None,None,0.0318,,25642000,-5855000,,,,,629515,,,,,0.0,12.52,7.05,,,,,,,,-0.0098,,,2025-10-29,quarterly,0.12,USD,pre-market,3807000,,0.0121,-0.0191,0.235,4.67,6373000,,,,17.18,25.47,71.4286,,,,,,,23433000,,,34.24,9.22
2025-12-28,AXGN,-0.05,214709000.0,,1.06,2.62,,,,,,,,,,,,,,,None,3464000,3464000,,,,,,None,218565,,,,,0.0,0.05,-4101565,-3883000,0.07,2018-09-30,81.97,,160519000.0,19196000,-4102000,-727000,,,None,5964,None,,None,,,,,-4102000,-4101628,None,None,0.0318,,24031000,-4835000,,,,,726989,,,,,0.0,12.52,7.05,,,,,,,,-0.0098,,,2025-10-29,quarterly,0.12,USD,pre-market,3307000,,0.0121,-0.0191,0.235,4.67,6071000,,,,17.18,25.47,71.4286,,,,,,,22660000,,,34.24,9.22
2025-12-28,AXGN,-0.05,214709000.0,,1.06,2.62,,,,,,,,,,,,,,,None,3106000,3106000,,,,,,None,215131,,,,,0.0,0.05,-6863131,-6648000,0.07,2018-06-30,81.97,,160519000.0,17478000,-7427000,2186000,,,None,564873,None,,None,,,,,-7427000,-7427440,None,None,0.0318,,22296000,-4818000,,,,,-2065606,,,,,0.0,12.52,7.05,,,,,,,,-0.0098,,,2025-10-29,quarterly,0.12,USD,pre-market,2601000,,0.0121,-0.0191,0.235,4.67,5669000,,,,17.18,25.47,71.4286,,,,,,,20584000,,,34.24,9.22
2025-12-28,AXGN,-0.05,214709000.0,,1.06,2.62,,,,,,,,,,,,,,,None,2712000,2712000,,,,,,None,199538,,,,,0.0,0.05,-4991538,-4792000,0.07,2018-03-31,81.97,,160519000.0,14547000,-5639000,646516,,,None,646281,None,,None,,,,,-5639000,-5638557,None,None,0.0318,,19540000,-4992000,,,,,-60898,,,,,0.0,12.52,7.05,,,,,,,,-0.0098,,,2025-10-29,quarterly,0.12,USD,pre-market,2058000,,0.0121,-0.0191,0.235,4.67,5012000,,,,17.18,25.47,71.4286,,,,,,,17260000,,,34.24,9.22
2025-12-28,AXGN,-0.05,214709000.0,,1.06,2.62,,,,,,,,,,,,,,,None,2614000,2614000,,,,,,None,159306,,,,,0.0,0.05,-1812306,-1653000,0.07,2017-12-31,81.97,,160519000.0,14357000,-2499000,692203,,,None,686817,None,,None,,,,,-2499000,-2499179,None,None,0.0318,,16164000,-1807000,,,,,-115232,,,,,0.0,12.52,7.05,,,,,,,,-0.0098,,,2025-10-29,quarterly,0.12,USD,pre-market,1972000,,0.0121,-0.0191,0.235,4.67,4071000,,,,17.18,25.47,71.4286,,,,,,,16971000,,,34.24,9.22
2025-12-28,AXGN,-0.05,214709000.0,,1.06,2.62,,,,,,,,,,,,,,,None,2504000,2504000,,,,,,None,147716,,,,,0.0,0.05,-1499716,-1352000,0.07,2017-09-30,81.97,,160519000.0,13542000,-2124000,625654,,,None,624051,None,,None,,,,,-2124000,-2124079,None,None,0.0318,,15040000,-1498000,,,,,-47713,,,,,0.0,12.52,7.05,,,,,,,,-0.0098,,,2025-10-29,quarterly,0.12,USD,pre-market,1795000,,0.0121,-0.0191,0.235,4.67,3779000,,,,17.18,25.47,71.4286,,,,,,,16046000,,,34.24,9.22
2025-12-28,AXGN,-0.05,214709000.0,,1.06,2.62,,,,,,,,,,,,,,,None,2277000,2277000,,,,,,None,128034,,,,,0.0,0.05,-1460034,-1332000,0.07,2017-06-30,81.97,,160519000.0,12891000,-2060000,614526,,,None,600494,None,,None,,,,,-2060000,-2060179,None,None,0.0318,,14337000,-1446000,,,,,-60142,,,,,0.0,12.52,7.05,,,,,,,,-0.0098,,,2025-10-29,quarterly,0.12,USD,pre-market,1521000,,0.0121,-0.0191,0.235,4.67,3377000,,,,17.18,25.47,71.4286,,,,,,,15168000,,,34.24,9.22
2025-12-28,AXGN,-0.05,214709000.0,,1.06,2.62,,,,,,,,,,,,,,,None,1916000,1916000,,,,,,None,131548,,,,,0.0,0.05,-3209548,-3078000,0.07,2017-03-31,81.97,,160519000.0,10325000,-3762000,561793,,,None,552040,None,,None,,,,,-3762000,-3762025,None,None,0.0318,,13526000,-3200000,,,,,-54244,,,,,0.0,12.52,7.05,,,,,,,,-0.0098,,,2025-10-29,quarterly,0.12,USD,pre-market,1411000,,0.0121,-0.0191,0.235,4.67,3504000,,,,17.18,25.47,71.4286,,,,,,,12241000,,,34.24,9.22
2025-12-28,AXGN,-0.05,214709000.0,,1.06,2.62,,,,,,,,,,,,,,,None,1830000,1830000,,,,,,None,125305,,,,,0.0,0.05,-2716305,-2591000,0.07,2016-12-31,81.97,,160519000.0,9579000,-5627000,2908000,,,None,2911000,None,,None,,,,,-5627000,-5626984,None,None,0.0318,,12298000,-2719000,,,,,-776889,,,,,0.0,12.52,7.05,,,,,,,,-0.0098,,,2025-10-29,quarterly,0.12,USD,pre-market,1179000,,0.0121,-0.0191,0.235,4.67,2771000,,,,17.18,25.47,71.4286,,,,,,,11409000,,,34.24,9.22
2025-12-28,AXGN,-0.05,214709000.0,,1.06,2.62,,,,,,,,,,,,,,,None,1697000,1697000,,,,,,None,111560,,,,,0.0,0.05,-1184560,-1073000,0.07,2016-09-30,81.97,,160519000.0,9508000,-2305000,1124000,,,None,1121000,None,,None,,,,,-2305000,-2305373,None,None,0.0318,,10689000,-1182000,,,,,-34552,,,,,0.0,12.52,7.05,,,,,,,,-0.0098,,,2025-10-29,quarterly,0.12,USD,pre-market,1118000,,0.0121,-0.0191,0.235,4.67,2481000,,,,17.18,25.47,71.4286,,,,,,,11205000,,,34.24,9.22
2025-12-28,AXGN,-0.05,214709000.0,,1.06,2.62,,,,,,,,,,,,,,,None,1534000,1534000,,,,,,None,104751,,,,,0.0,0.05,-1606751,-1502000,0.07,2016-06-30,81.97,,160519000.0,8847000,-2803000,1197000,,,None,1196000,None,,None,,,,,-2803000,-2802696,None,None,0.0318,,10453000,-1606000,,,,,-33313,,,,,0.0,12.52,7.05,,,,,,,,-0.0098,,,2025-10-29,quarterly,0.12,USD,pre-market,936823,,0.0121,-0.0191,0.235,4.67,2736000,,,,17.18,25.47,71.4286,,,,,,,10382000,,,34.24,9.22
2025-12-28,AXGN,-0.05,214709000.0,,1.06,2.62,,,,,,,,,,,,,,,None,1406000,1406000,,,,,,None,94872,,,,,0.0,0.05,-2641872,-2547000,0.07,2016-03-31,81.97,,160519000.0,6706000,-3676000,1053000,,,None,1034000,None,,None,,,,,-3676000,-3676091,None,None,0.0318,,9329000,-2623000,,,,,-50260,,,,,0.0,12.52,7.05,,,,,,,,-0.0098,,,2025-10-29,quarterly,0.12,USD,pre-market,978340,,0.0121,-0.0191,0.235,4.67,2145000,,,,17.18,25.47,71.4286,,,,,,,8112000,,,34.24,9.22
2025-12-28,AXGN,-0.05,214709000.0,,1.06,2.62,,,,,,,,,,,,,,,None,1415000,1415000,,,,,,None,72921,,,,,0.0,0.05,-2651921,-2579000,0.07,2015-12-31,81.97,,160519000.0,6394000,-3611000,959582,,,None,959377,None,,None,,,,,-3611000,-3611493,None,None,0.0318,,9046000,-2652000,,,,,-31743,,,,,0.0,12.52,7.05,,,,,,,,-0.0098,,,2025-10-29,quarterly,0.12,USD,pre-market,893720,,0.0121,-0.0191,0.235,4.67,2320000,,,,17.18,25.47,71.4286,,,,,,,7809000,,,34.24,9.22
2025-12-28,AXGN,-0.05,214709000.0,,1.06,2.62,,,,,,,,,,,,,,,None,1410000,1410000,,,,,,None,65727,,,,,0.0,0.05,-1904727,-1839000,0.07,2015-09-30,81.97,,160519000.0,6743000,-2979000,1061000,,,None,1074000,None,,None,,,,,-2979000,-2978858,None,None,0.0318,,8661000,-1918000,,,,,-18774,,,,,0.0,12.52,7.05,,,,,,,,-0.0098,,,2025-10-29,quarterly,0.12,USD,pre-market,936015,,0.0121,-0.0191,0.235,4.67,2212000,,,,17.18,25.47,71.4286,,,,,,,8154000,,,34.24,9.22
2025-12-28,AXGN,-0.05,214709000.0,,1.06,2.62,,,,,,,,,,,,,,,None,1040000,1040000,,,,,,None,56650,,,,,0.0,0.05,-2135650,-2079000,0.07,2015-06-30,81.97,,160519000.0,5377000,-3191000,1038000,,,None,1055000,None,,None,,,,,-3191000,-3190873,None,None,0.0318,,7531000,-2153000,,,,,-13830,,,,,0.0,12.52,7.05,,,,,,,,-0.0098,,,2025-10-29,quarterly,0.12,USD,pre-market,736399,,0.0121,-0.0191,0.235,4.67,1982000,,,,17.18,25.47,71.4286,,,,,,,6417000,,,34.24,9.22
2025-12-28,AXGN,-0.05,214709000.0,,1.06,2.62,,,,,,,,,,,,,,,None,982881,982881,,,,,,None,53670,,,,,0.0,0.05,-2546670,-2493000,0.07,2015-03-31,81.97,,160519000.0,3968000,-3575000,1031000,,,None,1028000,None,,None,,,,,-3575000,-3575201,None,None,0.0318,,6512000,-2544000,,,,,-36749,,,,,0.0,12.52,7.05,,,,,,,,-0.0098,,,2025-10-29,quarterly,0.12,USD,pre-market,671036,,0.0121,-0.0191,0.235,4.67,1909000,,,,17.18,25.47,71.4286,,,,,,,4951000,,,34.24,9.22
2025-12-28,AXGN,-0.05,214709000.0,,1.06,2.62,,,,,,,,,,,,,,,None,956884,956884,,,,,,None,54036,,,,,0.0,0.05,-2701036,-2647000,0.07,2014-12-31,81.97,,160519000.0,3837000,-6491000,3782000,,,None,3790000,None,,None,,,,,-6491000,-6491267,None,None,0.0318,,6546000,-2709000,,,,,-933837,,,,,0.0,12.52,7.05,,,,,,,,-0.0098,,,2025-10-29,quarterly,0.12,USD,pre-market,983722,,0.0121,-0.0191,0.235,4.67,1695000,,,,17.18,25.47,71.4286,,,,,,,4794000,,,34.24,9.22
2025-12-28,AXGN,-0.05,214709000.0,,1.06,2.62,,,,,,,,,,,,,,,None,896178,896178,,,,,,None,54872,,,,,0.0,0.05,-1802872,-1748000,0.07,2014-09-30,81.97,,160519000.0,3775000,-3238000,1435000,,,None,1436000,None,,None,,,,,-3238000,-3238174,None,None,0.0318,,5578000,-1803000,,,,,-54800,,,,,0.0,12.52,7.05,,,,,,,,-0.0098,,,2025-10-29,quarterly,0.12,USD,pre-market,681230,,0.0121,-0.0191,0.235,4.67,1646000,,,,17.18,25.47,71.4286,,,,,,,4671000,,,34.24,9.22
2025-12-28,AXGN,-0.05,214709000.0,,1.06,2.62,,,,,,,,,,,,,,,None,887820,887820,,,,,,None,45087,,,,,0.0,0.05,-2297087,-2252000,0.07,2014-06-30,81.97,,160519000.0,3326000,-3741000,1444000,,,None,1444000,None,,None,,,,,-3741000,-3741471,None,None,0.0318,,5624000,-2298000,,,,,-51629,,,,,0.0,12.52,7.05,,,,,,,,-0.0098,,,2025-10-29,quarterly,0.12,USD,pre-market,555758,,0.0121,-0.0191,0.235,4.67,1713000,,,,17.18,25.47,71.4286,,,,,,,4214000,,,34.24,9.22
2025-12-28,AXGN,-0.05,214709000.0,,1.06,2.62,,,,,,,,,,,,,,,None,701300,701300,,,,,,None,44899,,,,,0.0,0.05,-2996899,-2952000,0.07,2014-03-31,81.97,,160519000.0,2437000,-4240000,1248000,,,None,1243000,None,,None,,,,,-4240000,-4239564,None,None,0.0318,,5428000,-2991000,,,,,-57105,,,,,0.0,12.52,7.05,,,,,,,,-0.0098,,,2025-10-29,quarterly,0.12,USD,pre-market,812615,,0.0121,-0.0191,0.235,4.67,1895000,,,,17.18,25.47,71.4286,,,,,,,3138000,,,34.24,9.22
2025-12-28,AXGN,-0.05,214709000.0,,1.06,2.62,,,,,,,,,,,,,,,None,596070,596070,,,,,,None,33287,,,,,0.0,0.05,-2762287,-2729000,0.07,2013-12-31,81.97,,160519000.0,2389000,-4109000,1311000,,,None,1346000,None,,None,,,,,-4109000,-4108797,None,None,0.0318,,5186000,-2797000,,,,,2370,,,,,0.0,12.52,7.05,,,,,,,,-0.0098,,,2025-10-29,quarterly,0.12,USD,pre-market,626572,,0.0121,-0.0191,0.235,4.67,1477000,,,,17.18,25.47,71.4286,,,,,,,2985000,,,34.24,9.22
2025-12-28,AXGN,-0.05,214709000.0,,1.06,2.62,,,,,,,,,,,,,,,None,650212,650212,,,,,,None,32827,,,,,0.0,0.05,-2276827,-2244000,0.07,2013-09-30,81.97,,160519000.0,2307000,-3553000,1276000,,,None,1276000,None,,None,,,,,-3553000,-3552781,None,None,0.0318,,4584000,-2277000,,,,,-61184,,,,,0.0,12.52,7.05,,,,,,,,-0.0098,,,2025-10-29,quarterly,0.12,USD,pre-market,593643,,0.0121,-0.0191,0.235,4.67,1233000,,,,17.18,25.47,71.4286,,,,,,,2957000,,,34.24,9.22
2025-12-28,AXGN,-0.05,214709000.0,,1.06,2.62,,,,,,,,,,,,,,,None,633293,633293,,,,,,None,34391,,,,,0.0,0.05,-2193391,-2159000,0.07,2013-06-30,81.97,,160519000.0,2229000,-3458000,1263000,,,None,1265000,None,,None,,,,,-3458000,-3457799,None,None,0.0318,,4423000,-2194000,,,,,-39825,,,,,0.0,12.52,7.05,,,,,,,,-0.0098,,,2025-10-29,quarterly,0.12,USD,pre-market,498318,,0.0121,-0.0191,0.235,4.67,1399000,,,,17.18,25.47,71.4286,,,,,,,2862000,,,34.24,9.22
2025-12-28,AXGN,-0.05,214709000.0,,1.06,2.62,,,,,,,,,,,,,,,None,560243,560243,,,,,,None,37827,,,,,0.0,0.05,-2325827,-2288000,0.07,2013-03-31,81.97,,160519000.0,1583000,-3438000,1114000,,,None,1112000,None,,None,,,,,-3438000,-3437508,None,None,0.0318,,3906000,-2324000,,,,,-46333,,,,,0.0,12.52,7.05,,,,,,,,-0.0098,,,2025-10-29,quarterly,0.12,USD,pre-market,406943,,0.0121,-0.0191,0.235,4.67,1606000,,,,17.18,25.47,71.4286,,,,,,,2143000,,,34.24,9.22
2025-12-28,AXGN,-0.05,214709000.0,,1.06,2.62,,,,,,,,,,,,,,,None,478567,478567,,,,,,None,-76064,,,,,0.0,0.05,-2139936,-2216000,0.07,2012-12-31,81.97,,160519000.0,1566000,-4044000,-1758,,,None,1827000,None,,None,,,,,-4042000,-4045621,None,None,0.0318,,3797000,-2231000,,,,,-817220,,,,,0.0,12.52,7.05,,,,,,,,-0.0098,,,2025-10-29,quarterly,0.12,USD,pre-market,373322,,0.0121,-0.0191,0.235,4.67,1448000,,,,17.18,25.47,71.4286,,,,,,,2045000,,,34.24,9.22
2025-12-28,AXGN,-0.05,214709000.0,,1.06,2.62,,,,,,,,,,,,,,,None,542235,542235,,,,,,None,225353,,,,,0.0,0.05,-2031353,-1806000,0.07,2012-09-30,81.97,,160519000.0,1439000,-2237000,-11618,,,None,205439,None,,None,,,,,-2237000,-2236809,None,None,0.0318,,3482000,-2043000,,,,,-48395,,,,,0.0,12.52,7.05,,,,,,,,-0.0098,,,2025-10-29,quarterly,0.12,USD,pre-market,390395,,0.0121,-0.0191,0.235,4.67,1394000,,,,17.18,25.47,71.4286,,,,,,,1981000,,,34.24,9.22
2025-12-28,AXGN,-0.05,214709000.0,,1.06,2.62,,,,,,,,,,,,,,,None,501917,501917,,,,,,None,80430,,,,,0.0,0.05,-1581430,-1501000,0.07,2012-06-30,81.97,,160519000.0,1511000,-1766000,-736000,,,None,185201,None,,None,,,,,-1030000,-2502587,None,None,0.0318,,3097000,-1587000,,,,,-54132,,,,,0.0,12.52,7.05,,,,,,,,-0.0098,,,2025-10-29,quarterly,0.12,USD,pre-market,367363,,0.0121,-0.0191,0.235,4.67,1148000,,,,17.18,25.47,71.4286,,,,,,,2013000,,,34.24,9.22
2025-12-28,AXGN,-0.05,214709000.0,,1.06,2.62,,,,,,,,,,,,,,,None,439158,439158,,,,,,None,85110,,,,,0.0,0.05,-1949110,-1864000,0.07,2012-03-31,81.97,,160519000.0,1214000,-2109000,8174,,,None,160076,None,,None,,,,,-2109000,-2109325,None,None,0.0318,,3155000,-1941000,,,,,-43125,,,,,0.0,12.52,7.05,,,,,,,,-0.0098,,,2025-10-29,quarterly,0.12,USD,pre-market,296131,,0.0121,-0.0191,0.235,4.67,1231000,,,,17.18,25.47,71.4286,,,,,,,1653000,,,34.24,9.22
2025-12-28,AXGN,-0.05,214709000.0,,1.06,2.62,,,,,,,,,,,,,,,None,533132,533132,,,,,,None,89491,,,,,0.0,0.05,-2041491,-1952000,0.07,2011-12-31,81.97,,160519000.0,828514,-1974000,-82438,,,None,163010,None,,None,,,,,-2137000,0,None,None,0.0318,,2818000,-1989000,,,,,None,,,,,0.0,12.52,7.05,,,,,,,,-0.0098,,,2025-10-29,quarterly,0.12,USD,pre-market,76982,,0.0121,-0.0191,0.235,4.67,2016000,,,,17.18,25.47,71.4286,,,,,,,1362000,,,34.24,9.22
2025-12-28,AXGN,-0.05,214709000.0,,1.06,2.62,,,,,,,,,,,,,,,None,1130000,1130000,,,,,,None,81315,,,,,0.0,0.05,-2626315,-2545000,0.07,2011-09-30,81.97,,160519000.0,10436,-3113000,-381,,,None,487117,None,,None,,,,,-3113000,-3113170,None,None,0.0318,,2637000,-2626000,,,,,-168626,,,,,0.0,12.52,7.05,,,,,,,,-0.0098,,,2025-10-29,quarterly,0.12,USD,pre-market,76982,,0.0121,-0.0191,0.235,4.67,2016000,,,,17.18,25.47,71.4286,,,,,,,1141000,,,34.24,9.22
2025-12-28,AXGN,-0.05,214709000.0,,1.06,2.62,,,,,,,,,,,,,,,None,424303,424303,,,,,,None,4118,,,,,0.0,0.05,-1192118,-1188000,0.07,2011-06-30,81.97,,160519000.0,801192,-1678000,286500,,,None,405690,None,,None,,,,,-1678000,250438,None,None,0.0318,,2252000,-1451000,,,,,23749,,,,,0.0,12.52,7.05,,,,,,,,-0.0098,,,2025-10-29,quarterly,0.12,USD,pre-market,101117,,0.0121,-0.0191,0.235,4.67,1203000,,,,17.18,25.47,71.4286,,,,,,,1225000,,,34.24,9.22
2025-12-28,AXGN,-0.05,214709000.0,,1.06,2.62,,,,,,,,,,,,,,,None,338777,338777,,,,,,None,5274,,,,,0.0,0.05,-949274,-944000,0.07,2011-03-31,81.97,,160519000.0,782784,-2291000,583500,,,None,1262000,None,,None,,,,,-2291000,0,None,None,0.0318,,2138000,-902000,,,,,None,,,,,0.0,12.52,7.05,,,,,,,,-0.0098,,,2025-10-29,quarterly,0.12,USD,pre-market,105591,,0.0121,-0.0191,0.235,4.67,722165,,,,17.18,25.47,71.4286,,,,,,,1122000,,,34.24,9.22
2025-12-28,AXGN,-0.05,214709000.0,,1.06,2.62,,,,,,,,,,,,,,,None,759000,759000,,,,,,None,3110,,,,,0.0,0.05,-521451,-518341,0.07,2010-12-31,81.97,,160519000.0,42117,-511361,-136289,,,None,13089,None,,None,,,,,-375072,0,None,None,0.0318,,563568,-521451,,,,,None,,,,,0.0,12.52,7.05,,,,,,,,-0.0098,,,2025-10-29,quarterly,0.12,USD,pre-market,83000,,0.0121,-0.0191,0.235,4.67,1411000,,,,17.18,25.47,71.4286,,,,,,,42117,,,34.24,9.22
2025-12-28,AXGN,-0.05,214709000.0,,1.06,2.62,,,,,,,,,,,,,,,None,160772,160772,,,,,,None,5760,,,,,0.0,0.05,-613760,-608000,0.07,2010-09-30,81.97,,160519000.0,26373,-943000,-144000,,,None,203724,None,,None,,,,,-943000,0,None,None,0.0318,,1519000,-879000,,,,,None,,,,,0.0,12.52,7.05,,,,,,,,-0.0098,,,2025-10-29,quarterly,0.12,USD,pre-market,36169,,0.0121,-0.0191,0.235,4.67,1108000,,,,17.18,25.47,71.4286,,,,,,,800743,,,34.24,9.22
2025-12-28,AXGN,-0.05,214709000.0,,1.06,2.62,,,,,,,,,,,,,,,None,353000,353000,,,,,,None,5681,,,,,0.0,0.05,-338623,-332942,0.07,2010-06-30,81.97,,160519000.0,3254,-334388,-104000,,,None,4235,None,,None,,,,,-230388,0,None,None,0.0318,,341877,-338623,,,,,None,,,,,0.0,12.52,7.05,,,,,,,,-0.0098,,,2025-10-29,quarterly,0.12,USD,pre-market,24000,,0.0121,-0.0191,0.235,4.67,1481000,,,,17.18,25.47,71.4286,,,,,,,3254,,,34.24,9.22
2025-12-28,AXGN,-0.05,214709000.0,,1.06,2.62,,,,,,,,,,,,,,,None,0,0,,,,,,None,5216,,,,,0.0,0.05,-374946,-369730,0.07,2010-03-31,81.97,,160519000.0,19529,-370928,-125000,,,None,4018,None,,None,,,,,-245928,0,None,None,0.0318,,394475,-374946,,,,,None,,,,,0.0,12.52,7.05,,,,,,,,-0.0098,,,2025-10-29,quarterly,0.12,USD,pre-market,15000,,0.0121,-0.0191,0.235,4.67,1539000,,,,17.18,25.47,71.4286,,,,,,,19529,,,34.24,9.22
2025-12-28,AXGN,-0.05,214709000.0,,1.06,2.62,,,,,,,,,,,,,,,None,None,None,,,,,,None,5161,,,,,0.0,0.05,16082839,16088000,0.07,2009-12-31,81.97,,160519000.0,24235000,127176,910181,,,None,None,None,,None,,,,,15173000,None,None,None,0.0318,,8152000,16083000,,,,,None,,,,,0.0,12.52,7.05,,,,,,,,-0.0098,,,2025-10-29,quarterly,0.12,USD,pre-market,None,,0.0121,-0.0191,0.235,4.67,None,,,,17.18,25.47,71.4286,,,,,,,24235000,,,34.24,9.22
2025-12-28,AXGN,-0.05,214709000.0,,1.06,2.62,,,,,,,,,,,,,,,None,None,None,,,,,,None,5054,,,,,0.0,0.05,-131006,-125952,0.07,2009-09-30,81.97,,160519000.0,24215,-130974,-32,,,None,None,None,,None,,,,,-130974,None,None,None,0.0318,,155221,-131006,,,,,None,,,,,0.0,12.52,7.05,,,,,,,,-0.0098,,,2025-10-29,quarterly,0.12,USD,pre-market,None,,0.0121,-0.0191,0.235,4.67,None,,,,17.18,25.47,71.4286,,,,,,,24215,,,34.24,9.22
2025-12-28,AXGN,-0.05,214709000.0,,1.06,2.62,,,,,,,,,,,,,,,None,None,None,,,,,,None,6452,,,,,0.0,0.05,138822,145274,0.07,2009-06-30,81.97,,160519000.0,610311,138991,-169,,,None,None,None,,None,,,,,138991,None,None,None,0.0318,,471489,138822,,,,,None,,,,,0.0,12.52,7.05,,,,,,,,-0.0098,,,2025-10-29,quarterly,0.12,USD,pre-market,None,,0.0121,-0.0191,0.235,4.67,None,,,,17.18,25.47,71.4286,,,,,,,610311,,,34.24,9.22
2025-12-28,AXGN,-0.05,214709000.0,,1.06,2.62,,,,,,,,,,,,,,,None,None,None,,,,,,None,6342,,,,,0.0,0.05,-134992,-128650,0.07,2009-03-31,81.97,,160519000.0,42107,-134461,-531,,,None,None,None,,None,,,,,-134461,None,None,None,0.0318,,177099,-134992,,,,,None,,,,,0.0,12.52,7.05,,,,,,,,-0.0098,,,2025-10-29,quarterly,0.12,USD,pre-market,None,,0.0121,-0.0191,0.235,4.67,None,,,,17.18,25.47,71.4286,,,,,,,42107,,,34.24,9.22
2025-12-28,AXGN,-0.05,214709000.0,,1.06,2.62,,,,,,,,,,,,,,,None,None,None,,,,,,None,6533,,,,,0.0,0.05,-122533,-116000,0.07,2008-12-31,81.97,,160519000.0,32586,934072,-1926,,,None,None,None,,None,,,,,-121000,None,None,None,0.0318,,155304,-123000,,,,,None,,,,,0.0,12.52,7.05,,,,,,,,-0.0098,,,2025-10-29,quarterly,0.12,USD,pre-market,None,,0.0121,-0.0191,0.235,4.67,None,,,,17.18,25.47,71.4286,,,,,,,32586,,,34.24,9.22
2025-12-28,AXGN,-0.05,214709000.0,,1.06,2.62,,,,,,,,,,,,,,,None,None,None,,,,,,None,5833,,,,,0.0,0.05,-585847,-580014,0.07,2008-09-30,81.97,,160519000.0,14022,-582839,-3008,,,None,None,None,,None,,,,,-582839,None,None,None,0.0318,,599869,-585847,,,,,None,,,,,0.0,12.52,7.05,,,,,,,,-0.0098,,,2025-10-29,quarterly,0.12,USD,pre-market,None,,0.0121,-0.0191,0.235,4.67,599869,,,,17.18,25.47,71.4286,,,,,,,14022,,,34.24,9.22
2025-12-28,AXGN,-0.05,214709000.0,,1.06,2.62,,,,,,,,,,,,,,,None,None,None,,,,,,None,5807,,,,,0.0,0.05,-181807,-176000,0.07,2008-06-30,81.97,,160519000.0,5075,-177376,-3966,,,None,None,None,,None,,,,,-177000,None,None,None,0.0318,,186417,-181000,,,,,None,,,,,0.0,12.52,7.05,,,,,,,,-0.0098,,,2025-10-29,quarterly,0.12,USD,pre-market,None,,0.0121,-0.0191,0.235,4.67,186417,,,,17.18,25.47,71.4286,,,,,,,5075,,,34.24,9.22
2025-12-28,AXGN,-0.05,214709000.0,,1.06,2.62,,,,,,,,,,,,,,,None,None,None,,,,,,None,4951,,,,,0.0,0.05,-166951,-162000,0.07,2008-03-31,81.97,,160519000.0,21029,-160000,-10310,,,None,None,None,,None,,,,,-160000,None,None,None,0.0318,,187912,-167000,,,,,None,,,,,0.0,12.52,7.05,,,,,,,,-0.0098,,,2025-10-29,quarterly,0.12,USD,pre-market,None,,0.0121,-0.0191,0.235,4.67,187912,,,,17.18,25.47,71.4286,,,,,,,21029,,,34.24,9.22
2025-12-28,AXGN,-0.05,214709000.0,,1.06,2.62,,,,,,,,,,,,,,,None,None,None,,,,,,None,5063,,,,,0.0,0.05,-29878,-24815,0.07,2007-12-31,81.97,,160519000.0,None,None,None,,,None,None,None,,None,,,,,-19568,None,None,None,0.0318,,130309,-29878,,,,,None,,,,,0.0,12.52,7.05,,,,,,,,-0.0098,,,2025-10-29,quarterly,0.12,USD,pre-market,None,,0.0121,-0.0191,0.235,4.67,130309,,,,17.18,25.47,71.4286,,,,,,,None,,,34.24,9.22
2025-12-28,AXGN,-0.05,214709000.0,,1.06,2.62,,,,,,,,,,,,,,,None,None,None,,,,,,None,5622,,,,,0.0,0.05,-469622,-464000,0.07,2007-09-30,81.97,,160519000.0,None,-456995,-12288,,,None,None,None,,None,,,,,-457000,None,None,None,0.0318,,469283,-469000,,,,,None,,,,,0.0,12.52,7.05,,,,,,,,-0.0098,,,2025-10-29,quarterly,0.12,USD,pre-market,None,,0.0121,-0.0191,0.235,4.67,469283,,,,17.18,25.47,71.4286,,,,,,,None,,,34.24,9.22
2025-12-28,AXGN,-0.05,214709000.0,,1.06,2.62,,,,,,,,,,,,,,,None,None,None,,,,,,None,5735,,,,,0.0,0.05,-171735,-166000,0.07,2007-06-30,81.97,,160519000.0,None,-158091,-13467,,,None,None,None,,None,,,,,-158000,None,None,None,0.0318,,171558,-172000,,,,,None,,,,,0.0,12.52,7.05,,,,,,,,-0.0098,,,2025-10-29,quarterly,0.12,USD,pre-market,None,,0.0121,-0.0191,0.235,4.67,171558,,,,17.18,25.47,71.4286,,,,,,,None,,,34.24,9.22
2025-12-28,AXGN,-0.05,214709000.0,,1.06,2.62,,,,,,,,,,,,,,,None,None,None,,,,,,None,5853,,,,,0.0,0.05,-128853,-123000,0.07,2007-03-31,81.97,,160519000.0,None,-114326,-14876,,,None,None,None,,None,,,,,-114000,None,None,None,0.0318,,129202,-129000,,,,,None,,,,,0.0,12.52,7.05,,,,,,,,-0.0098,,,2025-10-29,quarterly,0.12,USD,pre-market,None,,0.0121,-0.0191,0.235,4.67,129202,,,,17.18,25.47,71.4286,,,,,,,None,,,34.24,9.22
2025-12-28,AXGN,-0.05,214709000.0,,1.06,2.62,,,,,,,,,,,,,,,None,None,None,,,,,,None,6115,,,,,0.0,0.05,-178115,-172000,0.07,2006-12-31,81.97,,160519000.0,None,-147622,-30196,,,None,None,None,,None,,,,,-148000,None,None,None,0.0318,,177818,-178000,,,,,None,,,,,0.0,12.52,7.05,,,,,,,,-0.0098,,,2025-10-29,quarterly,0.12,USD,pre-market,None,,0.0121,-0.0191,0.235,4.67,177818,,,,17.18,25.47,71.4286,,,,,,,None,,,34.24,9.22
2025-12-28,AXGN,-0.05,214709000.0,,1.06,2.62,,,,,,,,,,,,,,,None,None,None,,,,,,None,6224,,,,,0.0,0.05,-78684,-72460,0.07,2006-09-30,81.97,,160519000.0,34383,-61925,61925,,,None,None,None,,None,,,,,-61925,None,None,None,0.0318,,96308,-78684,,,,,None,,,,,0.0,12.52,7.05,,,,,,,,-0.0098,,,2025-10-29,quarterly,0.12,USD,pre-market,None,,0.0121,-0.0191,0.235,4.67,96308,,,,17.18,25.47,71.4286,,,,,,,34383,,,34.24,9.22
2025-12-28,AXGN,-0.05,214709000.0,,1.06,2.62,,,,,,,,,,,,,,,None,None,None,,,,,,None,6382,,,,,0.0,0.05,-123382,-117000,0.07,2006-06-30,81.97,,160519000.0,None,-106062,106062,,,None,None,None,,None,,,,,-106000,None,None,None,0.0318,,106062,-123000,,,,,None,,,,,0.0,12.52,7.05,,,,,,,,-0.0098,,,2025-10-29,quarterly,0.12,USD,pre-market,None,,0.0121,-0.0191,0.235,4.67,106062,,,,17.18,25.47,71.4286,,,,,,,None,,,34.24,9.22
2025-12-28,AXGN,-0.05,214709000.0,,1.06,2.62,,,,,,,,,,,,,,,None,None,None,,,,,,None,6739,,,,,0.0,0.05,-63077,-56338,0.07,2006-03-31,81.97,,160519000.0,92277,-51573,51573,,,None,None,None,,None,,,,,-51573,None,None,None,0.0318,,143850,-63077,,,,,None,,,,,0.0,12.52,7.05,,,,,,,,-0.0098,,,2025-10-29,quarterly,0.12,USD,pre-market,None,,0.0121,-0.0191,0.235,4.67,143850,,,,17.18,25.47,71.4286,,,,,,,92277,,,34.24,9.22
2025-12-28,AXGN,-0.05,214709000.0,,1.06,2.62,,,,,,,,,,,,,,,None,None,None,,,,,,None,6936,,,,,0.0,0.05,137575,144511,0.07,2005-12-31,81.97,,160519000.0,254157,137575,-2000,,,None,None,None,,None,,,,,139575,None,None,None,0.0318,,116582,137575,,,,,None,,,,,0.0,12.52,7.05,,,,,,,,-0.0098,,,2025-10-29,quarterly,0.12,USD,pre-market,None,,0.0121,-0.0191,0.235,4.67,116582,,,,17.18,25.47,71.4286,,,,,,,254157,,,34.24,9.22
2025-12-28,AXGN,-0.05,214709000.0,,1.06,2.62,,,,,,,,,,,,,,,None,None,None,,,,,,None,4180,,,,,0.0,0.05,-19133,-14953,0.07,2005-09-30,81.97,,160519000.0,68717,-19133,-19512,,,None,None,None,,None,,,,,379,None,None,None,0.0318,,87850,-19133,,,,,None,,,,,0.0,12.52,7.05,,,,,,,,-0.0098,,,2025-10-29,quarterly,0.12,USD,pre-market,None,,0.0121,-0.0191,0.235,4.67,87850,,,,17.18,25.47,71.4286,,,,,,,68717,,,34.24,9.22
2025-12-28,AXGN,-0.05,214709000.0,,1.06,2.62,,,,,,,,,,,,,,,None,45361000,45361000,,,,,,None,7837000,,,,,0.0,0.05,-1758000,6079000,0.07,2024-12-31,81.97,,160519000.0,141977000,-9964000,None,,,None,8206000,None,,None,,,,,-9964000,-9964000,-8206000,None,0.0318,,145264000,-3287000,,,,,None,,,,,0.0,12.52,7.05,,,,,,,,-0.0098,,,2025-10-29,annual,0.12,USD,pre-market,27767000,,0.0121,-0.0191,0.235,4.67,39036000,,,,17.18,25.47,71.4286,,,,,,,187338000,,,34.24,9.22
2025-12-28,AXGN,-0.05,214709000.0,,1.06,2.62,,,,,,,,,,,,,,,None,37143000,37143000,,,,,,None,5553000,,,,,0.0,0.05,-18881000,-13328000,0.07,2023-12-31,81.97,,160519000.0,121869000,-21716000,5385105,,,None,2835000,None,,None,,,,,-21716000,-23238000,-952000,None,0.0318,,143331000,-21462000,,,,,None,,,,,0.0,12.52,7.05,,,,,,,,-0.0098,,,2025-10-29,annual,0.12,USD,pre-market,27339000,,0.0121,-0.0191,0.235,4.67,38412000,,,,17.18,25.47,71.4286,,,,,,,159012000,,,34.24,9.22
2025-12-28,AXGN,-0.05,214709000.0,,1.06,2.62,,,,,,,,,,,,,,,None,29775000,29775000,,,,,,None,4853000,,,,,0.0,0.05,-28324000,-23471000,0.07,2022-12-31,81.97,,160519000.0,108809000,-28948000,-1613000,,,None,624000,None,,None,,,,,-28948000,-28948000,-624000,None,0.0318,,138516000,-29707000,,,,,1383000,,,,,0.0,12.52,7.05,,,,,,,,-0.0098,,,2025-10-29,annual,0.12,USD,pre-market,25627000,,0.0121,-0.0191,0.235,4.67,40906000,,,,17.18,25.47,71.4286,,,,,,,138584000,,,34.24,9.22
2025-12-28,AXGN,-0.05,214709000.0,,1.06,2.62,,,,,,,,,,,,,,,None,22931000,22931000,,,,,,None,4741000,,,,,0.0,0.05,-25629000,-20888000,0.07,2021-12-31,81.97,,160519000.0,104427000,-26985000,1078000,,,None,1356000,None,,None,,,,,-26985000,-26985000,-1356000,None,0.0318,,129843000,-25416000,,,,,-213000,,,,,0.0,12.52,7.05,,,,,,,,-0.0098,,,2025-10-29,annual,0.12,USD,pre-market,24177000,,0.0121,-0.0191,0.235,4.67,32338000,,,,17.18,25.47,71.4286,,,,,,,127358000,,,34.24,9.22
2025-12-28,AXGN,-0.05,214709000.0,,1.06,2.62,,,,,,,,,,,,,,,None,21581000,21581000,,,,,,None,3460000,,,,,0.0,0.05,-22732000,-19272000,0.07,2020-12-31,81.97,,160519000.0,90719000,-23786000,1016000,,,None,1054000,None,,None,,,,,-23786000,-23786000,-1054000,None,0.0318,,113901000,-23182000,,,,,450000,,,,,0.0,12.52,7.05,,,,,,,,-0.0098,,,2025-10-29,annual,0.12,USD,pre-market,17846000,,0.0121,-0.0191,0.235,4.67,26396000,,,,17.18,25.47,71.4286,,,,,,,112300000,,,34.24,9.22
2025-12-28,AXGN,-0.05,214709000.0,,1.06,2.62,,,,,,,,,,,,,,,None,17349000,17349000,,,,,,None,2877000,,,,,0.0,0.05,-29095000,-26218000,0.07,2019-12-31,81.97,,160519000.0,89363000,-29135000,-13000,,,None,40000,2364000,,None,,,,,-29122000,-29135000,-40000,None,0.0318,,120769000,-31406000,,,,,None,,,,,0.0,12.52,7.05,,,,,,,,-0.0098,,,2025-10-29,annual,0.12,USD,pre-market,17514000,,0.0121,-0.0191,0.235,4.67,31305000,,,,17.18,25.47,71.4286,,,,,,,106712000,,,34.24,9.22
2025-12-28,AXGN,-0.05,214709000.0,,1.06,2.62,,,,,,,,,,,,,,,None,12923000,12923000,,,,,,None,851000,,,,,0.0,0.05,-21189000,-20338000,0.07,2018-12-31,81.97,,160519000.0,71014000,-22397000,661000,,,None,1208000,317000,,None,,,,,-22397000,-22397000,-1208000,None,0.0318,,91514000,-20500000,,,,,-770000,,,,,0.0,12.52,7.05,,,,,,,,-0.0098,,,2025-10-29,annual,0.12,USD,pre-market,11773000,,0.0121,-0.0191,0.235,4.67,23124000,,,,17.18,25.47,71.4286,,,,,,,83937000,,,34.24,9.22
2025-12-28,AXGN,-0.05,214709000.0,,1.06,2.62,,,,,,,,,,,,,,,None,9311585,9311585,,,,,,None,566604,,,,,0.0,0.05,-7982056,-7415452,0.07,2017-12-31,81.97,,160519000.0,51114810,-10445462,2494176,,,None,2463402,2463400,,None,,,,,-10445462,-10445462,-2463402,None,0.0318,,59066096,-7951286,,,,,-277331,,,,,0.0,12.52,7.05,,,,,,,,-0.0098,,,2025-10-29,annual,0.12,USD,pre-market,6699120,,0.0121,-0.0191,0.235,4.67,14731105,,,,17.18,25.47,71.4286,,,,,,,60426395,,,34.24,9.22
2025-12-28,AXGN,-0.05,214709000.0,,1.06,2.62,,,,,,,,,,,,,,,None,6467250,6467250,,,,,,None,436488,,,,,0.0,0.05,-8129488,-7693000,0.07,2016-12-31,81.97,,160519000.0,34640288,-14411144,6281282,,,None,6261657,6261660,,None,,,,,-14411144,-14411144,-6261657,None,0.0318,,42770150,-8129862,,,,,-895014,,,,,0.0,12.52,7.05,,,,,,,,-0.0098,,,2025-10-29,annual,0.12,USD,pre-market,4212023,,0.0121,-0.0191,0.235,4.67,10132624,,,,17.18,25.47,71.4286,,,,,,,41107538,,,34.24,9.22
2025-12-28,AXGN,-0.05,214709000.0,,1.06,2.62,,,,,,,,,,,,,,,None,4848396,4848396,,,,,,None,248968,,,,,0.0,0.05,-9239890,-8990922,0.07,2015-12-31,81.97,,160519000.0,22482696,-13356425,4089715,,,None,4116531,4116530,,None,,,,,-13356425,-13356425,None,None,0.0318,,31749406,-9266710,,,,,-101096,,,,,0.0,12.52,7.05,,,,,,,,-0.0098,,,2025-10-29,annual,0.12,USD,pre-market,3237171,,0.0121,-0.0191,0.235,4.67,8422866,,,,17.18,25.47,71.4286,,,,,,,27331092,,,34.24,9.22
2025-12-28,AXGN,-0.05,214709000.0,,1.06,2.62,,,,,,,,,,,,,,,None,3442183,3442183,,,,,,None,198894,,,,,0.0,0.05,-9797640,-9598746,0.07,2014-12-31,81.97,,160519000.0,13375220,-17710476,7909686,,,None,7912835,None,,None,,,,,-17710476,-17710476,None,None,0.0318,,23176010,-9800790,,,,,-1097371,,,,,0.0,12.52,7.05,,,,,,,,-0.0098,,,2025-10-29,annual,0.12,USD,pre-market,3033325,,0.0121,-0.0191,0.235,4.67,6948890,,,,17.18,25.47,71.4286,,,,,,,16817403,,,34.24,9.22
2025-12-28,AXGN,-0.05,214709000.0,,1.06,2.62,,,,,,,,,,,,,,,None,2439818,2439818,,,,,,None,138332,,,,,0.0,0.05,-9558309,-9419977,0.07,2013-12-31,81.97,,160519000.0,8507543,-14556885,4964680,,,None,4998572,None,,None,,,,,-14556885,-14556885,None,None,0.0318,,18099748,-9592205,,,,,-144972,,,,,0.0,12.52,7.05,,,,,,,,-0.0098,,,2025-10-29,annual,0.12,USD,pre-market,2125476,,0.0121,-0.0191,0.235,4.67,5715119,,,,17.18,25.47,71.4286,,,,,,,10947361,,,34.24,9.22
2025-12-28,AXGN,-0.05,214709000.0,,1.06,2.62,,,,,,,,,,,,,,,None,1961877,1961877,,,,,,None,314829,,,,,0.0,0.05,-7777966,-7463137,0.07,2012-12-31,81.97,,160519000.0,5729827,-10156150,-738192,,,None,2378186,None,,None,,,,,-9417958,-10894342,None,None,0.0318,,13531763,-7801936,,,,,-962872,,,,,0.0,12.52,7.05,,,,,,,,-0.0098,,,2025-10-29,annual,0.12,USD,pre-market,1427211,,0.0121,-0.0191,0.235,4.67,5220599,,,,17.18,25.47,71.4286,,,,,,,7691704,,,34.24,9.22
2025-12-28,AXGN,-0.05,214709000.0,,1.06,2.62,,,,,,,,,,,,,,,None,2426544,2426544,,,,,,None,340675,,,,,0.0,0.05,-6901442,-6560767,0.07,2011-12-31,81.97,,160519000.0,2422926,-6901437,-134580,,,None,2317783,None,,None,,,,,-9219220,-9219220,None,None,0.0318,,9391653,-6968727,,,,,-1155836,,,,,0.0,12.52,7.05,,,,,,,,-0.0098,,,2025-10-29,annual,0.12,USD,pre-market,697355,,0.0121,-0.0191,0.235,4.67,4315604,,,,17.18,25.47,71.4286,,,,,,,4849470,,,34.24,9.22
2025-12-28,AXGN,-0.05,214709000.0,,1.06,2.62,,,,,,,,,,,,,,,None,1238000,1238000,,,,,,None,19767,,,,,0.0,0.05,-1848525,-1828758,0.07,2010-12-31,81.97,,160519000.0,91273,-1825346,-509047,,,None,2137407,None,,None,,,,,-1316299,None,None,None,0.0318,,1939798,-1848525,,,,,None,,,,,0.0,12.52,7.05,,,,,,,,-0.0098,,,2025-10-29,annual,0.12,USD,pre-market,158000,,0.0121,-0.0191,0.235,4.67,5895000,,,,17.18,25.47,71.4286,,,,,,,91273,,,34.24,9.22
2025-12-28,AXGN,-0.05,214709000.0,,1.06,2.62,,,,,,,,,,,,,,,None,None,None,,,,,,None,23009,,,,,0.0,0.05,15955781,15978790,0.07,2009-12-31,81.97,,160519000.0,24911376,15957735,1041403,,,None,131954,None,,None,,,,,15046332,None,None,None,0.0318,,8955595,15955781,,,,,None,,,,,0.0,12.52,7.05,,,,,,,,-0.0098,,,2025-10-29,annual,0.12,USD,pre-market,None,,0.0121,-0.0191,0.235,4.67,None,,,,17.18,25.47,71.4286,,,,,,,24911376,,,34.24,9.22
2025-12-28,AXGN,-0.05,214709000.0,,1.06,2.62,,,,,,,,,,,,,,,None,None,None,,,,,,None,23124,,,,,0.0,0.05,-1056790,-1033666,0.07,2008-12-31,81.97,,160519000.0,72711,-1040709,-16081,,,None,0,None,,None,,,,,-1040709,None,None,None,0.0318,,1129501,-1056790,,,,,None,,,,,0.0,12.52,7.05,,,,,,,,-0.0098,,,2025-10-29,annual,0.12,USD,pre-market,None,,0.0121,-0.0191,0.235,4.67,None,,,,17.18,25.47,71.4286,,,,,,,72711,,,34.24,9.22
2025-12-28,AXGN,-0.05,214709000.0,,1.06,2.62,,,,,,,,,,,,,,,None,None,None,,,,,,None,22273,,,,,0.0,0.05,-799921,-777648,0.07,2007-12-31,81.97,,160519000.0,100431,-748980,-50941,,,None,0,None,,None,,,,,-748980,None,None,None,0.0318,,900352,-799921,,,,,None,,,,,0.0,12.52,7.05,,,,,,,,-0.0098,,,2025-10-29,annual,0.12,USD,pre-market,None,,0.0121,-0.0191,0.235,4.67,900352,,,,17.18,25.47,71.4286,,,,,,,100431,,,34.24,9.22
2025-12-28,AXGN,-0.05,214709000.0,,1.06,2.62,,,,,,,,,,,,,,,None,None,None,,,,,,None,25460,,,,,0.0,0.05,-397378,-371918,0.07,2006-12-31,81.97,,160519000.0,126660,-367182,-30196,,,None,0,None,,None,,,,,-367182,None,None,None,0.0318,,524038,-397378,,,,,None,,,,,0.0,12.52,7.05,,,,,,,,-0.0098,,,2025-10-29,annual,0.12,USD,pre-market,None,,0.0121,-0.0191,0.235,4.67,524038,,,,17.18,25.47,71.4286,,,,,,,126660,,,34.24,9.22
2025-12-28,AXGN,-0.05,214709000.0,,1.06,2.62,,,,,,,,,,,,,,,None,None,None,,,,,,None,20042,,,,,0.0,0.05,-326522,-306480,0.07,2005-12-31,81.97,,160519000.0,443352,-326522,204090,,,None,0,None,,None,,,,,-530612,None,None,None,0.0318,,769874,-326522,,,,,None,,,,,0.0,12.52,7.05,,,,,,,,-0.0098,,,2025-10-29,annual,0.12,USD,pre-market,None,,0.0121,-0.0191,0.235,4.67,769874,,,,17.18,25.47,71.4286,,,,,,,443352,,,34.24,9.22
2025-12-28,AXGN,-0.05,214709000.0,None,1.06,2.62,,19752000,23902000,23902000,,,,,,,,,461000,45905069,None,None,None,25672000,None,None,30775000,None,None,20042,,,,,0.0,0.05,-326522,-306480,0.07,2025-09-30,81.97,None,160519000.0,443352,-326522,204090,6433000,6433000,None,0,None,40581000,None,None,48162000,None,None,-530612,None,None,None,0.0318,,769874,-326522,7309000,25672000,None,141000,None,,,,,0.0,12.52,7.05,,,,,,,,-0.0098,,None,2025-10-29,quarterly,0.12,USD,pre-market,None,-293807000,0.0121,-0.0191,0.235,4.67,769874,67914000,2336000,11889000,17.18,25.47,71.4286,216400000,114456000,28008000,95595000,101944000,67587000,443352,120805000,None,34.24,9.22
2025-12-28,AXGN,-0.05,214709000.0,None,1.06,2.62,,20250000,26036000,26036000,,,,,,,,,457000,45605419,None,None,None,22770000,None,None,28029000,None,None,20042,,,,,0.0,0.05,-326522,-306480,0.07,2025-06-30,81.97,None,160519000.0,443352,-326522,204090,6115000,6115000,None,0,None,36774000,None,None,47938000,None,None,-530612,None,None,None,0.0318,,769874,-326522,2694000,-2210000,None,141000,None,,,,,0.0,12.52,7.05,,,,,,,,-0.0098,,None,2025-10-29,quarterly,0.12,USD,pre-market,None,-294515000,0.0121,-0.0191,0.235,4.67,769874,68188000,2210000,9886000,17.18,25.47,71.4286,205453000,103419000,24980000,93177000,102034000,68197000,443352,112276000,None,34.24,9.22
2025-12-28,AXGN,-0.05,214709000.0,None,1.06,2.62,,20727000,18096000,18096000,,,,,,,,,455000,45204000,None,None,None,19658000,None,None,26295000,None,None,20042,,,,,0.0,0.05,-326522,-306480,0.07,2025-03-31,81.97,None,160519000.0,443352,-326522,204090,5881000,5881000,None,0,None,35504000,None,None,47716000,None,None,-530612,None,None,None,0.0318,,769874,-326522,9202000,19658000,None,141000,None,,,,,0.0,12.52,7.05,,,,,,,,-0.0098,,None,2025-10-29,quarterly,0.12,USD,pre-market,None,-295094000,0.0121,-0.0191,0.235,4.67,769874,68443000,2087000,3973000,17.18,25.47,71.4286,196165000,93070000,21745000,90800000,103095000,69055000,443352,105365000,None,34.24,9.22
2025-12-28,AXGN,-0.05,214709000.0,None,1.06,2.62,,21190000,27554000,27554000,,,,,,,,,441000,48065000,None,None,None,8008000,None,None,24105000,None,None,20042,,,,,0.0,0.05,-326522,-306480,0.07,2024-12-31,81.97,None,160519000.0,443352,-326522,204090,5579000,5579000,None,0,None,33183000,None,None,47496000,None,None,-530612,None,None,None,0.0318,,769874,-326522,8447000,20633000,None,94000,None,,,,,0.0,12.52,7.05,,,,,,,,-0.0098,,None,2025-10-29,quarterly,0.12,USD,pre-market,None,-291260000,0.0121,-0.0191,0.235,4.67,769874,68686000,1969000,5928000,17.18,25.47,71.4286,203728000,99217000,30610000,99821000,104511000,69211000,443352,103907000,None,34.24,9.22
2025-12-28,AXGN,-0.05,214709000.0,None,1.06,2.62,,21590000,18662000,18662000,,,,,,,,,440000,43882000,None,None,None,21177000,None,None,24629000,None,None,20042,,,,,0.0,0.05,-326522,-306480,0.07,2024-09-30,81.97,None,160519000.0,443352,-326522,204090,5215000,5215000,None,0,None,29363000,None,None,47272000,None,None,-530612,None,None,None,0.0318,,769874,-326522,7730000,42354000,None,94000,None,,,,,0.0,12.52,7.05,,,,,,,,-0.0098,,None,2025-10-29,quarterly,0.12,USD,pre-market,None,-291710000,0.0121,-0.0191,0.235,4.67,769874,68862000,1856000,5868000,17.18,25.47,71.4286,191985000,86252000,23033000,92578000,105733000,69545000,443352,99407000,None,34.24,9.22
2025-12-28,AXGN,-0.05,214709000.0,None,1.06,2.62,,21982000,19189000,19189000,,,,,,,,,438000,43713000,None,None,None,21664000,None,None,25152000,None,None,20042,,,,,0.0,0.05,-326522,-306480,0.07,2024-06-30,81.97,None,160519000.0,443352,-326522,204090,4966000,4966000,None,0,None,28015000,None,None,47047000,None,None,-530612,None,None,None,0.0318,,769874,-326522,7962000,21664000,None,94000,None,,,,,0.0,12.52,7.05,,,,,,,,-0.0098,,None,2025-10-29,quarterly,0.12,USD,pre-market,None,-289852000,0.0121,-0.0191,0.235,4.67,769874,71487000,1751000,1944000,17.18,25.47,71.4286,188932000,82262000,23415000,93245000,106670000,69830000,443352,95687000,None,34.24,9.22
2025-12-28,AXGN,-0.05,214709000.0,None,1.06,2.62,,22325000,15713000,15713000,,,,,,,,,437000,43233000,None,None,None,21288000,None,None,24212000,None,None,20042,,,,,0.0,0.05,-326522,-306480,0.07,2024-03-31,81.97,None,160519000.0,443352,-326522,204090,4768000,4768000,None,0,None,27636000,None,None,46825000,None,None,-530612,None,None,None,0.0318,,769874,-326522,9181000,21288000,None,None,None,,,,,0.0,12.52,7.05,,,,,,,,-0.0098,,None,2025-10-29,quarterly,0.12,USD,pre-market,None,-287931000,0.0121,-0.0191,0.235,4.67,769874,69150000,1644000,1921000,17.18,25.47,71.4286,186516000,78663000,22932000,93360000,107852000,70428000,443352,93156000,None,34.24,9.22
2025-12-28,AXGN,-0.05,214709000.0,None,1.06,2.62,,22689000,31024000,31024000,,,,,,,,,431000,43048000,None,None,None,11774000,None,None,25147000,None,None,20042,,,,,0.0,0.05,-326522,-306480,0.07,2023-12-31,81.97,None,160519000.0,443352,-326522,204090,4531000,4531000,None,0,None,23020000,None,None,46603000,None,None,-530612,None,None,None,0.0318,,769874,-326522,8813000,17109000,None,None,None,,,,,0.0,12.52,7.05,,,,,,,,-0.0098,,None,2025-10-29,quarterly,0.12,USD,pre-market,None,-281296000,0.0121,-0.0191,0.235,4.67,769874,69292000,1547000,0,17.18,25.47,71.4286,196827000,88004000,30430000,101162000,108823000,70732000,443352,95665000,None,34.24,9.22
2025-12-28,AXGN,-0.05,214709000.0,None,1.06,2.62,,21023000,37096000,37096000,,,,,,,,,430000,43022000,None,None,None,25550000,None,None,23263000,None,None,20042,,,,,0.0,0.05,-326522,-306480,0.07,2023-09-30,81.97,None,160519000.0,443352,-326522,204090,4288000,4288000,None,0,None,23019000,None,None,46378000,None,None,-530612,None,None,None,0.0318,,769874,-326522,2567000,-1096000,None,None,None,,,,,0.0,12.52,7.05,,,,,,,,-0.0098,,102903000,2025-10-29,quarterly,0.12,USD,pre-market,None,-277403000,0.0121,-0.0191,0.235,4.67,769874,67401000,1096000,1494000,17.18,25.47,71.4286,194630000,87439000,26646000,96820000,107191000,70173999,443352,97810000,None,34.24,9.22
2025-12-28,AXGN,-0.05,214709000.0,None,1.06,2.62,,21171000,23219000,23219000,,,,,,,,,430000,42862000,None,None,None,22893000,None,None,21573000,None,None,20042,,,,,0.0,0.05,-326522,-306480,0.07,2023-06-30,81.97,None,160519000.0,443352,-326522,204090,4047000,4047000,None,0,None,21237000,None,None,46154000,None,None,-530612,None,None,None,0.0318,,769874,-326522,8835000,22893000,None,20131000,None,,,,,0.0,12.52,7.05,,,,,,,,-0.0098,,101417000,2025-10-29,quarterly,0.12,USD,pre-market,None,-273314000,0.0121,-0.0191,0.235,4.67,769874,67325000,1040000,11312000,17.18,25.47,71.4286,191641000,86176000,23933000,94489000,105464000,70556000,443352,97152000,None,34.24,9.22
2025-12-28,AXGN,-0.05,214709000.0,None,1.06,2.62,,21139000,13959000,13959000,,,,,,,,,428000,42571000,None,None,None,20188000,None,None,22278000,None,None,20042,,,,,0.0,0.05,-326522,-306480,0.07,2023-03-31,81.97,None,160519000.0,443352,-326522,204090,3858000,3858000,None,0,None,19849000,None,None,45931000,None,None,-530612,None,None,None,0.0318,,769874,-326522,2453000,-1050000,None,20089000,None,,,,,0.0,12.52,7.05,,,,,,,,-0.0098,,None,2025-10-29,quarterly,0.12,USD,pre-market,None,-266654000,0.0121,-0.0191,0.235,4.67,769874,67070000,1050000,30160000,17.18,25.47,71.4286,189474000,88699000,21238000,91961000,100774999,70723000,443352,97513000,None,34.24,9.22
2025-12-28,AXGN,-0.05,214709000.0,None,1.06,2.62,,21715000,15284000,15284000,,,,,,,,,424000,42306000,None,None,None,8964000,None,None,22186000,None,None,20042,,,,,0.0,0.05,-326522,-306480,0.07,2022-12-31,81.97,None,160519000.0,443352,-326522,204090,3649000,3649000,None,0,None,18905000,None,None,66117000,None,None,-530612,None,None,None,0.0318,,769874,-326522,8195000,13479000,None,None,None,,,,,0.0,12.52,7.05,,,,,,,,-0.0098,,93663000,2025-10-29,quarterly,0.12,USD,pre-market,None,-259580000,0.0121,-0.0191,0.235,4.67,769874,67427000,1310000,33505000,17.18,25.47,71.4286,195387000,98075000,23753000,94388000,97312000,70635000,443352,100999000,None,34.24,9.22
2025-12-28,AXGN,-0.05,214709000.0,None,1.06,2.62,,22164000,14318000,14318000,,,,,,,,,423000,42221000,None,None,None,22017000,None,None,21363000,None,None,20042,,,,,0.0,0.05,-326522,-306480,0.07,2022-09-30,81.97,None,160519000.0,443352,-326522,204090,3448000,3448000,None,0,None,19116000,None,None,45487000,None,None,-530612,None,None,None,0.0318,,769874,-326522,8865000,-1530000,None,20634000,None,,,,,0.0,12.52,7.05,,,,,,,,-0.0098,,89618000,2025-10-29,quarterly,0.12,USD,pre-market,None,-254165000,0.0121,-0.0191,0.235,4.67,769874,72058000,1530000,38792000,17.18,25.47,71.4286,195520000,102454000,23547000,94075000,93066000,70528000,443352,101445000,None,34.24,9.22
2025-12-28,AXGN,-0.05,214709000.0,None,1.06,2.62,,22417000,11822000,11822000,,,,,,,,,420000,41995000,None,None,None,21838000,None,None,20370000,None,None,20042,,,,,0.0,0.05,-326522,-306480,0.07,2022-06-30,81.97,None,160519000.0,443352,-326522,204090,3346000,3346000,None,0,None,19222000,None,None,45263000,None,None,-530612,None,None,None,0.0318,,769874,-326522,9151000,-1762000,None,20655000,None,,,,,0.0,12.52,7.05,,,,,,,,-0.0098,,85963000,2025-10-29,quarterly,0.12,USD,pre-market,None,-249847000,0.0121,-0.0191,0.235,4.67,769874,72556000,1762000,46210000,17.18,25.47,71.4286,196084000,106775000,23600000,94394000,89309000,70794000,443352,101690000,None,34.24,9.22
2025-12-28,AXGN,-0.05,214709000.0,None,1.06,2.62,,22951000,14559000,14559000,,,,,,,,,420000,41804000,None,None,None,20872000,None,None,18590000,None,None,20042,,,,,0.0,0.05,-326522,-306480,0.07,2022-03-31,81.97,None,160519000.0,443352,-326522,204090,3190000,3190000,None,0,None,17400000,None,None,45041000,None,None,-530612,None,None,None,0.0318,,769874,-326522,9067000,-2073000,None,20878000,None,,,,,0.0,12.52,7.05,,,,,,,,-0.0098,,82360000,2025-10-29,quarterly,0.12,USD,pre-market,None,-242107000,0.0121,-0.0191,0.235,4.67,769874,73302000,2073000,52859000,17.18,25.47,71.4286,198025000,112475000,22945000,94174000,85550000,71229000,443352,103851000,None,34.24,9.22
2025-12-28,AXGN,-0.05,214709000.0,None,1.06,2.62,,22632000,32756000,32756000,,,,,,,,,417000,41468000,None,None,None,5923000,None,None,18158000,None,None,20042,,,,,0.0,0.05,-326522,-306480,0.07,2021-12-31,81.97,None,160519000.0,443352,-326522,204090,2859000,2859000,None,0,None,16693000,None,None,65619000,None,None,-530612,None,None,None,0.0318,,769874,-326522,8112000,16536000,None,None,None,,,,,0.0,12.52,7.05,,,,,,,,-0.0098,,78116000,2025-10-29,quarterly,0.12,USD,pre-market,None,-230632000,0.0121,-0.0191,0.235,4.67,769874,67453000,1834000,51330000,17.18,25.47,71.4286,208024000,127049000,24293000,95474000,80975000,71181000,443352,112550000,None,34.24,9.22
2025-12-28,AXGN,-0.05,214709000.0,None,1.06,2.62,,22945000,46730000,46730000,,,,,,,,,415000,41468000,None,None,None,6428000,None,None,18645000,None,None,20042,,,,,0.0,0.05,-326522,-306480,0.07,2021-09-30,81.97,None,160519000.0,443352,-326522,204090,2701000,2701000,None,0,None,15453000,None,None,46238000,None,None,-530612,None,None,None,0.0318,,769874,-326522,9151000,15257000,None,21271000,None,,,,,0.0,12.52,7.05,,,,,,,,-0.0098,,56328000,2025-10-29,quarterly,0.12,USD,pre-market,None,-225346000,0.0121,-0.0191,0.235,4.67,769874,69183000,1674000,44989000,17.18,25.47,71.4286,209971000,134968000,23359000,94690000,75003000,71331000,443352,115281000,None,34.24,9.22
2025-12-28,AXGN,-0.05,214709000.0,None,1.06,2.62,,22133000,53078000,53078000,,,,,,,,,413000,41081000,None,None,None,6721000,None,None,18626000,None,None,20042,,,,,0.0,0.05,-326522,-306480,0.07,2021-06-30,81.97,None,160519000.0,443352,-326522,204090,2460000,2460000,None,0,None,13415000,None,None,46081000,None,None,-530612,None,None,None,0.0318,,769874,-326522,9837000,13118000,None,None,None,,,,,0.0,12.52,7.05,,,,,,,,-0.0098,,66277000,2025-10-29,quarterly,0.12,USD,pre-market,None,-218205000,0.0121,-0.0191,0.235,4.67,769874,68214000,1789000,46839000,17.18,25.47,71.4286,210532000,141795000,21628000,91829000,68737000,70201000,443352,118703000,None,34.24,9.22
2025-12-28,AXGN,-0.05,214709000.0,None,1.06,2.62,,22173000,39843000,39843000,,,,,,,,,408000,40706000,None,None,None,9157000,None,None,19862000,None,None,20042,,,,,0.0,0.05,-326522,-306480,0.07,2021-03-31,81.97,None,160519000.0,443352,-326522,204090,2328000,2328000,None,0,None,13388000,None,None,52871000,None,None,-530612,None,None,None,0.0318,,769874,-326522,10990000,11674000,None,2000,None,,,,,0.0,12.52,7.05,,,,,,,,-0.0098,,44395000,2025-10-29,quarterly,0.12,USD,pre-market,None,-210307000,0.0121,-0.0191,0.235,4.67,769874,54313000,1442000,51062000,17.18,25.47,71.4286,197369000,135145000,22273000,77665000,62224000,55392000,443352,119704000,None,34.24,9.22
2025-12-28,AXGN,-0.05,214709000.0,None,1.06,2.62,,20874000,48767000,48767000,,,,,,,,,406000,40246000,None,None,None,4597000,None,863000,17618000,None,None,20042,,,,,0.0,0.05,-326522,-306480,0.07,2020-12-31,81.97,None,160519000.0,443352,-326522,204090,2054000,2054000,None,0,None,12529000,None,None,52901000,None,None,-530612,None,None,None,0.0318,,769874,-326522,11138000,16508000,None,3000,None,,,,,0.0,12.52,7.05,,,,,,,,-0.0098,,38398000,2025-10-29,quarterly,0.12,USD,pre-market,None,-203647000,0.0121,-0.0191,0.235,4.67,769874,54627000,1726000,55199000,17.18,25.47,71.4286,201381000,145251000,22831000,78232000,56130000,55401000,443352,123149000,None,34.24,9.22
2025-12-28,AXGN,-0.05,214709000.0,None,1.06,2.62,,21475000,60002000,60002000,,,,,,,,,401000,40094000,None,None,None,3507000,None,None,18781000,None,None,20042,,,,,0.0,0.05,-326522,-306480,0.07,2020-09-30,81.97,None,160519000.0,443352,-326522,204090,1797000,1797000,None,0,None,11929000,None,None,50793000,None,None,-530612,None,None,None,0.0318,,769874,-326522,10135000,12772000,None,2639000,None,,,,,0.0,12.52,7.05,,,,,,,,-0.0098,,36110000,2025-10-29,quarterly,0.12,USD,pre-market,None,-197637000,0.0121,-0.0191,0.235,4.67,769874,53292000,2499000,39126000,17.18,25.47,71.4286,193937000,139973000,18792000,72224000,53964000,53432000,443352,121713000,None,34.24,9.22
2025-12-28,AXGN,-0.05,214709000.0,None,1.06,2.62,,None,75320000,75320000,,,,,,,,,400000,39823000,None,None,None,3887000,None,1553000,14070000,None,None,20042,,,,,0.0,0.05,-326522,-306480,0.07,2020-06-30,81.97,None,160519000.0,443352,-326522,204090,1660000,1660000,None,0,None,12836000,None,None,31960000,None,None,-530612,None,None,None,0.0318,,769874,-326522,14015000,8564000,None,4223000,None,,,,,0.0,12.52,7.05,,,,,,,,-0.0098,,24858000,2025-10-29,quarterly,0.12,USD,pre-market,None,-196158000,0.0121,-0.0191,0.235,4.67,769874,33513000,1553000,24009000,17.18,25.47,71.4286,169961000,140229000,14018000,50201000,29732000,36183000,443352,119760000,None,34.24,9.22
2025-12-28,AXGN,-0.05,214709000.0,None,1.06,2.62,,None,35894000,35894000,,,,,,,,,397000,39698000,None,None,None,7184000,None,1785000,13020000,None,None,20042,,,,,0.0,0.05,-326522,-306480,0.07,2020-03-31,81.97,None,160519000.0,443352,-326522,204090,1598000,1598000,None,0,None,14563000,None,None,1189000,None,None,-530612,None,None,None,0.0318,,769874,-326522,9730000,10519000,None,12000,None,,,,,0.0,12.52,7.05,,,,,,,,-0.0098,,20063000,2025-10-29,quarterly,0.12,USD,pre-market,None,-188053000,0.0121,-0.0191,0.235,4.67,769874,2974000,1785000,47145000,17.18,25.47,71.4286,144883000,120352000,19488000,20689000,24531000,1201000,443352,124194000,None,34.24,9.22
2025-12-28,AXGN,-0.05,214709000.0,None,1.06,2.62,,None,35724000,35724000,,,,,,,,,396000,39485000,None,None,None,8262000,None,1736000,16944000,None,None,20042,,,,,0.0,0.05,-326522,-306480,0.07,2019-12-31,81.97,None,160519000.0,443352,-326522,204090,1515000,1515000,None,0,None,13861000,None,None,1595000,None,None,-530612,None,None,None,0.0318,,769874,-326522,7706000,10868000,None,None,None,,,,,0.0,12.52,7.05,,,,,,,,-0.0098,,18107000,2025-10-29,quarterly,0.12,USD,pre-market,None,-179861000,0.0121,-0.0191,0.235,4.67,769874,4926000,1736000,60786000,17.18,25.47,71.4286,154643000,135021000,20880000,22490000,19622000,1610000,443352,132153000,None,34.24,9.22
2025-12-28,AXGN,-0.05,214709000.0,None,1.06,2.62,,3775000,24555000,24555000,,,,,,,,,395000,39340000,None,None,None,3787000,None,None,15549000,None,None,20042,,,,,0.0,0.05,-326522,-306480,0.07,2019-09-30,81.97,None,160519000.0,443352,-326522,204090,1488000,1488000,None,0,None,13682000,None,None,2002000,None,None,-530612,None,None,None,0.0318,,769874,-326522,8144000,9410000,None,22000,None,,,,,0.0,12.52,7.05,,,,,,,,-0.0098,,11673000,2025-10-29,quarterly,0.12,USD,pre-market,None,-172823000,0.0121,-0.0191,0.235,4.67,769874,3775000,3546000,75511000,17.18,25.47,71.4286,154192000,137343000,16757000,18781000,16849000,2024000,443352,135411000,None,34.24,9.22
2025-12-28,AXGN,-0.05,214709000.0,None,1.06,2.62,,4213000,24878000,24878000,,,,,,,,,393000,39175000,None,None,None,5681000,None,1832000,16285000,None,None,20042,,,,,0.0,0.05,-326522,-306480,0.07,2019-06-30,81.97,None,160519000.0,443352,-326522,204090,1404000,1404000,None,0,None,13587000,None,None,2381000,None,None,-530612,None,None,None,0.0318,,769874,-326522,8357000,6869000,None,29000,None,,,,,0.0,12.52,7.05,,,,,,,,-0.0098,,9757000,2025-10-29,quarterly,0.12,USD,pre-market,None,-167252000,0.0121,-0.0191,0.235,4.67,769874,4213000,3664000,78185000,17.18,25.47,71.4286,156603000,141292000,16233000,18643000,15311000,2410000,443352,137960000,None,34.24,9.22
2025-12-28,AXGN,-0.05,214709000.0,None,1.06,2.62,,None,23522000,23522000,,,,,,,,,391000,38934000,None,None,None,7401000,None,1361000,15193000,None,None,20042,,,,,0.0,0.05,-326522,-306480,0.07,2019-03-31,81.97,None,160519000.0,443352,-326522,204090,1164000,1164000,None,0,None,13120000,None,None,3223000,None,None,-530612,None,None,None,0.0318,,769874,-326522,9471000,7706000,None,34000,None,,,,,0.0,12.52,7.05,,,,,,,,-0.0098,,9158000,2025-10-29,quarterly,0.12,USD,pre-market,None,-160230000,0.0121,-0.0191,0.235,4.67,769874,4584000,1361000,84323000,17.18,25.47,71.4286,160492000,145629000,16492000,19749000,14863000,3257000,443352,140743000,None,34.24,9.22
2025-12-28,AXGN,-0.05,214709000.0,None,1.06,2.62,,None,24294000,24294000,,,,,,,,,389000,38745000,None,None,None,4517000,None,28000,15321000,None,None,20042,,,,,0.0,0.05,-326522,-306480,0.07,2018-12-31,81.97,None,160519000.0,443352,-326522,204090,1181000,1181000,None,0,None,11982000,None,None,35000,None,None,-530612,None,None,None,0.0318,,769874,-326522,7045000,8481000,None,112000,None,,,,,0.0,12.52,7.05,,,,,,,,-0.0098,,8039000,2025-10-29,quarterly,0.12,USD,pre-market,None,-150726000,0.0121,-0.0191,0.235,4.67,769874,63000,28000,92311000,17.18,25.47,71.4286,160173000,150953000,13044000,13191000,9220000,147000,443352,146982000,None,34.24,9.22
2025-12-28,AXGN,-0.05,214709000.0,None,1.06,2.62,,None,25629057,25629057,,,,,,,,,386722,38505000,None,None,None,4787561,None,None,13990477,None,None,20042,,,,,0.0,0.05,-326522,-306480,0.07,2018-09-30,81.97,0,160519000.0,443352,-326522,204090,1198131,1198131,None,0,None,10949045,None,None,38314,None,None,-530612,None,None,None,0.0318,,769874,-326522,1477419,7169236,None,124696,None,,,,,0.0,12.52,7.05,,,,,,,,-0.0098,,7673263,2025-10-29,quarterly,0.12,USD,pre-market,None,-145496772,0.0121,-0.0191,0.235,4.67,769874,74276,35962,100740344,17.18,25.47,71.4286,161657736,152786342,12015299,12178309,8871394,163010,443352,149479427,0,34.24,9.22
2025-12-28,AXGN,-0.05,214709000.0,None,1.06,2.62,,None,133562319,133562319,,,,,,,,,383109,36677000,None,None,None,4160891,None,84268,12358984,None,None,20042,,,,,0.0,0.05,-326522,-306480,0.07,2018-06-30,81.97,0,160519000.0,443352,-326522,204090,1157521,1157521,None,0,None,9682119,None,None,45240,None,None,-530612,None,None,None,0.0318,,769874,-326522,2614056,5630096,None,137846,None,,,,,0.0,12.52,7.05,,,,,,,,-0.0098,,2475763,2025-10-29,quarterly,0.12,USD,pre-market,None,-141395144,0.0121,-0.0191,0.235,4.67,769874,84268,39028,0,17.18,25.47,71.4286,160543734,156910450,9857353,10040439,3633284,183086,443352,150503295,0,34.24,9.22
2025-12-28,AXGN,-0.05,214709000.0,None,1.06,2.62,,None,30559882,30559882,,,,,,,,,346693,34521000,None,None,None,3297419,None,2809528,11766829,None,None,20042,,,,,0.0,0.05,-326522,-306480,0.07,2018-03-31,81.97,0,160519000.0,443352,-326522,204090,1058346,1058346,None,0,None,8052930,None,None,17760907,None,None,-530612,None,None,None,0.0318,,769874,-326522,2710524,5445400,None,150995,None,,,,,0.0,12.52,7.05,,,,,,,,-0.0098,,2377323,2025-10-29,quarterly,0.12,USD,pre-market,None,-133967842,0.0121,-0.0191,0.235,4.67,769874,24585474,6824567,0,17.18,25.47,71.4286,55170572,51734903,15567386,33479288,3435669,17911902,443352,21691284,0,34.24,9.22
2025-12-28,AXGN,-0.05,214709000.0,None,1.06,2.62,,None,36506624,36506624,,,,,,,,,343503,33846000,None,None,None,3237962,None,735000,11064720,None,None,20042,,,,,0.0,0.05,-326522,-306480,0.07,2017-12-31,81.97,0,160519000.0,443352,-326522,204090,936992,936992,None,0,None,7315942,None,None,19905286,None,None,-530612,None,None,None,0.0318,,769874,-326522,1706381,9714099,None,None,None,,,,,0.0,12.52,7.05,,,,,,,,-0.0098,,2197039,2025-10-29,quarterly,0.12,USD,pre-market,None,-128329285,0.0121,-0.0191,0.235,4.67,769874,24640303,6907160,0,17.18,25.47,71.4286,58874698,55740667,13718746,33692663,3134031,19973917,443352,25182035,0,34.24,9.22
2025-12-28,AXGN,-0.05,214709000.0,None,1.06,2.62,,None,22041097,22041097,,,,,,,,,333938,33286000,None,None,None,2104119,None,21596,10200560,None,None,20042,,,,,0.0,0.05,-326522,-306480,0.07,2017-09-30,81.97,0,160519000.0,443352,-326522,204090,951473,951473,None,0,None,6698943,None,None,20356698,None,None,-530612,None,None,None,0.0318,,769874,-326522,1143824,4968411,None,None,None,,,,,0.0,12.52,7.05,,,,,,,,-0.0098,,1763840,2025-10-29,quarterly,0.12,USD,pre-market,None,-125830106,0.0121,-0.0191,0.235,4.67,769874,24378294,4021596,0,17.18,25.47,71.4286,42227825,39512512,11137702,31675688,2715313,20537986,443352,10552137,0,34.24,9.22
2025-12-28,AXGN,-0.05,214709000.0,None,1.06,2.62,,None,23870200,23870200,,,,,,,,,331847,33124000,None,None,None,3054960,None,24168966,9422467,None,None,20042,,,,,0.0,0.05,-326522,-306480,0.07,2017-06-30,81.97,0,160519000.0,443352,-326522,204090,940594,940594,None,0,None,6304097,None,None,20314254,None,None,-530612,None,None,None,0.0318,,769874,-326522,1170180,4002871,None,None,None,,,,,0.0,12.52,7.05,,,,,,,,-0.0098,,1643257,2025-10-29,quarterly,0.12,USD,pre-market,None,-123706027,0.0121,-0.0191,0.235,4.67,769874,24168966,3854712,0,17.18,25.47,71.4286,42765705,40181854,10951942,31456951,2583851,20505009,443352,11308754,0,34.24,9.22
2025-12-28,AXGN,-0.05,214709000.0,None,1.06,2.62,,None,25913765,25913765,,,,,,,,,330639,33026000,None,None,None,2918756,None,3999233,8383925,None,None,20042,,,,,0.0,0.05,-326522,-306480,0.07,2017-03-31,81.97,0,160519000.0,443352,-326522,204090,890688,890688,None,0,None,5850730,None,None,20276634,None,None,-530612,None,None,None,0.0318,,769874,-326522,1498874,3741511,None,None,None,,,,,0.0,12.52,7.05,,,,,,,,-0.0098,,1484279,2025-10-29,quarterly,0.12,USD,pre-market,None,-121645848,0.0121,-0.0191,0.235,4.67,769874,24275867,3999233,0,17.18,25.47,71.4286,43272824,40897857,10694750,31148090,2374967,20453340,443352,12124734,0,34.24,9.22
2025-12-28,AXGN,-0.05,214709000.0,None,1.06,2.62,,None,30014405,30014405,,,,,,,,,330088,32568000,None,None,None,3614015,None,20899,8052203,None,None,20042,,,,,0.0,0.05,-326522,-306480,0.07,2016-12-31,81.97,0,160519000.0,443352,-326522,204090,828979,828979,None,0,None,5458840,None,None,20265745,None,None,-530612,None,None,None,0.0318,,769874,-326522,1023608,3388150,None,None,None,,,,,0.0,12.52,7.05,,,,,,,,-0.0098,,1494247,2025-10-29,quarterly,0.12,USD,pre-market,None,-117883823,0.0121,-0.0191,0.235,4.67,769874,24311667,4045922,0,17.18,25.47,71.4286,46360478,44037252,11081369,31439329,2323226,20357960,443352,14921149,0,34.24,9.22
2025-12-28,AXGN,-0.05,214709000.0,None,1.06,2.62,,None,16003245,16003245,,,,,,,,,302090,30152279,None,None,None,1892839,None,4045922,7004756,None,None,20042,,,,,0.0,0.05,-326522,-306480,0.07,2016-09-30,81.97,0,160519000.0,443352,-326522,204090,787523,787523,None,0,None,4970819,None,None,24996070,None,None,-530612,None,None,None,0.0318,,769874,-326522,685711,2666555,None,None,None,,,,,0.0,12.52,7.05,,,,,,,,-0.0098,,1320711,2025-10-29,quarterly,0.12,USD,pre-market,None,-112256839,0.0121,-0.0191,0.235,4.67,769874,29041992,4045922,0,17.18,25.47,71.4286,30772765,28664531,4595426,29669106,2108234,25073680,443352,1103659,0,34.24,9.22
2025-12-28,AXGN,-0.05,214709000.0,None,1.06,2.62,,None,18273203,18273203,,,,,,,,,301281,30079960,None,None,None,1863349,None,4045922,6072121,None,None,20042,,,,,0.0,0.05,-326522,-306480,0.07,2016-06-30,81.97,0,160519000.0,443352,-326522,204090,743390,743390,None,0,None,4786322,None,None,24952201,None,None,-530612,None,None,None,0.0318,,769874,-326522,615511,2030485,None,None,None,,,,,0.0,12.52,7.05,,,,,,,,-0.0098,,1260190,2025-10-29,quarterly,0.12,USD,pre-market,None,-109951466,0.0121,-0.0191,0.235,4.67,769874,28998123,4045922,0,17.18,25.47,71.4286,31750737,29747157,3922427,28957634,2003580,25035207,443352,2793103,0,34.24,9.22
2025-12-28,AXGN,-0.05,214709000.0,None,1.06,2.62,,None,20948752,20948752,,,,,,,,,300356,29994000,None,None,None,2004029,None,None,5290581,None,None,20042,,,,,0.0,0.05,-326522,-306480,0.07,2016-03-31,81.97,0,160519000.0,443352,-326522,204090,747482,747482,None,0,None,4515940,None,None,24804453,None,None,-530612,None,None,None,0.0318,,769874,-326522,699039,1746577,None,None,None,,,,,0.0,12.52,7.05,,,,,,,,-0.0098,,1294941,2025-10-29,quarterly,0.12,USD,pre-market,None,-107148770,0.0121,-0.0191,0.235,4.67,769874,24804453,None,0,17.18,25.47,71.4286,33496735,31454312,3764724,28657578,2042423,24892854,443352,4839157,0,34.24,9.22
2025-12-28,AXGN,-0.05,214709000.0,None,1.06,2.62,,None,25909500,25909500,,,,,,,,,299846,29926001,None,None,None,2090874,None,24701693,4782989,None,None,20042,,,,,0.0,0.05,-326522,-306480,0.07,2015-12-31,81.97,0,160519000.0,443352,-326522,204090,678082,678082,None,0,None,3933960,None,None,25547420,None,None,-530612,None,None,None,0.0318,,769874,-326522,424925,1604253,None,None,None,,,,,0.0,12.52,7.05,,,,,,,,-0.0098,,970870,2025-10-29,quarterly,0.12,USD,pre-market,None,-103472679,0.0121,-0.0191,0.235,4.67,769874,50249113,24701693,0,17.18,25.47,71.4286,37546053,35051374,3709245,29350462,2494679,25641217,443352,8195591,0,34.24,9.22
2025-12-28,AXGN,-0.05,214709000.0,None,1.06,2.62,,None,29935467,29935467,,,,,,,,,298445,26841000,None,None,None,1640811,None,None,4642802,None,None,20042,,,,,0.0,0.05,-326522,-306480,0.07,2015-09-30,81.97,0,160519000.0,443352,-326522,204090,635349,635349,None,0,None,3701755,None,None,25537367,None,None,-530612,None,None,None,0.0318,,769874,-326522,290231,2445496,None,None,None,,,,,0.0,12.52,7.05,,,,,,,,-0.0098,,830083,2025-10-29,quarterly,0.12,USD,pre-market,None,-99861186,0.0121,-0.0191,0.235,4.67,769874,25537367,None,0,17.18,25.47,71.4286,40912952,38570255,4100425,29736985,2342697,25636560,443352,11175967,0,34.24,9.22
2025-12-28,AXGN,-0.05,214709000.0,None,1.06,2.62,,None,15622932,15622932,,,,,,,,,249323,24928000,None,None,None,1838425,None,None,3838023,None,None,20042,,,,,0.0,0.05,-326522,-306480,0.07,2015-06-30,81.97,0,160519000.0,443352,-326522,204090,608539,608539,None,0,None,3539957,None,None,25426647,None,None,-530612,None,None,None,0.0318,,769874,-326522,241108,1569697,None,None,None,,,,,0.0,12.52,7.05,,,,,,,,-0.0098,,663910,2025-10-29,quarterly,0.12,USD,pre-market,None,-96882327,0.0121,-0.0191,0.235,4.67,769874,25426647,None,0,17.18,25.47,71.4286,25423153,23242020,3422240,28953476,2181133,25531236,443352,-3530323,0,34.24,9.22
2025-12-28,AXGN,-0.05,214709000.0,None,1.06,2.62,,None,19255725,19255725,,,,,,,,,249260,22517000,None,None,None,1966422,None,None,3161588,None,None,20042,,,,,0.0,0.05,-326522,-306480,0.07,2015-03-31,81.97,0,160519000.0,443352,-326522,204090,597453,597453,None,0,None,3337898,None,None,25269050,None,None,-530612,None,None,None,0.0318,,769874,-326522,259948,1456850,None,None,None,,,,,0.0,12.52,7.05,,,,,,,,-0.0098,,583420,2025-10-29,quarterly,0.12,USD,pre-market,None,-93691455,0.0121,-0.0191,0.235,4.67,769874,25269050,None,0,17.18,25.47,71.4286,28135926,26015159,3437390,28816424,2120767,25379034,443352,-680498,0,34.24,9.22
2025-12-28,AXGN,-0.05,214709000.0,None,1.06,2.62,,None,8215791,8215791,,,,,,,,,194888,22517361,None,None,None,1160859,None,25085777,2872308,None,None,20042,,,,,0.0,0.05,-326522,-306480,0.07,2014-12-31,81.97,0,160519000.0,443352,-326522,204090,577174,577174,None,0,None,3213620,None,None,25085777,None,None,-530612,None,None,None,0.0318,,769874,-326522,109369,1270335,None,None,None,,,,,0.0,12.52,7.05,,,,,,,,-0.0098,,619028,2025-10-29,quarterly,0.12,USD,pre-market,None,-90116254,0.0121,-0.0191,0.235,4.67,769874,25085777,25085777,0,17.18,25.47,71.4286,16400789,14411088,2445312,27646469,1989701,25201157,443352,-11245680,0,34.24,9.22
2025-12-28,AXGN,-0.05,214709000.0,None,1.06,2.62,,None,11802608,11802608,,,,,,,,,174664,17466097,None,None,None,1170185,None,None,2743041,None,None,20042,,,,,0.0,0.05,-326522,-306480,0.07,2014-09-30,81.97,0,160519000.0,443352,-326522,204090,576382,576382,None,0,None,3346115,None,None,28173877,None,None,-530612,None,None,None,0.0318,,769874,-326522,100923,849906,None,None,None,,,,,0.0,12.52,7.05,,,,,,,,-0.0098,,613174,2025-10-29,quarterly,0.12,USD,pre-market,None,-83624985,0.0121,-0.0191,0.235,4.67,769874,29344062,1170185,0,17.18,25.47,71.4286,20097174,17992687,2034209,30283254,2104487,28249045,443352,-10186080,0,34.24,9.22
2025-12-28,AXGN,-0.05,214709000.0,None,1.06,2.62,,None,14170332,14170332,,,,,,,,,174661,17461332,None,None,None,1386436,None,None,2526953,None,None,20042,,,,,0.0,0.05,-326522,-306480,0.07,2014-06-30,81.97,0,160519000.0,443352,-326522,204090,578602,578602,None,0,None,3410442,None,None,27242589,None,None,-530612,None,None,None,0.0318,,769874,-326522,144975,852619,None,None,None,,,,,0.0,12.52,7.05,,,,,,,,-0.0098,,597278,2025-10-29,quarterly,0.12,USD,pre-market,None,-80386814,0.0121,-0.0191,0.235,4.67,769874,28629025,1386436,0,17.18,25.47,71.4286,22398729,20252702,2253173,29574501,2146027,27321328,443352,-7175772,0,34.24,9.22
2025-12-28,AXGN,-0.05,214709000.0,None,1.06,2.62,,None,16807753,16807753,,,,,,,,,174459,17383786,None,None,None,1365303,None,None,1965157,None,None,20042,,,,,0.0,0.05,-326522,-306480,0.07,2014-03-31,81.97,0,160519000.0,443352,-326522,204090,567787,567787,None,0,None,3466099,None,None,26255540,None,None,-530612,None,None,None,0.0318,,769874,-326522,195489,543440,None,None,None,,,,,0.0,12.52,7.05,,,,,,,,-0.0098,,543227,2025-10-29,quarterly,0.12,USD,pre-market,None,-76645339,0.0121,-0.0191,0.235,4.67,769874,27620843,1365303,0,17.18,25.47,71.4286,24567875,22434498,1922861,28260712,2133377,26337851,443352,-3692837,0,34.24,9.22
2025-12-28,AXGN,-0.05,214709000.0,None,1.06,2.62,,None,20069750,20069750,,,,,,,,,173395,17383786,None,None,None,1181375,None,None,1893699,None,None,20042,,,,,0.0,0.05,-326522,-306480,0.07,2013-12-31,81.97,0,160519000.0,443352,-326522,204090,570396,570396,None,0,None,3398438,None,None,25363695,None,None,-530612,None,None,None,0.0318,,769874,-326522,296719,902567,None,None,None,,,,,0.0,12.52,7.05,,,,,,,,-0.0098,,381689,2025-10-29,quarterly,0.12,USD,pre-market,None,-72405778,0.0121,-0.0191,0.235,4.67,769874,26545070,1181375,0,17.18,25.47,71.4286,27684270,25658606,2098060,27547637,2025664,25449577,443352,136633,0,34.24,9.22
2025-12-28,AXGN,-0.05,214709000.0,None,1.06,2.62,,None,22586450,22586450,,,,,,,,,173393,14320000,None,None,None,1317121,None,None,1740216,None,None,20042,,,,,0.0,0.05,-326522,-306480,0.07,2013-09-30,81.97,0,160519000.0,443352,-326522,204090,579817,579817,None,0,None,3460064,None,None,24332525,None,None,-530612,None,None,None,0.0318,,769874,-326522,177435,1317121,None,None,None,,,,,0.0,12.52,7.05,,,,,,,,-0.0098,,114229,2025-10-29,quarterly,0.12,USD,pre-market,None,-68296978,0.0121,-0.0191,0.235,4.67,769874,24332525,None,0,17.18,25.47,71.4286,29764006,27964165,1317121,25649646,1799841,24332525,443352,4114360,0,34.24,9.22
2025-12-28,AXGN,-0.05,214709000.0,None,1.06,2.62,,None,8692683,8692683,,,,,,,,,111399,11138000,None,None,None,1587938,None,None,1415524,None,None,20042,,,,,0.0,0.05,-326522,-306480,0.07,2013-06-30,81.97,0,160519000.0,443352,-326522,204090,583386,583386,None,0,None,3575779,None,None,23383692,None,None,-530612,None,None,None,0.0318,,769874,-326522,127326,1587938,None,None,None,,,,,0.0,12.52,7.05,,,,,,,,-0.0098,,111036,2025-10-29,quarterly,0.12,USD,pre-market,None,-64744200,0.0121,-0.0191,0.235,4.67,769874,23383692,None,0,17.18,25.47,71.4286,15672745,13811312,1587938,24971630,1861433,23383692,443352,-9298885,0,34.24,9.22
2025-12-28,AXGN,-0.05,214709000.0,None,1.06,2.62,,None,11200447,11200447,,,,,,,,,111279,11125000,None,None,None,1418938,None,None,1179138,None,None,20042,,,,,0.0,0.05,-326522,-306480,0.07,2013-03-31,81.97,0,160519000.0,443352,-326522,204090,590458,590458,None,0,None,3420253,None,None,22438404,None,None,-530612,None,None,None,0.0318,,769874,-326522,284066,1418938,None,None,None,,,,,0.0,12.52,7.05,,,,,,,,-0.0098,,111401,2025-10-29,quarterly,0.12,USD,pre-market,None,-61286401,0.0121,-0.0191,0.235,4.67,769874,22438404,None,0,17.18,25.47,71.4286,17851957,15941871,1418938,23857342,1910086,22438404,443352,-6005385,0,34.24,9.22
2025-12-28,AXGN,-0.05,214709000.0,None,1.06,2.62,,None,13907401,13907401,,,,,,,,,111226,11125000,None,None,None,1220677,None,None,1050089,None,None,20042,,,,,0.0,0.05,-326522,-306480,0.07,2012-12-31,81.97,0,160519000.0,443352,-326522,204090,573731,573731,None,0,None,3151109,None,None,43160504,None,None,-530612,None,None,None,0.0318,,769874,-326522,187256,259075,None,None,None,,,,,0.0,12.52,7.05,,,,,,,,-0.0098,,108534,2025-10-29,quarterly,0.12,USD,pre-market,None,-57848893,0.0121,-0.0191,0.235,4.67,769874,21580252,None,0,17.18,25.47,71.4286,20230563,18295855,1479752,23060004,1934708,21580252,443352,-2829441,0,34.24,9.22
2025-12-28,AXGN,-0.05,214709000.0,None,1.06,2.62,,None,4445099,4445099,,,,,,,,,111046,11104000,None,None,None,1863494,None,None,925544,None,None,20042,,,,,0.0,0.05,-326522,-306480,0.07,2012-09-30,81.97,169987,160519000.0,443352,-326522,204090,736772,736772,None,0,None,2722670,None,None,4739305,None,None,-530612,None,None,None,0.0318,,769874,-326522,89835,1863494,None,None,None,,,,,0.0,12.52,7.05,,,,,,,,-0.0098,,139362,2025-10-29,quarterly,0.12,USD,pre-market,None,-53806788,0.0121,-0.0191,0.235,4.67,769874,6625277,1885972,0,17.18,25.47,71.4286,9693771,8183148,3749466,8488771,1510623,4739305,443352,1205000,0,34.24,9.22
2025-12-28,AXGN,-0.05,214709000.0,None,1.06,2.62,,None,4638793,4638793,,,,,,,,,111040,11085000,None,None,None,1704033,None,None,862228,None,None,20042,,,,,0.0,0.05,-326522,-306480,0.07,2012-06-30,81.97,169987,160519000.0,443352,-326522,204090,884935,884935,None,0,None,2467787,None,None,3460751,None,None,-530612,None,None,None,0.0318,,769874,-326522,240678,1704033,None,None,None,,,,,0.0,12.52,7.05,,,,,,,,-0.0098,,176995,2025-10-29,quarterly,0.12,USD,pre-market,None,-51569979,0.0121,-0.0191,0.235,4.67,769874,4862977,1402226,0,17.18,25.47,71.4286,9837655,8209486,3106259,6567010,1628169,3460751,443352,3270645,0,34.24,9.22
2025-12-28,AXGN,-0.05,214709000.0,None,1.06,2.62,,None,5641947,5641947,,,,,,,,,110624,11062000,None,None,None,1506373,None,None,893983,None,None,20042,,,,,0.0,0.05,-326522,-306480,0.07,2012-03-31,81.97,169987,160519000.0,443352,-326522,204090,911297,911297,None,0,None,2126336,None,None,3932229,None,None,-530612,None,None,None,0.0318,,769874,-326522,142257,1506373,None,None,None,,,,,0.0,12.52,7.05,,,,,,,,-0.0098,,221446,2025-10-29,quarterly,0.12,USD,pre-market,None,-50540260,0.0121,-0.0191,0.235,4.67,769874,4850709,918480,0,17.18,25.47,71.4286,10477092,8804523,2424853,6357082,1672569,3932229,443352,4120010,0,34.24,9.22
2025-12-28,AXGN,-0.05,214709000.0,None,1.06,2.62,,None,8190781,8190781,,,,,,,,,110622,11062000,None,None,None,1585100,None,None,797654,None,None,20042,,,,,0.0,0.05,-326522,-306480,0.07,2011-12-31,81.97,169987,160519000.0,443352,-326522,204090,899480,899480,None,0,None,1760540,None,None,4403737,None,None,-530612,None,None,None,0.0318,,769874,-326522,133500,None,None,None,None,,,,,0.0,12.52,7.05,,,,,,,,-0.0098,,247824,2025-10-29,quarterly,0.12,USD,pre-market,None,-48430935,0.0121,-0.0191,0.235,4.67,769874,4838471,434734,0,17.18,25.47,71.4286,12495042,10882475,2019834,6423571,1612567,4403737,443352,6071471,0,34.24,9.22
2025-12-28,AXGN,-0.05,214709000.0,None,1.06,2.62,,None,10525537,10525537,,,,,,,,,109498,4004026,None,None,None,1657113,None,None,538109,None,None,20042,,,,,0.0,0.05,-326522,-306480,0.07,2011-09-30,81.97,169987,160519000.0,443352,-326522,204090,906960,906960,None,0,None,1662343,None,None,4826264,None,None,-530612,None,None,None,0.0318,,769874,-326522,344841,None,None,None,None,,,,,0.0,12.52,7.05,,,,,,,,-0.0098,,293681,2025-10-29,quarterly,0.12,USD,pre-market,None,-46293949,0.0121,-0.0191,0.235,4.67,769874,4826264,None,0,17.18,25.47,71.4286,14441458,13070830,1657113,6483377,1370628,4826264,443352,7958081,0,34.24,9.22
2025-12-28,AXGN,-0.05,214709000.0,-7489,1.06,2.62,,None,9555177,9555177,,,,,,,,,43050,4004026,None,None,None,207363,None,None,19111,None,None,20042,,,,,0.0,0.05,-326522,-306480,0.07,2011-06-30,81.97,None,160519000.0,443352,-326522,204090,44559,44559,None,0,None,1957000,None,None,6697000,None,2520712,-530612,None,None,None,0.0318,,769874,-326522,18650,54208,None,None,None,,,,,0.0,12.52,7.05,,,,,,,,-0.0098,,2358,2025-10-29,quarterly,0.12,USD,pre-market,None,-1794599,0.0121,-0.0191,0.235,4.67,769874,None,None,None,17.18,25.47,71.4286,12160567,9592938,611571,611571,2567629,207363,443352,11548996,None,34.24,9.22
2025-12-28,AXGN,-0.05,214709000.0,None,1.06,2.62,,None,5641238,5641238,,,,,,,,,43050,4004026,None,None,None,115835,None,None,2476758,None,None,20042,,,,,0.0,0.05,-326522,-306480,0.07,2011-03-31,81.97,None,160519000.0,443352,-326522,204090,48032,48032,None,0,None,18000,None,None,None,None,None,-530612,None,None,None,0.0318,,769874,-326522,5678495,53126,None,None,None,,,,,0.0,12.52,7.05,,,,,,,,-0.0098,,None,2025-10-29,quarterly,0.12,USD,pre-market,None,-2045037,0.0121,-0.0191,0.235,4.67,769874,8400000,None,None,17.18,25.47,71.4286,11370768,11319733,232461,232461,51035,115835,443352,11138307,None,34.24,9.22
2025-12-28,AXGN,-0.05,214709000.0,None,1.06,2.62,,None,7076827,7076827,,,,,,,,,43050,4310661,None,None,None,967896,None,None,407350,None,None,20042,,,,,0.0,0.05,-326522,-306480,0.07,2010-12-31,81.97,None,160519000.0,443352,-326522,204090,52661,52661,None,0,None,1008651,None,None,None,None,None,-530612,None,None,None,0.0318,,769874,-326522,1158067,52044,None,None,None,,,,,0.0,12.52,7.05,,,,,,,,-0.0098,,501000,2025-10-29,quarterly,0.12,USD,pre-market,None,-2950249,0.0121,-0.0191,0.235,4.67,769874,8400000,8418967,None,17.18,25.47,71.4286,10143477,10087168,114349,114349,56309,62305,443352,10029128,None,34.24,9.22
2025-12-28,AXGN,-0.05,214709000.0,None,1.06,2.62,,None,9283697,9283697,,,,,,,,,43050,4305000,None,None,None,89089,None,None,26026,None,None,20042,,,,,0.0,0.05,-326522,-306480,0.07,2010-09-30,81.97,None,160519000.0,443352,-326522,204090,47178,47178,None,0,None,None,None,None,None,None,None,-530612,None,None,None,0.0318,,769874,-326522,1043476,51973,None,None,None,,,,,0.0,12.52,7.05,,,,,,,,-0.0098,,None,2025-10-29,quarterly,0.12,USD,pre-market,None,-941227,0.0121,-0.0191,0.235,4.67,769874,None,None,None,17.18,25.47,71.4286,10404820,10353199,141062,141062,51621,89089,443352,10263758,None,34.24,9.22
2025-12-28,AXGN,-0.05,214709000.0,None,1.06,2.62,,None,9634083,9634083,,,,,,,,,43050,4305026,None,None,None,41764,None,None,3254,None,None,20042,,,,,0.0,0.05,-326522,-306480,0.07,2010-06-30,81.97,None,160519000.0,443352,-326522,204090,28155,28155,None,0,None,None,None,None,None,None,None,-530612,None,None,None,0.0318,,769874,-326522,1116143,53775,None,None,None,,,,,0.0,12.52,7.05,,,,,,,,-0.0098,,None,2025-10-29,quarterly,0.12,USD,pre-market,None,-476316,0.0121,-0.0191,0.235,4.67,769874,None,None,None,17.18,25.47,71.4286,10786951,10753480,136942,136942,33471,41764,443352,10650009,None,34.24,9.22
2025-12-28,AXGN,-0.05,214709000.0,None,1.06,2.62,,None,10179552,10179552,,,,,,,,,43050,4301693,None,None,None,179592,None,None,19529,None,None,20042,,,,,0.0,0.05,-326522,-306480,0.07,2010-03-31,81.97,None,160519000.0,443352,-326522,204090,33042,33042,None,0,None,None,None,None,None,None,None,-530612,None,None,None,0.0318,,769874,-326522,1083620,71617,None,None,None,,,,,0.0,12.52,7.05,,,,,,,,-0.0098,,None,2025-10-29,quarterly,0.12,USD,pre-market,None,-1879878,0.0121,-0.0191,0.235,4.67,769874,None,None,None,17.18,25.47,71.4286,11321853,11282701,467612,467612,39152,179592,443352,10854241,None,34.24,9.22
2025-12-28,AXGN,-0.05,214709000.0,None,1.06,2.62,,None,15766107,15766107,,,,,,,,,42900,4302000,None,None,None,84659,None,None,31525,None,None,20042,,,,,0.0,0.05,-326522,-306480,0.07,2009-12-31,81.97,None,160519000.0,443352,-326522,204090,29811,29811,None,0,None,None,None,None,None,None,None,-530612,None,None,None,0.0318,,769874,-326522,975423,4669204,None,None,None,,,,,0.0,12.52,7.05,,,,,,,,-0.0098,,None,2025-10-29,quarterly,0.12,USD,pre-market,None,-1633950,0.0121,-0.0191,0.235,4.67,769874,None,None,None,17.18,25.47,71.4286,16808435,16773055,5747266,5747266,35380,84659,443352,11061169,None,34.24,9.22
2025-12-28,AXGN,-0.05,214709000.0,None,1.06,2.62,,None,227482,227482,,,,,,,,,42900,4290026,None,None,None,47000,None,None,123937,None,None,20042,,,,,0.0,0.05,-326522,-306480,0.07,2009-09-30,81.97,None,160519000.0,443352,-326522,204090,34311,34311,None,0,None,None,None,None,None,None,None,-530612,None,None,None,0.0318,,769874,-326522,65965,222225,None,None,None,,,,,0.0,12.52,7.05,,,,,,,,-0.0098,,None,2025-10-29,quarterly,0.12,USD,pre-market,None,-12508376,0.0121,-0.0191,0.235,4.67,769874,None,None,None,17.18,25.47,71.4286,455968,417384,269225,269225,38584,47000,443352,186743,None,34.24,9.22
2025-12-28,AXGN,-0.05,214709000.0,None,1.06,2.62,,None,211236,211236,,,,,,,,,42900,4306000,None,None,None,75829,None,None,408202,None,None,20042,,,,,0.0,0.05,-326522,-306480,0.07,2009-06-30,81.97,None,160519000.0,443352,-326522,204090,38811,38811,None,0,None,None,None,None,None,None,None,-530612,None,None,None,0.0318,,769874,-326522,71525,341055,None,None,None,,,,,0.0,12.52,7.05,,,,,,,,-0.0098,,None,2025-10-29,quarterly,0.12,USD,pre-market,None,-12377402,0.0121,-0.0191,0.235,4.67,769874,None,None,None,17.18,25.47,71.4286,734601,690963,416884,416884,43638,75829,443352,317717,None,34.24,9.22
2025-12-28,AXGN,-0.05,214709000.0,None,1.06,2.62,,None,242259,242259,,,,,,,,,42900,4290026,None,None,None,68783,None,None,74693,None,None,20042,,,,,0.0,0.05,-326522,-306480,0.07,2009-03-31,81.97,None,160519000.0,443352,-326522,204090,37986,37986,None,0,None,None,None,None,None,None,None,-530612,None,None,None,0.0318,,769874,-326522,65924,188872,None,None,None,,,,,0.0,12.52,7.05,,,,,,,,-0.0098,,None,2025-10-29,quarterly,0.12,USD,pre-market,None,-12516393,0.0121,-0.0191,0.235,4.67,769874,None,None,None,17.18,25.47,71.4286,436381,382876,257655,257655,53505,68783,443352,178726,None,34.24,9.22
2025-12-28,AXGN,-0.05,214709000.0,None,1.06,2.62,,None,332848,332848,,,,,,,,,42900,4290000,None,None,None,26155,None,None,32586,None,None,20042,,,,,0.0,0.05,-326522,-306480,0.07,2008-12-31,81.97,None,160519000.0,443352,-326522,204090,43775,43775,None,0,None,None,None,None,None,None,None,-530612,None,None,None,0.0318,,769874,-326522,88823,184901,None,None,None,,,,,0.0,12.52,7.05,,,,,,,,-0.0098,,None,2025-10-29,quarterly,0.12,USD,pre-market,None,-12381932,0.0121,-0.0191,0.235,4.67,769874,None,None,None,17.18,25.47,71.4286,524243,454257,211056,211056,69986,26155,443352,313187,None,34.24,9.22
2025-12-28,AXGN,-0.05,214709000.0,None,1.06,2.62,,None,410107,410107,,,,,,,,,42900,4290026,None,None,None,24947,None,None,14022,None,None,20042,,,,,0.0,0.05,-326522,-306480,0.07,2008-09-30,81.97,None,160519000.0,443352,-326522,204090,49607,49607,None,0,None,None,None,None,None,None,None,-530612,None,None,None,0.0318,,769874,-326522,131041,182903,None,None,None,,,,,0.0,12.52,7.05,,,,,,,,-0.0098,,None,2025-10-29,quarterly,0.12,USD,pre-market,None,-12261140,0.0121,-0.0191,0.235,4.67,769874,None,None,None,17.18,25.47,71.4286,641829,555170,207850,207850,86659,24947,443352,433979,None,34.24,9.22
2025-12-28,AXGN,-0.05,214709000.0,None,1.06,2.62,,None,588609,588609,,,,,,,,,42900,4290000,None,None,None,48618,None,None,8597,None,None,20042,,,,,0.0,0.05,-326522,-306480,0.07,2008-06-30,81.97,None,160519000.0,443352,-326522,204090,55440,55440,None,0,None,None,None,None,None,None,None,-530612,None,None,None,0.0318,,769874,-326522,102294,185143,None,None,None,,,,,0.0,12.52,7.05,,,,,,,,-0.0098,,None,2025-10-29,quarterly,0.12,USD,pre-market,None,-11678301,0.0121,-0.0191,0.235,4.67,769874,None,None,None,17.18,25.47,71.4286,795498,699500,233761,233761,95998,48618,443352,561737,None,34.24,9.22
2025-12-28,AXGN,-0.05,214709000.0,None,1.06,2.62,,None,808877,808877,,,,,,,,,42900,4227000,None,None,None,57733,None,None,23929,None,None,20042,,,,,0.0,0.05,-326522,-306480,0.07,2008-03-31,81.97,None,160519000.0,443352,-326522,204090,46989,46989,None,0,None,None,None,None,None,None,None,-530612,None,None,None,0.0318,,769874,-326522,55666,189313,None,None,None,,,,,0.0,12.52,7.05,,,,,,,,-0.0098,,None,2025-10-29,quarterly,0.12,USD,pre-market,None,-11500925,0.0121,-0.0191,0.235,4.67,769874,None,None,None,17.18,25.47,71.4286,986159,888472,247046,247046,97687,57733,443352,739113,None,34.24,9.22
2025-12-28,AXGN,-0.05,214709000.0,None,1.06,2.62,,None,832925,832925,,,,,,,,,None,4227401,None,None,None,None,None,None,100431,None,None,20042,,,,,0.0,0.05,-326522,-306480,0.07,2007-12-31,81.97,None,160519000.0,443352,-326522,204090,42918,42918,None,0,None,None,None,None,None,None,None,-530612,None,None,None,0.0318,,769874,-326522,None,None,None,None,None,,,,,0.0,12.52,7.05,,,,,,,,-0.0098,,None,2025-10-29,quarterly,0.12,USD,pre-market,None,-11341223,0.0121,-0.0191,0.235,4.67,769874,None,None,None,17.18,25.47,71.4286,1099989,996233,201174,201174,None,None,443352,None,None,34.24,9.22
2025-12-28,AXGN,-0.05,214709000.0,None,1.06,2.62,,None,943398,943398,,,,,,,,,41760,4175000,None,None,None,29156,None,None,None,None,None,20042,,,,,0.0,0.05,-326522,-306480,0.07,2007-09-30,81.97,None,160519000.0,443352,-326522,204090,47981,47981,None,0,None,None,None,None,None,None,None,-530612,None,None,None,0.0318,,769874,-326522,70087,184904,None,None,None,,,,,0.0,12.52,7.05,,,,,,,,-0.0098,,None,2025-10-29,quarterly,0.12,USD,pre-market,None,-11321655,0.0121,-0.0191,0.235,4.67,769874,None,None,None,17.18,25.47,71.4286,1132443,1013485,214060,214060,118958,29156,443352,918383,None,34.24,9.22
2025-12-28,AXGN,-0.05,214709000.0,None,1.06,2.62,,None,1053799,1053799,,,,,,,,,41640,4157000,None,None,None,17035,None,None,None,None,None,20042,,,,,0.0,0.05,-326522,-306480,0.07,2007-06-30,81.97,None,160519000.0,443352,-326522,204090,53603,53603,None,0,None,None,None,None,None,None,None,-530612,None,None,None,0.0318,,769874,-326522,48952,187020,None,None,None,,,,,0.0,12.52,7.05,,,,,,,,-0.0098,,None,2025-10-29,quarterly,0.12,USD,pre-market,None,-10864660,0.0121,-0.0191,0.235,4.67,769874,None,None,None,17.18,25.47,71.4286,1237471,1102751,204055,204055,134720,17035,443352,1033416,None,34.24,9.22
2025-12-28,AXGN,-0.05,214709000.0,None,1.06,2.62,,None,1228391,1228391,,,,,,,,,41540,4154000,None,None,None,53524,None,None,None,None,None,20042,,,,,0.0,0.05,-326522,-306480,0.07,2007-03-31,81.97,None,160519000.0,443352,-326522,204090,59338,59338,None,0,None,None,None,None,None,None,None,-530612,None,None,None,0.0318,,769874,-326522,57370,198825,None,None,None,,,,,0.0,12.52,7.05,,,,,,,,-0.0098,,None,2025-10-29,quarterly,0.12,USD,pre-market,None,-10706569,0.0121,-0.0191,0.235,4.67,769874,None,None,None,17.18,25.47,71.4286,1436356,1285761,252349,252349,150595,53524,443352,1184007,None,34.24,9.22
2025-12-28,AXGN,-0.05,214709000.0,None,1.06,2.62,,None,1281785,1281785,,,,,,,,,41490,4154000,None,None,None,14479,None,None,None,None,None,20042,,,,,0.0,0.05,-326522,-306480,0.07,2006-12-31,81.97,None,160519000.0,443352,-326522,204090,65191,65191,None,0,None,None,None,None,None,None,None,-530612,None,None,None,0.0318,,769874,-326522,66285,203395,None,None,None,,,,,0.0,12.52,7.05,,,,,,,,-0.0098,,None,2025-10-29,quarterly,0.12,USD,pre-market,None,-10592243,0.0121,-0.0191,0.235,4.67,769874,None,None,None,17.18,25.47,71.4286,1514657,1348070,217874,217874,166587,14479,443352,1296783,None,34.24,9.22
2025-12-28,AXGN,-0.05,214709000.0,None,1.06,2.62,,None,1361840,1361840,,,,,,,,,41490,4149000,None,None,None,11382,None,None,None,None,None,20042,,,,,0.0,0.05,-326522,-306480,0.07,2006-09-30,81.97,None,160519000.0,443352,-326522,204090,71306,71306,None,0,None,None,None,None,None,None,None,-530612,None,None,None,0.0318,,769874,-326522,75200,164095,None,None,None,,,,,0.0,12.52,7.05,,,,,,,,-0.0098,,None,2025-10-29,quarterly,0.12,USD,pre-market,None,-10444621,0.0121,-0.0191,0.235,4.67,769874,None,None,None,17.18,25.47,71.4286,1619882,1437040,175477,175477,182842,11382,443352,1444405,None,34.24,9.22
2025-12-28,AXGN,-0.05,214709000.0,None,1.06,2.62,,None,1445630,1445630,,,,,,,,,41490,4149000,None,None,None,28145,None,None,None,None,None,20042,,,,,0.0,0.05,-326522,-306480,0.07,2006-06-30,81.97,None,160519000.0,443352,-326522,204090,77530,77530,None,0,None,None,None,None,None,None,None,-530612,None,None,None,0.0318,,769874,-326522,56594,166955,None,None,None,,,,,0.0,12.52,7.05,,,,,,,,-0.0098,,None,2025-10-29,quarterly,0.12,USD,pre-market,None,-10382696,0.0121,-0.0191,0.235,4.67,769874,None,None,None,17.18,25.47,71.4286,1701430,1502224,195100,195100,199206,28145,443352,1506330,None,34.24,9.22
2025-12-28,AXGN,-0.05,214709000.0,None,1.06,2.62,,None,1430446,1430446,,,,,,,,,41490,4149000,None,None,None,14448,None,None,89390,None,None,20042,,,,,0.0,0.05,-326522,-306480,0.07,2006-03-31,81.97,None,160519000.0,443352,-326522,204090,83912,83912,None,0,None,None,None,None,None,None,None,-530612,None,None,None,0.0318,,769874,-326522,55095,163818,None,None,None,,,,,0.0,12.52,7.05,,,,,,,,-0.0098,,None,2025-10-29,quarterly,0.12,USD,pre-market,None,-10276634,0.0121,-0.0191,0.235,4.67,769874,None,None,None,17.18,25.47,71.4286,1790658,1574931,178266,178266,215727,14448,443352,1612392,None,34.24,9.22
2025-12-28,AXGN,-0.05,214709000.0,None,1.06,2.62,,None,1310578,1310578,,,,,,,,,41490,4149000,None,None,None,10495,None,None,214906,None,None,20042,,,,,0.0,0.05,-326522,-306480,0.07,2005-12-31,81.97,None,160519000.0,443352,-326522,204090,90651,90651,None,0,None,None,None,None,None,None,None,-530612,None,None,None,0.0318,,769874,-326522,66735,150365,None,None,None,,,,,0.0,12.52,7.05,,,,,,,,-0.0098,,None,2025-10-29,quarterly,0.12,USD,pre-market,None,-10225061,0.0121,-0.0191,0.235,4.67,769874,None,None,None,17.18,25.47,71.4286,1824825,1592219,160860,160860,232606,10495,443352,1663965,None,34.24,9.22
2025-12-28,AXGN,-0.05,214709000.0,None,1.06,2.62,,None,1354788,1354788,,,,,,,,,41490,4148998,None,None,None,52975,None,None,69611,None,None,20042,,,,,0.0,0.05,-326522,-306480,0.07,2005-09-30,81.97,None,160519000.0,443352,-326522,204090,97587,97587,None,0,None,None,None,None,None,None,None,-530612,None,None,None,0.0318,,769874,-326522,75188,171903,None,None,None,,,,,0.0,12.52,7.05,,,,,,,,-0.0098,,None,2025-10-29,quarterly,0.12,USD,pre-market,None,-10364636,0.0121,-0.0191,0.235,4.67,769874,2525,2525,None,17.18,25.47,71.4286,1749268,1499587,224878,224878,249681,52975,443352,1524390,None,34.24,9.22
2025-12-28,AXGN,-0.05,214709000.0,None,1.06,2.62,,21190000,27554000,27554000,,,,,,,,,441000,44258000,None,None,None,8008000,None,None,24105000,None,None,20042,,,,,0.0,0.05,-326522,-306480,0.07,2024-12-31,81.97,None,160519000.0,443352,-326522,204090,5579000,5579000,None,0,None,33183000,None,None,47496000,None,None,-530612,None,None,None,0.0318,,769874,-326522,8447000,20633000,None,94000,None,,,,,0.0,12.52,7.05,,,,,,,,-0.0098,,None,2025-10-29,annual,0.12,USD,pre-market,None,-291260000,0.0121,-0.0191,0.235,4.67,769874,68686000,1969000,5928000,17.18,25.47,71.4286,203728000,99217000,30610000,99821000,104511000,69211000,443352,103907000,None,34.24,9.22
2025-12-28,AXGN,-0.05,214709000.0,None,1.06,2.62,,22689000,31024000,31024000,,,,,,,,,431000,42878543,None,None,None,11774000,None,None,25147000,None,None,20042,,,,,0.0,0.05,-326522,-306480,0.07,2023-12-31,81.97,None,160519000.0,443352,-326522,204090,4531000,4531000,None,0,None,23020000,None,None,46603000,None,None,-530612,None,None,None,0.0318,,769874,-326522,8813000,17109000,None,None,None,,,,,0.0,12.52,7.05,,,,,,,,-0.0098,,None,2025-10-29,annual,0.12,USD,pre-market,None,-281296000,0.0121,-0.0191,0.235,4.67,769874,69292000,1547000,-6002000,17.18,25.47,71.4286,196827000,88004000,30430000,101162000,108823000,70732000,443352,95665000,None,34.24,9.22
2025-12-28,AXGN,-0.05,214709000.0,None,1.06,2.62,,21715000,15284000,15284000,,,,,,,,,424000,42083125,None,None,None,8964000,None,None,22186000,None,None,20042,,,,,0.0,0.05,-326522,-306480,0.07,2022-12-31,81.97,None,160519000.0,443352,-326522,204090,3649000,3649000,None,0,None,18905000,None,None,66117000,None,None,-530612,None,None,None,0.0318,,769874,-326522,8195000,13479000,None,None,None,,,,,0.0,12.52,7.05,,,,,,,,-0.0098,,93663000,2025-10-29,annual,0.12,USD,pre-market,None,-259580000,0.0121,-0.0191,0.235,4.67,769874,67427000,1310000,33505000,17.18,25.47,71.4286,195387000,98075000,23753000,94388000,97312000,70635000,443352,100999000,None,34.24,9.22
2025-12-28,AXGN,-0.05,214709000.0,None,1.06,2.62,,22632000,32756000,32756000,,,,,,,,,417000,41215000,None,None,None,5923000,None,None,18158000,None,None,20042,,,,,0.0,0.05,-326522,-306480,0.07,2021-12-31,81.97,None,160519000.0,443352,-326522,204090,2859000,2859000,None,0,None,16693000,None,None,65619000,None,None,-530612,None,None,None,0.0318,,769874,-326522,8112000,16536000,None,None,None,,,,,0.0,12.52,7.05,,,,,,,,-0.0098,,78116000,2025-10-29,annual,0.12,USD,pre-market,None,-230632000,0.0121,-0.0191,0.235,4.67,769874,67453000,1834000,51330000,17.18,25.47,71.4286,208024000,127049000,24293000,95474000,80975000,71181000,443352,112550000,None,34.24,9.22
2025-12-28,AXGN,-0.05,214709000.0,None,1.06,2.62,,20874000,48767000,48767000,,,,,,,,,406000,39967000,None,None,None,4597000,None,863000,17618000,None,None,20042,,,,,0.0,0.05,-326522,-306480,0.07,2020-12-31,81.97,None,160519000.0,443352,-326522,204090,2054000,2054000,None,0,None,12529000,None,None,52901000,None,None,-530612,None,None,None,0.0318,,769874,-326522,11138000,16508000,None,3000,None,,,,,0.0,12.52,7.05,,,,,,,,-0.0098,,38398000,2025-10-29,annual,0.12,USD,pre-market,None,-203647000,0.0121,-0.0191,0.235,4.67,769874,54627000,1726000,55199000,17.18,25.47,71.4286,201381000,145251000,22831000,78232000,56130000,55401000,443352,123149000,None,34.24,9.22
2025-12-28,AXGN,-0.05,214709000.0,None,1.06,2.62,,None,35724000,35724000,,,,,,,,,396000,39235000,None,None,None,8262000,None,1736000,16944000,None,None,20042,,,,,0.0,0.05,-326522,-306480,0.07,2019-12-31,81.97,None,160519000.0,443352,-326522,204090,1515000,1515000,None,0,None,13861000,None,None,1595000,None,None,-530612,None,None,None,0.0318,,769874,-326522,7706000,10868000,None,15000,None,,,,,0.0,12.52,7.05,,,,,,,,-0.0098,,18107000,2025-10-29,annual,0.12,USD,pre-market,None,-179861000,0.0121,-0.0191,0.235,4.67,769874,4926000,1736000,60786000,17.18,25.47,71.4286,154643000,135021000,20880000,22490000,19622000,1610000,443352,132153000,None,34.24,9.22
2025-12-28,AXGN,-0.05,214709000.0,None,1.06,2.62,,None,24294000,24294000,,,,,,,,,389000,37127000,None,None,None,4517000,None,28000,15321000,None,None,20042,,,,,0.0,0.05,-326522,-306480,0.07,2018-12-31,81.97,None,160519000.0,443352,-326522,204090,1181000,1181000,None,0,None,11982000,None,None,35000,None,None,-530612,None,None,None,0.0318,,769874,-326522,7045000,8481000,None,112000,None,,,,,0.0,12.52,7.05,,,,,,,,-0.0098,,8039000,2025-10-29,annual,0.12,USD,pre-market,None,-150726000,0.0121,-0.0191,0.235,4.67,769874,63000,28000,92311000,17.18,25.47,71.4286,160173000,150953000,13044000,13191000,9220000,147000,443352,146982000,None,34.24,9.22
2025-12-28,AXGN,-0.05,214709000.0,None,1.06,2.62,,None,36506624,36506624,,,,,,,,,343503,33322767,None,None,None,3237962,None,4735017,11064720,None,None,20042,,,,,0.0,0.05,-326522,-306480,0.07,2017-12-31,81.97,0,160519000.0,443352,-326522,204090,936992,936992,None,0,None,7315942,None,None,19905286,None,None,-530612,None,None,None,0.0318,,769874,-326522,1706381,9714099,None,None,None,,,,,0.0,12.52,7.05,,,,,,,,-0.0098,,2197039,2025-10-29,annual,0.12,USD,pre-market,None,-128329285,0.0121,-0.0191,0.235,4.67,769874,24640303,6907160,0,17.18,25.47,71.4286,58874698,55740667,13718746,33692663,3134031,19973917,443352,25182035,0,34.24,9.22
2025-12-28,AXGN,-0.05,214709000.0,None,1.06,2.62,,None,30014405,30014405,,,,,,,,,330088,30702164,None,None,None,3614015,None,4045922,8052203,None,None,20042,,,,,0.0,0.05,-326522,-306480,0.07,2016-12-31,81.97,0,160519000.0,443352,-326522,204090,828979,828979,None,0,None,5458840,None,None,20265745,None,None,-530612,None,None,None,0.0318,,769874,-326522,1023608,3388150,None,None,None,,,,,0.0,12.52,7.05,,,,,,,,-0.0098,,1494247,2025-10-29,annual,0.12,USD,pre-market,None,-117883823,0.0121,-0.0191,0.235,4.67,769874,24311667,4045922,0,17.18,25.47,71.4286,46360478,44037252,11081369,31439329,2323226,20357960,443352,14921149,0,34.24,9.22
2025-12-28,AXGN,-0.05,214709000.0,None,1.06,2.62,,None,25909500,25909500,,,,,,,,,299846,26075670,None,None,None,2090874,None,24701693,4782989,None,None,20042,,,,,0.0,0.05,-326522,-306480,0.07,2015-12-31,81.97,0,160519000.0,443352,-326522,204090,678082,678082,None,0,None,3933960,None,None,25547420,None,None,-530612,None,None,None,0.0318,,769874,-326522,424925,1604253,None,None,None,,,,,0.0,12.52,7.05,,,,,,,,-0.0098,,970870,2025-10-29,annual,0.12,USD,pre-market,None,-103472679,0.0121,-0.0191,0.235,4.67,769874,50249113,24701693,0,17.18,25.47,71.4286,37546053,35051374,3709245,29350462,2494679,25641217,443352,8195591,0,34.24,9.22
2025-12-28,AXGN,-0.05,214709000.0,None,1.06,2.62,,None,8215791,8215791,,,,,,,,,194888,17721742,None,None,None,1160859,None,25085777,2872308,None,None,20042,,,,,0.0,0.05,-326522,-306480,0.07,2014-12-31,81.97,0,160519000.0,443352,-326522,204090,577174,577174,None,0,None,3213620,None,None,25085777,None,None,-530612,None,None,None,0.0318,,769874,-326522,109369,1270335,None,None,None,,,,,0.0,12.52,7.05,,,,,,,,-0.0098,,619028,2025-10-29,annual,0.12,USD,pre-market,None,-90116254,0.0121,-0.0191,0.235,4.67,769874,25085777,25085777,0,17.18,25.47,71.4286,16400789,14411088,2445312,27646469,1989701,25201157,443352,-11245680,0,34.24,9.22
2025-12-28,AXGN,-0.05,214709000.0,None,1.06,2.62,,None,20069750,20069750,,,,,,,,,173395,13499793,None,None,None,1181375,None,None,1893699,None,None,20042,,,,,0.0,0.05,-326522,-306480,0.07,2013-12-31,81.97,0,160519000.0,443352,-326522,204090,570396,570396,None,0,None,3398438,None,None,25363695,None,None,-530612,None,None,None,0.0318,,769874,-326522,296719,902567,None,None,None,,,,,0.0,12.52,7.05,,,,,,,,-0.0098,,381689,2025-10-29,annual,0.12,USD,pre-market,None,-72405778,0.0121,-0.0191,0.235,4.67,769874,26545070,1181375,0,17.18,25.47,71.4286,27684270,25658606,2098060,27547637,2025664,25449577,443352,136633,0,34.24,9.22
2025-12-28,AXGN,-0.05,214709000.0,None,1.06,2.62,,None,13907401,13907401,,,,,,,,,111226,11089425,None,None,None,1220677,None,None,1050089,None,None,20042,,,,,0.0,0.05,-326522,-306480,0.07,2012-12-31,81.97,0,160519000.0,443352,-326522,204090,573731,573731,None,0,None,3151109,None,None,43160504,None,None,-530612,None,None,None,0.0318,,769874,-326522,374512,259075,None,None,None,,,,,0.0,12.52,7.05,,,,,,,,-0.0098,,108534,2025-10-29,annual,0.12,USD,pre-market,None,-57848893,0.0121,-0.0191,0.235,4.67,769874,21580252,None,0,17.18,25.47,71.4286,20230563,18295855,1479752,23060004,1934708,21580252,443352,-2829441,0,34.24,9.22
2025-12-28,AXGN,-0.05,214709000.0,None,1.06,2.62,,None,8190781,8190781,,,,,,,,,110622,3697390,None,None,None,1585100,None,None,797654,None,None,20042,,,,,0.0,0.05,-326522,-306480,0.07,2011-12-31,81.97,169987,160519000.0,443352,-326522,204090,899480,899480,None,0,None,1760540,None,None,4403737,None,None,-530612,None,None,None,0.0318,,769874,-326522,267000,1585100,None,None,None,,,,,0.0,12.52,7.05,,,,,,,,-0.0098,,247824,2025-10-29,annual,0.12,USD,pre-market,None,-48430935,0.0121,-0.0191,0.235,4.67,769874,4838471,434734,0,17.18,25.47,71.4286,12495042,10882475,2019834,6423571,1612567,4403737,443352,6071471,0,34.24,9.22
2025-12-28,AXGN,-0.05,214709000.0,None,1.06,2.62,,None,7076827,7076827,,,,,,,,,43050,4307831,None,None,None,62305,None,None,407350,None,None,20042,,,,,0.0,0.05,-326522,-306480,0.07,2010-12-31,81.97,None,160519000.0,443352,-326522,204090,52661,52661,None,0,None,1008651,None,None,None,None,None,-530612,None,None,None,0.0318,,769874,-326522,1158067,9324558,None,None,None,,,,,0.0,12.52,7.05,,,,,,,,-0.0098,,501000,2025-10-29,annual,0.12,USD,pre-market,None,-2950249,0.0121,-0.0191,0.235,4.67,769874,8400000,None,None,17.18,25.47,71.4286,10143477,10087168,114349,114349,56309,62305,443352,10029128,None,34.24,9.22
2025-12-28,AXGN,-0.05,214709000.0,None,1.06,2.62,,None,15766107,15766107,,,,,,,,,42900,4309258,None,None,None,84659,None,None,31525,None,None,20042,,,,,0.0,0.05,-326522,-306480,0.07,2009-12-31,81.97,None,160519000.0,443352,-326522,204090,29811,29811,None,0,None,None,None,None,None,None,None,-530612,None,None,None,0.0318,,769874,-326522,975423,4669204,None,None,None,,,,,0.0,12.52,7.05,,,,,,,,-0.0098,,None,2025-10-29,annual,0.12,USD,pre-market,None,-1633950,0.0121,-0.0191,0.235,4.67,769874,None,None,None,17.18,25.47,71.4286,16808435,16773055,5747266,5747266,35380,84659,443352,11061169,None,34.24,9.22
2025-12-28,AXGN,-0.05,214709000.0,None,1.06,2.62,,None,332848,332848,,,,,,,,,42900,4274455,None,None,None,26155,None,None,32586,None,None,20042,,,,,0.0,0.05,-326522,-306480,0.07,2008-12-31,81.97,None,160519000.0,443352,-326522,204090,43775,43775,None,0,None,None,None,None,None,None,None,-530612,None,None,None,0.0318,,769874,-326522,88823,184901,None,None,None,,,,,0.0,12.52,7.05,,,,,,,,-0.0098,,None,2025-10-29,annual,0.12,USD,pre-market,None,-12381932,0.0121,-0.0191,0.235,4.67,769874,None,None,None,17.18,25.47,71.4286,524243,454257,211056,211056,69986,26155,443352,313187,None,34.24,9.22
2025-12-28,AXGN,-0.05,214709000.0,None,1.06,2.62,,None,832925,832925,,,,,,,,,41760,4165724,None,None,None,13407,None,None,100431,None,None,20042,,,,,0.0,0.05,-326522,-306480,0.07,2007-12-31,81.97,None,160519000.0,443352,-326522,204090,42918,42918,None,0,None,None,None,None,None,None,None,-530612,None,None,None,0.0318,,769874,-326522,62877,187767,None,None,None,,,,,0.0,12.52,7.05,,,,,,,,-0.0098,,None,2025-10-29,annual,0.12,USD,pre-market,None,-11341223,0.0121,-0.0191,0.235,4.67,769874,None,None,None,17.18,25.47,71.4286,1099989,996233,201174,201174,103756,13407,443352,898815,None,34.24,9.22
2025-12-28,AXGN,-0.05,214709000.0,None,1.06,2.62,,None,1281785,1281785,,,,,,,,,41490,4148998,None,None,None,14479,None,None,None,None,None,20042,,,,,0.0,0.05,-326522,-306480,0.07,2006-12-31,81.97,None,160519000.0,443352,-326522,204090,65191,65191,None,0,None,None,None,None,None,None,None,-530612,None,None,None,0.0318,,769874,-326522,66285,203395,None,None,None,,,,,0.0,12.52,7.05,,,,,,,,-0.0098,,None,2025-10-29,annual,0.12,USD,pre-market,None,-10592243,0.0121,-0.0191,0.235,4.67,769874,None,None,None,17.18,25.47,71.4286,1514657,1348070,217874,217874,166587,14479,443352,1296783,None,34.24,9.22
2025-12-28,AXGN,-0.05,214709000.0,None,1.06,2.62,,None,1310578,1310578,,,,,,,,,41490,4134232,None,None,None,10495,None,None,214906,None,None,20042,,,,,0.0,0.05,-326522,-306480,0.07,2005-12-31,81.97,None,160519000.0,443352,-326522,204090,90651,90651,None,0,None,None,None,None,None,None,None,-530612,None,None,None,0.0318,,769874,-326522,66735,150365,None,None,None,,,,,0.0,12.52,7.05,,,,,,,,-0.0098,,None,2025-10-29,annual,0.12,USD,pre-market,None,-10225061,0.0121,-0.0191,0.235,4.67,769874,None,None,None,17.18,25.47,71.4286,1824825,1592219,160860,160860,232606,10495,443352,1663965,None,34.24,9.22
2025-12-28,AXGN,-0.05,214709000.0,None,1.06,2.62,1865000,None,1310578,1310578,2394000,-3751000,None,None,-3807000,None,None,None,41490,4134232,None,None,None,10495,None,None,214906,None,None,20042,1840000,None,None,None,0.0,0.05,-326522,-306480,0.07,2025-09-30,81.97,None,160519000.0,443352,-326522,204090,90651,90651,None,0,None,None,None,None,None,None,None,708000,None,None,None,0.0318,3223000,769874,-326522,66735,150365,None,None,None,None,None,None,None,0.0,12.52,7.05,None,None,None,None,None,None,None,-0.0098,None,None,2025-10-29,quarterly,0.12,USD,pre-market,None,-10225061,0.0121,-0.0191,0.235,4.67,769874,None,None,None,17.18,25.47,71.4286,1824825,1592219,160860,160860,232606,10495,443352,1663965,None,34.24,9.22
2025-12-28,AXGN,-0.05,214709000.0,None,1.06,2.62,722000,None,1310578,1310578,1157000,-6947000,None,None,-1270000,None,None,None,41490,4134232,None,None,None,10495,None,None,214906,None,None,20042,1754000,None,None,None,0.0,0.05,-326522,-306480,0.07,2025-06-30,81.97,None,160519000.0,443352,-326522,204090,90651,90651,None,0,None,None,None,None,None,None,None,579000,None,None,None,0.0318,7730000,769874,-326522,66735,150365,None,None,None,None,None,None,None,0.0,12.52,7.05,None,None,None,None,None,None,None,-0.0098,None,None,2025-10-29,quarterly,0.12,USD,pre-market,None,-10225061,0.0121,-0.0191,0.235,4.67,769874,None,None,None,17.18,25.47,71.4286,1824825,1592219,160860,160860,232606,10495,443352,1663965,None,34.24,9.22
2025-12-28,AXGN,-0.05,214709000.0,None,1.06,2.62,256000,None,1310578,1310578,2382000,1339000,None,None,-2321000,None,None,None,41490,4134232,None,None,None,10495,None,None,214906,None,None,20042,1882000,None,None,None,0.0,0.05,-326522,-306480,0.07,2025-03-31,81.97,None,160519000.0,443352,-326522,204090,90651,90651,None,0,None,None,None,None,None,None,None,-3834000,None,None,None,0.0318,-13179000,769874,-326522,66735,150365,None,None,None,None,None,None,None,0.0,12.52,7.05,None,None,None,None,None,None,None,-0.0098,None,None,2025-10-29,quarterly,0.12,USD,pre-market,None,-10225061,0.0121,-0.0191,0.235,4.67,769874,None,None,None,17.18,25.47,71.4286,1824825,1592219,160860,160860,232606,10495,443352,1663965,None,34.24,9.22
2025-12-28,AXGN,-0.05,214709000.0,None,1.06,2.62,813000,None,1310578,1310578,970000,-813000,None,None,-3820000,None,None,None,41490,4134232,None,None,None,10495,None,None,214906,None,None,20042,1915000,None,None,None,0.0,0.05,-326522,-306480,0.07,2024-12-31,81.97,None,160519000.0,443352,-326522,204090,90651,90651,None,0,None,None,None,None,None,None,None,450000,None,None,None,0.0318,8735000,769874,-326522,66735,150365,None,None,None,None,None,None,None,0.0,12.52,7.05,None,None,None,None,None,None,None,-0.0098,None,None,2025-10-29,quarterly,0.12,USD,pre-market,None,-10225061,0.0121,-0.0191,0.235,4.67,769874,None,None,None,17.18,25.47,71.4286,1824825,1592219,160860,160860,232606,10495,443352,1663965,None,34.24,9.22
2025-12-28,AXGN,-0.05,214709000.0,None,1.06,2.62,1138000,None,1310578,1310578,572000,-5000000,None,None,-1348000,None,None,None,41490,4134232,None,None,None,10495,None,None,214906,None,None,20042,1965000,None,None,None,0.0,0.05,-326522,-306480,0.07,2024-09-30,81.97,None,160519000.0,443352,-326522,204090,90651,90651,None,0,None,None,None,None,None,None,None,-1858000,None,None,None,0.0318,3901000,769874,-326522,66735,150365,None,None,None,None,None,None,None,0.0,12.52,7.05,None,None,None,None,None,None,None,-0.0098,None,None,2025-10-29,quarterly,0.12,USD,pre-market,None,-10225061,0.0121,-0.0191,0.235,4.67,769874,None,None,None,17.18,25.47,71.4286,1824825,1592219,160860,160860,232606,10495,443352,1663965,None,34.24,9.22
2025-12-28,AXGN,-0.05,214709000.0,None,1.06,2.62,1232000,None,1310578,1310578,544000,-1233000,None,None,-2338000,None,None,None,41490,4134232,None,None,None,10495,None,None,214906,None,None,20042,2060000,None,None,None,0.0,0.05,-326522,-306480,0.07,2024-06-30,81.97,None,160519000.0,443352,-326522,204090,90651,90651,None,0,None,None,None,None,None,None,None,-1921000,None,None,None,0.0318,4165000,769874,-326522,66735,150365,None,None,None,None,None,None,None,0.0,12.52,7.05,None,None,None,None,None,None,None,-0.0098,None,None,2025-10-29,quarterly,0.12,USD,pre-market,None,-10225061,0.0121,-0.0191,0.235,4.67,769874,None,None,None,17.18,25.47,71.4286,1824825,1592219,160860,160860,232606,10495,443352,1663965,None,34.24,9.22
2025-12-28,AXGN,-0.05,214709000.0,None,1.06,2.62,1341000,None,1310578,1310578,204000,-3251000,None,None,-4983000,None,None,None,41490,4134232,None,None,None,10495,None,None,214906,None,None,20042,1897000,None,None,None,0.0,0.05,-326522,-306480,0.07,2024-03-31,81.97,None,160519000.0,443352,-326522,204090,90651,90651,None,0,None,None,None,None,None,None,None,-6635000,None,None,None,0.0318,-12266000,769874,-326522,66735,150365,None,None,None,None,None,None,None,0.0,12.52,7.05,None,None,None,None,None,None,None,-0.0098,None,None,2025-10-29,quarterly,0.12,USD,pre-market,None,-10225061,0.0121,-0.0191,0.235,4.67,769874,None,None,None,17.18,25.47,71.4286,1824825,1592219,160860,160860,232606,10495,443352,1663965,None,34.24,9.22
2025-12-28,AXGN,-0.05,214709000.0,None,1.06,2.62,1777000,None,1310578,1310578,418000,-277000,None,None,-99000,None,None,None,41490,4134232,None,None,None,10495,None,None,214906,None,None,20042,1853000,None,None,None,0.0,0.05,-326522,-306480,0.07,2023-12-31,81.97,None,160519000.0,443352,-326522,204090,90651,90651,None,0,None,None,None,None,None,None,None,-3893000,None,None,None,0.0318,-211000,769874,-326522,66735,150365,None,None,None,None,None,None,None,0.0,12.52,7.05,None,None,None,None,None,None,None,-0.0098,None,None,2025-10-29,quarterly,0.12,USD,pre-market,None,-10225061,0.0121,-0.0191,0.235,4.67,769874,None,None,None,17.18,25.47,71.4286,1824825,1592219,160860,160860,232606,10495,443352,1663965,None,34.24,9.22
2025-12-28,AXGN,-0.05,214709000.0,None,1.06,2.62,3906000,None,1310578,1310578,5000,5994000,None,None,-2571000,None,None,None,41490,4134232,None,None,None,10495,None,None,214906,None,None,20042,1408000,None,None,None,0.0,0.05,-326522,-306480,0.07,2023-09-30,81.97,None,160519000.0,443352,-326522,204090,90651,90651,None,0,None,None,None,None,None,None,None,-4089000,None,None,None,0.0318,1626000,769874,-326522,66735,150365,None,None,None,None,None,None,None,0.0,12.52,7.05,None,None,None,None,None,None,None,-0.0098,None,None,2025-10-29,quarterly,0.12,USD,pre-market,None,-10225061,0.0121,-0.0191,0.235,4.67,769874,None,None,None,17.18,25.47,71.4286,1824825,1592219,160860,160860,232606,10495,443352,1663965,None,34.24,9.22
2025-12-28,AXGN,-0.05,214709000.0,None,1.06,2.62,4415000,None,1310578,1310578,898000,14322000,15512000,None,-1859000,None,None,475000,41490,4134232,None,None,None,10495,None,None,214906,None,None,20042,1049000,None,None,None,0.0,0.05,-326522,-306480,0.07,2023-06-30,81.97,None,160519000.0,443352,-326522,204090,90651,90651,None,0,None,None,None,None,None,None,None,-6660000,None,None,None,0.0318,292000,769874,-326522,66735,150365,None,None,None,None,None,None,None,0.0,12.52,7.05,None,None,None,None,None,909000,None,-0.0098,None,None,2025-10-29,quarterly,0.12,USD,pre-market,None,-10225061,0.0121,-0.0191,0.235,4.67,769874,None,None,None,17.18,25.47,71.4286,1824825,1592219,160860,160860,232606,10495,443352,1663965,None,34.24,9.22
2025-12-28,AXGN,-0.05,214709000.0,None,1.06,2.62,4304000,None,1310578,1310578,633000,-786000,-7576000,None,-1525000,None,None,175000,41490,4134232,None,None,None,10495,None,None,214906,None,None,20042,1244000,None,None,None,0.0,0.05,-326522,-306480,0.07,2023-03-31,81.97,None,160519000.0,443352,-326522,204090,90651,90651,None,0,None,None,None,None,None,None,None,-7074000,None,None,None,0.0318,-7423000,769874,-326522,66735,150365,None,None,None,None,None,None,None,0.0,12.52,7.05,None,None,None,None,None,634000,None,-0.0098,None,None,2025-10-29,quarterly,0.12,USD,pre-market,None,-10225061,0.0121,-0.0191,0.235,4.67,769874,None,None,None,17.18,25.47,71.4286,1824825,1592219,160860,160860,232606,10495,443352,1663965,None,34.24,9.22
2025-12-28,AXGN,-0.05,214709000.0,None,1.06,2.62,6622000,None,1310578,1310578,813000,-1209000,966000,None,148000,None,None,-944000,41490,4134232,None,None,None,10495,None,None,214906,None,None,20042,1170000,None,None,None,0.0,0.05,-326522,-306480,0.07,2022-12-31,81.97,None,160519000.0,443352,-326522,204090,90651,90651,None,0,None,None,None,None,None,None,None,-5415000,None,None,None,0.0318,1362000,769874,-326522,66735,150365,None,None,None,None,None,None,None,0.0,12.52,7.05,None,None,None,None,None,816000,None,-0.0098,None,None,2025-10-29,quarterly,0.12,USD,pre-market,None,-10225061,0.0121,-0.0191,0.235,4.67,769874,None,None,None,17.18,25.47,71.4286,1824825,1592219,160860,160860,232606,10495,443352,1663965,None,34.24,9.22
2025-12-28,AXGN,-0.05,214709000.0,None,1.06,2.62,4370000,None,1310578,1310578,215000,2971000,2497000,None,-346000,None,None,-976000,41490,4134232,None,None,None,10495,None,None,214906,None,None,20042,1274000,None,None,None,0.0,0.05,-326522,-306480,0.07,2022-09-30,81.97,None,160519000.0,443352,-326522,204090,90651,90651,None,0,None,None,None,None,None,None,None,-4318000,None,None,None,0.0318,-689000,769874,-326522,66735,150365,None,None,None,None,None,None,None,0.0,12.52,7.05,None,None,None,None,None,223000,None,-0.0098,None,None,2025-10-29,quarterly,0.12,USD,pre-market,None,-10225061,0.0121,-0.0191,0.235,4.67,769874,None,None,None,17.18,25.47,71.4286,1824825,1592219,160860,160860,232606,10495,443352,1663965,None,34.24,9.22
2025-12-28,AXGN,-0.05,214709000.0,None,1.06,2.62,4049000,None,1310578,1310578,671000,2279000,-2738000,None,-2292000,None,None,-2095000,41490,4134232,None,None,None,10495,None,None,214906,None,None,20042,1208000,None,None,None,0.0,0.05,-326522,-306480,0.07,2022-06-30,81.97,None,160519000.0,443352,-326522,204090,90651,90651,None,0,None,None,None,None,None,None,None,-7740000,None,None,None,0.0318,-5688000,769874,-326522,66735,150365,None,None,None,None,None,None,None,0.0,12.52,7.05,None,None,None,None,None,670000,None,-0.0098,None,None,2025-10-29,quarterly,0.12,USD,pre-market,None,-10225061,0.0121,-0.0191,0.235,4.67,769874,None,None,None,17.18,25.47,71.4286,1824825,1592219,160860,160860,232606,10495,443352,1663965,None,34.24,9.22
2025-12-28,AXGN,-0.05,214709000.0,None,1.06,2.62,5037000,None,1310578,1310578,95000,-7241000,-18197000,None,-1166000,None,None,-624000,41490,4134232,None,None,None,10495,None,None,214906,None,None,20042,1200000,None,None,None,0.0,0.05,-326522,-306480,0.07,2022-03-31,81.97,None,160519000.0,443352,-326522,204090,90651,90651,None,0,None,None,None,None,None,None,None,-11475000,None,None,None,0.0318,-11051000,769874,-326522,66735,150365,None,None,None,None,None,None,None,0.0,12.52,7.05,None,None,None,None,None,97000,None,-0.0098,None,None,2025-10-29,quarterly,0.12,USD,pre-market,None,-10225061,0.0121,-0.0191,0.235,4.67,769874,None,None,None,17.18,25.47,71.4286,1824825,1592219,160860,160860,232606,10495,443352,1663965,None,34.24,9.22
2025-12-28,AXGN,-0.05,214709000.0,None,1.06,2.62,8120000,None,1310578,1310578,1042999,-13585000,-14056000,None,-1704000,None,None,305000,41490,4134232,None,None,None,10495,None,None,214906,None,None,20042,1116000,None,None,None,0.0,0.05,-326522,-306480,0.07,2021-12-31,81.97,None,160519000.0,443352,-326522,204090,90651,90651,None,0,None,None,None,None,None,None,None,-5286000,None,None,None,0.0318,-1514000,769874,-326522,66735,150365,None,None,None,None,None,None,None,0.0,12.52,7.05,None,None,None,None,None,1046000,None,-0.0098,None,None,2025-10-29,quarterly,0.12,USD,pre-market,None,-10225061,0.0121,-0.0191,0.235,4.67,769874,None,None,None,17.18,25.47,71.4286,1824825,1592219,160860,160860,232606,10495,443352,1663965,None,34.24,9.22
2025-12-28,AXGN,-0.05,214709000.0,None,1.06,2.62,9559000,None,1310578,1310578,805000,-6777000,-6348000,None,-2433000,None,None,-306000,41490,4134232,None,None,None,10495,None,None,214906,None,None,20042,1164000,None,None,None,0.0,0.05,-326522,-306480,0.07,2021-09-30,81.97,None,160519000.0,443352,-326522,204090,90651,90651,None,0,None,None,None,None,None,None,None,-7141000,None,None,None,0.0318,-376000,769874,-326522,66735,150365,None,None,None,None,None,None,None,0.0,12.52,7.05,None,None,None,None,None,809000,None,-0.0098,None,None,2025-10-29,quarterly,0.12,USD,pre-market,None,-10225061,0.0121,-0.0191,0.235,4.67,769874,None,None,None,17.18,25.47,71.4286,1824825,1592219,160860,160860,232606,10495,443352,1663965,None,34.24,9.22
2025-12-28,AXGN,-0.05,214709000.0,None,1.06,2.62,8365000,None,1310578,1310578,18087000,-4157000,13235000,None,-1699000,None,None,1683000,41490,4134232,None,None,None,10495,None,None,214906,None,None,20042,1142000,None,None,None,0.0,0.05,-326522,-306480,0.07,2021-06-30,81.97,None,160519000.0,443352,-326522,204090,90651,90651,None,0,None,None,None,None,None,None,None,-7898000,None,None,None,0.0318,-695000,769874,-326522,66735,150365,None,None,None,None,None,None,None,0.0,12.52,7.05,None,None,None,None,None,3091000,None,-0.0098,None,None,2025-10-29,quarterly,0.12,USD,pre-market,None,-10225061,0.0121,-0.0191,0.235,4.67,769874,None,None,None,17.18,25.47,71.4286,1824825,1592219,160860,160860,232606,10495,443352,1663965,None,34.24,9.22
2025-12-28,AXGN,-0.05,214709000.0,None,1.06,2.62,3251000,None,1310578,1310578,517000,870000,-9433000,None,-1642000,None,None,-2181000,41490,4134232,None,None,None,10495,None,None,214906,None,None,20042,1319000,None,None,None,0.0,0.05,-326522,-306480,0.07,2021-03-31,81.97,None,160519000.0,443352,-326522,204090,90651,90651,None,0,None,None,None,None,None,None,None,-6660000,None,None,None,0.0318,-10820000,769874,-326522,66735,150365,None,None,None,None,None,None,None,0.0,12.52,7.05,None,None,None,None,None,7820000,None,-0.0098,None,None,2025-10-29,quarterly,0.12,USD,pre-market,None,-10225061,0.0121,-0.0191,0.235,4.67,769874,None,None,None,17.18,25.47,71.4286,1824825,1592219,160860,160860,232606,10495,443352,1663965,None,34.24,9.22
2025-12-28,AXGN,-0.05,214709000.0,None,1.06,2.62,2998000,None,1310578,1310578,4515000,-19352000,-12000000,None,-734000,None,None,1065000,41490,4134232,None,None,None,10495,None,None,214906,None,None,20042,1074000,6796000,6796000,None,0.0,0.05,-326522,-306480,0.07,2020-12-31,81.97,None,160519000.0,443352,-326522,204090,90651,90651,None,0,None,None,None,None,None,None,None,-6010000,None,None,None,0.0318,2837000,769874,-326522,66735,150365,None,None,None,None,None,None,None,0.0,12.52,7.05,None,None,None,None,None,665000,None,-0.0098,None,None,2025-10-29,quarterly,0.12,USD,pre-market,None,-10225061,0.0121,-0.0191,0.235,4.67,769874,None,None,None,17.18,25.47,71.4286,1824825,1592219,160860,160860,232606,10495,443352,1663965,None,34.24,9.22
2025-12-28,AXGN,-0.05,214709000.0,None,1.06,2.62,5724000,None,1310578,1310578,191000,-21130000,-18321000,None,424000,None,None,-4710000,41490,4134232,None,None,None,10495,None,None,214906,None,None,20042,893000,None,None,None,0.0,0.05,-326522,-306480,0.07,2020-09-30,81.97,None,160519000.0,443352,-326522,204090,90651,90651,None,0,None,None,None,None,None,None,None,-1479000,None,None,None,0.0318,2618000,769874,-326522,66735,150365,None,None,None,None,None,None,None,0.0,12.52,7.05,None,None,None,None,None,-7000,None,-0.0098,None,None,2025-10-29,quarterly,0.12,USD,pre-market,None,-10225061,0.0121,-0.0191,0.235,4.67,769874,None,None,None,17.18,25.47,71.4286,1824825,1592219,160860,160860,232606,10495,443352,1663965,None,34.24,9.22
2025-12-28,AXGN,-0.05,214709000.0,None,1.06,2.62,8259000,None,1310578,1310578,36096000,14969000,44036000,None,1026000,None,None,-892000,41490,4134232,None,None,None,10495,None,None,214906,None,None,20042,679000,None,None,None,0.0,0.05,-326522,-306480,0.07,2020-06-30,81.97,None,160519000.0,443352,-326522,204090,90651,90651,None,0,None,None,None,None,None,None,None,-8105000,None,None,None,0.0318,-7029000,769874,-326522,66735,150365,None,None,None,None,None,None,None,0.0,12.52,7.05,None,None,None,None,None,-19000,None,-0.0098,None,None,2025-10-29,quarterly,0.12,USD,pre-market,None,-10225061,0.0121,-0.0191,0.235,4.67,769874,None,None,None,17.18,25.47,71.4286,1824825,1592219,160860,160860,232606,10495,443352,1663965,None,34.24,9.22
2025-12-28,AXGN,-0.05,214709000.0,None,1.06,2.62,5140000,None,1310578,1310578,-328000,8550000,170000,None,-1626000,None,None,3902000,41490,4134232,None,None,None,10495,None,None,214906,None,None,20042,813000,None,None,None,0.0,0.05,-326522,-306480,0.07,2020-03-31,81.97,None,160519000.0,443352,-326522,204090,90651,90651,None,0,None,None,None,None,None,None,None,-8192000,None,None,None,0.0318,-8052000,769874,-326522,66735,150365,None,None,None,None,None,None,None,0.0,12.52,7.05,None,None,None,None,None,-639000,None,-0.0098,None,None,2025-10-29,quarterly,0.12,USD,pre-market,None,-10225061,0.0121,-0.0191,0.235,4.67,769874,None,None,None,17.18,25.47,71.4286,1824825,1592219,160860,160860,232606,10495,443352,1663965,None,34.24,9.22
2025-12-28,AXGN,-0.05,214709000.0,None,1.06,2.62,1154000,None,1310578,1310578,913000,13586000,None,None,-2110000,None,None,None,41490,4134232,None,None,None,10495,None,None,214906,None,None,20042,805000,None,None,None,0.0,0.05,-326522,-306480,0.07,2019-12-31,81.97,None,160519000.0,443352,-326522,204090,90651,90651,None,0,None,None,None,None,None,None,None,-7038000,None,None,None,0.0318,-3330000,769874,-326522,66735,150365,None,None,None,None,None,None,None,0.0,12.52,7.05,None,None,None,None,None,4002000,None,-0.0098,None,None,2025-10-29,quarterly,0.12,USD,pre-market,None,-10225061,0.0121,-0.0191,0.235,4.67,769874,None,None,None,17.18,25.47,71.4286,1824825,1592219,160860,160860,232606,10495,443352,1663965,None,34.24,9.22
2025-12-28,AXGN,-0.05,214709000.0,None,1.06,2.62,2107000,None,1310578,1310578,620000,921000,-323000,None,-147000,None,None,825000,41490,4134232,None,None,None,10495,None,None,214906,None,None,20042,686000,None,None,None,0.0,0.05,-326522,-306480,0.07,2019-09-30,81.97,None,160519000.0,443352,-326522,204090,90651,90651,None,0,None,None,None,None,None,None,None,-5571000,None,None,None,0.0318,-1864000,769874,-326522,66735,150365,None,None,None,None,None,None,None,0.0,12.52,7.05,None,None,None,None,None,627000,None,-0.0098,None,None,2025-10-29,quarterly,0.12,USD,pre-market,None,-10225061,0.0121,-0.0191,0.235,4.67,769874,None,None,None,17.18,25.47,71.4286,1824825,1592219,160860,160860,232606,10495,443352,1663965,None,34.24,9.22
2025-12-28,AXGN,-0.05,214709000.0,None,1.06,2.62,1478000,None,1310578,1310578,2173000,4994000,1356000,None,72000,None,None,-917000,41490,4134232,None,None,None,10495,None,None,214906,None,None,20042,712000,None,None,None,0.0,0.05,-326522,-306480,0.07,2019-06-30,81.97,None,160519000.0,443352,-326522,204090,90651,90651,None,0,None,None,None,None,None,None,None,-7022000,None,None,None,0.0318,-5811000,769874,-326522,66735,150365,None,None,None,None,None,None,None,0.0,12.52,7.05,None,None,None,None,None,2183000,None,-0.0098,None,None,2025-10-29,quarterly,0.12,USD,pre-market,None,-10225061,0.0121,-0.0191,0.235,4.67,769874,None,None,None,17.18,25.47,71.4286,1824825,1592219,160860,160860,232606,10495,443352,1663965,None,34.24,9.22
2025-12-28,AXGN,-0.05,214709000.0,None,1.06,2.62,487000,None,1310578,1310578,325000,7770000,-772000,None,-1582000,None,None,112000,41490,4134232,None,None,None,10495,None,None,214906,None,None,20042,674000,None,None,None,0.0,0.05,-326522,-306480,0.07,2019-03-31,81.97,None,160519000.0,443352,-326522,204090,90651,90651,None,0,None,None,None,None,None,None,None,-9504000,None,None,None,0.0318,-8867000,769874,-326522,66735,150365,None,None,None,None,None,None,None,0.0,12.52,7.05,None,None,None,None,None,332000,None,-0.0098,None,None,2025-10-29,quarterly,0.12,USD,pre-market,None,-10225061,0.0121,-0.0191,0.235,4.67,769874,None,None,None,17.18,25.47,71.4286,1824825,1592219,160860,160860,232606,10495,443352,1663965,None,34.24,9.22
2025-12-28,AXGN,-0.05,214709000.0,None,1.06,2.62,231042,None,1310578,1310578,1096306,8544201,4664567,None,-1499240,None,None,-1884680,41490,4134232,None,None,None,10495,None,None,214906,None,None,20042,217766,None,None,None,0.0,0.05,-326522,-306480,0.07,2018-12-31,81.97,None,160519000.0,443352,-326522,204090,90651,90651,None,0,None,None,None,None,None,None,None,-5229514,None,None,None,0.0318,-4975940,769874,-326522,66735,150365,None,None,None,None,None,None,None,0.0,12.52,7.05,None,None,None,None,None,1107349,None,-0.0098,None,None,2025-10-29,quarterly,0.12,USD,pre-market,None,-10225061,0.0121,-0.0191,0.235,4.67,769874,None,None,None,17.18,25.47,71.4286,1824825,1592219,160860,160860,232606,10495,443352,1663965,None,34.24,9.22
2025-12-28,AXGN,-0.05,214709000.0,None,1.06,2.62,5458036,None,1310578,1310578,856296,-105823279,-107933262,None,-1561549,None,None,-1799043,41490,4134232,None,None,None,10495,None,None,214906,None,None,20042,218565,0,0,None,0.0,0.05,-326522,-306480,0.07,2018-09-30,81.97,None,160519000.0,443352,-326522,204090,90651,90651,None,0,None,None,None,None,None,None,None,-4101628,None,None,None,0.0318,-2966279,769874,-326522,66735,150365,None,None,None,None,None,None,None,0.0,12.52,7.05,None,None,None,None,None,866288,None,-0.0098,None,None,2025-10-29,quarterly,0.12,USD,pre-market,None,-10225061,0.0121,-0.0191,0.235,4.67,769874,None,None,None,17.18,25.47,71.4286,1824825,1592219,160860,160860,232606,10495,443352,1663965,None,34.24,9.22
2025-12-28,AXGN,-0.05,214709000.0,None,1.06,2.62,412746,None,1310578,1310578,107490685,-412746,103002437,None,-2211223,None,None,-665324,41490,4134232,None,None,None,10495,None,None,214906,None,None,20042,215131,0,0,None,0.0,0.05,-326522,-306480,0.07,2018-06-30,81.97,None,160519000.0,443352,-326522,204090,90651,90651,None,0,None,None,None,None,None,None,None,-7427301,None,None,None,0.0318,-4075502,769874,-326522,66735,150365,None,None,None,None,None,None,None,0.0,12.52,7.05,None,None,None,None,None,134198671,None,-0.0098,None,None,2025-10-29,quarterly,0.12,USD,pre-market,None,-10225061,0.0121,-0.0191,0.235,4.67,769874,None,None,None,17.18,25.47,71.4286,1824825,1592219,160860,160860,232606,10495,443352,1663965,None,34.24,9.22
2025-12-28,AXGN,-0.05,214709000.0,None,1.06,2.62,501176,None,1310578,1310578,398713,-501176,-5946742,None,-736988,None,None,-758953,41490,4134232,None,None,None,10495,None,None,214906,None,None,20042,199538,0,0,None,0.0,0.05,-326522,-306480,0.07,2018-03-31,81.97,None,160519000.0,443352,-326522,204090,90651,90651,None,0,None,None,None,None,None,None,None,-5638557,None,None,None,0.0318,-5844279,769874,-326522,66735,150365,None,None,None,None,None,None,None,0.0,12.52,7.05,None,None,None,None,None,418692,None,-0.0098,None,None,2025-10-29,quarterly,0.12,USD,pre-market,None,-10225061,0.0121,-0.0191,0.235,4.67,769874,None,None,None,17.18,25.47,71.4286,1824825,1592219,160860,160860,232606,10495,443352,1663965,None,34.24,9.22
2025-12-28,AXGN,-0.05,214709000.0,None,1.06,2.62,492833,None,1310578,1310578,16006841,-492833,14465527,None,-617000,None,None,-1003750,41490,4134232,None,None,None,10495,None,None,214906,None,None,20042,159306,0,0,None,0.0,0.05,-326522,-306480,0.07,2017-12-31,81.97,None,160519000.0,443352,-326522,204090,90651,90651,None,0,None,None,None,None,None,None,None,-2499179,None,None,None,0.0318,-1048481,769874,-326522,66735,150365,None,None,None,None,None,None,None,0.0,12.52,7.05,None,None,None,None,None,16012151,None,-0.0098,None,None,2025-10-29,quarterly,0.12,USD,pre-market,None,-10225061,0.0121,-0.0191,0.235,4.67,769874,None,None,None,17.18,25.47,71.4286,1824825,1592219,160860,160860,232606,10495,443352,1663965,None,34.24,9.22
2025-12-28,AXGN,-0.05,214709000.0,None,1.06,2.62,279178,None,1310578,1310578,611654,-279178,-1829103,None,-394846,None,None,-761992,41490,4134232,None,None,None,10495,None,None,214906,None,None,20042,147716,0,0,None,0.0,0.05,-326522,-306480,0.07,2017-09-30,81.97,None,160519000.0,443352,-326522,204090,90651,90651,None,0,None,None,None,None,None,None,None,-2124079,None,None,None,0.0318,-2161579,769874,-326522,66735,150365,None,None,None,None,None,None,None,0.0,12.52,7.05,None,None,None,None,None,448436,None,-0.0098,None,None,2025-10-29,quarterly,0.12,USD,pre-market,None,-10225061,0.0121,-0.0191,0.235,4.67,769874,None,None,None,17.18,25.47,71.4286,1824825,1592219,160860,160860,232606,10495,443352,1663965,None,34.24,9.22
2025-12-28,AXGN,-0.05,214709000.0,None,1.06,2.62,336918,None,1310578,1310578,366810,-336918,-2043565,None,-453367,None,None,-1103629,41490,4134232,None,None,None,10495,None,None,214906,None,None,20042,128034,0,0,None,0.0,0.05,-326522,-306480,0.07,2017-06-30,81.97,None,160519000.0,443352,-326522,204090,90651,90651,None,0,None,None,None,None,None,None,None,-2060179,None,None,None,0.0318,-2073457,769874,-326522,66735,150365,None,None,None,None,None,None,None,0.0,12.52,7.05,None,None,None,None,None,519822,None,-0.0098,None,None,2025-10-29,quarterly,0.12,USD,pre-market,None,-10225061,0.0121,-0.0191,0.235,4.67,769874,None,None,None,17.18,25.47,71.4286,1824825,1592219,160860,160860,232606,10495,443352,1663965,None,34.24,9.22
2025-12-28,AXGN,-0.05,214709000.0,None,1.06,2.62,183289,None,1310578,1310578,36731,-183289,-4100640,None,-391890,None,None,-366469,41490,4134232,None,None,None,10495,None,None,214906,None,None,20042,131548,0,0,None,0.0,0.05,-326522,-306480,0.07,2017-03-31,81.97,None,160519000.0,443352,-326522,204090,90651,90651,None,0,None,None,None,None,None,None,None,-3762025,None,None,None,0.0318,-3954082,769874,-326522,66735,150365,None,None,None,None,None,None,None,0.0,12.52,7.05,None,None,None,None,None,117021,None,-0.0098,None,None,2025-10-29,quarterly,0.12,USD,pre-market,None,-10225061,0.0121,-0.0191,0.235,4.67,769874,None,None,None,17.18,25.47,71.4286,1824825,1592219,160860,160860,232606,10495,443352,1663965,None,34.24,9.22
2025-12-28,AXGN,-0.05,214709000.0,None,1.06,2.62,419090,None,1310578,1310578,15853038,-419090,14011160,None,-488021,None,None,-1046106,41490,4134232,None,None,None,10495,None,None,214906,None,None,20042,125305,0,0,None,0.0,0.05,-326522,-306480,0.07,2016-12-31,81.97,None,160519000.0,443352,-326522,204090,90651,90651,None,0,None,None,None,None,None,None,None,-5626984,None,None,None,0.0318,-1422788,769874,-326522,66735,150365,None,None,None,None,None,None,None,0.0,12.52,7.05,None,None,None,None,None,19100561,None,-0.0098,None,None,2025-10-29,quarterly,0.12,USD,pre-market,None,-10225061,0.0121,-0.0191,0.235,4.67,769874,None,None,None,17.18,25.47,71.4286,1824825,1592219,160860,160860,232606,10495,443352,1663965,None,34.24,9.22
2025-12-28,AXGN,-0.05,214709000.0,None,1.06,2.62,216214,None,1310578,1310578,322354,-216214,-2269958,None,-184497,None,None,-964969,41490,4134232,None,None,None,10495,None,None,214906,None,None,20042,111560,0,0,None,0.0,0.05,-326522,-306480,0.07,2016-09-30,81.97,None,160519000.0,443352,-326522,204090,90651,90651,None,0,None,None,None,None,None,None,None,-2305373,None,None,None,0.0318,-2376098,769874,-326522,66735,150365,None,None,None,None,None,None,None,0.0,12.52,7.05,None,None,None,None,None,322354,None,-0.0098,None,None,2025-10-29,quarterly,0.12,USD,pre-market,None,-10225061,0.0121,-0.0191,0.235,4.67,769874,None,None,None,17.18,25.47,71.4286,1824825,1592219,160860,160860,232606,10495,443352,1663965,None,34.24,9.22
2025-12-28,AXGN,-0.05,214709000.0,None,1.06,2.62,65908,None,1310578,1310578,186808,-65908,-2675549,None,-270382,None,None,-749489,41490,4134232,None,None,None,10495,None,None,214906,None,None,20042,104751,0,0,None,0.0,0.05,-326522,-306480,0.07,2016-06-30,81.97,None,160519000.0,443352,-326522,204090,90651,90651,None,0,None,None,None,None,None,None,None,-2802696,None,None,None,0.0318,-2796449,769874,-326522,66735,150365,None,None,None,None,None,None,None,0.0,12.52,7.05,None,None,None,None,None,186808,None,-0.0098,None,None,2025-10-29,quarterly,0.12,USD,pre-market,None,-10225061,0.0121,-0.0191,0.235,4.67,769874,None,None,None,17.18,25.47,71.4286,1824825,1592219,160860,160860,232606,10495,443352,1663965,None,34.24,9.22
2025-12-28,AXGN,-0.05,214709000.0,None,1.06,2.62,488343,None,1310578,1310578,136702,-488343,-4960748,None,-581980,None,None,-588243,41490,4134232,None,None,None,10495,None,None,214906,None,None,20042,94872,0,0,None,0.0,0.05,-326522,-306480,0.07,2016-03-31,81.97,None,160519000.0,443352,-326522,204090,90651,90651,None,0,None,None,None,None,None,None,None,-3676091,None,None,None,0.0318,-4609107,769874,-326522,66735,150365,None,None,None,None,None,None,None,0.0,12.52,7.05,None,None,None,None,None,136702,None,-0.0098,None,None,2025-10-29,quarterly,0.12,USD,pre-market,None,-10225061,0.0121,-0.0191,0.235,4.67,769874,None,None,None,17.18,25.47,71.4286,1824825,1592219,160860,160860,232606,10495,443352,1663965,None,34.24,9.22
2025-12-28,AXGN,-0.05,214709000.0,None,1.06,2.62,110241,None,1310578,1310578,345827,-110241,-4025967,None,-232205,None,None,-265558,41490,4134232,None,None,None,10495,None,None,214906,None,None,20042,72921,0,0,None,0.0,0.05,-326522,-306480,0.07,2015-12-31,81.97,None,160519000.0,443352,-326522,204090,90651,90651,None,0,None,None,None,None,None,None,None,-3611493,None,None,None,0.0318,-4261553,769874,-326522,66735,150365,None,None,None,None,None,None,None,0.0,12.52,7.05,None,None,None,None,None,345824,None,-0.0098,None,None,2025-10-29,quarterly,0.12,USD,pre-market,None,-10225061,0.0121,-0.0191,0.235,4.67,769874,None,None,None,17.18,25.47,71.4286,1824825,1592219,160860,160860,232606,10495,443352,1663965,None,34.24,9.22
2025-12-28,AXGN,-0.05,214709000.0,None,1.06,2.62,258710,None,1310578,1310578,17350556,-258710,14312535,None,-161798,None,None,-804779,41490,4134232,None,None,None,10495,None,None,214906,None,None,20042,65727,0,0,None,0.0,0.05,-326522,-306480,0.07,2015-09-30,81.97,None,160519000.0,443352,-326522,204090,90651,90651,None,0,None,None,None,None,None,None,None,-2978859,None,None,None,0.0318,-2779311,769874,-326522,66735,150365,None,None,None,None,None,None,None,0.0,12.52,7.05,None,None,None,None,None,17350556,None,-0.0098,None,None,2025-10-29,quarterly,0.12,USD,pre-market,None,-10225061,0.0121,-0.0191,0.235,4.67,769874,None,None,None,17.18,25.47,71.4286,1824825,1592219,160860,160860,232606,10495,443352,1663965,None,34.24,9.22
2025-12-28,AXGN,-0.05,214709000.0,None,1.06,2.62,148228,None,1310578,1310578,12672,-148228,-3632793,None,-202059,None,None,-676435,41490,4134232,None,None,None,10495,None,None,214906,None,None,20042,56650,0,0,None,0.0,0.05,-326522,-306480,0.07,2015-06-30,81.97,None,160519000.0,443352,-326522,204090,90651,90651,None,0,None,None,None,None,None,None,None,-3190872,None,None,None,0.0318,-3497237,769874,-326522,66735,150365,None,None,None,None,None,None,None,0.0,12.52,7.05,None,None,None,None,None,12672,None,-0.0098,None,None,2025-10-29,quarterly,0.12,USD,pre-market,None,-10225061,0.0121,-0.0191,0.235,4.67,769874,None,None,None,17.18,25.47,71.4286,1824825,1592219,160860,160860,232606,10495,443352,1663965,None,34.24,9.22
2025-12-28,AXGN,-0.05,214709000.0,None,1.06,2.62,38339,None,1310578,1310578,13591991,-38339,11039934,None,-124278,None,None,-289280,41490,4134232,None,None,None,10495,None,None,214906,None,None,20042,53670,0,0,None,0.0,0.05,-326522,-306480,0.07,2015-03-31,81.97,None,160519000.0,443352,-326522,204090,90651,90651,None,0,None,None,None,None,None,None,None,-3575201,None,None,None,0.0318,-2513718,769874,-326522,66735,150365,None,None,None,None,None,None,None,0.0,12.52,7.05,None,None,None,None,None,13772133,None,-0.0098,None,None,2025-10-29,quarterly,0.12,USD,pre-market,None,-10225061,0.0121,-0.0191,0.235,4.67,769874,None,None,None,17.18,25.47,71.4286,1824825,1592219,160860,160860,232606,10495,443352,1663965,None,34.24,9.22
2025-12-28,AXGN,-0.05,214709000.0,None,1.06,2.62,211718,None,1310578,1310578,-943525,-211718,-3586817,None,132495,None,None,-164745,41490,4134232,None,None,None,10495,None,None,214906,None,None,20042,54036,0,0,None,0.0,0.05,-326522,-306480,0.07,2014-12-31,81.97,None,160519000.0,443352,-326522,204090,90651,90651,None,0,None,None,None,None,None,None,None,-6491266,None,None,None,0.0318,-2431574,769874,-326522,66735,150365,None,None,None,None,None,None,None,0.0,12.52,7.05,None,None,None,None,None,1626916,None,-0.0098,None,None,2025-10-29,quarterly,0.12,USD,pre-market,None,-10225061,0.0121,-0.0191,0.235,4.67,769874,None,None,None,17.18,25.47,71.4286,1824825,1592219,160860,160860,232606,10495,443352,1663965,None,34.24,9.22
2025-12-28,AXGN,-0.05,214709000.0,None,1.06,2.62,68548,None,1310578,1310578,310,-68548,-2367724,None,64327,None,None,-216088,41490,4134232,None,None,None,10495,None,None,214906,None,None,20042,54872,0,0,None,0.0,0.05,-326522,-306480,0.07,2014-09-30,81.97,None,160519000.0,443352,-326522,204090,90651,90651,None,0,None,None,None,None,None,None,None,-3238174,None,None,None,0.0318,-2299486,769874,-326522,66735,150365,None,None,None,None,None,None,None,0.0,12.52,7.05,None,None,None,None,None,310,None,-0.0098,None,None,2025-10-29,quarterly,0.12,USD,pre-market,None,-10225061,0.0121,-0.0191,0.235,4.67,769874,None,None,None,17.18,25.47,71.4286,1824825,1592219,160860,160860,232606,10495,443352,1663965,None,34.24,9.22
2025-12-28,AXGN,-0.05,214709000.0,None,1.06,2.62,109953,None,1310578,1310578,41938,-109953,-2637421,None,55657,None,None,-561796,41490,4134232,None,None,None,10495,None,None,214906,None,None,20042,45087,0,0,None,0.0,0.05,-326522,-306480,0.07,2014-06-30,81.97,None,160519000.0,443352,-326522,204090,90651,90651,None,0,None,None,None,None,None,None,None,-3741472,None,None,None,0.0318,-2569406,769874,-326522,66735,150365,None,None,None,None,None,None,None,0.0,12.52,7.05,None,None,None,None,None,41938,None,-0.0098,None,None,2025-10-29,quarterly,0.12,USD,pre-market,None,-10225061,0.0121,-0.0191,0.235,4.67,769874,None,None,None,17.18,25.47,71.4286,1824825,1592219,160860,160860,232606,10495,443352,1663965,None,34.24,9.22
2025-12-28,AXGN,-0.05,214709000.0,None,1.06,2.62,203828,None,1310578,1310578,92424,-203828,-3261997,None,-67661,None,None,-71458,41490,4134232,None,None,None,10495,None,None,214906,None,None,20042,44899,0,0,None,0.0,0.05,-326522,-306480,0.07,2014-03-31,81.97,None,160519000.0,443352,-326522,204090,90651,90651,None,0,None,None,None,None,None,None,None,-4239564,None,None,None,0.0318,-3150593,769874,-326522,66735,150365,None,None,None,None,None,None,None,0.0,12.52,7.05,None,None,None,None,None,92424,None,-0.0098,None,None,2025-10-29,quarterly,0.12,USD,pre-market,None,-10225061,0.0121,-0.0191,0.235,4.67,769874,None,None,None,17.18,25.47,71.4286,1824825,1592219,160860,160860,232606,10495,443352,1663965,None,34.24,9.22
2025-12-28,AXGN,-0.05,214709000.0,None,1.06,2.62,127139,None,1310578,1310578,-6146,-127139,-2516700,None,61626,None,None,-212100,41490,4134232,None,None,None,10495,None,None,214906,None,None,20042,33287,0,0,None,0.0,0.05,-326522,-306480,0.07,2013-12-31,81.97,None,160519000.0,443352,-326522,204090,90651,90651,None,0,None,None,None,None,None,None,None,-4108795,None,None,None,0.0318,-2383415,769874,-326522,66735,150365,None,None,None,None,None,None,None,0.0,12.52,7.05,None,None,None,None,None,-6146,None,-0.0098,None,None,2025-10-29,quarterly,0.12,USD,pre-market,None,-10225061,0.0121,-0.0191,0.235,4.67,769874,None,None,None,17.18,25.47,71.4286,1824825,1592219,160860,160860,232606,10495,443352,1663965,None,34.24,9.22
2025-12-28,AXGN,-0.05,214709000.0,None,1.06,2.62,32451,None,1310578,1310578,16823825,-32451,13893767,None,115715,None,None,-324692,41490,4134232,None,None,None,10495,None,None,214906,None,None,20042,32827,0,0,None,0.0,0.05,-326522,-306480,0.07,2013-09-30,81.97,None,160519000.0,443352,-326522,204090,90651,90651,None,0,None,None,None,None,None,None,None,-3552781,None,None,None,0.0318,-2897607,769874,-326522,66735,150365,None,None,None,None,None,None,None,0.0,12.52,7.05,None,None,None,None,None,16823825,None,-0.0098,None,None,2025-10-29,quarterly,0.12,USD,pre-market,None,-10225061,0.0121,-0.0191,0.235,4.67,769874,None,None,None,17.18,25.47,71.4286,1824825,1592219,160860,160860,232606,10495,443352,1663965,None,34.24,9.22
2025-12-28,AXGN,-0.05,214709000.0,None,1.06,2.62,26953,None,1310578,1310578,31739,-26953,-2507764,None,-155526,None,None,-236386,41490,4134232,None,None,None,10495,None,None,214906,None,None,20042,34391,0,0,None,0.0,0.05,-326522,-306480,0.07,2013-06-30,81.97,None,160519000.0,443352,-326522,204090,90651,90651,None,0,None,None,None,None,None,None,None,-3457801,None,None,None,0.0318,-2512550,769874,-326522,66735,150365,None,None,None,None,None,None,None,0.0,12.52,7.05,None,None,None,None,None,31739,None,-0.0098,None,None,2025-10-29,quarterly,0.12,USD,pre-market,None,-10225061,0.0121,-0.0191,0.235,4.67,769874,None,None,None,17.18,25.47,71.4286,1824825,1592219,160860,160860,232606,10495,443352,1663965,None,34.24,9.22
2025-12-28,AXGN,-0.05,214709000.0,None,1.06,2.62,57422,None,1310578,1310578,1654,-57422,-2706954,None,-269144,None,None,-129049,41490,4134232,None,None,None,10495,None,None,214906,None,None,20042,37827,0,0,None,0.0,0.05,-326522,-306480,0.07,2013-03-31,81.97,None,160519000.0,443352,-326522,204090,90651,90651,None,0,None,None,None,None,None,None,None,-3437508,None,None,None,0.0318,-2651186,769874,-326522,66735,150365,None,None,None,None,None,None,None,0.0,12.52,7.05,None,None,None,None,None,1654,None,-0.0098,None,None,2025-10-29,quarterly,0.12,USD,pre-market,None,-10225061,0.0121,-0.0191,0.235,4.67,769874,None,None,None,17.18,25.47,71.4286,1824825,1592219,160860,160860,232606,10495,443352,1663965,None,34.24,9.22
2025-12-28,AXGN,-0.05,214709000.0,None,1.06,2.62,7561,None,1310578,1310578,12843555,-7561,9462302,None,-428440,None,None,-124545,41490,4134232,None,None,None,10495,None,None,214906,None,None,20042,-76064,0,0,None,0.0,0.05,-326522,-306480,0.07,2012-12-31,81.97,None,160519000.0,443352,-326522,204090,90651,90651,None,0,None,None,None,None,None,None,None,-4042105,None,None,None,0.0318,-3373692,769874,-326522,66735,150365,None,None,None,None,None,None,None,0.0,12.52,7.05,None,None,None,None,None,-1,None,-0.0098,None,None,2025-10-29,quarterly,0.12,USD,pre-market,None,-10225061,0.0121,-0.0191,0.235,4.67,769874,None,None,None,17.18,25.47,71.4286,1824825,1592219,160860,160860,232606,10495,443352,1663965,None,34.24,9.22
2025-12-28,AXGN,-0.05,214709000.0,None,1.06,2.62,39557,None,1310578,1310578,1669752,-39557,-193694,None,-254883,None,None,-63316,41490,4134232,None,None,None,10495,None,None,214906,None,None,20042,225353,0,0,None,0.0,0.05,-326522,-306480,0.07,2012-09-30,81.97,None,160519000.0,443352,-326522,204090,90651,90651,None,0,None,None,None,None,None,None,None,-2236809,None,None,None,0.0318,-1823889,769874,-326522,66735,150365,None,None,None,None,None,None,None,0.0,12.52,7.05,None,None,None,None,None,1,None,-0.0098,None,None,2025-10-29,quarterly,0.12,USD,pre-market,None,-10225061,0.0121,-0.0191,0.235,4.67,769874,None,None,None,17.18,25.47,71.4286,1824825,1592219,160860,160860,232606,10495,443352,1663965,None,34.24,9.22
2025-12-28,AXGN,-0.05,214709000.0,None,1.06,2.62,9617,None,1310578,1310578,-7549,-9617,-1003154,None,-341451,None,None,31755,41490,4134232,None,None,None,10495,None,None,214906,None,None,20042,80430,0,0,None,0.0,0.05,-326522,-306480,0.07,2012-06-30,81.97,None,160519000.0,443352,-326522,204090,90651,90651,None,0,None,None,None,None,None,None,None,-1029719,None,None,None,0.0318,-985988,769874,-326522,66735,150365,None,None,None,None,None,None,None,0.0,12.52,7.05,None,None,None,None,None,9152,None,-0.0098,None,None,2025-10-29,quarterly,0.12,USD,pre-market,None,-10225061,0.0121,-0.0191,0.235,4.67,769874,None,None,None,17.18,25.47,71.4286,1824825,1592219,160860,160860,232606,10495,443352,1663965,None,34.24,9.22
2025-12-28,AXGN,-0.05,214709000.0,None,1.06,2.62,70549,None,1310578,1310578,4,-70549,-2548834,None,-365796,None,None,-96329,41490,4134232,None,None,None,10495,None,None,214906,None,None,20042,85110,0,0,None,0.0,0.05,-326522,-306480,0.07,2012-03-31,81.97,None,160519000.0,443352,-326522,204090,90651,90651,None,0,None,None,None,None,None,None,None,-2109325,None,None,None,0.0318,-2478289,769874,-326522,66735,150365,None,None,None,None,None,None,None,0.0,12.52,7.05,None,None,None,None,None,63,None,-0.0098,None,None,2025-10-29,quarterly,0.12,USD,pre-market,None,-10225061,0.0121,-0.0191,0.235,4.67,769874,None,None,None,17.18,25.47,71.4286,1824825,1592219,160860,160860,232606,10495,443352,1663965,None,34.24,9.22
2025-12-28,AXGN,-0.05,214709000.0,None,1.06,2.62,36154,None,1310578,1310578,-110163,-36154,None,None,-98197,None,None,None,41490,4134232,None,None,None,10495,None,None,214906,None,None,20042,89491,0,0,None,0.0,0.05,-326522,-306480,0.07,2011-12-31,81.97,None,160519000.0,443352,-326522,204090,90651,90651,None,0,None,None,None,None,None,None,None,-2136986,None,None,None,0.0318,-2188439,769874,-326522,66735,150365,None,None,None,None,None,None,None,0.0,12.52,7.05,None,None,None,None,None,0,None,-0.0098,None,None,2025-10-29,quarterly,0.12,USD,pre-market,None,-10225061,0.0121,-0.0191,0.235,4.67,769874,None,None,None,17.18,25.47,71.4286,1824825,1592219,160860,160860,232606,10495,443352,1663965,None,34.24,9.22
2025-12-28,AXGN,-0.05,214709000.0,None,1.06,2.62,7858,None,1310578,1310578,6469014,9403601,None,None,240000,None,None,None,41490,4134232,None,None,None,10495,None,None,214906,None,None,20042,241792,0,0,None,0.0,0.05,-326522,-306480,0.07,2011-09-30,81.97,None,160519000.0,443352,-326522,204090,90651,90651,None,0,None,None,None,None,None,None,None,-3113170,None,None,None,0.0318,-7909628,769874,-326522,66735,150365,None,None,None,None,None,None,None,0.0,12.52,7.05,None,None,None,None,None,0,None,-0.0098,None,None,2025-10-29,quarterly,0.12,USD,pre-market,None,-10225061,0.0121,-0.0191,0.235,4.67,769874,None,None,None,17.18,25.47,71.4286,1824825,1592219,160860,160860,232606,10495,443352,1663965,None,34.24,9.22
2025-12-28,AXGN,-0.05,214709000.0,None,1.06,2.62,0,None,1310578,1310578,2920000,-1031111,None,None,None,None,None,None,41490,4134232,None,None,None,10495,None,None,214906,None,None,20042,4118,None,None,None,0.0,0.05,-326522,-306480,0.07,2011-06-30,81.97,None,160519000.0,443352,-326522,204090,90651,90651,None,0,None,None,None,None,None,None,None,250438,None,None,None,0.0318,3230202,769874,-326522,66735,150365,None,None,None,None,None,None,None,0.0,12.52,7.05,None,None,None,None,None,None,None,-0.0098,None,None,2025-10-29,quarterly,0.12,USD,pre-market,None,-10225061,0.0121,-0.0191,0.235,4.67,769874,None,None,None,17.18,25.47,71.4286,1824825,1592219,160860,160860,232606,10495,443352,1663965,None,34.24,9.22
2025-12-28,AXGN,-0.05,214709000.0,None,1.06,2.62,7798,None,1310578,1310578,None,-1224164,None,None,None,None,None,None,41490,4134232,None,None,None,10495,None,None,214906,None,None,20042,5274,None,None,None,0.0,0.05,-326522,-306480,0.07,2011-03-31,81.97,None,160519000.0,443352,-326522,204090,90651,90651,None,0,None,None,None,None,None,None,None,905212,None,None,None,0.0318,-211425,769874,-326522,66735,150365,None,None,None,None,None,None,None,0.0,12.52,7.05,None,None,None,None,None,None,None,-0.0098,None,None,2025-10-29,quarterly,0.12,USD,pre-market,None,-10225061,0.0121,-0.0191,0.235,4.67,769874,None,None,None,17.18,25.47,71.4286,1824825,1592219,160860,160860,232606,10495,443352,1663965,None,34.24,9.22
2025-12-28,AXGN,-0.05,214709000.0,None,1.06,2.62,7798,None,1310578,1310578,4259350,-1967371,None,None,672000,None,None,None,41490,4134232,None,None,None,10495,None,None,214906,None,None,20042,3110,4298350,4298350,None,0.0,0.05,-326522,-306480,0.07,2010-12-31,81.97,None,160519000.0,443352,-326522,204090,90651,90651,None,0,None,None,None,None,None,None,None,-375072,None,None,None,0.0318,-239499,769874,-326522,66735,150365,None,None,None,None,None,None,None,0.0,12.52,7.05,None,None,None,None,None,None,None,-0.0098,None,None,2025-10-29,quarterly,0.12,USD,pre-market,None,-10225061,0.0121,-0.0191,0.235,4.67,769874,None,None,None,17.18,25.47,71.4286,1824825,1592219,160860,160860,232606,10495,443352,1663965,None,34.24,9.22
2025-12-28,AXGN,-0.05,214709000.0,None,1.06,2.62,23910,None,1310578,1310578,None,-23910,None,None,None,None,None,None,41490,4134232,None,None,None,10495,None,None,214906,None,None,20042,5760,None,None,None,0.0,0.05,-326522,-306480,0.07,2010-09-30,81.97,None,160519000.0,443352,-326522,204090,90651,90651,None,0,None,None,None,None,None,None,None,-464911,None,None,None,0.0318,-326476,769874,-326522,66735,150365,None,None,None,None,None,None,None,0.0,12.52,7.05,None,None,None,None,None,None,None,-0.0098,None,None,2025-10-29,quarterly,0.12,USD,pre-market,None,-10225061,0.0121,-0.0191,0.235,4.67,769874,None,None,None,17.18,25.47,71.4286,1824825,1592219,160860,160860,232606,10495,443352,1663965,None,34.24,9.22
2025-12-28,AXGN,-0.05,214709000.0,None,1.06,2.62,0,None,1310578,1310578,None,None,None,None,None,None,None,None,41490,4134232,None,None,None,10495,None,None,214906,None,None,20042,5681,None,None,None,0.0,0.05,-326522,-306480,0.07,2010-06-30,81.97,None,160519000.0,443352,-326522,204090,90651,90651,None,0,None,None,None,None,None,None,None,-230388,None,None,None,0.0318,-545469,769874,-326522,66735,150365,None,None,None,None,None,None,None,0.0,12.52,7.05,None,None,None,None,None,None,None,-0.0098,None,None,2025-10-29,quarterly,0.12,USD,pre-market,None,-10225061,0.0121,-0.0191,0.235,4.67,769874,None,None,None,17.18,25.47,71.4286,1824825,1592219,160860,160860,232606,10495,443352,1663965,None,34.24,9.22
2025-12-28,AXGN,-0.05,214709000.0,None,1.06,2.62,8988,None,1310578,1310578,-4259350,-8988,None,None,None,None,None,None,41490,4134232,None,None,None,10495,None,None,214906,None,None,20042,5216,4298350,4298350,None,0.0,0.05,-326522,-306480,0.07,2010-03-31,81.97,None,160519000.0,443352,-326522,204090,90651,90651,None,0,None,None,None,None,None,None,None,-245928,None,None,None,0.0318,-1318217,769874,-326522,66735,150365,None,None,None,None,None,None,None,0.0,12.52,7.05,None,None,None,None,None,None,None,-0.0098,None,None,2025-10-29,quarterly,0.12,USD,pre-market,None,-10225061,0.0121,-0.0191,0.235,4.67,769874,None,None,None,17.18,25.47,71.4286,1824825,1592219,160860,160860,232606,10495,443352,1663965,None,34.24,9.22
2025-12-28,AXGN,-0.05,214709000.0,None,1.06,2.62,1957,None,1310578,1310578,None,-1957,None,None,None,None,None,None,41490,4134232,None,None,None,10495,None,None,214906,None,None,20042,5161,None,None,None,0.0,0.05,-326522,-306480,0.07,2009-12-31,81.97,None,160519000.0,443352,-326522,204090,90651,90651,None,0,None,None,None,None,None,None,None,15172776,None,None,None,0.0318,15540582,769874,-326522,66735,150365,None,None,None,None,None,None,None,0.0,12.52,7.05,None,None,None,None,None,None,None,-0.0098,None,None,2025-10-29,quarterly,0.12,USD,pre-market,None,-10225061,0.0121,-0.0191,0.235,4.67,769874,None,None,None,17.18,25.47,71.4286,1824825,1592219,160860,160860,232606,10495,443352,1663965,None,34.24,9.22
2025-12-28,AXGN,-0.05,214709000.0,None,1.06,2.62,0,None,1310578,1310578,None,None,None,None,None,None,None,None,41490,4134232,None,None,None,10495,None,None,214906,None,None,20042,5054,None,None,None,0.0,0.05,-326522,-306480,0.07,2009-09-30,81.97,None,160519000.0,443352,-326522,204090,90651,90651,None,0,None,None,None,None,None,None,None,-130974,None,None,None,0.0318,16246,769874,-326522,66735,150365,None,None,None,None,None,None,None,0.0,12.52,7.05,None,None,None,None,None,None,None,-0.0098,None,None,2025-10-29,quarterly,0.12,USD,pre-market,None,-10225061,0.0121,-0.0191,0.235,4.67,769874,None,None,None,17.18,25.47,71.4286,1824825,1592219,160860,160860,232606,10495,443352,1663965,None,34.24,9.22
2025-12-28,AXGN,-0.05,214709000.0,None,1.06,2.62,0,None,1310578,1310578,None,-6725,None,None,None,None,None,None,41490,4134232,None,None,None,10495,None,None,214906,None,None,20042,6452,None,None,None,0.0,0.05,-326522,-306480,0.07,2009-06-30,81.97,None,160519000.0,443352,-326522,204090,90651,90651,None,0,None,None,None,None,None,None,None,138991,None,None,None,0.0318,-24298,769874,-326522,66735,150365,None,None,None,None,None,None,None,0.0,12.52,7.05,None,None,None,None,None,None,None,-0.0098,None,None,2025-10-29,quarterly,0.12,USD,pre-market,None,-10225061,0.0121,-0.0191,0.235,4.67,769874,None,None,None,17.18,25.47,71.4286,1824825,1592219,160860,160860,232606,10495,443352,1663965,None,34.24,9.22
2025-12-28,AXGN,-0.05,214709000.0,None,1.06,2.62,0,None,1310578,1310578,None,None,None,None,None,None,None,None,41490,4134232,None,None,None,10495,None,None,214906,None,None,20042,6342,None,None,None,0.0,0.05,-326522,-306480,0.07,2009-03-31,81.97,None,160519000.0,443352,-326522,204090,90651,90651,None,0,None,None,None,None,None,None,None,-134461,None,None,None,0.0318,-90589,769874,-326522,66735,150365,None,None,None,None,None,None,None,0.0,12.52,7.05,None,None,None,None,None,None,None,-0.0098,None,None,2025-10-29,quarterly,0.12,USD,pre-market,None,-10225061,0.0121,-0.0191,0.235,4.67,769874,None,None,None,17.18,25.47,71.4286,1824825,1592219,160860,160860,232606,10495,443352,1663965,None,34.24,9.22
2025-12-28,AXGN,-0.05,214709000.0,None,1.06,2.62,23280,None,1310578,1310578,None,23280,None,None,None,None,None,None,41490,4134232,None,None,None,10495,None,None,214906,None,None,20042,6533,None,None,None,0.0,0.05,-326522,-306480,0.07,2008-12-31,81.97,None,160519000.0,443352,-326522,204090,90651,90651,None,0,None,None,None,None,None,None,None,-120792,None,None,None,0.0318,-77259,769874,-326522,66735,150365,None,None,None,None,None,None,None,0.0,12.52,7.05,None,None,None,None,None,None,None,-0.0098,None,None,2025-10-29,quarterly,0.12,USD,pre-market,None,-10225061,0.0121,-0.0191,0.235,4.67,769874,None,None,None,17.18,25.47,71.4286,1824825,1592219,160860,160860,232606,10495,443352,1663965,None,34.24,9.22
2025-12-28,AXGN,-0.05,214709000.0,None,1.06,2.62,6633,None,1310578,1310578,None,-6633,None,None,None,None,None,None,41490,4134232,None,None,None,10495,None,None,214906,None,None,20042,5833,None,None,None,0.0,0.05,-326522,-306480,0.07,2008-09-30,81.97,None,160519000.0,443352,-326522,204090,90651,90651,None,0,None,None,None,None,None,None,None,-582839,None,None,None,0.0318,-171869,769874,-326522,66735,150365,None,None,None,None,None,None,None,0.0,12.52,7.05,None,None,None,None,None,None,None,-0.0098,None,None,2025-10-29,quarterly,0.12,USD,pre-market,None,-10225061,0.0121,-0.0191,0.235,4.67,769874,None,None,None,17.18,25.47,71.4286,1824825,1592219,160860,160860,232606,10495,443352,1663965,None,34.24,9.22
2025-12-28,AXGN,-0.05,214709000.0,None,1.06,2.62,14258,None,1310578,1310578,None,-14258,None,None,None,None,None,None,41490,4134232,None,None,None,10495,None,None,214906,None,None,20042,5807,None,None,None,0.0,0.05,-326522,-306480,0.07,2008-06-30,81.97,None,160519000.0,443352,-326522,204090,90651,90651,None,0,None,None,None,None,None,None,None,-177376,None,None,None,0.0318,-206010,769874,-326522,66735,150365,None,None,None,None,None,None,None,0.0,12.52,7.05,None,None,None,None,None,None,None,-0.0098,None,None,2025-10-29,quarterly,0.12,USD,pre-market,None,-10225061,0.0121,-0.0191,0.235,4.67,769874,None,None,None,17.18,25.47,71.4286,1824825,1592219,160860,160860,232606,10495,443352,1663965,None,34.24,9.22
2025-12-28,AXGN,-0.05,214709000.0,None,1.06,2.62,9022,None,1310578,1310578,-18087,-9022,None,None,None,None,None,None,41490,4134232,None,None,None,10495,None,None,214906,None,None,20042,4951,None,None,None,0.0,0.05,-326522,-306480,0.07,2008-03-31,81.97,None,160519000.0,443352,-326522,204090,90651,90651,None,0,None,None,None,None,None,None,None,-159702,None,None,None,0.0318,-15026,769874,-326522,66735,150365,None,None,None,None,None,None,None,0.0,12.52,7.05,None,None,None,None,None,None,None,-0.0098,None,None,2025-10-29,quarterly,0.12,USD,pre-market,None,-10225061,0.0121,-0.0191,0.235,4.67,769874,None,None,None,17.18,25.47,71.4286,1824825,1592219,160860,160860,232606,10495,443352,1663965,None,34.24,9.22
2025-12-28,AXGN,-0.05,214709000.0,None,1.06,2.62,0,None,1310578,1310578,None,None,None,None,None,None,None,None,41490,4134232,None,None,None,10495,None,None,214906,None,None,20042,5063,None,None,None,0.0,0.05,-326522,-306480,0.07,2007-12-31,81.97,None,160519000.0,443352,-326522,204090,90651,90651,None,0,None,None,None,None,None,None,None,-19568,None,None,None,0.0318,-110473,769874,-326522,66735,150365,None,None,None,None,None,None,None,0.0,12.52,7.05,None,None,None,None,None,None,None,-0.0098,None,None,2025-10-29,quarterly,0.12,USD,pre-market,None,-10225061,0.0121,-0.0191,0.235,4.67,769874,None,None,None,17.18,25.47,71.4286,1824825,1592219,160860,160860,232606,10495,443352,1663965,None,34.24,9.22
2025-12-28,AXGN,-0.05,214709000.0,None,1.06,2.62,0,None,1310578,1310578,9037,None,None,None,None,None,None,None,41490,4134232,None,None,None,10495,None,None,214906,None,None,20042,5622,None,None,None,0.0,0.05,-326522,-306480,0.07,2007-09-30,81.97,None,160519000.0,443352,-326522,204090,90651,90651,None,0,None,None,None,None,None,None,None,-456995,None,None,None,0.0318,-119438,769874,-326522,66735,150365,None,None,None,None,None,None,None,0.0,12.52,7.05,None,None,None,None,None,None,None,-0.0098,None,None,2025-10-29,quarterly,0.12,USD,pre-market,None,-10225061,0.0121,-0.0191,0.235,4.67,769874,None,None,None,17.18,25.47,71.4286,1824825,1592219,160860,160860,232606,10495,443352,1663965,None,34.24,9.22
2025-12-28,AXGN,-0.05,214709000.0,None,1.06,2.62,0,None,1310578,1310578,7500,None,None,None,None,None,None,None,41490,4134232,None,None,None,10495,None,None,214906,None,None,20042,5735,None,None,None,0.0,0.05,-326522,-306480,0.07,2007-06-30,81.97,None,160519000.0,443352,-326522,204090,90651,90651,None,0,None,None,None,None,None,None,None,-158091,None,None,None,0.0318,-182092,769874,-326522,66735,150365,None,None,None,None,None,None,None,0.0,12.52,7.05,None,None,None,None,None,None,None,-0.0098,None,None,2025-10-29,quarterly,0.12,USD,pre-market,None,-10225061,0.0121,-0.0191,0.235,4.67,769874,None,None,None,17.18,25.47,71.4286,1824825,1592219,160860,160860,232606,10495,443352,1663965,None,34.24,9.22
2025-12-28,AXGN,-0.05,214709000.0,None,1.06,2.62,0,None,1310578,1310578,1550,None,None,None,None,None,None,None,41490,4134232,None,None,None,10495,None,None,214906,None,None,20042,5853,None,None,None,0.0,0.05,-326522,-306480,0.07,2007-03-31,81.97,None,160519000.0,443352,-326522,204090,90651,90651,None,0,None,None,None,None,None,None,None,-114326,None,None,None,0.0318,-54944,769874,-326522,66735,150365,None,None,None,None,None,None,None,0.0,12.52,7.05,None,None,None,None,None,None,None,-0.0098,None,None,2025-10-29,quarterly,0.12,USD,pre-market,None,-10225061,0.0121,-0.0191,0.235,4.67,769874,None,None,None,17.18,25.47,71.4286,1824825,1592219,160860,160860,232606,10495,443352,1663965,None,34.24,9.22
2025-12-28,AXGN,-0.05,214709000.0,None,1.06,2.62,0,None,1310578,1310578,None,None,None,None,None,None,None,None,41490,4134232,None,None,None,10495,None,None,214906,None,None,20042,6115,None,None,None,0.0,0.05,-326522,-306480,0.07,2006-12-31,81.97,None,160519000.0,443352,-326522,204090,90651,90651,None,0,None,None,None,None,None,None,None,-147622,None,None,None,0.0318,-80055,769874,-326522,66735,150365,None,None,None,None,None,None,None,0.0,12.52,7.05,None,None,None,None,None,None,None,-0.0098,None,None,2025-10-29,quarterly,0.12,USD,pre-market,None,-10225061,0.0121,-0.0191,0.235,4.67,769874,None,None,None,17.18,25.47,71.4286,1824825,1592219,160860,160860,232606,10495,443352,1663965,None,34.24,9.22
2025-12-28,AXGN,-0.05,214709000.0,None,1.06,2.62,0,None,1310578,1310578,None,None,None,None,None,None,None,None,41490,4134232,None,None,None,10495,None,None,214906,None,None,20042,6224,None,None,None,0.0,0.05,-326522,-306480,0.07,2006-09-30,81.97,None,160519000.0,443352,-326522,204090,90651,90651,None,0,None,None,None,None,None,None,None,-61925,None,None,None,0.0318,-83790,769874,-326522,66735,150365,None,None,None,None,None,None,None,0.0,12.52,7.05,None,None,None,None,None,None,None,-0.0098,None,None,2025-10-29,quarterly,0.12,USD,pre-market,None,-10225061,0.0121,-0.0191,0.235,4.67,769874,None,None,None,17.18,25.47,71.4286,1824825,1592219,160860,160860,232606,10495,443352,1663965,None,34.24,9.22
2025-12-28,AXGN,-0.05,214709000.0,None,1.06,2.62,0,None,1310578,1310578,None,None,None,None,None,None,None,None,41490,4134232,None,None,None,10495,None,None,214906,None,None,20042,6382,None,None,None,0.0,0.05,-326522,-306480,0.07,2006-06-30,81.97,None,160519000.0,443352,-326522,204090,90651,90651,None,0,None,None,None,None,None,None,None,-106062,None,None,None,0.0318,15184,769874,-326522,66735,150365,None,None,None,None,None,None,None,0.0,12.52,7.05,None,None,None,None,None,None,None,-0.0098,None,None,2025-10-29,quarterly,0.12,USD,pre-market,None,-10225061,0.0121,-0.0191,0.235,4.67,769874,None,None,None,17.18,25.47,71.4286,1824825,1592219,160860,160860,232606,10495,443352,1663965,None,34.24,9.22
2025-12-28,AXGN,-0.05,214709000.0,None,1.06,2.62,0,None,1310578,1310578,None,None,None,None,None,None,None,None,41490,4134232,None,None,None,10495,None,None,214906,None,None,20042,6739,None,None,None,0.0,0.05,-326522,-306480,0.07,2006-03-31,81.97,None,160519000.0,443352,-326522,204090,90651,90651,None,0,None,None,None,None,None,None,None,-51573,None,None,None,0.0318,119868,769874,-326522,66735,150365,None,None,None,None,None,None,None,0.0,12.52,7.05,None,None,None,None,None,None,None,-0.0098,None,None,2025-10-29,quarterly,0.12,USD,pre-market,None,-10225061,0.0121,-0.0191,0.235,4.67,769874,None,None,None,17.18,25.47,71.4286,1824825,1592219,160860,160860,232606,10495,443352,1663965,None,34.24,9.22
2025-12-28,AXGN,-0.05,214709000.0,None,1.06,2.62,0,None,1310578,1310578,-83780,None,None,None,None,None,None,None,41490,4134232,None,None,None,10495,None,None,214906,None,None,20042,6936,None,None,None,0.0,0.05,-326522,-306480,0.07,2005-12-31,81.97,None,160519000.0,443352,-326522,204090,90651,90651,None,0,None,None,None,None,None,None,None,-66515,None,None,None,0.0318,-44210,769874,-326522,66735,150365,None,None,None,None,None,None,None,0.0,12.52,7.05,None,None,None,None,None,None,None,-0.0098,None,None,2025-10-29,quarterly,0.12,USD,pre-market,None,-10225061,0.0121,-0.0191,0.235,4.67,769874,None,None,None,17.18,25.47,71.4286,1824825,1592219,160860,160860,232606,10495,443352,1663965,None,34.24,9.22
2025-12-28,AXGN,-0.05,214709000.0,None,1.06,2.62,0,None,1310578,1310578,-1776,-60000,None,None,None,None,None,None,41490,4134232,None,None,None,10495,None,None,214906,None,None,20042,4180,None,None,None,0.0,0.05,-326522,-306480,0.07,2005-09-30,81.97,None,160519000.0,443352,-326522,204090,90651,90651,None,0,None,None,None,None,None,None,None,-19133,None,None,None,0.0318,-62787,769874,-326522,66735,150365,None,None,None,None,None,None,None,0.0,12.52,7.05,None,None,None,None,None,None,None,-0.0098,None,None,2025-10-29,quarterly,0.12,USD,pre-market,None,-10225061,0.0121,-0.0191,0.235,4.67,769874,None,None,None,17.18,25.47,71.4286,1824825,1592219,160860,160860,232606,10495,443352,1663965,None,34.24,9.22
2025-12-28,AXGN,-0.05,214709000.0,None,1.06,2.62,4524000,None,1310578,1310578,2290000,-10297000,None,None,-10163000,None,None,None,41490,4134232,None,None,None,10495,None,None,214906,None,None,20042,7837000,None,None,None,0.0,0.05,-326522,-306480,0.07,2024-12-31,81.97,None,160519000.0,443352,-326522,204090,90651,90651,None,0,None,None,None,None,None,None,None,-9964000,None,None,None,0.0318,4535000,769874,-326522,66735,150365,None,None,None,None,None,None,None,0.0,12.52,7.05,None,None,None,None,None,None,None,-0.0098,None,None,2025-10-29,annual,0.12,USD,pre-market,None,-10225061,0.0121,-0.0191,0.235,4.67,769874,None,None,None,17.18,25.47,71.4286,1824825,1592219,160860,160860,232606,10495,443352,1663965,None,34.24,9.22
2025-12-28,AXGN,-0.05,214709000.0,None,1.06,2.62,14918000,None,1310578,1310578,1954000,19253000,None,None,-6054000,None,None,None,41490,4134232,None,None,None,10495,None,None,214906,None,None,20042,5553000,None,None,None,0.0,0.05,-326522,-306480,0.07,2023-12-31,81.97,None,160519000.0,443352,-326522,204090,90651,90651,None,0,None,None,None,None,None,None,None,-21716000,None,None,None,0.0318,-5716000,769874,-326522,66735,150365,None,None,None,None,None,None,None,0.0,12.52,7.05,None,None,None,None,None,None,None,-0.0098,None,None,2025-10-29,annual,0.12,USD,pre-market,None,-10225061,0.0121,-0.0191,0.235,4.67,769874,None,None,None,17.18,25.47,71.4286,1824825,1592219,160860,160860,232606,10495,443352,1663965,None,34.24,9.22
2025-12-28,AXGN,-0.05,214709000.0,None,1.06,2.62,21253000,None,1310578,1310578,1794000,-3200000,-17472000,None,-3656000,None,None,-4639000,41490,4134232,None,None,None,10495,None,None,214906,None,None,20042,4853000,None,None,None,0.0,0.05,-326522,-306480,0.07,2022-12-31,81.97,None,160519000.0,443352,-326522,204090,90651,90651,None,0,None,None,None,None,None,None,None,-28948000,None,None,None,0.0318,-16066000,769874,-326522,66735,150365,None,None,None,None,None,None,None,0.0,12.52,7.05,None,None,None,None,None,1806000,None,-0.0098,None,None,2025-10-29,annual,0.12,USD,pre-market,None,-10225061,0.0121,-0.0191,0.235,4.67,769874,None,None,None,17.18,25.47,71.4286,1824825,1592219,160860,160860,232606,10495,443352,1663965,None,34.24,9.22
2025-12-28,AXGN,-0.05,214709000.0,None,1.06,2.62,28400000,None,1310578,1310578,20452000,-23649000,-16602000,None,-7478000,None,None,-499000,41490,4134232,None,None,None,10495,None,None,214906,None,None,20042,4741000,None,None,None,0.0,0.05,-326522,-306480,0.07,2021-12-31,81.97,None,160519000.0,443352,-326522,204090,90651,90651,None,0,None,None,None,None,None,None,None,-26985000,None,None,None,0.0318,-13405000,769874,-326522,66735,150365,None,None,None,None,None,None,None,0.0,12.52,7.05,None,None,None,None,None,5467000,None,-0.0098,None,None,2025-10-29,annual,0.12,USD,pre-market,None,-10225061,0.0121,-0.0191,0.235,4.67,769874,None,None,None,17.18,25.47,71.4286,1824825,1592219,160860,160860,232606,10495,443352,1663965,None,34.24,9.22
2025-12-28,AXGN,-0.05,214709000.0,None,1.06,2.62,22597000,None,1310578,1310578,40474000,-16963000,13885000,None,-910000,None,None,-635000,41490,4134232,None,None,None,10495,None,None,214906,None,None,20042,3460000,670000,670000,None,0.0,0.05,-326522,-306480,0.07,2020-12-31,81.97,None,160519000.0,443352,-326522,204090,90651,90651,None,0,None,None,None,None,None,None,None,-23786000,None,None,None,0.0318,-9626000,769874,-326522,66735,150365,None,None,None,None,None,None,None,0.0,12.52,7.05,None,None,None,None,None,-670000,None,-0.0098,None,None,2025-10-29,annual,0.12,USD,pre-market,None,-10225061,0.0121,-0.0191,0.235,4.67,769874,None,None,None,17.18,25.47,71.4286,1824825,1592219,160860,160860,232606,10495,443352,1663965,None,34.24,9.22
2025-12-28,AXGN,-0.05,214709000.0,None,1.06,2.62,5226000,None,1310578,1310578,4031000,27271000,None,None,-3767000,None,None,None,41490,4134232,None,None,None,10495,None,None,214906,None,None,20042,2877000,None,None,None,0.0,0.05,-326522,-306480,0.07,2019-12-31,81.97,None,160519000.0,443352,-326522,204090,90651,90651,None,0,None,None,None,None,None,None,None,-29135000,None,None,None,0.0318,-19872000,769874,-326522,66735,150365,None,None,None,None,None,None,None,0.0,12.52,7.05,None,None,None,None,None,4002000,None,-0.0098,None,None,2025-10-29,annual,0.12,USD,pre-market,None,-10225061,0.0121,-0.0191,0.235,4.67,769874,None,None,None,17.18,25.47,71.4286,1824825,1592219,160860,160860,232606,10495,443352,1663965,None,34.24,9.22
2025-12-28,AXGN,-0.05,214709000.0,None,1.06,2.62,6603000,None,1310578,1310578,109842000,-98193000,-6213000,None,-6009000,None,None,-5108000,41490,4134232,None,None,None,10495,None,None,214906,None,None,20042,851000,None,None,None,0.0,0.05,-326522,-306480,0.07,2018-12-31,81.97,None,160519000.0,443352,-326522,204090,90651,90651,None,0,None,None,None,None,None,None,None,-22397000,None,None,None,0.0318,-17862000,769874,-326522,66735,150365,None,None,None,None,None,None,None,0.0,12.52,7.05,None,None,None,None,None,136591000,None,-0.0098,None,None,2025-10-29,annual,0.12,USD,pre-market,None,-10225061,0.0121,-0.0191,0.235,4.67,769874,None,None,None,17.18,25.47,71.4286,1824825,1592219,160860,160860,232606,10495,443352,1663965,None,34.24,9.22
2025-12-28,AXGN,-0.05,214709000.0,None,1.06,2.62,1292218,None,1310578,1310578,17022036,-1292218,6492219,None,-1857102,None,None,-3235840,41490,4134232,None,None,None,10495,None,None,214906,None,None,20042,566604,0,0,None,0.0,0.05,-326522,-306480,0.07,2017-12-31,81.97,None,160519000.0,443352,-326522,204090,90651,90651,None,0,None,None,None,None,None,None,None,-10445462,None,None,None,0.0318,-9237599,769874,-326522,66735,150365,None,None,None,None,None,None,None,0.0,12.52,7.05,None,None,None,None,None,17097430,None,-0.0098,None,None,2025-10-29,annual,0.12,USD,pre-market,None,-10225061,0.0121,-0.0191,0.235,4.67,769874,None,None,None,17.18,25.47,71.4286,1824825,1592219,160860,160860,232606,10495,443352,1663965,None,34.24,9.22
2025-12-28,AXGN,-0.05,214709000.0,None,1.06,2.62,1189555,None,1310578,1310578,16498902,-1189555,4104905,None,-1524880,None,None,-3348807,41490,4134232,None,None,None,10495,None,None,214906,None,None,20042,436488,0,0,None,0.0,0.05,-326522,-306480,0.07,2016-12-31,81.97,None,160519000.0,443352,-326522,204090,90651,90651,None,0,None,None,None,None,None,None,None,-14411144,None,None,None,0.0318,-11204442,769874,-326522,66735,150365,None,None,None,None,None,None,None,0.0,12.52,7.05,None,None,None,None,None,19746425,None,-0.0098,None,None,2025-10-29,annual,0.12,USD,pre-market,None,-10225061,0.0121,-0.0191,0.235,4.67,769874,None,None,None,17.18,25.47,71.4286,1824825,1592219,160860,160860,232606,10495,443352,1663965,None,34.24,9.22
2025-12-28,AXGN,-0.05,214709000.0,None,1.06,2.62,555518,None,1310578,1310578,31301046,-555518,17693709,None,-720340,None,None,-2036052,41490,4134232,None,None,None,10495,None,None,214906,None,None,20042,248968,0,0,None,0.0,0.05,-326522,-306480,0.07,2015-12-31,81.97,None,160519000.0,443352,-326522,204090,90651,90651,None,0,None,None,None,None,None,None,None,-13356425,None,None,None,0.0318,-13051819,769874,-326522,66735,150365,None,None,None,None,None,None,None,0.0,12.52,7.05,None,None,None,None,None,31481185,None,-0.0098,None,None,2025-10-29,annual,0.12,USD,pre-market,None,-10225061,0.0121,-0.0191,0.235,4.67,769874,None,None,None,17.18,25.47,71.4286,1824825,1592219,160860,160860,232606,10495,443352,1663965,None,34.24,9.22
2025-12-28,AXGN,-0.05,214709000.0,None,1.06,2.62,594047,None,1310578,1310578,-808853,-594047,-11853959,None,184818,None,None,-1014087,41490,4134232,None,None,None,10495,None,None,214906,None,None,20042,198894,0,0,None,0.0,0.05,-326522,-306480,0.07,2014-12-31,81.97,None,160519000.0,443352,-326522,204090,90651,90651,None,0,None,None,None,None,None,None,None,-17710476,None,None,None,0.0318,-10451059,769874,-326522,66735,150365,None,None,None,None,None,None,None,0.0,12.52,7.05,None,None,None,None,None,1761588,None,-0.0098,None,None,2025-10-29,annual,0.12,USD,pre-market,None,-10225061,0.0121,-0.0191,0.235,4.67,769874,None,None,None,17.18,25.47,71.4286,1824825,1592219,160860,160860,232606,10495,443352,1663965,None,34.24,9.22
2025-12-28,AXGN,-0.05,214709000.0,None,1.06,2.62,243965,None,1310578,1310578,16851072,-243965,6162349,None,-247329,None,None,-902227,41490,4134232,None,None,None,10495,None,None,214906,None,None,20042,138332,0,0,None,0.0,0.05,-326522,-306480,0.07,2013-12-31,81.97,None,160519000.0,443352,-326522,204090,90651,90651,None,0,None,None,None,None,None,None,None,-14556885,None,None,None,0.0318,-10444758,769874,-326522,66735,150365,None,None,None,None,None,None,None,0.0,12.52,7.05,None,None,None,None,None,16851072,None,-0.0098,None,None,2025-10-29,annual,0.12,USD,pre-market,None,-10225061,0.0121,-0.0191,0.235,4.67,769874,None,None,None,17.18,25.47,71.4286,1824825,1592219,160860,160860,232606,10495,443352,1663965,None,34.24,9.22
2025-12-28,AXGN,-0.05,214709000.0,None,1.06,2.62,127284,None,1310578,1310578,14505762,-127284,5716620,None,-1390570,None,None,-252435,41490,4134232,None,None,None,10495,None,None,214906,None,None,20042,314829,0,0,None,0.0,0.05,-326522,-306480,0.07,2012-12-31,81.97,None,160519000.0,443352,-326522,204090,90651,90651,None,0,None,None,None,None,None,None,None,-9417958,None,None,None,0.0318,-8661858,769874,-326522,66735,150365,None,None,None,None,None,None,None,0.0,12.52,7.05,None,None,None,None,None,15652,None,-0.0098,None,None,2025-10-29,annual,0.12,USD,pre-market,None,-10225061,0.0121,-0.0191,0.235,4.67,769874,None,None,None,17.18,25.47,71.4286,1824825,1592219,160860,160860,232606,10495,443352,1663965,None,34.24,9.22
2025-12-28,AXGN,-0.05,214709000.0,None,1.06,2.62,89466,None,1310578,1310578,6358851,7112172,6391733,None,142249,None,None,-368954,41490,4134232,None,None,None,10495,None,None,214906,None,None,20042,340675,0,0,None,0.0,0.05,-326522,-306480,0.07,2011-12-31,81.97,None,160519000.0,443352,-326522,204090,90651,90651,None,0,None,None,None,None,None,None,None,-9219220,None,None,None,0.0318,-7079290,769874,-326522,66735,150365,None,None,None,None,None,None,None,0.0,12.52,7.05,None,None,None,None,None,1026480,None,-0.0098,None,None,2025-10-29,annual,0.12,USD,pre-market,None,-10225061,0.0121,-0.0191,0.235,4.67,769874,None,None,None,17.18,25.47,71.4286,1824825,1592219,160860,160860,232606,10495,443352,1663965,None,34.24,9.22
2025-12-28,AXGN,-0.05,214709000.0,None,1.06,2.62,40696,None,1310578,1310578,-4259350,-2000269,None,None,672000,None,None,None,41490,4134232,None,None,None,10495,None,None,214906,None,None,20042,19767,4298350,4298350,None,0.0,0.05,-326522,-306480,0.07,2010-12-31,81.97,None,160519000.0,443352,-326522,204090,90651,90651,None,0,None,None,None,None,None,None,None,-1316299,None,None,None,0.0318,-2429661,769874,-326522,66735,150365,None,None,None,None,None,None,None,0.0,12.52,7.05,None,None,None,None,None,None,None,-0.0098,None,None,2025-10-29,annual,0.12,USD,pre-market,None,-10225061,0.0121,-0.0191,0.235,4.67,769874,None,None,None,17.18,25.47,71.4286,1824825,1592219,160860,160860,232606,10495,443352,1663965,None,34.24,9.22
2025-12-28,AXGN,-0.05,214709000.0,None,1.06,2.62,8682,None,1310578,1310578,None,-8682,None,None,None,None,None,None,41490,4134232,None,None,None,10495,None,None,214906,None,None,20042,23009,None,None,None,0.0,0.05,-326522,-306480,0.07,2009-12-31,81.97,None,160519000.0,443352,-326522,204090,90651,90651,None,0,None,None,None,None,None,None,None,15046332,None,None,None,0.0318,15441941,769874,-326522,66735,150365,None,None,None,None,None,None,None,0.0,12.52,7.05,None,None,None,None,None,None,None,-0.0098,None,None,2025-10-29,annual,0.12,USD,pre-market,None,-10225061,0.0121,-0.0191,0.235,4.67,769874,None,None,None,17.18,25.47,71.4286,1824825,1592219,160860,160860,232606,10495,443352,1663965,None,34.24,9.22
2025-12-28,AXGN,-0.05,214709000.0,None,1.06,2.62,29913,None,1310578,1310578,None,-29913,None,None,None,None,None,None,41490,4134232,None,None,None,10495,None,None,214906,None,None,20042,23124,None,None,None,0.0,0.05,-326522,-306480,0.07,2008-12-31,81.97,None,160519000.0,443352,-326522,204090,90651,90651,None,0,None,None,None,None,None,None,None,-1040709,None,None,None,0.0318,-470164,769874,-326522,66735,150365,None,None,None,None,None,None,None,0.0,12.52,7.05,None,None,None,None,None,None,None,-0.0098,None,None,2025-10-29,annual,0.12,USD,pre-market,None,-10225061,0.0121,-0.0191,0.235,4.67,769874,None,None,None,17.18,25.47,71.4286,1824825,1592219,160860,160860,232606,10495,443352,1663965,None,34.24,9.22
2025-12-28,AXGN,-0.05,214709000.0,None,1.06,2.62,0,None,1310578,1310578,18087,None,None,None,None,None,None,None,41490,4134232,None,None,None,10495,None,None,214906,None,None,20042,22273,None,None,None,0.0,0.05,-326522,-306480,0.07,2007-12-31,81.97,None,160519000.0,443352,-326522,204090,90651,90651,None,0,None,None,None,None,None,None,None,-748980,None,None,None,0.0318,-466947,769874,-326522,66735,150365,None,None,None,None,None,None,None,0.0,12.52,7.05,None,None,None,None,None,None,None,-0.0098,None,None,2025-10-29,annual,0.12,USD,pre-market,None,-10225061,0.0121,-0.0191,0.235,4.67,769874,None,None,None,17.18,25.47,71.4286,1824825,1592219,160860,160860,232606,10495,443352,1663965,None,34.24,9.22
2025-12-28,AXGN,-0.05,214709000.0,None,1.06,2.62,0,None,1310578,1310578,None,None,None,None,None,None,None,None,41490,4134232,None,None,None,10495,None,None,214906,None,None,20042,25460,None,None,None,0.0,0.05,-326522,-306480,0.07,2006-12-31,81.97,None,160519000.0,443352,-326522,204090,90651,90651,None,0,None,None,None,None,None,None,None,-367182,None,None,None,0.0318,-28793,769874,-326522,66735,150365,None,None,None,None,None,None,None,0.0,12.52,7.05,None,None,None,None,None,None,None,-0.0098,None,None,2025-10-29,annual,0.12,USD,pre-market,None,-10225061,0.0121,-0.0191,0.235,4.67,769874,None,None,None,17.18,25.47,71.4286,1824825,1592219,160860,160860,232606,10495,443352,1663965,None,34.24,9.22
2025-12-28,AXGN,-0.05,214709000.0,None,1.06,2.62,0,None,1310578,1310578,-159122,-60000,None,None,None,None,None,None,41490,4134232,None,None,None,10495,None,None,214906,None,None,20042,20042,246824,246824,None,0.0,0.05,-326522,-306480,0.07,2005-12-31,81.97,None,160519000.0,443352,-326522,204090,90651,90651,None,0,None,None,None,None,None,None,None,-530612,None,None,None,0.0318,-709618,769874,-326522,66735,150365,None,None,None,None,None,None,None,0.0,12.52,7.05,None,None,None,None,None,None,None,-0.0098,None,None,2025-10-29,annual,0.12,USD,pre-market,None,-10225061,0.0121,-0.0191,0.235,4.67,769874,None,None,None,17.18,25.47,71.4286,1824825,1592219,160860,160860,232606,10495,443352,1663965,None,34.24,9.22
