date,symbol,eps,revenue_ttm,pe_ratio,accumulateddepreciationamortizationppe,beta,book_value,capitalexpenditures,capitalleaseobligations,cashandcashequivalentsatcarryingvalue,cashandshortterminvestments,cashflowfromfinancing,cashflowfrominvestment,changeincashandcashequivalents,changeinexchangerate,changeininventory,changeinoperatingassets,changeinoperatingliabilities,changeinreceivables,commonstock,commonstocksharesoutstanding,comprehensiveincomenetoftax,costofgoodsandservicessold,costofrevenue,currentaccountspayable,currentdebt,currentlongtermdebt,currentnetreceivables,deferredrevenue,depreciation,depreciationandamortization,depreciationdepletionandamortization,dividend_per_share,dividend_yield,dividendpayout,dividendpayoutcommonstock,dividendpayoutpreferredstock,earnings_growth_yoy,earnings_surprise,ebit,ebitda,estimated_eps,fiscaldateending,forward_pe,goodwill,gross_profit_ttm,grossprofit,incomebeforetax,incometaxexpense,intangibleassets,intangibleassetsexcludinggoodwill,interestanddebtexpense,interestexpense,interestincome,inventory,investmentincomenet,investments,longtermdebt,longtermdebtnoncurrent,longterminvestments,netincome,netincomefromcontinuingoperations,netinterestincome,noninterestincome,operating_margin_ttm,operatingcashflow,operatingexpenses,operatingincome,othercurrentassets,othercurrentliabilities,othernoncurrentassets,othernoncurrentliabilities,othernonoperatingincome,paymentsforoperatingactivities,paymentsforrepurchaseofcommonstock,paymentsforrepurchaseofequity,paymentsforrepurchaseofpreferredstock,peg_ratio,price_to_book,price_to_sales_ttm,proceedsfromissuanceofcommonstock,proceedsfromissuanceoflongtermdebtandcapitalsecuritiesnet,proceedsfromissuanceofpreferredstock,proceedsfromoperatingactivities,proceedsfromrepaymentsofshorttermdebt,proceedsfromrepurchaseofequity,proceedsfromsaleoftreasurystock,profit_margin,profitloss,propertyplantequipment,report_date,report_type,reported_eps,reportedcurrency,reporttime,researchanddevelopment,retainedearnings,return_on_assets_ttm,return_on_equity_ttm,revenue_growth_yoy,revenue_per_share_ttm,sellinggeneralandadministrative,shortlongtermdebttotal,shorttermdebt,shortterminvestments,sma_200,sma_50,surprise_pct,totalassets,totalcurrentassets,totalcurrentliabilities,totalliabilities,totalnoncurrentassets,totalnoncurrentliabilities,totalrevenue,totalshareholderequity,trailing_pe,treasurystock,week_52_high,week_52_low
2003-06-30,AXS,,,,,,,,,,,,,,,,,,,,,,,,,,,,,,,,,,,,,,0.0,,,,,,,,,,,,,,,,,,,,,,,,,,,,,,,,,,,,,,,,,,,,,,,,,,,,2003-08-06,,0.8082,,pre-market,,,,,,,,,,,,,,,,,,,,,,,,,
2003-09-30,AXS,,,,,,,,,,,,,,,,,,,,,,,,,,,,,,,,,,,,,,0.37,,,0.56,,,,,,,,,,,,,,,,,,,,,,,,,,,,,,,,,,,,,,,,,,,,,,,,,2003-11-05,,0.93,,pre-market,,,,,,,,,,,,,66.0714,,,,,,,,,,,,
2003-12-31,AXS,,,,,,,,,,,,,,,,,,,,,,,,,,,,,,,,,,,,,,0.26,,,0.7,,,,,,,,,,,,,,,,,,,,,,,,,,,,,,,,,,,,,,,,,,,,,,,,,2004-02-11,,0.96,,pre-market,,,,,,,,,,,,,37.1429,,,,,,,,,,,,
2004-03-31,AXS,,,,,,,,,,,,,,,,,,,,,,,,,,,,,,,,,,,,,,0.12,,,0.82,,,,,,,,,,,,,,,,,,,,,,,,,,,,,,,,,,,,,,,,,,,,,,,,,2004-05-03,,0.94,,pre-market,,,,,,,,,,,,,14.6341,,,,,,,,,,,,
2004-06-30,AXS,,,,,,,,,,,,,,,,,,,,,,,,,,,,,,,,,,,,,,0.01,,,0.86,,,,,,,,,,,,,,,,,,,,,,,,,,,,,,,,,,,,,,,,,,,,,,,,,2004-08-04,,0.87,,pre-market,,,,,,,,,,,,,1.1628,,,,,,,,,,,,
2004-09-30,AXS,,,,,,,,,,,,,,,,,,,,,,,,,,,,,,,,,,,,,,0.2,,,-0.18,,,,,,,,,,,,,,,,,,,,,,,,,,,,,,,,,,,,,,,,,,,,,,,,,2004-11-03,,0.02,,pre-market,,,,,,,,,,,,,111.1111,,,,,,,,,,,,
2004-12-31,AXS,,,,,,,,,,,,,,,,,,,,,,,,,,,,,,,,,,,,,,0.16,,,0.91,,,,,,,,,,,,,,,,,,,,,,,,,,,,,,,,,,,,,,,,,,,,,,,,,2005-02-08,,1.07,,pre-market,,,,,,,,,,,,,17.5824,,,,,,,,,,,,
2005-03-31,AXS,,,,,,,,,,,,,,,,,,,,,,,,,,,,,,,,,,,,,,-0.04,,,0.99,,,,,,,,,,,,,,,,,,,,,,,,,,,,,,,,,,,,,,,,,,,,,,,,,2005-05-02,,0.95,,pre-market,,,,,,,,,,,,,-4.0404,,,,,,,,,,,,
2005-06-30,AXS,,,,,,,,,,,,,,,,,,,,,,,,,,,,,,,,,,,,,,0.06,,,1.06,,,,,,,,,,,,,,,,,,,,,,,,,,,,,,,,,,,,,,,,,,,,,,,,,2005-08-02,,1.12,,pre-market,,,,,,,,,,,,,5.6604,,,,,,,,,,,,
2005-09-30,AXS,,,,,,,,,,,,,,,,,,,,,,,,,,,,,,,,,,,,,,-0.04,,,-3.23,,,,,,,,,,,,,,,,,,,,,,,,,,,,,,,,,,,,,,,,,,,,,,,,,2005-11-01,,-3.27,,pre-market,,,,,,,,,,,,,-1.2384,,,,,,,,,,,,
2005-12-31,AXS,,,,,,,,,,,,,,,,,,,,,,,,,,,,,,,,,,,,,,1.11,,,0.43,,,,,,,,,,,,,,,,,,,,,,,,,,,,,,,,,,,,,,,,,,,,,,,,,2006-02-07,,1.54,,pre-market,,,,,,,,,,,,,258.1395,,,,,,,,,,,,
2006-03-31,AXS,,,,,,,,,,,,,,,,,,,,,,,,,,,,,,,,,,,,,,0.07,,,1.18,,,,,,,,,,,,,,,,,,,,,,,,,,,,,,,,,,,,,,,,,,,,,,,,,2006-05-04,,1.25,,pre-market,,,,,,,,,,,,,5.9322,,,,,,,,,,,,
2006-06-30,AXS,,,,,,,,,,,,,,,,,,,,,,,,,,,,,,,,,,,,,,0.21,,,1.21,,,,,,,,,,,,,,,,,,,,,,,,,,,,,,,,,,,,,,,,,,,,,,,,,2006-08-07,,1.42,,pre-market,,,,,,,,,,,,,17.3554,,,,,,,,,,,,
2006-09-30,AXS,,,,,,,,,,,,,,,,,,,,,,,,,,,,,,,,,,,,,,0.07,,,1.31,,,,,,,,,,,,,,,,,,,,,,,,,,,,,,,,,,,,,,,,,,,,,,,,,2006-10-30,,1.38,,pre-market,,,,,,,,,,,,,5.3435,,,,,,,,,,,,
2006-12-31,AXS,,,,,,,,,,,,,,,,,,,,,,,,,,,,,,,,,,,,,,0.35,,,1.36,,,,,,,,,,,,,,,,,,,,,,,,,,,,,,,,,,,,,,,,,,,,,,,,,2007-02-05,,1.71,,pre-market,,,,,,,,,,,,,25.7353,,,,,,,,,,,,
2007-03-31,AXS,,,,,,,,,,,,,,,,,,,,,,,,,,,,,,,,,,,,,,0.21,,,1.16,,,,,,,,,,,,,,,,,,,,,,,,,,,,,,,,,,,,,,,,,,,,,,,,,2007-04-30,,1.37,,pre-market,,,,,,,,,,,,,18.1034,,,,,,,,,,,,
2007-06-30,AXS,,,,,,,,,,,,,,,,,,,,,,,,,,,,,,,,,,,,,,0.1,,,1.44,,,,,,,,,,,,,,,,,,,,,,,,,,,,,,,,,,,,,,,,,,,,,,,,,2007-08-06,,1.54,,pre-market,,,,,,,,,,,,,6.9444,,,,,,,,,,,,
2007-09-30,AXS,,,,,,,,,,,,,,,,,,,,,,,,,,,,,,,,,,,,,,0.27,,,1.39,,,,,,,,,,,,,,,,,,,,,,,,,,,,,,,,,,,,,,,,,,,,,,,,,2007-10-29,,1.66,,pre-market,,,,,,,,,,,,,19.4245,,,,,,,,,,,,
2007-12-31,AXS,,,,,,,,,,,,,,,,,,,,,,,,,,,,,,,,,,,,,,0.29,,,1.54,,,,,,,,,,,,,,,,,,,,,,,,,,,,,,,,,,,,,,,,,,,,,,,,,2008-02-04,,1.83,,pre-market,,,,,,,,,,,,,18.8312,,,,,,,,,,,,
2008-03-31,AXS,,,,,,,,,,,,,,,,,,,,,,,,,,,,,,,,,,,,,,-0.11,,,1.39,,,,,,,,,,,,,,,,,,,,,,,,,,,,,,,,,,,,,,,,,,,,,,,,,2008-04-28,,1.28,,pre-market,,,,,,,,,,,,,-7.9137,,,,,,,,,,,,
2008-06-30,AXS,,,,,,,,,,,,,,,,,,,,,,,,,,,,,,,,,,,,,,0.11,,,1.34,,,,,,,,,,,,,,,,,,,,,,,,,,,,,,,,,,,,,,,,,,,,,,,,,2008-08-04,,1.45,,pre-market,,,,,,,,,,,,,8.209,,,,,,,,,,,,
2008-09-30,AXS,,,,,,,,,,,,,,,,,,,,,,,,,,,,,,,,,,,,,,-0.16,,,-0.99,,,,,,,,,,,,,,,,,,,,,,,,,,,,,,,,,,,,,,,,,,,,,,,,,2008-10-27,,-1.15,,pre-market,,,,,,,,,,,,,-16.1616,,,,,,,,,,,,
2008-12-31,AXS,,,,,,,,,,,,,,,,,,,,,,,,,,,,,,,,,,,,,,0.09,,,1.0,,,,,,,,,,,,,,,,,,,,,,,,,,,,,,,,,,,,,,,,,,,,,,,,,2009-02-09,,1.09,,pre-market,,,,,,,,,,,,,9.0,,,,,,,,,,,,
2009-03-31,AXS,,,,,,,,,,,,,,,,,,,,,,,,,,,,,,,,,,,,,,-0.06,,,1.11,,,,,,,,,,,,,,,,,,,,,,,,,,,,,,,,,,,,,,,,,,,,,,,,,2009-04-27,,1.05,,pre-market,,,,,,,,,,,,,-5.4054,,,,,,,,,,,,
2009-06-30,AXS,,,,,,,,,,,,,,,,,,,,,,,,,,,,,,,,,,,,,,0.05,,,1.17,,,,,,,,,,,,,,,,,,,,,,,,,,,,,,,,,,,,,,,,,,,,,,,,,2009-08-03,,1.22,,pre-market,,,,,,,,,,,,,4.2735,,,,,,,,,,,,
2009-09-30,AXS,,,,,,,,,,,,,,,,,,,,,,,,,,,,,,,,,,,,,,0.28,,,0.72,,,,,,,,,,,,,,,,,,,,,,,,,,,,,,,,,,,,,,,,,,,,,,,,,2009-11-02,,1.0,,pre-market,,,,,,,,,,,,,38.8889,,,,,,,,,,,,
2009-12-31,AXS,,,,,,,,,,,,,,,,,,,,,,,,,,,,,,,,,,,,,,0.52,,,1.31,,,,,,,,,,,,,,,,,,,,,,,,,,,,,,,,,,,,,,,,,,,,,,,,,2010-02-08,,1.83,,pre-market,,,,,,,,,,,,,39.6947,,,,,,,,,,,,
2010-03-31,AXS,,,,,,,,,,,,,,,,,,,,,,,,,,,,,,,,,,,,,,0.19,,,0.48,,,,,,,,,,,,,,,,,,,,,,,,,,,,,,,,,,,,,,,,,,,,,,,,,2010-04-26,,0.67,,pre-market,,,,,,,,,,,,,39.5833,,,,,,,,,,,,
2010-06-30,AXS,,,,,,,,,,,,,,,,,,,,,,,,,,,,,,,,,,,,,,0.15,,,1.18,,,,,,,,,,,,,,,,,,,,,,,,,,,,,,,,,,,,,,,,,,,,,,,,,2010-08-03,,1.33,,pre-market,,,,,,,,,,,,,12.7119,,,,,,,,,,,,
2010-09-30,AXS,,,,,,,,,,,,,,,,,,,,,,,,,,,,,,,,,,,,,,0.08,,,1.14,,,,,,,,,,,,,,,,,,,,,,,,,,,,,,,,,,,,,,,,,,,,,,,,,2010-11-01,,1.22,,pre-market,,,,,,,,,,,,,7.0175,,,,,,,,,,,,
2010-12-31,AXS,,,,,,,,,,,,,,,,,,,,,,,,,,,,,,,,,,,,,,0.2,,,1.21,,,,,,,,,,,,,,,,,,,,,,,,,,,,,,,,,,,,,,,,,,,,,,,,,2011-02-08,,1.41,,pre-market,,,,,,,,,,,,,16.5289,,,,,,,,,,,,
2011-03-31,AXS,,,,,,,,,,,,,,,,,,,,,,,,,,,,,,,,,,,,,,-0.17,,,-3.35,,,,,,,,,,,,,,,,,,,,,,,,,,,,,,,,,,,,,,,,,,,,,,,,,2011-04-28,,-3.52,,pre-market,,,,,,,,,,,,,-5.0746,,,,,,,,,,,,
2011-06-30,AXS,,,,,,,,,,,,,,,,,,,,,,,,,,,,,,,,,,,,,,0.16,,,0.49,,,,,,,,,,,,,,,,,,,,,,,,,,,,,,,,,,,,,,,,,,,,,,,,,2011-08-03,,0.65,,pre-market,,,,,,,,,,,,,32.6531,,,,,,,,,,,,
2011-09-30,AXS,,,,,,,,,,,,,,,,,,,,,,,,,,,,,,,,,,,,,,-0.08,,,0.82,,,,,,,,,,,,,,,,,,,,,,,,,,,,,,,,,,,,,,,,,,,,,,,,,2011-11-01,,0.74,,pre-market,,,,,,,,,,,,,-9.7561,,,,,,,,,,,,
2011-12-31,AXS,,,,,,,,,,,,,,,,,,,,,,,,,,,,,,,,,,,,,,0.07,,,0.46,,,,,,,,,,,,,,,,,,,,,,,,,,,,,,,,,,,,,,,,,,,,,,,,,2012-02-07,,0.53,,pre-market,,,,,,,,,,,,,15.2174,,,,,,,,,,,,
2012-03-31,AXS,,,,,,,,,,,,,,,,,,,,,,,,,,,,,,,,,,,,,,-0.03,,,1.1,,,,,,,,,,,,,,,,,,,,,,,,,,,,,,,,,,,,,,,,,,,,,,,,,2012-04-26,,1.07,,pre-market,,,,,,,,,,,,,-2.7273,,,,,,,,,,,,
2012-06-30,AXS,,,,,,,,,,,,,,,,,,,,,,,,,,,,,,,,,,,,,,-0.03,,,0.93,,,,,,,,,,,,,,,,,,,,,,,,,,,,,,,,,,,,,,,,,,,,,,,,,2012-07-31,,0.9,,pre-market,,,,,,,,,,,,,-3.2258,,,,,,,,,,,,
2012-09-30,AXS,,,,,,,,,,,,,,,,,,,,,,,,,,,,,,,,,,,,,,0.55,,,1.08,,,,,,,,,,,,,,,,,,,,,,,,,,,,,,,,,,,,,,,,,,,,,,,,,2012-10-31,,1.63,,pre-market,,,,,,,,,,,,,50.9259,,,,,,,,,,,,
2012-12-31,AXS,,,,,,,,,,,,,,,,,,,,,,,,,,,,,,,,,,,,,,0.93,,,-1.16,,,,,,,,,,,,,,,,,,,,,,,,,,,,,,,,,,,,,,,,,,,,,,,,,2013-02-04,,-0.23,,pre-market,,,,,,,,,,,,,80.1724,,,,,,,,,,,,
2013-03-31,AXS,,,,,,,,,,,,,,,,,,,,,,,,,,,,,,,,,,,,,,0.73,,,1.19,,,,,,,,,,,,,,,,,,,,,,,,,,,,,,,,,,,,,,,,,,,,,,,,,2013-04-25,,1.92,,pre-market,,,,,,,,,,,,,61.3445,,,,,,,,,,,,
2013-06-30,AXS,,,,,,,,,,,,,,,,,,,,,,,,,,,,,,,,,,,,,,-0.07,,,0.5,,,,,,,,,,,,,,,,,,,,,,,,,,,,,,,,,,,,,,,,,,,,,,,,,2013-07-30,,0.43,,pre-market,,,,,,,,,,,,,-14.0,,,,,,,,,,,,
2013-09-30,AXS,,,,,,,,,,,,,,,,,,,,,,,,,,,,,,,,,,,,,,0.53,,,1.21,,,,,,,,,,,,,,,,,,,,,,,,,,,,,,,,,,,,,,,,,,,,,,,,,2013-10-30,,1.74,,pre-market,,,,,,,,,,,,,43.8017,,,,,,,,,,,,
2013-12-31,AXS,,,,,,,,,,,,,,,,,,,,,,,,,,,,,,,,,,,,,,-0.06,,,1.47,,,,,,,,,,,,,,,,,,,,,,,,,,,,,,,,,,,,,,,,,,,,,,,,,2014-02-04,,1.41,,pre-market,,,,,,,,,,,,,-4.0816,,,,,,,,,,,,
2014-03-31,AXS,,,,,,,,,,,,,,,,,,,,,,,,,,,,,,,,,,,,,,-0.1,,,1.34,,,,,,,,,,,,,,,,,,,,,,,,,,,,,,,,,,,,,,,,,,,,,,,,,2014-04-29,,1.24,,pre-market,,,,,,,,,,,,,-7.4627,,,,,,,,,,,,
2014-06-30,AXS,,,,,,,,,,,,,,,,,,,,,,,,,,,,,,,,,,,,,,0.43,,,1.2,,,,,,,,,,,,,,,,,,,,,,,,,,,,,,,,,,,,,,,,,,,,,,,,,2014-07-29,,1.63,,pre-market,,,,,,,,,,,,,35.8333,,,,,,,,,,,,
2014-09-30,AXS,,,,,,,,,,,,,,,,,,,,,,,,,,,,,,,,,,,,,,0.07,,,1.2,,,,,,,,,,,,,,,,,,,,,,,,,,,,,,,,,,,,,,,,,,,,,,,,,2014-10-29,,1.27,,post-market,,,,,,,,,,,,,5.8333,,,,,,,,,,,,
2014-12-31,AXS,,,,,,,,,,,,,,,,,,,,,,,,,,,,,,,,,,,,,,-0.03,,,1.21,,,,,,,,,,,,,,,,,,,,,,,,,,,,,,,,,,,,,,,,,,,,,,,,,2015-02-03,,1.18,,post-market,,,,,,,,,,,,,-2.4793,,,,,,,,,,,,
2015-03-31,AXS,,,,,,,,,,,,,,,,,,,,,,,,,,,,,,,,,,,,,,0.12,,,1.23,,,,,,,,,,,,,,,,,,,,,,,,,,,,,,,,,,,,,,,,,,,,,,,,,2015-04-29,,1.35,,post-market,,,,,,,,,,,,,9.7561,,,,,,,,,,,,
2015-06-30,AXS,,,,,,,,,,,,,,,,,,,,,,,,,,,,,,,,,,,,,,-0.09,,,1.02,,,,,,,,,,,,,,,,,,,,,,,,,,,,,,,,,,,,,,,,,,,,,,,,,2015-07-28,,0.93,,post-market,,,,,,,,,,,,,-8.8235,,,,,,,,,,,,
2015-09-30,AXS,,,,,,,,,,,,,,,,,,,,,,,,,,,,,,,,,,,,,,-0.14,,,0.65,,,,,,,,,,,,,,,,,,,,,,,,,,,,,,,,,,,,,,,,,,,,,,,,,2015-10-27,,0.51,,post-market,,,,,,,,,,,,,-21.5385,,,,,,,,,,,,
2015-12-31,AXS,,,,,,,,,,,,,,,,,,,,,,,,,,,,,,,,,,,,,,0.1,,,1.13,,,,,,,,,,,,,,,,,,,,,,,,,,,,,,,,,,,,,,,,,,,,,,,,,2016-02-02,,1.23,,post-market,,,,,,,,,,,,,8.8496,,,,,,,,,,,,
2016-03-31,AXS,,,,,,,,,,,,,,,,,,,,,,,,,,,,,,,,,,,,,,-0.02,,,1.09,,,,,,,,,,,,,,,,,,,,,,,,,,,,,,,,,,,,,,,,,,,,,,,,,2016-04-26,,1.07,,post-market,,,,,,,,,,,,,-1.8349,,,,,,,,,,,,
2016-06-30,AXS,,,,,,,,,,,,,,,,,,,,,,,,,,,,,,,,,,,,,,0.19,,,0.32,,,,,,,,,,,,,,,,,,,,,,,,,,,,,,,,,,,,,,,,,,,,,,,,,2016-07-26,,0.51,,post-market,,,,,,,,,,,,,59.375,,,,,,,,,,,,
2016-09-30,AXS,,,,,,,,,,,,,,,,,,,,,,,,,,,,,,,,,,,,,,0.73,,,1.05,,,,,,,,,,,,,,,,,,,,,,,,,,,,,,,,,,,,,,,,,,,,,,,,,2016-10-26,,1.78,,post-market,,,,,,,,,,,,,69.5238,,,,,,,,,,,,
2016-12-31,AXS,,,,,,,,,,,,,,,,,,,,,,,,,,,,,,,,,,,,,,0.27,,,0.87,,,,,,,,,,,,,,,,,,,,,,,,,,,,,,,,,,,,,,,,,,,,,,,,,2017-02-01,,1.14,,post-market,,,,,,,,,,,,,31.0345,,,,,,,,,,,,
2017-03-31,AXS,,,,,,,,,,,,,,,,,,,,,,,,,,,,,,,,,,,,,,-0.23,,,0.82,,,,,,,,,,,,,,,,,,,,,,,,,,,,,,,,,,,,,,,,,,,,,,,,,2017-04-26,,0.59,,post-market,,,,,,,,,,,,,-28.0488,,,,,,,,,,,,
2017-06-30,AXS,,,,,,,,,,,,,,,,,,,,,,,,,,,,,,,,,,,,,,0.12,,,1.19,,,,,,,,,,,,,,,,,,,,,,,,,,,,,,,,,,,,,,,,,,,,,,,,,2017-07-26,,1.31,,post-market,,,,,,,,,,,,,10.084,,,,,,,,,,,,
2017-09-30,AXS,,,,,,,,,,,,,,,,,,,,,,,,,,,,,,,,,,,,,,0.03,,,-5.38,,,,,,,,,,,,,,,,,,,,,,,,,,,,,,,,,,,,,,,,,,,,,,,,,2017-10-25,,-5.35,,post-market,,,,,,,,,,,,,0.5576,,,,,,,,,,,,
2017-12-31,AXS,,,,,,,,,,,,,,,,,,,,,,,,,,,,,,,,,,,,,,0.01,,,0.23,,,,,,,,,,,,,,,,,,,,,,,,,,,,,,,,,,,,,,,,,,,,,,,,,2018-02-07,,0.24,,post-market,,,,,,,,,,,,,4.3478,,,,,,,,,,,,
2018-03-31,AXS,,,,,,,,,,,,,,,,,,,,,,,,,,,,,,,,,,,,,,0.3,,,1.16,,,,,,,,,,,,,,,,,,,,,,,,,,,,,,,,,,,,,,,,,,,,,,,,,2018-04-25,,1.46,,post-market,,,,,,,,,,,,,25.8621,,,,,,,,,,,,
2018-06-30,AXS,,,,,,,,,,,,,,,,,,,,,,,,,,,,,,,,,,,,,,0.1,,,1.17,,,,,,,,,,,,,,,,,,,,,,,,,,,,,,,,,,,,,,,,,,,,,,,,,2018-07-25,,1.27,,post-market,,,,,,,,,,,,,8.547,,,,,,,,,,,,
2018-09-30,AXS,,,,,,,,,,,,,,,,,,,,,,,,,,,,,,,,,,,,,,0.27,,,0.69,,,,,,,,,,,,,,,,,,,,,,,,,,,,,,,,,,,,,,,,,,,,,,,,,2018-10-24,,0.96,,post-market,,,,,,,,,,,,,39.1304,,,,,,,,,,,,
2018-12-31,AXS,,,,,,,,,,,,,,,,,,,,,,,,,,,,,,,,,,,,,,-0.51,,,-1.26,,,,,,,,,,,,,,,,,,,,,,,,,,,,,,,,,,,,,,,,,,,,,,,,,2019-01-30,,-1.77,,post-market,,,,,,,,,,,,,-40.4762,,,,,,,,,,,,
2019-03-31,AXS,,,,,,,,,,,,,,,,,,,,,,,,,,,,,,,,,,,,,,-0.17,,,1.41,,,,,,,,,,,,,,,,,,,,,,,,,,,,,,,,,,,,,,,,,,,,,,,,,2019-04-24,,1.24,,post-market,,,,,,,,,,,,,-12.0567,,,,,,,,,,,,
2019-06-30,AXS,,,,,,,,,,,,,,,,,,,,,,,,,,,,,,,,,,,,,,0.28,,,1.34,,,,,,,,,,,,,,,,,,,,,,,,,,,,,,,,,,,,,,,,,,,,,,,,,2019-07-30,,1.62,,post-market,,,,,,,,,,,,,20.8955,,,,,,,,,,,,
2019-09-30,AXS,,,,,,,,,,,,,,,,,,,,,,,,,,,,,,,,,,,,,,-0.65,,,0.26,,,,,,,,,,,,,,,,,,,,,,,,,,,,,,,,,,,,,,,,,,,,,,,,,2019-10-29,,-0.39,,post-market,,,,,,,,,,,,,-250.0,,,,,,,,,,,,
2019-12-31,AXS,,,,,,,,,,,,,,,,,,,,,,,,,,,,,,,,,,,,,,0.0,,,0.05,,,,,,,,,,,,,,,,,,,,,,,,,,,,,,,,,,,,,,,,,,,,,,,,,2020-01-29,,0.05,,post-market,,,,,,,,,,,,,0.0,,,,,,,,,,,,
2020-03-31,AXS,,,,,,,,,,,,,,,,,,,,,,,,,,,,,,,,,,,,,,-0.37,,,-1.57,,,,,,,,,,,,,,,,,,,,,,,,,,,,,,,,,,,,,,,,,,,,,,,,,2020-05-04,,-1.94,,post-market,,,,,,,,,,,,,-23.5669,,,,,,,,,,,,
2020-06-30,AXS,,,,,,,,,,,,,,,,,,,,,,,,,,,,,,,,,,,,,,0.49,,,0.35,,,,,,,,,,,,,,,,,,,,,,,,,,,,,,,,,,,,,,,,,,,,,,,,,2020-07-28,,0.84,,post-market,,,,,,,,,,,,,140.0,,,,,,,,,,,,
2020-09-30,AXS,,,,,,,,,,,,,,,,,,,,,,,,,,,,,,,,,,,,,,0.16,,,-0.93,,,,,,,,,,,,,,,,,,,,,,,,,,,,,,,,,,,,,,,,,,,,,,,,,2020-10-28,,-0.77,,post-market,,,,,,,,,,,,,17.2043,,,,,,,,,,,,
2020-12-31,AXS,,,,,,,,,,,,,,,,,,,,,,,,,,,,,,,,,,,,,,0.2,,,-0.4,,,,,,,,,,,,,,,,,,,,,,,,,,,,,,,,,,,,,,,,,,,,,,,,,2021-01-27,,-0.2,,post-market,,,,,,,,,,,,,50.0,,,,,,,,,,,,
2021-03-31,AXS,,,,,,,,,,,,,,,,,,,,,,,,,,,,,,,,,,,,,,0.53,,,0.44,,,,,,,,,,,,,,,,,,,,,,,,,,,,,,,,,,,,,,,,,,,,,,,,,2021-04-28,,0.97,,post-market,,,,,,,,,,,,,120.4545,,,,,,,,,,,,
2021-06-30,AXS,,,,,,,,,,,,,,,,,,,,,,,,,,,,,,,,,,,,,,0.55,,,1.45,,,,,,,,,,,,,,,,,,,,,,,,,,,,,,,,,,,,,,,,,,,,,,,,,2021-07-27,,2.0,,post-market,,,,,,,,,,,,,37.931,,,,,,,,,,,,
2021-09-30,AXS,,,,,,,,,,,,,,,,,,,,,,,,,,,,,,,,,,,,,,0.58,,,-0.57,,,,,,,,,,,,,,,,,,,,,,,,,,,,,,,,,,,,,,,,,,,,,,,,,2021-10-27,,0.01,,post-market,,,,,,,,,,,,,101.7544,,,,,,,,,,,,
2021-12-31,AXS,,,,,,,,,,,,,,,,,,,,,,,,,,,,,,,,,,,,,,0.62,,,1.51,,,,,,,,,,,,,,,,,,,,,,,,,,,,,,,,,,,,,,,,,,,,,,,,,2022-01-26,,2.13,,post-market,,,,,,,,,,,,,41.0596,,,,,,,,,,,,
2022-03-31,AXS,,,,,,,,,,,,,,,,,,,,,,,,,,,,,,,,,,,,,,0.44,,,1.65,,,,,,,,,,,,,,,,,,,,,,,,,,,,,,,,,,,,,,,,,,,,,,,,,2022-04-27,,2.09,,post-market,,,,,,,,,,,,,26.6667,,,,,,,,,,,,
2022-06-30,AXS,,,,,,,,,,,,,,,,,,,,,,,,,,,,,,,,,,,,,,0.21,,,1.53,,,,,,,,,,,,,,,,,,,,,,,,,,,,,,,,,,,,,,,,,,,,,,,,,2022-07-26,,1.74,,post-market,,,,,,,,,,,,,13.7255,,,,,,,,,,,,
2022-09-30,AXS,,,,,,,,,,,,,,,,,,,,,,,,,,,,,,,,,,,,,,-0.06,,,0.09,,,,,,,,,,,,,,,,,,,,,,,,,,,,,,,,,,,,,,,,,,,,,,,,,2022-10-26,,0.03,,post-market,,,,,,,,,,,,,-66.6667,,,,,,,,,,,,
2022-12-31,AXS,,,,,,,,,,,,,,,,,,,,,,,,,,,,,,,,,,,,,,0.19,,,1.76,,,,,,,,,,,,,,,,,,,,,,,,,,,,,,,,,,,,,,,,,,,,,,,,,2023-01-25,,1.95,,post-market,,,,,,,,,,,,,10.7955,,,,,,,,,,,,
2023-03-31,AXS,,,,,,,,,,,,,,,,,,,,,,,,,,,,,,,,,,,,,,0.36,,,1.97,,,,,,,,,,,,,,,,,,,,,,,,,,,,,,,,,,,,,,,,,,,,,,,,,2023-04-26,,2.33,,post-market,,,,,,,,,,,,,18.2741,,,,,,,,,,,,
2023-06-30,AXS,,,,,,,,,,,,,,,,,,,,,,,,,,,,,,,,,,,,,,0.28,,,1.95,,,,,,,,,,,,,,,,,,,,,,,,,,,,,,,,,,,,,,,,,,,,,,,,,2023-08-01,,2.23,,post-market,,,,,,,,,,,,,14.359,,,,,,,,,,,,
2023-09-30,AXS,,,,,,,,,,,,,,,,,,,,,,,,,,,,,,,,,,,,,,0.36,,,1.98,,,,,,,,,,,,,,,,,,,,,,,,,,,,,,,,,,,,,,,,,,,,,,,,,2023-11-01,,2.34,,post-market,,,,,,,,,,,,,18.1818,,,,,,,,,,,,
2023-12-31,AXS,,,,,,,,,,,,,,,,,,,,,,,,,,,,,,,,,,,,,,1.86,,,1.08,,,,,,,,,,,,,,,,,,,,,,,,,,,,,,,,,,,,,,,,,,,,,,,,,2024-01-23,,2.94,,post-market,,,,,,,,,,,,,172.2222,,,,,,,,,,,,
2024-03-31,AXS,,,,,,,,,,,,,,,,,,,,,,,,,,,,,,,,,,,,,,0.17,,,2.4,,,,,,,,,,,,,,,,,,,,,,,,,,,,,,,,,,,,,,,,,,,,,,,,,2024-05-01,,2.57,,post-market,,,,,,,,,,,,,7.0833,,,,,,,,,,,,
2024-06-30,AXS,,,,,,,,,,,,,,,,,,,,,,,,,,,,,,,,,,,,,,0.34,,,2.59,,,,,,,,,,,,,,,,,,,,,,,,,,,,,,,,,,,,,,,,,,,,,,,,,2024-07-30,,2.93,,post-market,,,,,,,,,,,,,13.1274,,,,,,,,,,,,
2024-09-30,AXS,,,,,,,,,,,,,,,,,,,,,,,,,,,,,,,,,,,,,,0.17,,,2.54,,,,,,,,,,,,,,,,,,,,,,,,,,,,,,,,,,,,,,,,,,,,,,,,,2024-10-30,,2.71,,post-market,,,,,,,,,,,,,6.6929,,,,,,,,,,,,
2024-12-31,AXS,,,,,,,,,,,,,,,,,,,,,,,,,,,,,,,,,,,,,,0.39,,,2.58,,,,,,,,,,,,,,,,,,,,,,,,,,,,,,,,,,,,,,,,,,,,,,,,,2025-01-29,,2.97,,post-market,,,,,,,,,,,,,15.1163,,,,,,,,,,,,
2025-03-31,AXS,,,,,,,,,,,,,,,,,,,,,,,,,,,,,,,,,,,,,,0.48,,,2.69,,,,,,,,,,,,,,,,,,,,,,,,,,,,,,,,,,,,,,,,,,,,,,,,,2025-04-30,,3.17,,post-market,,,,,,,,,,,,,17.8439,,,,,,,,,,,,
2025-06-30,AXS,,,,,,,,,,,,,,,,,,,,,,,,,,,,,,,,,,,,,,0.36,,,2.93,,,,,,,,,,,,,,,,,,,,,,,,,,,,,,,,,,,,,,,,,,,,,,,,,2025-07-29,,3.29,,post-market,,,,,,,,,,,,,12.2867,,,,,,,,,,,,
2025-09-30,AXS,,,,,,,,,,,,,,,,,,,,,,,,,,,,,,,,,,,,,,0.77,,,2.48,,,,,,,,,,,,,,,,,,,,,,,,,,,,,,,,,,,,,,,,,,,,,,,,,2025-10-29,,3.25,,post-market,,,,,,,,,,,,,31.0484,,,,,,,,,,,,
2025-12-28,AXS,12.08,6301015000.0,9.02,,0.648,75.51,,,,,,,,,,,,,,,,,,,,,,,,,,1.76,0.0162,,,,0.833,0.77,,,2.48,,8.16,,1937581000.0,,,,,,,,,,,,,,,,,,,0.223,,,,,,,,,,,,,-10.28,1.443,1.352,,,,,,,,0.161,,,2025-10-29,,3.25,,post-market,,,0.0232,0.163,0.039,78.64,,,,,98.2,99.27,31.0484,,,,,,,,,9.02,,110.34,82.79
2025-12-28,AXS,12.08,6301015000.0,9.02,,0.648,75.51,,,,,,,,,,,,,,,None,1127053000,1127053000,,,,,,None,13884000,,1.76,0.0162,,,,0.833,0.77,386690000,400574000,2.48,2025-09-30,8.16,,1937581000.0,566198000,372116000,70252000,,,None,16657000,3165000,,None,,,,,301864000,301864000,-16657000,None,0.223,,196165000,370033000,,,,,None,,,,,-10.28,1.443,1.352,,,,,,,,0.161,,,2025-10-29,quarterly,3.25,USD,post-market,None,,0.0232,0.163,0.039,78.64,171637000,,,,98.2,99.27,31.0484,,,,,,,1693251000,,9.02,,110.34,82.79
2025-12-28,AXS,12.08,6301015000.0,9.02,,0.648,75.51,,,,,,,,,,,,,,,None,1077651000,1077651000,,,,,,None,13479000,,1.76,0.0162,,,,0.833,0.77,296848000,310327000,2.48,2025-06-30,8.16,,1937581000.0,462654000,280262000,56199000,,,None,16586000,111471000,,None,,,,,223358000,223358000,-16586000,None,0.223,,182392000,280262000,,,,,None,,,,,-10.28,1.443,1.352,,,,,,,,0.161,,,2025-10-29,quarterly,3.25,USD,post-market,None,,0.0232,0.163,0.039,78.64,161078000,,,,98.2,99.27,31.0484,,,,,,,1540305000,,9.02,,110.34,82.79
2025-12-28,AXS,12.08,6301015000.0,9.02,,0.648,75.51,,,,,,,,,,,,,,,None,1050506000,1050506000,,,,,,None,13792000,,1.76,0.0162,,,,0.833,0.77,252674000,266466000,2.48,2025-03-31,8.16,,1937581000.0,417295000,238393000,44322000,,,None,16572000,73606000,,None,,,,,194071000,194071000,-16572000,None,0.223,,181193000,236102000,,,,,None,,,,,-10.28,1.443,1.352,,,,,,,,0.161,,,2025-10-29,quarterly,3.25,USD,post-market,None,,0.0232,0.163,0.039,78.64,159163000,,,,98.2,99.27,31.0484,,,,,,,1467801000,,9.02,,110.34,82.79
2025-12-28,AXS,12.08,6301015000.0,9.02,,0.648,75.51,,,,,,,,,,,,,,,None,1108226000,1108226000,,,,,,None,13135000,,1.76,0.0162,,,,0.833,0.77,283720000,296855000,2.48,2024-12-31,8.16,,1937581000.0,476540000,274223000,-19410000,,,None,16761000,95329000,,None,,,,,293633000,293633000,-16761000,None,0.223,,209581000,266959000,,,,,None,,,,,-10.28,1.443,1.352,,,,,,,,0.161,,,2025-10-29,quarterly,3.25,USD,post-market,None,,0.0232,0.163,0.039,78.64,189186000,,,,98.2,99.27,31.0484,,,,,,,1584766000,,9.02,,110.34,82.79
2025-12-28,AXS,12.08,6301015000.0,9.02,,0.648,75.51,,,,,,,,,,,,,,,None,1106807000,1106807000,,,,,,None,14278000,,1.76,0.0162,,,,0.833,0.77,243878000,258156000,2.48,2024-09-30,8.16,,1937581000.0,412944000,228650000,47922000,,,None,16849000,109053000,,None,,,,,180728000,180728000,-16849000,None,0.223,,185915000,227029000,,,,,None,,,,,-10.28,1.443,1.352,,,,,,,,0.161,,,2025-10-29,quarterly,3.25,USD,post-market,None,,0.0232,0.163,0.039,78.64,165203000,,,,98.2,99.27,31.0484,,,,,,,1519751000,,9.02,,110.34,82.79
2025-12-28,AXS,12.08,6301015000.0,9.02,,0.648,75.51,,,,,,,,,,,,,,,None,1031079000,1031079000,,,,,,None,13636000,,1.76,0.0162,,,,0.833,0.77,261621000,275257000,2.48,2024-06-30,8.16,,1937581000.0,439768000,252511000,40547000,,,None,17010000,None,,None,,,,,211964000,211964000,-17010000,None,0.223,,195157000,244611000,,,,,None,,,,,-10.28,1.443,1.352,,,,,,,,0.161,,,2025-10-29,quarterly,3.25,USD,post-market,None,,0.0232,0.163,0.039,78.64,148441000,,,,98.2,99.27,31.0484,,,,,,,1470847000,,9.02,,110.34,82.79
2025-12-28,AXS,12.08,6301015000.0,9.02,,0.648,75.51,,,,,,,,,,,,,,,None,982925000,982925000,,,,,,None,14257000,,1.76,0.0162,,,,0.833,0.77,286783000,301040000,2.48,2024-03-31,8.16,,1937581000.0,460520000,269636000,-124654000,,,None,17147000,None,,None,,,,,395459000,395459000,-17147000,None,0.223,,190884000,269636000,,,,,None,,,,,-10.28,1.443,1.352,,,,,,,,0.161,,,2025-10-29,quarterly,3.25,USD,post-market,None,,0.0232,0.163,0.039,78.64,163373000,,,,98.2,99.27,31.0484,,,,,,,1443445000,,9.02,,110.34,82.79
2025-12-28,AXS,12.08,6301015000.0,9.02,,0.648,75.51,,,,,,,,,,,,,,,None,1406180000,1406180000,,,,,,None,13174000,,1.76,0.0162,,,,0.833,0.77,-167324000,-154150000,2.48,2023-12-31,8.16,,1937581000.0,9122000,-184340000,-41762000,,,None,18344000,None,,None,,,,,-142578000,-142578000,-18344000,None,0.223,,194790000,-185668000,,,,,None,,,,,-10.28,1.443,1.352,,,,,,,,0.161,,,2025-10-29,quarterly,3.25,USD,post-market,None,,0.0232,0.163,0.039,78.64,169850000,,,,98.2,99.27,31.0484,,,,,,,1415302000,,9.02,,110.34,82.79
2025-12-28,AXS,12.08,6301015000.0,9.02,,0.648,75.51,,,,,,,,,,,,,,,None,1047329000,1047329000,,,,,,None,31196000,,1.76,0.0162,,,,0.833,0.77,226227000,257423000,2.48,2023-09-30,8.16,,1937581000.0,436159000,212722000,24624000,,,None,16445000,34125000,,None,,,,,188098000,188098000,-16445000,None,0.223,,226377000,209782000,,,,,None,,,,,-10.28,1.443,1.352,,,,,,,,0.161,,,2025-10-29,quarterly,3.25,USD,post-market,None,,0.0232,0.163,0.039,78.64,179283000,,,,98.2,99.27,31.0484,,,,,,,1483488000,,9.02,,110.34,82.79
2025-12-28,AXS,12.08,6301015000.0,9.02,,0.648,75.51,,,,,,,,,,,,,,,None,989522000,989522000,,,,,,None,16211000,,1.76,0.0162,,,,0.833,0.77,192870000,209081000,2.48,2023-06-30,8.16,,1937581000.0,363748000,178232000,27558000,,,None,16738000,46842000,,None,,,,,150674000,148574000,-16738000,None,0.223,,187616000,176132000,,,,,2100000,,,,,-10.28,1.443,1.352,,,,,,,,0.161,,,2025-10-29,quarterly,3.25,USD,post-market,None,,0.0232,0.163,0.039,78.64,168503000,,,,98.2,99.27,31.0484,,,,,,,1353270000,,9.02,,110.34,82.79
2025-12-28,AXS,12.08,6301015000.0,9.02,,0.648,75.51,,,,,,,,,,,,,,,None,951015000,951015000,,,,,,None,14971000,,1.76,0.0162,,,,0.833,0.77,215092000,230063000,2.48,2023-03-31,8.16,,1937581000.0,386532000,195993000,15896000,,,None,16894000,25604000,,None,,,,,180097000,182302000,-16894000,None,0.223,,188334000,198198000,,,,,-2205000,,,,,-10.28,1.443,1.352,,,,,,,,0.161,,,2025-10-29,quarterly,3.25,USD,post-market,None,,0.0232,0.163,0.039,78.64,166811000,,,,98.2,99.27,31.0484,,,,,,,1337547000,,9.02,,110.34,82.79
2025-12-28,AXS,12.08,6301015000.0,9.02,,0.648,75.51,,,,,,,,,,,,,,,None,1073788000,1073788000,,,,,,None,15819000,,1.76,0.0162,,,,0.833,0.77,95303000,111122000,2.48,2022-12-31,8.16,,1937581000.0,296218000,75832000,27341000,,,None,16426000,95415000,,None,,,,,48491000,48491000,-16426000,None,0.223,,217341000,78877000,,,,,None,,,,,-10.28,1.443,1.352,,,,,,,,0.161,,,2025-10-29,quarterly,3.25,USD,post-market,None,,0.0232,0.163,0.039,78.64,187471000,,,,98.2,99.27,31.0484,,,,,,,1370006000,,9.02,,110.34,82.79
2025-12-28,AXS,12.08,6301015000.0,9.02,,0.648,75.51,,,,,,,,,,,,,,,None,1182422000,1182422000,,,,,,None,21412000,,1.76,0.0162,,,,0.833,0.77,13728000,35140000,2.48,2022-09-30,8.16,,1937581000.0,184125000,-9747000,-363000,,,None,15915000,119745000,,None,,,,,-9384000,-1824000,-15915000,None,0.223,,186312000,-2187000,,,,,-7560000,,,,,-10.28,1.443,1.352,,,,,,,,0.161,,,2025-10-29,quarterly,3.25,USD,post-market,None,,0.0232,0.163,0.039,78.64,158245000,,,,98.2,99.27,31.0484,,,,,,,1366547000,,9.02,,110.34,82.79
2025-12-28,AXS,12.08,6301015000.0,9.02,,0.648,75.51,,,,,,,,,,,,,,,None,1027169000,1027169000,,,,,,None,15343000,,1.76,0.0162,,,,0.833,0.77,44004000,59347000,2.48,2022-06-30,8.16,,1937581000.0,234958000,29813000,-4965000,,,None,15241000,41759000,,None,,,,,34778000,33728000,-15241000,None,0.223,,206195000,28763000,,,,,1050000,,,,,-10.28,1.443,1.352,,,,,,,,0.161,,,2025-10-29,quarterly,3.25,USD,post-market,None,,0.0232,0.163,0.039,78.64,165586000,,,,98.2,99.27,31.0484,,,,,,,1262127000,,9.02,,110.34,82.79
2025-12-28,AXS,12.08,6301015000.0,9.02,,0.648,75.51,,,,,,,,,,,,,,,None,981051000,981051000,,,,,,None,15714000,,1.76,0.0162,,,,0.833,0.77,153238000,168952000,2.48,2022-03-31,8.16,,1937581000.0,325078000,149224000,24000,,,None,15564000,28709000,,None,,,,,149200000,137650000,-15564000,None,0.223,,187404000,137674000,,,,,11550000,,,,,-10.28,1.443,1.352,,,,,,,,0.161,,,2025-10-29,quarterly,3.25,USD,post-market,None,,0.0232,0.163,0.039,78.64,169041000,,,,98.2,99.27,31.0484,,,,,,,1306129000,,9.02,,110.34,82.79
2025-12-28,AXS,12.08,6301015000.0,9.02,,0.648,75.51,,,,,,,,,,,,,,,None,968404000,968404000,,,,,,None,20010000,,1.76,0.0162,,,,0.833,0.77,231780000,251790000,2.48,2021-12-31,8.16,,1937581000.0,420209000,217450000,12557000,,,None,15543000,20175000,,None,,,,,204893000,204892000,-15543000,None,0.223,,203972000,216237000,,,,,1212000,,,,,-10.28,1.443,1.352,,,,,,,,0.161,,,2025-10-29,quarterly,3.25,USD,post-market,None,,0.0232,0.163,0.039,78.64,184484000,,,,98.2,99.27,31.0484,,,,,,,1388613000,,9.02,,110.34,82.79
2025-12-28,AXS,12.08,6301015000.0,9.02,,0.648,75.51,,,,,,,,,,,,,,,None,1143081000,1143081000,,,,,,None,15621000,,1.76,0.0162,,,,0.833,0.77,60177000,75798000,2.48,2021-09-30,8.16,,1937581000.0,222629000,56134000,1186000,,,None,15954000,12078000,,None,,,,,54948000,54948000,-15954000,None,0.223,,178406000,44223000,,,,,11911000,,,,,-10.28,1.443,1.352,,,,,,,,0.161,,,2025-10-29,quarterly,3.25,USD,post-market,None,,0.0232,0.163,0.039,78.64,157960000,,,,98.2,99.27,31.0484,,,,,,,1365710000,,9.02,,110.34,82.79
2025-12-28,AXS,12.08,6301015000.0,9.02,,0.648,75.51,,,,,,,,,,,,,,,None,885543000,885543000,,,,,,None,16250000,,1.76,0.0162,,,,0.833,0.77,268774000,285024000,2.48,2021-06-30,8.16,,1937581000.0,435428000,263338000,27865000,,,None,15235000,34837000,,None,,,,,235473000,235473000,-15235000,None,0.223,,181889000,253539000,,,,,9799000,,,,,-10.28,1.443,1.352,,,,,,,,0.161,,,2025-10-29,quarterly,3.25,USD,post-market,None,,0.0232,0.163,0.039,78.64,162452000,,,,98.2,99.27,31.0484,,,,,,,1320971000,,9.02,,110.34,82.79
2025-12-28,AXS,12.08,6301015000.0,9.02,,0.648,75.51,,,,,,,,,,,,,,,None,933589000,933589000,,,,,,None,15096000,,1.76,0.0162,,,,0.833,0.77,150485000,165581000,2.48,2021-03-31,8.16,,1937581000.0,312522000,144076000,20776000,,,None,15571000,19684000,,None,,,,,123300000,114138000,-15571000,None,0.223,,177608000,134914000,,,,,9162000,,,,,-10.28,1.443,1.352,,,,,,,,0.161,,,2025-10-29,quarterly,3.25,USD,post-market,None,,0.0232,0.163,0.039,78.64,158408000,,,,98.2,99.27,31.0484,,,,,,,1246111000,,9.02,,110.34,82.79
2025-12-28,AXS,12.08,6301015000.0,9.02,,0.648,75.51,,,,,,,,,,,,,,,None,1049041000,1049041000,,,,,,None,19063000,,1.76,0.0162,,,,0.833,0.77,1893000,20956000,2.48,2020-12-31,8.16,,1937581000.0,153883000,-3548000,-6291000,,,None,15408000,87717000,,None,,,,,2743000,-7222000,-15408000,None,0.223,,167398000,-13515000,,,,,9967000,,,,,-10.28,1.443,1.352,,,,,,,,0.161,,,2025-10-29,quarterly,3.25,USD,post-market,None,,0.0232,0.163,0.039,78.64,143252000,,,,98.2,99.27,31.0484,,,,,,,1202924000,,9.02,,110.34,82.79
2025-12-28,AXS,12.08,6301015000.0,9.02,,0.648,75.51,,,,,,,,,,,,,,,None,1110241000,1110241000,,,,,,None,16253000,,1.76,0.0162,,,,0.833,0.77,-64760000,-48507000,2.48,2020-09-30,8.16,,1937581000.0,75583000,-77438000,-12056000,,,None,15574000,76308000,,None,,,,,-65382000,-68278000,-15574000,None,0.223,,155917000,-80334000,,,,,2896000,,,,,-10.28,1.443,1.352,,,,,,,,0.161,,,2025-10-29,quarterly,3.25,USD,post-market,None,,0.0232,0.163,0.039,78.64,138823000,,,,98.2,99.27,31.0484,,,,,,,1185824000,,9.02,,110.34,82.79
2025-12-28,AXS,12.08,6301015000.0,9.02,,0.648,75.51,,,,,,,,,,,,,,,None,904763000,904763000,,,,,,None,14869000,,1.76,0.0162,,,,0.833,0.77,144426000,159295000,2.48,2020-06-30,8.16,,1937581000.0,275849000,130933000,10893000,,,None,20595000,30304000,,None,,,,,120040000,112938000,-20595000,None,0.223,,152018000,123831000,,,,,7102000,,,,,-10.28,1.443,1.352,,,,,,,,0.161,,,2025-10-29,quarterly,3.25,USD,post-market,None,,0.0232,0.163,0.039,78.64,140652000,,,,98.2,99.27,31.0484,,,,,,,1180612000,,9.02,,110.34,82.79
2025-12-28,AXS,12.08,6301015000.0,9.02,,0.648,75.51,,,,,,,,,,,,,,,None,1146723000,1146723000,,,,,,None,15612000,,1.76,0.0162,,,,0.833,0.77,-135645000,-120033000,2.48,2020-03-31,8.16,,1937581000.0,45121000,-159117000,-4867000,,,None,23472000,38211000,,None,,,,,-177827000,-154250000,-23472000,None,0.223,,204238000,-159117000,,,,,-23577000,,,,,-10.28,1.443,1.352,,,,,,,,0.161,,,2025-10-29,quarterly,3.25,USD,post-market,None,,0.0232,0.163,0.039,78.64,157060000,,,,98.2,99.27,31.0484,,,,,,,1191844000,,9.02,,110.34,82.79
2025-12-28,AXS,12.08,6301015000.0,9.02,,0.648,75.51,,,,,,,,,,,,,,,None,1119170000,1119170000,,,,,,None,18265000,,1.76,0.0162,,,,0.833,0.77,13577000,31842000,2.48,2019-12-31,8.16,,1937581000.0,165383000,-4985000,-158000,,,None,18562000,98665000,,None,,,,,-754000,-4824000,-18562000,None,0.223,,170368000,-4985000,,,,,4072000,,,,,-10.28,1.443,1.352,,,,,,,,0.161,,,2025-10-29,quarterly,3.25,USD,post-market,None,,0.0232,0.163,0.039,78.64,138823000,,,,98.2,99.27,31.0484,,,,,,,1284553000,,9.02,,110.34,82.79
2025-12-28,AXS,12.08,6301015000.0,9.02,,0.648,75.51,,,,,,,,,,,,,,,None,1110939000,1110939000,,,,,,None,15520000,,1.76,0.0162,,,,0.833,0.77,63798000,79318000,2.48,2019-09-30,8.16,,1937581000.0,237734000,45756000,8147000,,,None,18042000,48384000,,None,,,,,38401000,37609000,-18042000,None,0.223,,191978000,45756000,,,,,792000,,,,,-10.28,1.443,1.352,,,,,,,,0.161,,,2025-10-29,quarterly,3.25,USD,post-market,None,,0.0232,0.163,0.039,78.64,155522000,,,,98.2,99.27,31.0484,,,,,,,1348673000,,9.02,,110.34,82.79
2025-12-28,AXS,12.08,6301015000.0,9.02,,0.648,75.51,,,,,,,,,,,,,,,None,914826000,914826000,,,,,,None,17702000,,1.76,0.0162,,,,0.833,0.77,204484000,222186000,2.48,2019-06-30,8.16,,1937581000.0,383261000,188877000,14469000,,,None,15607000,16463000,,None,,,,,177043000,174408000,-15607000,None,0.223,,194384000,188877000,,,,,2635000,,,,,-10.28,1.443,1.352,,,,,,,,0.161,,,2025-10-29,quarterly,3.25,USD,post-market,None,,0.0232,0.163,0.039,78.64,165395000,,,,98.2,99.27,31.0484,,,,,,,1298087000,,9.02,,110.34,82.79
2025-12-28,AXS,12.08,6301015000.0,9.02,,0.648,75.51,,,,,,,,,,,,,,,None,924446000,924446000,,,,,,None,23742000,,1.76,0.0162,,,,0.833,0.77,123691000,147433000,2.48,2019-03-31,8.16,,1937581000.0,329709000,107796000,-1234000,,,None,15895000,None,,None,,,,,108781000,106562000,-15895000,None,0.223,,221913000,107796000,,,,,2219000,,,,,-10.28,1.443,1.352,,,,,,,,0.161,,,2025-10-29,quarterly,3.25,USD,post-market,None,,0.0232,0.163,0.039,78.64,175091000,,,,98.2,99.27,31.0484,,,,,,,1254155000,,9.02,,110.34,82.79
2025-12-28,AXS,12.08,6301015000.0,9.02,,0.648,75.51,,,,,,,,,,,,,,,None,1286650000,1286650000,,,,,,None,-23139000,,1.76,0.0162,,,,0.833,0.77,-192986000,-216125000,2.48,2018-12-31,8.16,,1937581000.0,-8679000,-209660000,-25921000,,,None,16674000,None,,None,,,,,-187791000,-183738000,None,None,0.223,,200981000,-209660000,,,,,-4052000,,,,,-10.28,1.443,1.352,,,,,,,,0.161,,,2025-10-29,quarterly,3.25,USD,post-market,0,,0.0232,0.163,0.039,78.64,137445000,,,,98.2,99.27,31.0484,,,,,,,1277971000,,9.02,,110.34,82.79
2025-12-28,AXS,12.08,6301015000.0,9.02,,0.648,75.51,,,,,,,,,,,,,,,None,1043273000,1043273000,,,,,,None,10254000,,1.76,0.0162,,,,0.833,0.77,65800000,76054000,2.48,2018-09-30,8.16,,1937581000.0,277765000,48903000,-3525000,,,None,16897000,None,,None,,,,,54095000,52428000,None,None,0.223,,228862000,48903000,,,,,1667000,,,,,-10.28,1.443,1.352,,,,,,,,0.161,,,2025-10-29,quarterly,3.25,USD,post-market,0,,0.0232,0.163,0.039,78.64,154894000,,,,98.2,99.27,31.0484,,,,,,,1321038000,,9.02,,110.34,82.79
2025-12-28,AXS,12.08,6301015000.0,9.02,,0.648,75.51,,,,,,,,,,,,,,,None,938593000,938593000,,,,,,None,11393000,,1.76,0.0162,,,,0.833,0.77,118230000,129623000,2.48,2018-06-30,8.16,,1937581000.0,359651000,101132000,996000,,,None,17098000,None,,None,,,,,103514000,100136000,None,None,0.223,,258519000,101132000,,,,,3378000,,,,,-10.28,1.443,1.352,,,,,,,,0.161,,,2025-10-29,quarterly,3.25,USD,post-market,0,,0.0232,0.163,0.039,78.64,165213000,,,,98.2,99.27,31.0484,,,,,,,1298244000,,9.02,,110.34,82.79
2025-12-28,AXS,12.08,6301015000.0,9.02,,0.648,75.51,,,,,,,,,,,,,,,None,890605000,890605000,,,,,,None,11287000,,1.76,0.0162,,,,0.833,0.77,88929000,100216000,2.48,2018-03-31,8.16,,1937581000.0,331712000,72166000,-1036000,,,None,16763000,None,,None,,,,,73202000,73202000,None,None,0.223,,259546000,72166000,,,,,None,,,,,-10.28,1.443,1.352,,,,,,,,0.161,,,2025-10-29,quarterly,3.25,USD,post-market,0,,0.0232,0.163,0.039,78.64,169837000,,,,98.2,99.27,31.0484,,,,,,,1222317000,,9.02,,110.34,82.79
2025-12-28,AXS,12.08,6301015000.0,9.02,,0.648,75.51,,,,,,,,,,,,,,,None,1074844000,1074844000,,,,,,None,62192000,,1.76,0.0162,,,,0.833,0.77,20011000,82203000,2.48,2017-12-31,8.16,,1937581000.0,239130000,3577000,31005000,,,None,16434000,None,,None,,,,,-27428000,-27426000,None,None,0.223,,235553000,3577000,,,,,None,,,,,-10.28,1.443,1.352,,,,,,,,0.161,,,2025-10-29,quarterly,3.25,USD,post-market,0,,0.0232,0.163,0.039,78.64,145724000,,,,98.2,99.27,31.0484,,,,,,,1313974000,,9.02,,110.34,82.79
2025-12-28,AXS,12.08,6301015000.0,9.02,,0.648,75.51,,,,,,,,,,,,,,,None,1430091000,1430091000,,,,,,None,6641000,,1.76,0.0162,,,,0.833,0.77,-469465000,-462824000,2.48,2017-09-30,8.16,,1937581000.0,-338866000,-482300000,-25877000,,,None,12835000,None,,None,,,,,-457084000,-456423000,None,None,0.223,,143434000,-482300000,,,,,-661000,,,,,-10.28,1.443,1.352,,,,,,,,0.161,,,2025-10-29,quarterly,3.25,USD,post-market,0,,0.0232,0.163,0.039,78.64,124629000,,,,98.2,99.27,31.0484,,,,,,,1091225000,,9.02,,110.34,82.79
2025-12-28,AXS,12.08,6301015000.0,9.02,,0.648,75.51,,,,,,,,,,,,,,,None,809693000,809693000,,,,,,None,6171000,,1.76,0.0162,,,,0.833,0.77,107079000,113250000,2.48,2017-06-30,8.16,,1937581000.0,239851000,94328000,-3333000,,,None,12751000,None,,None,,,,,95686000,97661000,None,None,0.223,,145523000,94328000,,,,,-1975000,,,,,-10.28,1.443,1.352,,,,,,,,0.161,,,2025-10-29,quarterly,3.25,USD,post-market,0,,0.0232,0.163,0.039,78.64,147816000,,,,98.2,99.27,31.0484,,,,,,,1049544000,,9.02,,110.34,82.79
2025-12-28,AXS,12.08,6301015000.0,9.02,,0.648,75.51,,,,,,,,,,,,,,,None,796734000,796734000,,,,,,None,6467000,,1.76,0.0162,,,,0.833,0.77,29075000,35542000,2.48,2017-03-31,8.16,,1937581000.0,190335000,16284000,-9337000,,,None,12791000,None,,None,,,,,19855000,25621000,None,None,0.223,,174051000,16284000,,,,,-5766000,,,,,-10.28,1.443,1.352,,,,,,,,0.161,,,2025-10-29,quarterly,3.25,USD,post-market,0,,0.0232,0.163,0.039,78.64,161260000,,,,98.2,99.27,31.0484,,,,,,,987069000,,9.02,,110.34,82.79
2025-12-28,AXS,12.08,6301015000.0,9.02,,0.648,75.51,,,,,,,,,,,,,,,None,727919000,727919000,,,,,,None,7203000,,1.76,0.0162,,,,0.833,0.77,159970000,167173000,2.48,2016-12-31,8.16,,1937581000.0,323133000,147196000,-1372000,,,None,12774000,None,,None,,,,,148908000,146475000,None,None,0.223,,175937000,147196000,,,,,340000,,,,,-10.28,1.443,1.352,,,,,,,,0.161,,,2025-10-29,quarterly,3.25,USD,post-market,0,,0.0232,0.163,0.039,78.64,163163000,,,,98.2,99.27,31.0484,,,,,,,1051052000,,9.02,,110.34,82.79
2025-12-28,AXS,12.08,6301015000.0,9.02,,0.648,75.51,,,,,,,,,,,,,,,None,722138000,722138000,,,,,,None,6115000,,1.76,0.0162,,,,0.833,0.77,211238000,217353000,2.48,2016-09-30,8.16,,1937581000.0,354144000,198399000,9352000,,,None,12839000,None,,None,,,,,186613000,189047000,None,None,0.223,,155745000,198399000,,,,,-2434000,,,,,-10.28,1.443,1.352,,,,,,,,0.161,,,2025-10-29,quarterly,3.25,USD,post-market,0,,0.0232,0.163,0.039,78.64,142906000,,,,98.2,99.27,31.0484,,,,,,,1076282000,,9.02,,110.34,82.79
2025-12-28,AXS,12.08,6301015000.0,9.02,,0.648,75.51,,,,,,,,,,,,,,,None,821419000,821419000,,,,,,None,5961000,,1.76,0.0162,,,,0.833,0.77,147275000,153236000,2.48,2016-06-30,8.16,,1937581000.0,294021000,134361000,4901000,,,None,12914000,None,,None,,,,,129460000,129460000,None,None,0.223,,159660000,134361000,,,,,None,,,,,-10.28,1.443,1.352,,,,,,,,0.161,,,2025-10-29,quarterly,3.25,USD,post-market,0,,0.0232,0.163,0.039,78.64,146746000,,,,98.2,99.27,31.0484,,,,,,,1115440000,,9.02,,110.34,82.79
2025-12-28,AXS,12.08,6301015000.0,9.02,,0.648,75.51,,,,,,,,,,,,,,,None,679597000,679597000,,,,,,None,5294000,,1.76,0.0162,,,,0.833,0.77,54679000,59973000,2.48,2016-03-31,8.16,,1937581000.0,204580000,41846000,-6540000,,,None,12833000,None,,None,,,,,48386000,48386000,None,None,0.223,,162734000,41846000,,,,,None,,,,,-10.28,1.443,1.352,,,,,,,,0.161,,,2025-10-29,quarterly,3.25,USD,post-market,0,,0.0232,0.163,0.039,78.64,149901000,,,,98.2,99.27,31.0484,,,,,,,884177000,,9.02,,110.34,82.79
2025-12-28,AXS,12.08,6301015000.0,9.02,,0.648,75.51,,,,,,,,,,,,,,,None,703894000,703894000,,,,,,None,122000,,1.76,0.0162,,,,0.833,0.77,159515000,159637000,2.48,2015-12-31,8.16,,1937581000.0,299885000,146666000,1873000,,,None,12849000,None,,None,,,,,144793000,149666000,None,None,0.223,,153219000,146666000,,,,,None,,,,,-10.28,1.443,1.352,,,,,,,,0.161,,,2025-10-29,quarterly,3.25,USD,post-market,0,,0.0232,0.163,0.039,78.64,140370000,,,,98.2,99.27,31.0484,,,,,,,1003779000,,9.02,,110.34,82.79
2025-12-28,AXS,12.08,6301015000.0,9.02,,0.648,75.51,,,,,,,,,,,,,,,None,743131000,743131000,,,,,,None,15954000,,1.76,0.0162,,,,0.833,0.77,270590000,286544000,2.48,2015-09-30,8.16,,1937581000.0,461184000,257672000,30000,,,None,12918000,None,,None,,,,,257642000,257642000,None,None,0.223,,203512000,257672000,,,,,None,,,,,-10.28,1.443,1.352,,,,,,,,0.161,,,2025-10-29,quarterly,3.25,USD,post-market,0,,0.0232,0.163,0.039,78.64,144727000,,,,98.2,99.27,31.0484,,,,,,,1204315000,,9.02,,110.34,82.79
2025-12-28,AXS,12.08,6301015000.0,9.02,,0.648,75.51,,,,,,,,,,,,,,,None,763416000,763416000,,,,,,None,3684000,,1.76,0.0162,,,,0.833,0.77,88125000,91809000,2.48,2015-06-30,8.16,,1937581000.0,236607000,75186000,1815000,,,None,12939000,None,,None,,,,,73371000,73371000,None,None,0.223,,161421000,75186000,,,,,None,,,,,-10.28,1.443,1.352,,,,,,,,0.161,,,2025-10-29,quarterly,3.25,USD,post-market,0,,0.0232,0.163,0.039,78.64,148482000,,,,98.2,99.27,31.0484,,,,,,,1000023000,,9.02,,110.34,82.79
2025-12-28,AXS,12.08,6301015000.0,9.02,,0.648,75.51,,,,,,,,,,,,,,,None,683870000,683870000,,,,,,None,6581000,,1.76,0.0162,,,,0.833,0.77,177392000,183973000,2.48,2015-03-31,8.16,,1937581000.0,340633000,165135000,-690000,,,None,12257000,None,,None,,,,,165825000,160952000,None,None,0.223,,175498000,165135000,,,,,None,,,,,-10.28,1.443,1.352,,,,,,,,0.161,,,2025-10-29,quarterly,3.25,USD,post-market,0,,0.0232,0.163,0.039,78.64,163241000,,,,98.2,99.27,31.0484,,,,,,,1024503000,,9.02,,110.34,82.79
2025-12-28,AXS,12.08,6301015000.0,9.02,,0.648,75.51,,,,,,,,,,,,,,,None,711974000,711974000,,,,,,None,7301000,,1.76,0.0162,,,,0.833,0.77,205034000,212335000,2.48,2014-12-31,8.16,,1937581000.0,370185000,187252000,16381000,,,None,17782000,None,,None,,,,,173687000,804564000,None,None,0.223,,182933000,187252000,,,,,None,,,,,-10.28,1.443,1.352,,,,,,,,0.161,,,2025-10-29,quarterly,3.25,USD,post-market,0,,0.0232,0.163,0.039,78.64,165151000,,,,98.2,99.27,31.0484,,,,,,,1082159000,,9.02,,110.34,82.79
2025-12-28,AXS,12.08,6301015000.0,9.02,,0.648,75.51,,,,,,,,,,,,,,,None,738014000,738014000,,,,,,None,6750000,,1.76,0.0162,,,,0.833,0.77,299212000,305962000,2.48,2014-09-30,8.16,,1937581000.0,452128000,278868000,-4098000,,,None,20344000,None,,None,,,,,289126000,282966000,None,None,0.223,,173260000,278868000,,,,,None,,,,,-10.28,1.443,1.352,,,,,,,,0.161,,,2025-10-29,quarterly,3.25,USD,post-market,0,,0.0232,0.163,0.039,78.64,152916000,,,,98.2,99.27,31.0484,,,,,,,1190142000,,9.02,,110.34,82.79
2025-12-28,AXS,12.08,6301015000.0,9.02,,0.648,75.51,,,,,,,,,,,,,,,None,757691000,757691000,,,,,,None,-4970000,,1.76,0.0162,,,,0.833,0.77,231734000,226764000,2.48,2014-06-30,8.16,,1937581000.0,382815000,211759000,9500000,,,None,19975000,None,,None,,,,,200686000,202259000,None,None,0.223,,171056000,211759000,,,,,None,,,,,-10.28,1.443,1.352,,,,,,,,0.161,,,2025-10-29,quarterly,3.25,USD,post-market,0,,0.0232,0.163,0.039,78.64,151081000,,,,98.2,99.27,31.0484,,,,,,,1140506000,,9.02,,110.34,82.79
2025-12-28,AXS,12.08,6301015000.0,9.02,,0.648,75.51,,,,,,,,,,,,,,,None,716243000,716243000,,,,,,None,15889000,,1.76,0.0162,,,,0.833,0.77,169190000,185079000,2.48,2014-03-31,8.16,,1937581000.0,321919000,152596000,4125000,,,None,16594000,None,,None,,,,,147249000,0,None,None,0.223,,169323000,152596000,,,,,None,,,,,-10.28,1.443,1.352,,,,,,,,0.161,,,2025-10-29,quarterly,3.25,USD,post-market,0,,0.0232,0.163,0.039,78.64,152729000,,,,98.2,99.27,31.0484,,,,,,,1038162000,,9.02,,110.34,82.79
2025-12-28,AXS,12.08,6301015000.0,9.02,,0.648,75.51,,,,,,,,,,,,,,,None,726659000,726659000,,,,,,None,6547000,,1.76,0.0162,,,,0.833,0.77,192675000,199222000,2.48,2013-12-31,8.16,,1937581000.0,336858000,177051000,-4498000,,,None,15624000,None,,None,,,,,181549000,181548000,None,None,0.223,,159807000,177051000,,,,,None,,,,,-10.28,1.443,1.352,,,,,,,,0.161,,,2025-10-29,quarterly,3.25,USD,post-market,0,,0.0232,0.163,0.039,78.64,144183000,,,,98.2,99.27,31.0484,,,,,,,1063517000,,9.02,,110.34,82.79
2025-12-28,AXS,12.08,6301015000.0,9.02,,0.648,75.51,,,,,,,,,,,,,,,None,675204000,675204000,,,,,,None,5312000,,1.76,0.0162,,,,0.833,0.77,171925000,177237000,2.48,2013-09-30,8.16,,1937581000.0,312624000,156665000,6030000,,,None,15260000,None,,None,,,,,150635000,150635000,None,None,0.223,,155959000,156665000,,,,,None,,,,,-10.28,1.443,1.352,,,,,,,,0.161,,,2025-10-29,quarterly,3.25,USD,post-market,0,,0.0232,0.163,0.039,78.64,140699000,,,,98.2,99.27,31.0484,,,,,,,987828000,,9.02,,110.34,82.79
2025-12-28,AXS,12.08,6301015000.0,9.02,,0.648,75.51,,,,,,,,,,,,,,,None,812618000,812618000,,,,,,None,5205000,,1.76,0.0162,,,,0.833,0.77,94323000,99528000,2.48,2013-06-30,8.16,,1937581000.0,243357000,79063000,-4662000,,,None,15260000,None,,None,,,,,83725000,83725000,None,None,0.223,,164294000,79063000,,,,,None,,,,,-10.28,1.443,1.352,,,,,,,,0.161,,,2025-10-29,quarterly,3.25,USD,post-market,0,,0.0232,0.163,0.039,78.64,149034000,,,,98.2,99.27,31.0484,,,,,,,1055975000,,9.02,,110.34,82.79
2025-12-28,AXS,12.08,6301015000.0,9.02,,0.648,75.51,,,,,,,,,,,,,,,None,583905000,583905000,,,,,,None,6208000,,1.76,0.0162,,,,0.833,0.77,337522000,343730000,2.48,2013-03-31,8.16,,1937581000.0,478997000,321688000,10131000,,,None,15834000,None,,None,,,,,311557000,311557000,None,None,0.223,,157309000,321688000,,,,,None,,,,,-10.28,1.443,1.352,,,,,,,,0.161,,,2025-10-29,quarterly,3.25,USD,post-market,0,,0.0232,0.163,0.039,78.64,141475000,,,,98.2,99.27,31.0484,,,,,,,1062902000,,9.02,,110.34,82.79
2025-12-28,AXS,12.08,6301015000.0,9.02,,0.648,75.51,,,,,,,,,,,,,,,None,819111000,819111000,,,,,,None,3515000,,1.76,0.0162,,,,0.833,0.77,-6339000,-2824000,2.48,2012-12-31,8.16,,1937581000.0,135047000,-21837000,-12027000,,,None,15498000,None,,None,,,,,-9810000,0,None,None,0.223,,156884000,-21837000,,,,,None,,,,,-10.28,1.443,1.352,,,,,,,,0.161,,,2025-10-29,quarterly,3.25,USD,post-market,0,,0.0232,0.163,0.039,78.64,141386000,,,,98.2,99.27,31.0484,,,,,,,954158000,,9.02,,110.34,82.79
2025-12-28,AXS,12.08,6301015000.0,9.02,,0.648,75.51,,,,,,,,,,,,,,,None,601448000,601448000,,,,,,None,3414000,,1.76,0.0162,,,,0.833,0.77,257855000,261269000,2.48,2012-09-30,8.16,,1937581000.0,392466000,242297000,10149000,,,None,15558000,None,,None,,,,,232148000,0,None,None,0.223,,150169000,242297000,,,,,None,,,,,-10.28,1.443,1.352,,,,,,,,0.161,,,2025-10-29,quarterly,3.25,USD,post-market,0,,0.0232,0.163,0.039,78.64,134611000,,,,98.2,99.27,31.0484,,,,,,,993914000,,9.02,,110.34,82.79
2025-12-28,AXS,12.08,6301015000.0,9.02,,0.648,75.51,,,,,,,,,,,,,,,None,624034000,624034000,,,,,,None,3883000,,1.76,0.0162,,,,0.833,0.77,206553000,210436000,2.48,2012-06-30,8.16,,1937581000.0,367884000,191383000,2317000,,,None,15170000,None,,None,,,,,189066000,0,None,None,0.223,,176501000,191383000,,,,,None,,,,,-10.28,1.443,1.352,,,,,,,,0.161,,,2025-10-29,quarterly,3.25,USD,post-market,0,,0.0232,0.163,0.039,78.64,161331000,,,,98.2,99.27,31.0484,,,,,,,991918000,,9.02,,110.34,82.79
2025-12-28,AXS,12.08,6301015000.0,9.02,,0.648,75.51,,,,,,,,,,,,,,,None,679087000,679087000,,,,,,None,3009000,,1.76,0.0162,,,,0.833,0.77,154321000,157330000,2.48,2012-03-31,8.16,,1937581000.0,277973000,138685000,2848000,,,None,15636000,None,,None,,,,,135837000,0,None,None,0.223,,139288000,138685000,,,,,None,,,,,-10.28,1.443,1.352,,,,,,,,0.161,,,2025-10-29,quarterly,3.25,USD,post-market,0,,0.0232,0.163,0.039,78.64,123652000,,,,98.2,99.27,31.0484,,,,,,,957060000,,9.02,,110.34,82.79
2025-12-28,AXS,12.08,6301015000.0,9.02,,0.648,75.51,,,,,,,,,,,,,,,None,740826000,740826000,,,,,,None,4660000,,1.76,0.0162,,,,0.833,0.77,112240000,116900000,2.48,2011-12-31,8.16,,1937581000.0,222229000,96624000,7341000,,,None,15616000,None,,None,,,,,89283000,0,None,None,0.223,,125605000,96624000,,,,,None,,,,,-10.28,1.443,1.352,,,,,,,,0.161,,,2025-10-29,quarterly,3.25,USD,post-market,0,,0.0232,0.163,0.039,78.64,109989000,,,,98.2,99.27,31.0484,,,,,,,963055000,,9.02,,110.34,82.79
2025-12-28,AXS,12.08,6301015000.0,9.02,,0.648,75.51,,,,,,,,,,,,,,,None,653675000,653675000,,,,,,None,6048000,,1.76,0.0162,,,,0.833,0.77,240719000,246767000,2.48,2011-09-30,8.16,,1937581000.0,355256000,225042000,3765000,,,None,15677000,None,,None,,,,,221277000,221277000,None,None,0.223,,130214000,225042000,,,,,None,,,,,-10.28,1.443,1.352,,,,,,,,0.161,,,2025-10-29,quarterly,3.25,USD,post-market,0,,0.0232,0.163,0.039,78.64,114537000,,,,98.2,99.27,31.0484,,,,,,,1008931000,,9.02,,110.34,82.79
2025-12-28,AXS,12.08,6301015000.0,9.02,,0.648,75.51,,,,,,,,,,,,,,,None,712864000,712864000,,,,,,None,2762000,,1.76,0.0162,,,,0.833,0.77,128149000,130911000,2.48,2011-06-30,8.16,,1937581000.0,264771000,112704000,2417000,,,None,15445000,None,,None,,,,,110287000,110287000,None,None,0.223,,152067000,112704000,,,,,None,,,,,-10.28,1.443,1.352,,,,,,,,0.161,,,2025-10-29,quarterly,3.25,USD,post-market,0,,0.0232,0.163,0.039,78.64,118105000,,,,98.2,99.27,31.0484,,,,,,,977635000,,9.02,,110.34,82.79
2025-12-28,AXS,12.08,6301015000.0,9.02,,0.648,75.51,,,,,,,,,,,,,,,None,1155157000,1155157000,,,,,,None,3435000,,1.76,0.0162,,,,0.833,0.77,-356972000,-353537000,2.48,2011-03-31,8.16,,1937581000.0,-225394000,-372832000,1709000,,,None,15860000,None,,None,,,,,-374541000,-374541000,None,None,0.223,,147438000,-372832000,,,,,None,,,,,-10.28,1.443,1.352,,,,,,,,0.161,,,2025-10-29,quarterly,3.25,USD,post-market,0,,0.0232,0.163,0.039,78.64,116520000,,,,98.2,99.27,31.0484,,,,,,,929763000,,9.02,,110.34,82.79
2025-12-28,AXS,12.08,6301015000.0,9.02,,0.648,75.51,,,,,,,,,,,,,,,None,507443000,507443000,,,,,,None,4023000,,1.76,0.0162,,,,0.833,0.77,300383000,304406000,2.48,2010-12-31,8.16,,1937581000.0,435882000,284692000,11130000,,,None,15691000,None,,None,,,,,273562000,0,None,None,0.223,,151190000,284692000,,,,,None,,,,,-10.28,1.443,1.352,,,,,,,,0.161,,,2025-10-29,quarterly,3.25,USD,post-market,0,,0.0232,0.163,0.039,78.64,140619000,,,,98.2,99.27,31.0484,,,,,,,943325000,,9.02,,110.34,82.79
2025-12-28,AXS,12.08,6301015000.0,9.02,,0.648,75.51,,,,,,,,,,,,,,,None,545942000,545942000,,,,,,None,3906000,,1.76,0.0162,,,,0.833,0.77,273750000,277656000,2.48,2010-09-30,8.16,,1937581000.0,377185000,257950000,9890000,,,None,15800000,None,,None,,,,,248060000,0,None,None,0.223,,119235000,257950000,,,,,None,,,,,-10.28,1.443,1.352,,,,,,,,0.161,,,2025-10-29,quarterly,3.25,USD,post-market,0,,0.0232,0.163,0.039,78.64,103435000,,,,98.2,99.27,31.0484,,,,,,,923127000,,9.02,,110.34,82.79
2025-12-28,AXS,12.08,6301015000.0,9.02,,0.648,75.51,,,,,,,,,,,,,,,None,527546000,527546000,,,,,,None,4022000,,1.76,0.0162,,,,0.833,0.77,236068000,240090000,2.48,2010-06-30,8.16,,1937581000.0,314901000,220371000,6300000,,,None,15697000,None,,None,,,,,214071000,0,None,None,0.223,,94530000,220371000,,,,,None,,,,,-10.28,1.443,1.352,,,,,,,,0.161,,,2025-10-29,quarterly,3.25,USD,post-market,0,,0.0232,0.163,0.039,78.64,106062000,,,,98.2,99.27,31.0484,,,,,,,842447000,,9.02,,110.34,82.79
2025-12-28,AXS,12.08,6301015000.0,9.02,,0.648,75.51,,,,,,,,,,,,,,,None,584911000,584911000,,,,,,None,2153000,,1.76,0.0162,,,,0.833,0.77,141080000,143233000,2.48,2010-03-31,8.16,,1937581000.0,232702000,132392000,11361000,,,None,8688000,None,,None,,,,,121031000,0,None,None,0.223,,100310000,132392000,,,,,None,,,,,-10.28,1.443,1.352,,,,,,,,0.161,,,2025-10-29,quarterly,3.25,USD,post-market,0,,0.0232,0.163,0.039,78.64,99769000,,,,98.2,99.27,31.0484,,,,,,,817613000,,9.02,,110.34,82.79
2025-12-28,AXS,12.08,6301015000.0,9.02,,0.648,75.51,,,,,,,,,,,,,,,None,448299000,448299000,,,,,,None,3084000,,1.76,0.0162,,,,0.833,0.77,316634000,319718000,2.48,2009-12-31,8.16,,1937581000.0,419258000,308472000,17190000,,,None,8162000,None,,None,,,,,291282000,0,None,None,0.223,,110786000,308472000,,,,,None,,,,,-10.28,1.443,1.352,,,,,,,,0.161,,,2025-10-29,quarterly,3.25,USD,post-market,0,,0.0232,0.163,0.039,78.64,104642000,,,,98.2,99.27,31.0484,,,,,,,867557000,,9.02,,110.34,82.79
2025-12-28,AXS,12.08,6301015000.0,9.02,,0.648,75.51,,,,,,,,,,,,,,,None,424532000,424532000,,,,,,None,4966000,,1.76,0.0162,,,,0.833,0.77,-71615000,-66649000,2.48,2009-09-30,8.16,,1937581000.0,27178000,-79592000,7082000,,,None,7977000,None,,None,,,,,-86674000,0,None,None,0.223,,106770000,-79592000,,,,,None,,,,,-10.28,1.443,1.352,,,,,,,,0.161,,,2025-10-29,quarterly,3.25,USD,post-market,0,,0.0232,0.163,0.039,78.64,92009000,,,,98.2,99.27,31.0484,,,,,,,451710000,,9.02,,110.34,82.79
2025-12-28,AXS,12.08,6301015000.0,9.02,,0.648,75.51,,,,,,,,,,,,,,,None,481561000,481561000,,,,,,None,3483000,,1.76,0.0162,,,,0.833,0.77,188357000,191840000,2.48,2009-06-30,8.16,,1937581000.0,299490000,180386000,12006000,,,None,7971000,None,,None,,,,,168380000,0,None,None,0.223,,119104000,180386000,,,,,None,,,,,-10.28,1.443,1.352,,,,,,,,0.161,,,2025-10-29,quarterly,3.25,USD,post-market,0,,0.0232,0.163,0.039,78.64,86949000,,,,98.2,99.27,31.0484,,,,,,,781051000,,9.02,,110.34,82.79
2025-12-28,AXS,12.08,6301015000.0,9.02,,0.648,75.51,,,,,,,,,,,,,,,None,489975000,489975000,,,,,,None,3201000,,1.76,0.0162,,,,0.833,0.77,138516000,141717000,2.48,2009-03-31,8.16,,1937581000.0,224684000,130595000,5697000,,,None,7921000,None,,None,,,,,124898000,0,None,None,0.223,,94089000,130595000,,,,,None,,,,,-10.28,1.443,1.352,,,,,,,,0.161,,,2025-10-29,quarterly,3.25,USD,post-market,0,,0.0232,0.163,0.039,78.64,86557000,,,,98.2,99.27,31.0484,,,,,,,714659000,,9.02,,110.34,82.79
2025-12-28,AXS,12.08,6301015000.0,9.02,,0.648,75.51,,,,,,,,,,,,,,,None,357753000,357753000,,,,,,None,3052000,,1.76,0.0162,,,,0.833,0.77,156516000,159568000,2.48,2008-12-31,8.16,,1937581000.0,221502000,148632000,8555000,,,None,7884000,None,,None,,,,,140077000,0,None,None,0.223,,72870000,148632000,,,,,None,,,,,-10.28,1.443,1.352,,,,,,,,0.161,,,2025-10-29,quarterly,3.25,USD,post-market,0,,0.0232,0.163,0.039,78.64,87333000,,,,98.2,99.27,31.0484,,,,,,,579255000,,9.02,,110.34,82.79
2025-12-28,AXS,12.08,6301015000.0,9.02,,0.648,75.51,,,,,,,,,,,,,,,None,795864000,795864000,,,,,,None,2660000,,1.76,0.0162,,,,0.833,0.77,-237291000,-234631000,2.48,2008-09-30,8.16,,1937581000.0,-158196000,-245232000,-5104000,,,None,7941000,None,,None,,,,,-240128000,0,None,None,0.223,,87036000,-245232000,,,,,None,,,,,-10.28,1.443,1.352,,,,,,,,0.161,,,2025-10-29,quarterly,3.25,USD,post-market,0,,0.0232,0.163,0.039,78.64,86722000,,,,98.2,99.27,31.0484,,,,,,,637668000,,9.02,,110.34,82.79
2025-12-28,AXS,12.08,6301015000.0,9.02,,0.648,75.51,,,,,,,,,,,,,,,None,469497000,469497000,,,,,,None,-311000,,1.76,0.0162,,,,0.833,0.77,252575000,252264000,2.48,2008-06-30,8.16,,1937581000.0,342092000,244685000,4199000,,,None,7890000,None,,None,,,,,240486000,0,None,None,0.223,,97407000,244685000,,,,,None,,,,,-10.28,1.443,1.352,,,,,,,,0.161,,,2025-10-29,quarterly,3.25,USD,post-market,0,,0.0232,0.163,0.039,78.64,82953000,,,,98.2,99.27,31.0484,,,,,,,811589000,,9.02,,110.34,82.79
2025-12-28,AXS,12.08,6301015000.0,9.02,,0.648,75.51,,,,,,,,,,,,,,,None,456161000,456161000,,,,,,None,5914000,,1.76,0.0162,,,,0.833,0.77,267358000,273272000,2.48,2008-03-31,8.16,,1937581000.0,325811000,259400000,12459000,,,None,7958000,None,,None,,,,,246941000,0,None,None,0.223,,66411000,259400000,,,,,None,,,,,-10.28,1.443,1.352,,,,,,,,0.161,,,2025-10-29,quarterly,3.25,USD,post-market,0,,0.0232,0.163,0.039,78.64,78750000,,,,98.2,99.27,31.0484,,,,,,,781972000,,9.02,,110.34,82.79
2025-12-28,AXS,12.08,6301015000.0,9.02,,0.648,75.51,,,,,,,,,,,,,,,None,381120000,381120000,,,,,,None,11407000,,1.76,0.0162,,,,0.833,0.77,331762000,343169000,2.48,2007-12-31,8.16,,1937581000.0,424251000,323850000,8548000,,,None,7912000,None,,None,,,,,315302000,0,None,None,0.223,,100401000,323850000,,,,,None,,,,,-10.28,1.443,1.352,,,,,,,,0.161,,,2025-10-29,quarterly,3.25,USD,post-market,0,,0.0232,0.163,0.039,78.64,92838000,,,,98.2,99.27,31.0484,,,,,,,805371000,,9.02,,110.34,82.79
2025-12-28,AXS,12.08,6301015000.0,9.02,,0.648,75.51,,,,,,,,,,,,,,,None,428232000,428232000,,,,,,None,12700000,,1.76,0.0162,,,,0.833,0.77,303723000,316423000,2.48,2007-09-30,8.16,,1937581000.0,376334000,289794000,10677000,,,None,13929000,None,,None,,,,,279117000,0,None,None,0.223,,86540000,289794000,,,,,None,,,,,-10.28,1.443,1.352,,,,,,,,0.161,,,2025-10-29,quarterly,3.25,USD,post-market,0,,0.0232,0.163,0.039,78.64,79813000,,,,98.2,99.27,31.0484,,,,,,,804566000,,9.02,,110.34,82.79
2025-12-28,AXS,12.08,6301015000.0,9.02,,0.648,75.51,,,,,,,,,,,,,,,None,454468000,454468000,,,,,,None,3012000,,1.76,0.0162,,,,0.833,0.77,287504000,290516000,2.48,2007-06-30,8.16,,1937581000.0,349195000,273335000,12519000,,,None,14169000,None,,None,,,,,260816000,0,None,None,0.223,,75860000,273335000,,,,,None,,,,,-10.28,1.443,1.352,,,,,,,,0.161,,,2025-10-29,quarterly,3.25,USD,post-market,0,,0.0232,0.163,0.039,78.64,68574000,,,,98.2,99.27,31.0484,,,,,,,803663000,,9.02,,110.34,82.79
2025-12-28,AXS,12.08,6301015000.0,9.02,,0.648,75.51,,,,,,,,,,,,,,,None,490936000,490936000,,,,,,None,1854000,,1.76,0.0162,,,,0.833,0.77,261674000,263528000,2.48,2007-03-31,8.16,,1937581000.0,321889000,246530000,9747000,,,None,15144000,None,,None,,,,,236783000,0,None,None,0.223,,75359000,246530000,,,,,None,,,,,-10.28,1.443,1.352,,,,,,,,0.161,,,2025-10-29,quarterly,3.25,USD,post-market,0,,0.0232,0.163,0.039,78.64,62606000,,,,98.2,99.27,31.0484,,,,,,,812825000,,9.02,,110.34,82.79
2025-12-28,AXS,12.08,6301015000.0,9.02,,0.648,75.51,,,,,,,,,,,,,,,None,421065000,421065000,,,,,,None,-5388000,,1.76,0.0162,,,,0.833,0.77,308787000,303399000,2.48,2006-12-31,8.16,,1937581000.0,388567000,300472000,10302000,,,None,8315000,None,,None,,,,,290170000,0,None,None,0.223,,88095000,300472000,,,,,None,,,,,-10.28,1.443,1.352,,,,,,,,0.161,,,2025-10-29,quarterly,3.25,USD,post-market,0,,0.0232,0.163,0.039,78.64,86858000,,,,98.2,99.27,31.0484,,,,,,,809632000,,9.02,,110.34,82.79
2025-12-28,AXS,12.08,6301015000.0,9.02,,0.648,75.51,,,,,,,,,,,,,,,None,469573000,469573000,,,,,,None,6403000,,1.76,0.0162,,,,0.833,0.77,249868000,256271000,2.48,2006-09-30,8.16,,1937581000.0,321076000,241629000,6181000,,,None,8239000,None,,None,,,,,235448000,0,None,None,0.223,,79447000,241629000,,,,,None,,,,,-10.28,1.443,1.352,,,,,,,,0.161,,,2025-10-29,quarterly,3.25,USD,post-market,0,,0.0232,0.163,0.039,78.64,68470000,,,,98.2,99.27,31.0484,,,,,,,790649000,,9.02,,110.34,82.79
2025-12-28,AXS,12.08,6301015000.0,9.02,,0.648,75.51,,,,,,,,,,,,,,,None,473814000,473814000,,,,,,None,9921000,,1.76,0.0162,,,,0.833,0.77,248853000,258774000,2.48,2006-06-30,8.16,,1937581000.0,287609000,240538000,7912000,,,None,8315000,None,,None,,,,,232626000,0,None,None,0.223,,47071000,240538000,,,,,None,,,,,-10.28,1.443,1.352,,,,,,,,0.161,,,2025-10-29,quarterly,3.25,USD,post-market,0,,0.0232,0.163,0.039,78.64,57657000,,,,98.2,99.27,31.0484,,,,,,,761423000,,9.02,,110.34,82.79
2025-12-28,AXS,12.08,6301015000.0,9.02,,0.648,75.51,,,,,,,,,,,,,,,None,448362000,448362000,,,,,,None,10053000,,1.76,0.0162,,,,0.833,0.77,222348000,232401000,2.48,2006-03-31,8.16,,1937581000.0,268495000,214263000,9447000,,,None,8085000,None,,None,,,,,204816000,0,None,None,0.223,,54232000,214263000,,,,,None,,,,,-10.28,1.443,1.352,,,,,,,,0.161,,,2025-10-29,quarterly,3.25,USD,post-market,0,,0.0232,0.163,0.039,78.64,55411000,,,,98.2,99.27,31.0484,,,,,,,716857000,,9.02,,110.34,82.79
2025-12-28,AXS,12.08,6301015000.0,9.02,,0.648,75.51,,,,,,,,,,,,,,,None,444891000,444891000,,,,,,None,16863000,,1.76,0.0162,,,,0.833,0.77,250970000,267833000,2.48,2005-12-31,8.16,,1937581000.0,310196000,242780000,4909000,,,None,8190000,None,,None,,,,,237871000,0,None,None,0.223,,67416000,242780000,,,,,None,,,,,-10.28,1.443,1.352,,,,,,,,0.161,,,2025-10-29,quarterly,3.25,USD,post-market,0,,0.0232,0.163,0.039,78.64,57507000,,,,98.2,99.27,31.0484,,,,,,,755087000,,9.02,,110.34,82.79
2025-12-28,AXS,12.08,6301015000.0,9.02,,0.648,75.51,,,,,,,,,,,,,,,None,1099706000,1099706000,,,,,,None,7777000,,1.76,0.0162,,,,0.833,0.77,-468040000,-460263000,2.48,2005-09-30,8.16,,1937581000.0,-422076000,-476400000,-8325000,,,None,8360000,None,,None,,,,,-468075000,0,None,None,0.223,,54324000,-476400000,,,,,None,,,,,-10.28,1.443,1.352,,,,,,,,0.161,,,2025-10-29,quarterly,3.25,USD,post-market,0,,0.0232,0.163,0.039,78.64,44237000,,,,98.2,99.27,31.0484,,,,,,,677630000,,9.02,,110.34,82.79
2025-12-28,AXS,12.08,6301015000.0,9.02,,0.648,75.51,,,,,,,,,,,,,,,None,4229038000,4229038000,,,,,,None,55306000,,1.76,0.0162,,,,0.833,0.77,1076004000,1131310000,2.48,2024-12-31,8.16,,1937581000.0,1789773000,1026191000,-55595000,,,None,67766000,16944000,,None,,,,,1081786000,1081786000,-67766000,None,0.223,,781535000,1008238000,,,,,None,,,,,-10.28,1.443,1.352,,,,,,,,0.161,,,2025-10-29,annual,3.25,USD,post-market,None,,0.0232,0.163,0.039,78.64,666202000,,,,98.2,99.27,31.0484,,,,,,,6018811000,,9.02,,110.34,82.79
2025-12-28,AXS,12.08,6301015000.0,9.02,,0.648,75.51,,,,,,,,,,,,,,,None,4394047000,4394047000,,,,,,None,75552000,,1.76,0.0162,,,,0.833,0.77,466866000,542418000,2.48,2023-12-31,8.16,,1937581000.0,1196472000,402608000,26316000,,,None,68421000,126536000,,None,,,,,376292000,567361000,-66503000,None,0.223,,798027000,398445000,,,,,None,,,,,-10.28,1.443,1.352,,,,,,,,0.161,,,2025-10-29,annual,3.25,USD,post-market,None,,0.0232,0.163,0.039,78.64,684446000,,,,98.2,99.27,31.0484,,,,,,,5590519000,,9.02,,110.34,82.79
2025-12-28,AXS,12.08,6301015000.0,9.02,,0.648,75.51,,,,,,,,,,,,,,,None,4264427000,4264427000,,,,,,None,68288000,,1.76,0.0162,,,,0.833,0.77,306271000,374559000,2.48,2022-12-31,8.16,,1937581000.0,1040378000,245120000,22037000,,,None,63146000,94799000,,None,,,,,223083000,223083000,-63146000,None,0.223,,797253000,243125000,,,,,None,,,,,-10.28,1.443,1.352,,,,,,,,0.161,,,2025-10-29,annual,3.25,USD,post-market,None,,0.0232,0.163,0.039,78.64,680343000,,,,98.2,99.27,31.0484,,,,,,,5304805000,,9.02,,110.34,82.79
2025-12-28,AXS,12.08,6301015000.0,9.02,,0.648,75.51,,,,,,,,,,,,,,,None,3930617000,3930617000,,,,,,None,66977000,,1.76,0.0162,,,,0.833,0.77,711211000,778188000,2.48,2021-12-31,8.16,,1937581000.0,1390782000,680993000,62384000,,,None,62302000,62617000,,None,,,,,618609000,618609000,-62302000,None,0.223,,741873000,648909000,,,,,32084000,,,,,-10.28,1.443,1.352,,,,,,,,0.161,,,2025-10-29,annual,3.25,USD,post-market,None,,0.0232,0.163,0.039,78.64,663304000,,,,98.2,99.27,31.0484,,,,,,,5321399000,,9.02,,110.34,82.79
2025-12-28,AXS,12.08,6301015000.0,9.02,,0.648,75.51,,,,,,,,,,,,,,,None,4210769000,4210769000,,,,,,None,65797000,,1.76,0.0162,,,,0.833,0.77,-54084000,11713000,2.48,2020-12-31,8.16,,1937581000.0,550439000,-132745000,-12321000,,,None,75049000,156118000,,None,,,,,-120424000,-116812000,-75049000,None,0.223,,679572000,-129133000,,,,,-3612000,,,,,-10.28,1.443,1.352,,,,,,,,0.161,,,2025-10-29,annual,3.25,USD,post-market,None,,0.0232,0.163,0.039,78.64,579790000,,,,98.2,99.27,31.0484,,,,,,,4761208000,,9.02,,110.34,82.79
2025-12-28,AXS,12.08,6301015000.0,9.02,,0.648,75.51,,,,,,,,,,,,,,,None,4069380000,4069380000,,,,,,None,75229000,,1.76,0.0162,,,,0.833,0.77,405554000,480783000,2.48,2019-12-31,8.16,,1937581000.0,1116088000,337447000,23692000,,,None,68107000,66744000,,None,,,,,323473000,313755000,-68107000,None,0.223,,778641000,337447000,,,,,9718000,,,,,-10.28,1.443,1.352,,,,,,,,0.161,,,2025-10-29,annual,3.25,USD,post-market,None,,0.0232,0.163,0.039,78.64,634831000,,,,98.2,99.27,31.0484,,,,,,,5185468000,,9.02,,110.34,82.79
2025-12-28,AXS,12.08,6301015000.0,9.02,,0.648,75.51,,,,,,,,,,,,,,,None,4159122000,4159122000,,,,,,None,9795000,,1.76,0.0162,,,,0.833,0.77,79974000,89769000,2.48,2018-12-31,8.16,,1937581000.0,960449000,12542000,-29486000,,,None,67432000,41776000,,None,,,,,43021000,42028000,-67432000,None,0.223,,947907000,12542000,,,,,993000,,,,,-10.28,1.443,1.352,,,,,,,,0.161,,,2025-10-29,annual,3.25,USD,post-market,0,,0.0232,0.163,0.039,78.64,627389000,,,,98.2,99.27,31.0484,,,,,,,5119571000,,9.02,,110.34,82.79
2025-12-28,AXS,12.08,6301015000.0,9.02,,0.648,75.51,,,,,,,,,,,,,,,None,4111363000,4111363000,,,,,,None,31367000,,1.76,0.0162,,,,0.833,0.77,-313298000,-281931000,2.48,2017-12-31,8.16,,1937581000.0,330451000,-368109000,-7542000,,,None,54811000,189548000,,None,,,,,-368969000,-360567000,-54811000,None,0.223,,698560000,-368109000,,,,,-8402000,,,,,-10.28,1.443,1.352,,,,,,,,0.161,,,2025-10-29,annual,3.25,USD,post-market,0,,0.0232,0.163,0.039,78.64,579428000,,,,98.2,99.27,31.0484,,,,,,,4441814000,,9.02,,110.34,82.79
2025-12-28,AXS,12.08,6301015000.0,9.02,,0.648,75.51,,,,,,,,,,,,,,,None,2951073000,2951073000,,,,,,None,24573000,,1.76,0.0162,,,,0.833,0.77,573162000,597735000,2.48,2016-12-31,8.16,,1937581000.0,1175879000,521802000,6340000,,,None,51360000,69935000,,None,,,,,513368000,513368000,-51360000,None,0.223,,654077000,521802000,,,,,-2094000,,,,,-10.28,1.443,1.352,,,,,,,,0.161,,,2025-10-29,annual,3.25,USD,post-market,0,,0.0232,0.163,0.039,78.64,602717000,,,,98.2,99.27,31.0484,,,,,,,4126952000,,9.02,,110.34,82.79
2025-12-28,AXS,12.08,6301015000.0,9.02,,0.648,75.51,,,,,,,,,,,,,,,None,2894311000,2894311000,,,,,,None,26341000,,1.76,0.0162,,,,0.833,0.77,695622000,721963000,2.48,2015-12-31,8.16,,1937581000.0,1338310000,644659000,3028000,,,None,50963000,51349000,,None,,,,,641631000,641631000,None,None,0.223,,693651000,644659000,,,,,None,,,,,-10.28,1.443,1.352,,,,,,,,0.161,,,2025-10-29,annual,3.25,USD,post-market,0,,0.0232,0.163,0.039,78.64,596821000,,,,98.2,99.27,31.0484,,,,,,,4232621000,,9.02,,110.34,82.79
2025-12-28,AXS,12.08,6301015000.0,9.02,,0.648,75.51,,,,,,,,,,,,,,,None,2923919000,2923919000,,,,,,None,24970000,,1.76,0.0162,,,,0.833,0.77,905167000,930137000,2.48,2014-12-31,8.16,,1937581000.0,1527043000,830472000,25908000,,,None,74695000,None,,None,,,,,810745000,804564000,None,None,0.223,,696571000,830472000,,,,,None,,,,,-10.28,1.443,1.352,,,,,,,,0.161,,,2025-10-29,annual,3.25,USD,post-market,0,,0.0232,0.163,0.039,78.64,621876000,,,,98.2,99.27,31.0484,,,,,,,4450962000,,9.02,,110.34,82.79
2025-12-28,AXS,12.08,6301015000.0,9.02,,0.648,75.51,,,,,,,,,,,,,,,None,2798386000,2798386000,,,,,,None,23272000,,1.76,0.0162,,,,0.833,0.77,796446000,819718000,2.48,2013-12-31,8.16,,1937581000.0,1371836000,734467000,7002000,,,None,61979000,None,,None,,,,,727465000,727465000,None,None,0.223,,637369000,734467000,,,,,None,,,,,-10.28,1.443,1.352,,,,,,,,0.161,,,2025-10-29,annual,3.25,USD,post-market,0,,0.0232,0.163,0.039,78.64,575390000,,,,98.2,99.27,31.0484,,,,,,,4170222000,,9.02,,110.34,82.79
2025-12-28,AXS,12.08,6301015000.0,9.02,,0.648,75.51,,,,,,,,,,,,,,,None,2723681000,2723681000,,,,,,None,13821000,,1.76,0.0162,,,,0.833,0.77,612391000,626212000,2.48,2012-12-31,8.16,,1937581000.0,1173372000,550528000,3287000,,,None,61863000,None,,None,,,,,547241000,547241000,None,None,0.223,,622844000,550528000,,,,,None,,,,,-10.28,1.443,1.352,,,,,,,,0.161,,,2025-10-29,annual,3.25,USD,post-market,0,,0.0232,0.163,0.039,78.64,560981000,,,,98.2,99.27,31.0484,,,,,,,3897053000,,9.02,,110.34,82.79
2025-12-28,AXS,12.08,6301015000.0,9.02,,0.648,75.51,,,,,,,,,,,,,,,None,3262521000,3262521000,,,,,,None,16905000,,1.76,0.0162,,,,0.833,0.77,124136000,141041000,2.48,2011-12-31,8.16,,1937581000.0,583287000,61538000,15233000,,,None,62598000,None,,None,,,,,46305000,None,None,None,0.223,,521749000,61538000,,,,,None,,,,,-10.28,1.443,1.352,,,,,,,,0.161,,,2025-10-29,annual,3.25,USD,post-market,0,,0.0232,0.163,0.039,78.64,459151000,,,,98.2,99.27,31.0484,,,,,,,3845808000,,9.02,,110.34,82.79
2025-12-28,AXS,12.08,6301015000.0,9.02,,0.648,75.51,,,,,,,,,,,,,,,None,2165844000,2165844000,,,,,,None,14104000,,1.76,0.0162,,,,0.833,0.77,951279000,965383000,2.48,2010-12-31,8.16,,1937581000.0,1401164000,895403000,38680000,,,None,55876000,None,,None,,,,,856723000,856723000,None,None,0.223,,505761000,895403000,,,,,None,,,,,-10.28,1.443,1.352,,,,,,,,0.161,,,2025-10-29,annual,3.25,USD,post-market,0,,0.0232,0.163,0.039,78.64,449885000,,,,98.2,99.27,31.0484,,,,,,,3567008000,,9.02,,110.34,82.79
2025-12-28,AXS,12.08,6301015000.0,9.02,,0.648,75.51,,,,,,,,,,,,,,,None,1844367000,1844367000,,,,,,None,14734000,,1.76,0.0162,,,,0.833,0.77,571892000,586626000,2.48,2009-12-31,8.16,,1937581000.0,942049000,539861000,41975000,,,None,32031000,None,,None,,,,,497886000,None,None,None,0.223,,402188000,539861000,,,,,None,,,,,-10.28,1.443,1.352,,,,,,,,0.161,,,2025-10-29,annual,3.25,USD,post-market,None,,0.0232,0.163,0.039,78.64,370157000,,,,98.2,99.27,31.0484,,,,,,,2786416000,,9.02,,110.34,82.79
2025-12-28,AXS,12.08,6301015000.0,9.02,,0.648,75.51,,,,,,,,,,,,,,,None,2079275000,2079275000,,,,,,None,11315000,,1.76,0.0162,,,,0.833,0.77,439158000,450473000,2.48,2008-12-31,8.16,,1937581000.0,731209000,407485000,20109000,,,None,31673000,None,,None,,,,,387376000,None,None,None,0.223,,323724000,407485000,,,,,None,,,,,-10.28,1.443,1.352,,,,,,,,0.161,,,2025-10-29,annual,3.25,USD,post-market,None,,0.0232,0.163,0.039,78.64,335758000,,,,98.2,99.27,31.0484,,,,,,,2810484000,,9.02,,110.34,82.79
2025-12-28,AXS,12.08,6301015000.0,9.02,,0.648,75.51,,,,,,,,,,,,,,,None,1754757000,1754757000,,,,,,None,29111000,,1.76,0.0162,,,,0.833,0.77,1184662000,1213773000,2.48,2007-12-31,8.16,,1937581000.0,1471667000,1133509000,41491000,,,None,51153000,None,,None,,,,,1092018000,None,None,None,0.223,,338158000,1133509000,,,,,None,,,,,-10.28,1.443,1.352,,,,,,,,0.161,,,2025-10-29,annual,3.25,USD,post-market,None,,0.0232,0.163,0.039,78.64,303831000,,,,98.2,99.27,31.0484,,,,,,,3226424000,,9.02,,110.34,82.79
2025-12-28,AXS,12.08,6301015000.0,9.02,,0.648,75.51,,,,,,,,,,,,,,,None,1812814000,1812814000,,,,,,None,40593000,,1.76,0.0162,,,,0.833,0.77,1029856000,1070449000,2.48,2006-12-31,8.16,,1937581000.0,1265747000,996902000,33842000,,,None,32954000,None,,None,,,,,963060000,None,None,None,0.223,,268845000,996902000,,,,,None,,,,,-10.28,1.443,1.352,,,,,,,,0.161,,,2025-10-29,annual,3.25,USD,post-market,None,,0.0232,0.163,0.039,78.64,268396000,,,,98.2,99.27,31.0484,,,,,,,3078561000,,9.02,,110.34,82.79
2025-12-28,AXS,12.08,6301015000.0,9.02,,0.648,75.51,,,,,,,,,,,,,,,None,2388512000,2388512000,,,,,,None,41283000,,1.76,0.0162,,,,0.833,0.77,132954000,174237000,2.48,2005-12-31,8.16,,1937581000.0,399886000,100507000,6067000,,,None,32447000,None,,None,,,,,94440000,None,None,None,0.223,,299379000,100507000,,,,,None,,,,,-10.28,1.443,1.352,,,,,,,,0.161,,,2025-10-29,annual,3.25,USD,post-market,None,,0.0232,0.163,0.039,78.64,212842000,,,,98.2,99.27,31.0484,,,,,,,2788398000,,9.02,,110.34,82.79
2025-12-28,AXS,12.08,6301015000.0,9.02,None,0.648,75.51,,108960000,825898000,825898000,,,,,,,,,2206000,79329000,None,2388512000,2388512000,1855349000,None,None,13497404000,None,None,41283000,,1.76,0.0162,,,,0.833,0.77,132954000,174237000,2.48,2025-09-30,8.16,66498000,1937581000.0,399886000,100507000,6067000,168446000,168446000,None,32447000,None,None,None,None,1382701000,None,14173207000,94440000,None,None,None,0.223,,299379000,100507000,-19203814000,-1855349000,None,None,None,,,,,-10.28,1.443,1.352,,,,,,,,0.161,,92706000,2025-10-29,quarterly,3.25,USD,post-market,None,7932969000,0.0232,0.163,0.039,78.64,212842000,1491661000,108960000,4880512000,98.2,99.27,31.0484,34336325000,1475798000,108960000,27969316000,327650000,27860356000,2788398000,6367009000,9.02,None,110.34,82.79
2025-12-28,AXS,12.08,6301015000.0,9.02,None,0.648,75.51,,106544000,852052000,852052000,,,,,,,,,2206000,79329000,None,2388512000,2388512000,1932269000,None,None,13889225000,None,None,41283000,,1.76,0.0162,,,,0.833,0.77,132954000,174237000,2.48,2025-06-30,8.16,66498000,1937581000.0,399886000,100507000,6067000,170842000,170842000,None,32447000,None,None,None,None,1382316000,None,13429437000,94440000,None,None,None,0.223,,299379000,100507000,-19570631000,-1932269000,None,None,None,,,,,-10.28,1.443,1.352,,,,,,,,0.161,,89421000,2025-10-29,quarterly,3.25,USD,post-market,None,7673246000,0.0232,0.163,0.039,78.64,212842000,1488860000,106544000,4829354000,98.2,99.27,31.0484,34151036000,1517707000,106544000,27976638000,326761000,27870094000,2788398000,6174398000,9.02,None,110.34,82.79
2025-12-28,AXS,12.08,6301015000.0,9.02,None,0.648,75.51,,107289000,2757213000,2757213000,,,,,,,,,2206000,82378000,None,2388512000,2388512000,1883746000,None,None,11349031000,None,None,41283000,,1.76,0.0162,,,,0.833,0.77,132954000,174237000,2.48,2025-03-31,8.16,66498000,1937581000.0,399886000,100507000,6067000,173238000,173238000,None,32447000,None,None,None,None,1381935000,None,13135000000,94440000,None,None,None,0.223,,299379000,100507000,6865943000,None,None,None,None,,,,,-10.28,1.443,1.352,,,,,,,,0.161,,92299000,2025-10-29,quarterly,3.25,USD,post-market,None,7492484000,0.0232,0.163,0.039,78.64,212842000,1489224000,0,91330000,98.2,99.27,31.0484,33249174000,21063517000,1883746000,27346375000,12185657000,25462629000,2788398000,5902799000,9.02,None,110.34,82.79
2025-12-28,AXS,12.08,6301015000.0,9.02,None,0.648,75.51,,106614000,2143471000,2143471000,,,,,,,,,2206000,85176000,None,2388512000,2388512000,1713798000,None,None,10674244000,None,None,41283000,,1.76,0.0162,,,,0.833,0.77,132954000,174237000,2.48,2024-12-31,8.16,66498000,1937581000.0,399886000,100507000,6067000,175967000,175967000,None,32447000,None,None,None,None,1381559000,None,13606087000,94440000,None,None,None,0.223,,299379000,100507000,-17594068000,-1713798000,None,None,None,,,,,-10.28,1.443,1.352,,,,,,,,0.161,,92516000,2025-10-29,quarterly,3.25,USD,post-market,None,7341569000,0.0232,0.163,0.039,78.64,212842000,1488173000,17787000,4776353000,98.2,99.27,31.0484,32520293000,19531047000,1713798000,26430914000,12989246000,24717116000,2788398000,6089379000,9.02,None,110.34,82.79
2025-12-28,AXS,12.08,6301015000.0,9.02,None,0.648,75.51,,115176000,981003000,981003000,,,,,,,,,2206000,85000000,None,2388512000,2388512000,1828297000,None,None,10821886000,None,None,41283000,,1.76,0.0162,,,,0.833,0.77,132954000,174237000,2.48,2024-09-30,8.16,100801000,1937581000.0,399886000,100507000,6067000,178696000,178696000,None,32447000,None,-12421079000,None,None,1390386000,None,15202382000,94440000,None,None,None,0.223,,299379000,100507000,-16946246000,-1828297000,None,None,None,,,,,-10.28,1.443,1.352,,,,,,,,0.161,,97912000,2025-10-29,quarterly,3.25,USD,post-market,None,7092817000,0.0232,0.163,0.039,78.64,212842000,1505562000,115176000,5143357000,98.2,99.27,31.0484,32722648000,18967198000,1828297000,26639421000,13755450000,24811124000,2788398000,6083227000,9.02,None,110.34,82.79
2025-12-28,AXS,12.08,6301015000.0,9.02,None,0.648,75.51,,116264000,1092567000,1092567000,,,,,,,,,2206000,85326000,None,2388512000,2388512000,2005126000,None,None,10892133000,None,None,41283000,,1.76,0.0162,,,,0.833,0.77,132954000,174237000,2.48,2024-06-30,8.16,100801000,1937581000.0,399886000,100507000,6067000,181426000,181426000,None,32447000,None,-1830646000,None,None,1400228000,None,14063969000,94440000,None,None,None,0.223,,299379000,100507000,2113364000,-2005126000,None,None,None,,,,,-10.28,1.443,1.352,,,,,,,,0.161,,None,2025-10-29,quarterly,3.25,USD,post-market,None,6957185000,0.0232,0.163,0.039,78.64,212842000,1516492000,116264000,4541388000,98.2,99.27,31.0484,32078882000,18639452000,2005126000,26419411000,13439430000,24414285000,2788398000,5659471000,9.02,None,110.34,82.79
2025-12-28,AXS,12.08,6301015000.0,9.02,None,0.648,75.51,,119124000,1143951000,1143951000,,,,,,,,,2206000,85693000,None,2388512000,2388512000,1909309000,None,None,10605907000,None,None,41283000,,1.76,0.0162,,,,0.833,0.77,132954000,174237000,2.48,2024-03-31,8.16,100801000,1937581000.0,399886000,100507000,6067000,184155000,184155000,None,32447000,None,-16117075000,None,None,1399864000,None,13803003000,94440000,None,None,None,0.223,,299379000,100507000,-16117075000,-1909309000,None,None,None,,,,,-10.28,1.443,1.352,,,,,,,,0.161,,None,2025-10-29,quarterly,3.25,USD,post-market,None,6790558000,0.0232,0.163,0.039,78.64,212842000,1518988000,None,4367217000,98.2,99.27,31.0484,31758690000,18177792000,1909309000,26253535000,13580898000,24344226000,2788398000,5505155000,9.02,None,110.34,82.79
2025-12-28,AXS,12.08,6301015000.0,9.02,None,0.648,75.51,,123101000,953476000,953476000,,,,,,,,,2206000,85268000,None,2388512000,2388512000,1792719000,None,None,10081306000,None,None,41283000,,1.76,0.0162,,,,0.833,0.77,132954000,174237000,2.48,2023-12-31,8.16,100801000,1937581000.0,399886000,100507000,6067000,186883000,186883000,None,32447000,None,-15386511000,None,None,1399504000,None,13701399000,94440000,None,None,None,0.223,,299379000,100507000,-15386511000,-1792719000,None,None,None,,,,,-10.28,1.443,1.352,,,,,,,,0.161,,None,2025-10-29,quarterly,3.25,USD,post-market,None,6440528000,0.0232,0.163,0.039,78.64,212842000,1522605000,17543000,4351729000,98.2,99.27,31.0484,30250672000,17302598000,18252830000,24987476000,12948074000,24987476000,2788398000,5263196000,9.02,None,110.34,82.79
2025-12-28,AXS,12.08,6301015000.0,9.02,None,0.648,75.51,,116547000,889574000,889574000,,,,,,,,,2206000,86108000,None,2388512000,2388512000,1900188000,None,None,9950630000,None,None,41283000,,1.76,0.0162,,,,0.833,0.77,132954000,174237000,2.48,2023-09-30,8.16,100801000,1937581000.0,399886000,100507000,6067000,189612000,189612000,None,32447000,None,-11333904000,None,None,1399148000,None,13270841000,94440000,None,None,None,0.223,,299379000,100507000,-15320760000,-1900188000,None,None,None,,,,,-10.28,1.443,1.352,,,,,,,,0.161,,104240000,2025-10-29,quarterly,3.25,USD,post-market,None,6628179000,0.0232,0.163,0.039,78.64,212842000,1515695000,0,4480556000,98.2,99.27,31.0484,29472524000,22679531000,1900188000,24439316000,13665494000,24439316000,2788398000,5033208000,9.02,None,110.34,82.79
2025-12-28,AXS,12.08,6301015000.0,9.02,None,0.648,75.51,,121922000,1173925000,1173925000,,,,,,,,,2206000,85812000,None,2388512000,2388512000,1783610000,None,None,9932822000,None,None,41283000,,1.76,0.0162,,,,0.833,0.77,132954000,174237000,2.48,2023-06-30,8.16,100801000,1937581000.0,399886000,100507000,6067000,192342000,192342000,None,32447000,None,-11497374000,None,None,1313006000,None,14652217000,94440000,None,None,None,0.223,,299379000,100507000,-15454068000,-1783610000,None,22899891000,None,,,,,-10.28,1.443,1.352,,,,,,,,0.161,,108511000,2025-10-29,quarterly,3.25,USD,post-market,None,6485901000,0.0232,0.163,0.039,78.64,212842000,1520718000,0,4347321000,98.2,99.27,31.0484,29315693000,22717426000,1783610000,24294732000,13474518000,1520718000,2788398000,5020961000,9.02,None,110.34,82.79
2025-12-28,AXS,12.08,6301015000.0,9.02,None,0.648,75.51,,99130000,816917000,816917000,,,,,,,,,2206000,85853000,None,2388512000,2388512000,1574608000,None,None,9640650000,None,None,41283000,,1.76,0.0162,,,,0.833,0.77,132954000,174237000,2.48,2023-03-31,8.16,100801000,1937581000.0,399886000,100507000,6067000,195071000,195071000,None,32447000,None,-32060583000,None,None,1312658000,None,14778095000,94440000,None,None,None,0.223,,299379000,100507000,-14813638000,-1574608000,None,22213379000,None,,,,,-10.28,1.443,1.352,,,,,,,,0.161,,88155000,2025-10-29,quarterly,3.25,USD,post-market,None,6381201000,0.0232,0.163,0.039,78.64,212842000,1497578000,99130000,4356071000,98.2,99.27,31.0484,28564977000,985316000,99130000,23604748000,384027000,23505618000,2788398000,4960229000,9.02,None,110.34,82.79
2025-12-28,AXS,12.08,6301015000.0,9.02,None,0.648,75.51,,102577000,751415000,751415000,,,,,,,,,2206000,85655000,None,2388512000,2388512000,1609924000,None,None,9214782000,None,None,41283000,,1.76,0.0162,,,,0.833,0.77,132954000,174237000,2.48,2022-12-31,8.16,100801000,1937581000.0,399886000,100507000,6067000,197800000,197800000,None,32447000,None,-10459745000,None,None,1312314000,None,12729096000,94440000,None,None,None,0.223,,299379000,100507000,-14160103000,-1609924000,None,None,None,,,,,-10.28,1.443,1.352,,,,,,,,0.161,,92214000,2025-10-29,quarterly,3.25,USD,post-market,None,6247022000,0.0232,0.163,0.039,78.64,212842000,1496279000,102577000,4193906000,98.2,99.27,31.0484,27682971000,21363401000,1522764000,23043061000,13119911000,1522764000,2788398000,4639910000,9.02,None,110.34,82.79
2025-12-28,AXS,12.08,6301015000.0,9.02,None,0.648,75.51,,103345000,1210321000,1210321000,,,,,,,,,2206000,84660000,None,2388512000,2388512000,1569946000,None,None,8555467000,None,None,41283000,,1.76,0.0162,,,,0.833,0.77,132954000,174237000,2.48,2022-09-30,8.16,100801000,1937581000.0,399886000,100507000,6067000,200529000,200529000,None,32447000,None,-29159598000,None,None,1312633000,None,13877946000,94440000,None,None,None,0.223,,299379000,100507000,-20630401000,-1569946000,None,21384741000,None,,,,,-10.28,1.443,1.352,,,,,,,,0.161,,96631000,2025-10-29,quarterly,3.25,USD,post-market,None,6244268000,0.0232,0.163,0.039,78.64,212842000,1496518000,103345000,10864613000,98.2,99.27,31.0484,27119753000,1941792000,103345000,22776330000,549294000,22672985000,2788398000,4343423000,9.02,None,110.34,82.79
2025-12-28,AXS,12.08,6301015000.0,9.02,None,0.648,75.51,,105129000,844910000,844910000,,,,,,,,,2206000,85843000,None,2388512000,2388512000,1624184000,None,None,8777607000,None,None,41283000,,1.76,0.0162,,,,0.833,0.77,132954000,174237000,2.48,2022-06-30,8.16,100801000,1937581000.0,399886000,100507000,6067000,203259000,203259000,None,32447000,None,-29759205000,None,None,1311637000,None,14404606000,94440000,None,None,None,0.223,,299379000,100507000,-20992882000,-1624184000,None,21418238000,None,,,,,-10.28,1.443,1.352,,,,,,,,0.161,,94451000,2025-10-29,quarterly,3.25,USD,post-market,None,6298680000,0.0232,0.163,0.039,78.64,212842000,1416766000,105129000,11370365000,98.2,99.27,31.0484,27619427000,1574895000,105129000,22916796000,557404000,22811667000,2788398000,4702631000,9.02,None,110.34,82.79
2025-12-28,AXS,12.08,6301015000.0,9.02,None,0.648,75.51,,113340000,987111000,987111000,,,,,,,,,2206000,85808000,None,2388512000,2388512000,1522258000,None,None,8853476000,None,None,41283000,,1.76,0.0162,,,,0.833,0.77,132954000,174237000,2.48,2022-03-31,8.16,100801000,1937581000.0,399886000,100507000,6067000,205988000,205988000,None,32447000,None,-30318488000,None,None,1311304000,None,14388282000,94440000,None,None,None,0.223,,299379000,100507000,-21366996000,-1522258000,None,21249430000,None,,,,,-10.28,1.443,1.352,,,,,,,,0.161,,98837000,2025-10-29,quarterly,3.25,USD,post-market,None,6308712000,0.0232,0.163,0.039,78.64,212842000,1424644000,113340000,11526409000,98.2,99.27,31.0484,27808558000,1679080000,113340000,22688018000,563469000,22574678000,2788398000,5120540000,9.02,None,110.34,82.79
2025-12-28,AXS,12.08,6301015000.0,9.02,None,0.648,75.51,,119512000,844592000,844592000,,,,,,,,,2206000,85591000,None,2388512000,2388512000,1324620000,None,None,8351407000,None,None,41283000,,1.76,0.0162,,,,0.833,0.77,132954000,174237000,2.48,2021-12-31,8.16,100801000,1937581000.0,399886000,100507000,6067000,208717000,208717000,None,32447000,None,-9700160000,None,None,1310975000,None,13592247000,94440000,None,None,None,0.223,,299379000,100507000,-13864088000,-1324620000,None,20615796000,None,,,,,-10.28,1.443,1.352,,,,,,,,0.161,,103295000,2025-10-29,quarterly,3.25,USD,post-market,None,6204745000,0.0232,0.163,0.039,78.64,212842000,1430487000,119512000,4668089000,98.2,99.27,31.0484,27368970000,21540262000,1324620000,21958314000,14005060000,1430487000,2788398000,5410656000,9.02,-3749010000,110.34,82.79
2025-12-28,AXS,12.08,6301015000.0,9.02,None,0.648,75.51,,123874000,947542000,947542000,,,,,,,,,2206000,85336000,None,2388512000,2388512000,1442729000,None,None,8539595000,None,None,41283000,,1.76,0.0162,,,,0.833,0.77,132954000,174237000,2.48,2021-09-30,8.16,100801000,1937581000.0,399886000,100507000,6067000,211557000,211557000,None,32447000,None,-30965197000,None,None,1310650000,None,13630007000,94440000,None,None,None,0.223,,299379000,100507000,-21936363000,-1442729000,None,21050359000,None,,,,,-10.28,1.443,1.352,,,,,,,,0.161,,107791000,2025-10-29,quarterly,3.25,USD,post-market,None,6044843000,0.0232,0.163,0.039,78.64,212842000,1434524000,123874000,12449226000,98.2,99.27,31.0484,27935137000,1078232000,123874000,22600082000,14050156000,1434524000,2788398000,5335055000,9.02,-3749011000,110.34,82.79
2025-12-28,AXS,12.08,6301015000.0,9.02,None,0.648,75.51,,130174000,999899000,999899000,,,,,,,,,2206000,85267000,None,2388512000,2388512000,1409772000,None,None,8554297000,None,None,41283000,,1.76,0.0162,,,,0.833,0.77,132954000,174237000,2.48,2021-06-30,8.16,100801000,1937581000.0,399886000,100507000,6067000,214286000,214286000,None,32447000,None,None,None,None,1310328000,None,13135897000,94440000,None,None,None,0.223,,299379000,100507000,-7547056000,-1409772000,None,20675747000,None,,,,,-10.28,1.443,1.352,,,,,,,,0.161,,112444000,2025-10-29,quarterly,3.25,USD,post-market,None,6034151000,0.0232,0.163,0.039,78.64,212842000,1440502000,1310328000,12011162000,98.2,99.27,31.0484,27581730000,14018302000,1409772000,22191970000,13563428000,1440502000,2788398000,5389760000,9.02,-3749202000,110.34,82.79
2025-12-28,AXS,12.08,6301015000.0,9.02,None,0.648,75.51,,134002000,895932000,895932000,,,,,,,,,2206000,84965000,None,2388512000,2388512000,1231403000,None,None,8422457000,None,None,41283000,,1.76,0.0162,,,,0.833,0.77,132954000,174237000,2.48,2021-03-31,8.16,100801000,1937581000.0,399886000,100507000,6067000,216904000,216904000,None,32447000,None,None,None,None,1310009000,None,14471374000,94440000,None,None,None,0.223,,299379000,100507000,-7571316000,-1231403000,None,20209503000,None,,,,,-10.28,1.443,1.352,,,,,,,,0.161,,116693000,2025-10-29,quarterly,3.25,USD,post-market,None,5842850000,0.0232,0.163,0.039,78.64,212842000,1444011000,1310009000,11914310000,98.2,99.27,31.0484,27085827000,13661383000,1231403000,21909437000,13424444000,1444011000,2788398000,5176390000,9.02,-3749674000,110.34,82.79
2025-12-28,AXS,12.08,6301015000.0,9.02,None,0.648,75.51,,140263000,902831000,902831000,,,,,,,,,2206000,84341000,None,2388512000,2388512000,1092042000,None,None,7736354000,None,None,41283000,,1.76,0.0162,,,,0.833,0.77,132954000,174237000,2.48,2020-12-31,8.16,100801000,1937581000.0,399886000,100507000,6067000,223487000,223487000,None,32447000,None,None,None,None,1309695000,None,14323816000,94440000,None,None,None,0.223,,299379000,100507000,-13745587000,-1092042000,None,19167521000,None,,,,,-10.28,1.443,1.352,,,,,,,,0.161,,123579000,2025-10-29,quarterly,3.25,USD,post-market,None,5763607000,0.0232,0.163,0.039,78.64,212842000,1449958000,140263000,5106402000,98.2,99.27,31.0484,25877687000,12593470000,140263000,20581993000,13284217000,1449958000,2788398000,5295694000,9.02,-3764568000,110.34,82.79
2025-12-28,AXS,12.08,6301015000.0,9.02,None,0.648,75.51,,140058000,1000781000,1000781000,,,,,,,,,2206000,84308000,None,2388512000,2388512000,1244846000,None,None,7930431000,None,None,41283000,,1.76,0.0162,,,,0.833,0.77,132954000,174237000,2.48,2020-09-30,8.16,102003000,1937581000.0,399886000,100507000,6067000,222362000,222362000,None,32447000,None,None,None,None,1309384000,None,14575679000,94440000,None,None,None,0.223,,299379000,100507000,-21610449000,-1244846000,None,19419606000,None,,,,,-10.28,1.443,1.352,,,,,,,,0.161,,131776000,2025-10-29,quarterly,3.25,USD,post-market,None,5804637000,0.0232,0.163,0.039,78.64,212842000,1449442000,None,12679237000,98.2,99.27,31.0484,26452996000,12795490000,1244846000,21187101000,13657506000,1449442000,2788398000,5265895000,9.02,-3766255000,110.34,82.79
2025-12-28,AXS,12.08,6301015000.0,9.02,None,0.648,75.51,,141621000,1086829000,1086829000,,,,,,,,,2206000,84600000,None,2388512000,2388512000,1365799000,None,None,8155523000,None,None,41283000,,1.76,0.0162,,,,0.833,0.77,132954000,174237000,2.48,2020-06-30,8.16,102003000,1937581000.0,399886000,100507000,6067000,225092000,225092000,None,32447000,None,None,None,None,1309076000,None,13923230000,94440000,None,None,None,0.223,,299379000,100507000,-21323104000,-1365799000,None,19401930000,None,,,,,-10.28,1.443,1.352,,,,,,,,0.161,,136815000,2025-10-29,quarterly,3.25,USD,post-market,None,5913029000,0.0232,0.163,0.039,78.64,212842000,1450697000,None,12080752000,98.2,99.27,31.0484,26359173000,13334305000,1365799000,21061353000,13024868000,1450697000,2788398000,5297820000,9.02,-3766368000,110.34,82.79
2025-12-28,AXS,12.08,6301015000.0,9.02,None,0.648,75.51,,143071000,755961000,755961000,,,,,,,,,2206000,84094000,None,2388512000,2388512000,1263389000,None,None,8054513000,None,None,41283000,,1.76,0.0162,,,,0.833,0.77,132954000,174237000,2.48,2020-03-31,8.16,102003000,1937581000.0,399886000,100507000,6067000,227821000,227821000,None,32447000,None,0,None,None,1808645000,None,14044034000,94440000,None,None,None,0.223,,299379000,100507000,-20963761000,-1263389000,None,19176867000,None,,,,,-10.28,1.443,1.352,,,,,,,,0.161,,140149000,2025-10-29,quarterly,3.25,USD,post-market,None,5836007000,0.0232,0.163,0.039,78.64,212842000,1951716000,1808.65,12153287000,98.2,99.27,31.0484,25948768000,755.96,19300545000,21109190000,227821000,1808645000,2788398000,4839578000,9.02,-3766714000,110.34,82.79
2025-12-28,AXS,12.08,6301015000.0,9.02,None,0.648,75.51,,115584000,1241109000,1241109000,,,,,,,,,2206000,83957000,None,2388512000,2388512000,1349082000,None,499687000,7390685000,None,None,41283000,,1.76,0.0162,,,,0.833,0.77,132954000,174237000,2.48,2019-12-31,8.16,102003000,1937581000.0,399886000,100507000,6067000,239542000,239542000,None,32447000,None,None,None,None,1808157000,None,14380460000,94440000,None,None,None,0.223,,299379000,100507000,-13754744000,-1349082000,None,18218904000,None,,,,,-10.28,1.443,1.352,,,,,,,,0.161,,111092000,2025-10-29,quarterly,3.25,USD,post-market,None,6056686000,0.0232,0.163,0.039,78.64,212842000,1923741000,115584000,5122950000,98.2,99.27,31.0484,25604054000,18614874000,18251889000,20060046000,6989180000,1808157000,2788398000,5544008000,9.02,-3778806000,110.34,82.79
2025-12-28,AXS,12.08,6301015000.0,9.02,None,0.648,75.51,,115887000,763825000,763825000,,,,,,,,,2206000,84582000,None,2388512000,2388512000,1276123000,None,None,7371278000,None,None,41283000,,1.76,0.0162,,,,0.833,0.77,132954000,174237000,2.48,2019-09-30,8.16,102003000,1937581000.0,399886000,100507000,6067000,233305000,233305000,None,32447000,None,None,None,None,1388135000,None,14440792000,94440000,None,None,None,0.223,,299379000,100507000,-20763883000,-1276123000,None,18431716000,None,,,,,-10.28,1.443,1.352,,,,,,,,0.161,,116560000,2025-10-29,quarterly,3.25,USD,post-market,None,6101902000,0.0232,0.163,0.039,78.64,212842000,1504022000,None,12628780000,98.2,99.27,31.0484,25495526000,18445562000,18521521000,19909656000,7049964000,1388135000,2788398000,5585870000,9.02,-3779017000,110.34,82.79
2025-12-28,AXS,12.08,6301015000.0,9.02,None,0.648,75.51,,133257000,712463000,712463000,,,,,,,,,2206000,84401000,None,2388512000,2388512000,1484285000,None,None,7770294000,None,None,41283000,,1.76,0.0162,,,,0.833,0.77,132954000,174237000,2.48,2019-06-30,8.16,102003000,1937581000.0,399886000,100507000,6067000,236009000,236009000,None,32447000,None,None,None,None,1387748000,None,14380549000,94440000,None,None,None,0.223,,299379000,100507000,-21038133000,-1484285000,None,18734675000,None,,,,,-10.28,1.443,1.352,,,,,,,,0.161,,132940000,2025-10-29,quarterly,3.25,USD,post-market,None,6108577000,0.0232,0.163,0.039,78.64,212842000,1521005000,None,12555376000,98.2,99.27,31.0484,25870174000,18742974000,18915949000,20303697000,7127200000,1387748000,2788398000,5566477000,9.02,-3779043000,110.34,82.79
2025-12-28,AXS,12.08,6301015000.0,9.02,None,0.648,75.51,,144298000,1151182000,1151182000,,,,,,,,,2206000,84272000,None,2388512000,2388512000,1440942000,None,None,7634544000,None,None,41283000,,1.76,0.0162,,,,0.833,0.77,132954000,174237000,2.48,2019-03-31,8.16,102003000,1937581000.0,399886000,100507000,6067000,238763000,238763000,None,32447000,None,None,None,None,1342345000,None,13632902000,94440000,None,None,None,0.223,,299379000,100507000,-20702097000,-1440942000,None,18755537000,None,,,,,-10.28,1.443,1.352,,,,,,,,0.161,,143887000,2025-10-29,quarterly,3.25,USD,post-market,None,5976603000,0.0232,0.163,0.039,78.64,212842000,1486643000,None,11916371000,98.2,99.27,31.0484,25557582000,18373413000,18915081000,20257426000,7184169000,1342345000,2788398000,5300156000,9.02,-3779388000,110.34,82.79
2025-12-28,AXS,12.08,6301015000.0,9.02,None,0.648,75.51,,None,1830020000,1830020000,,,,,,,,,2206000,83582000,None,2388512000,2388512000,1338991000,None,1116000,6902160000,None,None,41283000,,1.76,0.0162,,,,0.833,0.77,132954000,174237000,2.48,2018-12-31,8.16,102003000,1937581000.0,399886000,100507000,6067000,241568000,241568000,None,32447000,None,-597206000,None,None,1341961000,None,13235895000,94440000,None,None,None,0.223,,299379000,100507000,-2318691000,16421543000,None,17648696000,None,,,,,-10.28,1.443,1.352,,,,,,,,0.161,,None,2025-10-29,quarterly,3.25,USD,post-market,None,5912812000,0.0232,0.163,0.039,78.64,212842000,1341961000,1341961000,11579387000,98.2,99.27,31.0484,24132566000,17395670000,17760534000,19102495000,6736896000,1341961000,2788398000,5030071000,9.02,-3791420000,110.34,82.79
2025-12-28,AXS,12.08,6301015000.0,9.02,None,0.648,75.51,,None,1752402000,1752402000,,,,,,,,,2206000,84107000,None,2388512000,2388512000,1301580000,None,1105000,6980580000,None,None,41283000,,1.76,0.0162,,,,0.833,0.77,132954000,174237000,2.48,2018-09-30,8.16,102003000,1937581000.0,399886000,100507000,6067000,247927000,247927000,None,32447000,None,-698798000,None,None,1377582000,None,13711834000,94440000,None,None,None,0.223,,299379000,100507000,-1805173000,16891420000,None,17972989000,None,,,,,-10.28,1.443,1.352,,,,,,,,0.161,,0,2025-10-29,quarterly,3.25,USD,post-market,None,6145482000,0.0232,0.163,0.039,78.64,212842000,1377582000,1377582000,11923787000,98.2,99.27,31.0484,24843026000,18152798000,18193000000,19570754000,6690228000,1378000000,2788398000,5272272000,9.02,-3792211000,110.34,82.79
2025-12-28,AXS,12.08,6301015000.0,9.02,None,0.648,75.51,,None,1526693000,1526693000,,,,,,,,,2206000,83984000,None,2388512000,2388512000,1282585000,None,975000,7195091000,None,None,41283000,,1.76,0.0162,,,,0.833,0.77,132954000,174237000,2.48,2018-06-30,8.16,102003000,1937581000.0,399886000,100507000,6067000,250541000,250541000,None,32447000,None,-854498000,None,None,1377206000,None,13775970000,94440000,None,None,None,0.223,,299379000,100507000,-1596163000,17105415000,None,18202095000,None,,,,,-10.28,1.443,1.352,,,,,,,,0.161,,0,2025-10-29,quarterly,3.25,USD,post-market,None,6135625000,0.0232,0.163,0.039,78.64,212842000,1377206000,1377206000,12325461000,98.2,99.27,31.0484,25018486000,18596584000,18388000000,19765481000,6421902000,1377000000,2788398000,5253005000,9.02,-3792291000,110.34,82.79
2025-12-28,AXS,12.08,6301015000.0,9.02,None,0.648,75.51,,None,1227736000,1227736000,,,,,,,,,2206000,83721000,None,2388512000,2388512000,1251629000,None,1379000,7115621000,None,None,41283000,,1.76,0.0162,,,,0.833,0.77,132954000,174237000,2.48,2018-03-31,8.16,102004000,1937581000.0,399886000,100507000,6067000,253808000,253808000,None,32447000,None,0,None,None,1376835000,None,13850265000,94440000,None,None,None,0.223,,299379000,100507000,-1739711000,17194371000,None,18301764000,None,,,,,-10.28,1.443,1.352,,,,,,,,0.161,,0,2025-10-29,quarterly,3.25,USD,post-market,None,6076294000,0.0232,0.163,0.039,78.64,212842000,1376835000,1376835000,12293384000,98.2,99.27,31.0484,25087309000,18897030000,18446000000,19822914000,6190279000,1377000000,2788398000,5264395000,9.02,-3793386000,110.34,82.79
2025-12-28,AXS,12.08,6301015000.0,9.02,None,0.648,75.51,,None,1363786000,1363786000,,,,,,,,,2206000,83160000,None,2388512000,2388512000,899064000,None,1556000,6444103000,None,None,41283000,,1.76,0.0162,,,,0.833,0.77,132954000,174237000,2.48,2017-12-31,8.16,102003000,1937581000.0,399886000,100507000,6067000,257987000,257987000,None,32447000,None,-415160000,None,None,1376529000,None,14865433000,94440000,None,None,None,0.223,,299379000,100507000,-1988652000,17142936000,None,17941795000,None,,,,,-10.28,1.443,1.352,,,,,,,,0.161,,0,2025-10-29,quarterly,3.25,USD,post-market,None,5979666000,0.0232,0.163,0.039,78.64,212842000,1376529000,1376529000,13341178000,98.2,99.27,31.0484,24760177000,18745255000,18042000000,19418913000,6014922000,1377000000,2788398000,5341264000,9.02,-3807156000,110.34,82.79
2025-12-28,AXS,12.08,6301015000.0,9.02,None,0.648,75.51,,None,1631127000,1631127000,,,,,,,,,2206000,83305000,None,2388512000,2388512000,670292000,None,993797000,5406297000,None,None,41283000,,1.76,0.0162,,,,0.833,0.77,132954000,174237000,2.48,2017-09-30,8.16,-562774000,1937581000.0,399886000,100507000,6067000,649980000,649980000,None,32447000,None,-280514000,None,None,994000000,None,13128673000,94440000,None,None,None,0.223,,299379000,100507000,-1138970000,14698708000,None,15247589000,None,,,,,-10.28,1.443,1.352,,,,,,,,0.161,,0,2025-10-29,quarterly,3.25,USD,post-market,None,6051659000,0.0232,0.163,0.039,78.64,212842000,1987797000,993797000,11761419000,98.2,99.27,31.0484,21818150000,17379359000,15369000000,16363451000,4438791000,994000000,2788398000,5454699000,9.02,-3807295000,110.34,82.79
2025-12-28,AXS,12.08,6301015000.0,9.02,None,0.648,75.51,,None,1015270000,1015270000,,,,,,,,,2206000,84511000,None,2388512000,2388512000,677204000,None,993511000,5326536000,None,None,41283000,,1.76,0.0162,,,,0.833,0.77,132954000,174237000,2.48,2017-06-30,8.16,-591397000,1937581000.0,399886000,100507000,6067000,677617000,677617000,None,32447000,None,-286751000,None,None,993511000,None,13518347000,94440000,None,None,None,0.223,,299379000,100507000,-1003523000,13935796000,None,14517567000,None,,,,,-10.28,1.443,1.352,,,,,,,,0.161,,0,2025-10-29,quarterly,3.25,USD,post-market,None,6551801000,0.0232,0.163,0.039,78.64,212842000,993511000,993511000,12172930000,98.2,99.27,31.0484,21499638000,17224462000,14613000000,15606943000,4275176000,994000000,2788398000,5892695000,9.02,-3804141000,110.34,82.79
2025-12-28,AXS,12.08,6301015000.0,9.02,None,0.648,75.51,,None,1451570000,1451570000,,,,,,,,,2206000,86793000,None,2388512000,2388512000,514356000,None,993229000,5072249000,None,None,41283000,,1.76,0.0162,,,,0.833,0.77,132954000,174237000,2.48,2017-03-31,8.16,-609773000,1937581000.0,399886000,100507000,6067000,694386000,694386000,None,32447000,None,-286307000,None,None,993000000,None,13159418000,94440000,None,None,None,0.223,,299379000,100507000,-948955000,13509644000,None,13939590000,None,,,,,-10.28,1.443,1.352,,,,,,,,0.161,,0,2025-10-29,quarterly,3.25,USD,post-market,None,6499262000,0.0232,0.163,0.039,78.64,212842000,1986229000,993229000,11858286000,98.2,99.27,31.0484,21246967000,17146843000,14024000000,15016602000,4100124000,993000000,2788398000,6230365000,9.02,-3674547000,110.34,82.79
2025-12-28,AXS,12.08,6301015000.0,9.02,None,0.648,75.51,,None,1241507000,1241507000,,,,,,,,,2206000,88474000,None,2388512000,2388512000,493183000,None,992950000,4737528000,None,None,41283000,,1.76,0.0162,,,,0.833,0.77,132954000,174237000,2.48,2016-12-31,8.16,47148000,1937581000.0,399886000,100507000,6067000,37901000,37901000,None,32447000,None,-202013000,None,None,993000000,None,13534478000,94440000,None,None,None,0.223,,299379000,100507000,-1127828000,13054817000,None,13485821000,None,,,,,-10.28,1.443,1.352,,,,,,,,0.161,,0,2025-10-29,quarterly,3.25,USD,post-market,None,6527627000,0.0232,0.163,0.039,78.64,212842000,1985950000,992950000,12163319000,98.2,99.27,31.0484,20813691000,16812513000,13548000000,14541321000,4001178000,993000000,2788398000,6272370000,9.02,-3561553000,110.34,82.79
2025-12-28,AXS,12.08,6301015000.0,9.02,None,0.648,75.51,,None,848200000,848200000,,,,,,,,,2206000,90351000,None,2388512000,2388512000,461519000,None,992633000,5105098000,None,None,41283000,,1.76,0.0162,,,,0.833,0.77,132954000,174237000,2.48,2016-09-30,8.16,-545618000,1937581000.0,399886000,100507000,6067000,631119000,631119000,None,32447000,None,0,None,None,993000000,None,13613487000,94440000,None,None,None,0.223,,299379000,100507000,-1118812000,13742481000,None,14062855000,None,,,,,-10.28,1.443,1.352,,,,,,,,0.161,,0,2025-10-29,quarterly,3.25,USD,post-market,None,6430573000,0.0232,0.163,0.039,78.64,212842000,1985633000,992633000,12251081000,98.2,99.27,31.0484,21222391000,17085567000,14204000000,15196733000,4136824000,993000000,2788398000,6025658000,9.02,-3438492000,110.34,82.79
2025-12-28,AXS,12.08,6301015000.0,9.02,None,0.648,75.51,,None,792945000,792945000,,,,,,,,,2206000,92558000,None,2388512000,2388512000,416017000,None,992000000,5231721000,None,None,41283000,,1.76,0.0162,,,,0.833,0.77,132954000,174237000,2.48,2016-06-30,8.16,-624638000,1937581000.0,399886000,100507000,6067000,710592000,710592000,None,32447000,None,0,None,None,992361000,None,13608893000,94440000,None,None,None,0.223,,299379000,100507000,-1039665000,13876983000,None,14148856000,None,,,,,-10.28,1.443,1.352,,,,,,,,0.161,,0,2025-10-29,quarterly,3.25,USD,post-market,None,6285803000,0.0232,0.163,0.039,78.64,212842000,1984361000,992000000,12230673000,98.2,99.27,31.0484,21249440000,17215674000,14293000000,15285257000,4033766000,992000000,2788398000,5964183000,9.02,-3314472000,110.34,82.79
2025-12-28,AXS,12.08,6301015000.0,9.02,None,0.648,75.51,,None,952311000,952311000,,,,,,,,,2206000,94853000,None,2388512000,2388512000,344181000,None,None,4879579000,None,None,41283000,,1.76,0.0162,,,,0.833,0.77,132954000,174237000,2.48,2016-03-31,8.16,-646919000,1937581000.0,399886000,100507000,6067000,733365000,733365000,None,32447000,None,-174991000,None,None,992091000,None,13703636000,94440000,None,None,None,0.223,,299379000,100507000,-18161832000,-344181000,None,13900193000,None,,,,,-10.28,1.443,1.352,,,,,,,,0.161,,0,2025-10-29,quarterly,3.25,USD,post-market,None,6198932000,0.0232,0.163,0.039,78.64,212842000,992091000,None,12504933000,98.2,99.27,31.0484,20978190000,17099881000,14036000000,15027931000,3878309000,992000000,2788398000,5950259000,9.02,-3190058000,110.34,82.79
2025-12-28,AXS,12.08,6301015000.0,9.02,None,0.648,75.51,,None,988133000,988133000,,,,,,,,,2202000,94853000,None,2388512000,2388512000,356417000,None,991825000,4163846000,None,None,41283000,,1.76,0.0162,,,,0.833,0.77,132954000,174237000,2.48,2015-12-31,8.16,47148000,1937581000.0,399886000,100507000,6067000,39710000,39710000,None,32447000,None,0,None,None,991825000,None,13448915000,94440000,None,None,None,0.223,,299379000,100507000,-1173278000,12766583000,None,13113828000,None,,,,,-10.28,1.443,1.352,,,,,,,,0.161,,0,2025-10-29,quarterly,3.25,USD,post-market,None,6194353000,0.0232,0.163,0.039,78.64,212842000,991825000,991825000,12352153000,98.2,99.27,31.0484,19981891000,16330854000,13123000000,14115009000,3651037000,992000000,2788398000,5866882000,9.02,-3010439000,110.34,82.79
2025-12-28,AXS,12.08,6301015000.0,9.02,None,0.648,75.51,,None,1180473000,1180473000,,,,,,,,,2202000,99124000,None,2388512000,2388512000,301830000,None,None,4288275000,None,None,41283000,,1.76,0.0162,,,,0.833,0.77,132954000,174237000,2.48,2015-09-30,8.16,47148000,1937581000.0,399886000,100507000,6067000,40181000,40181000,None,32447000,None,-188220000,None,None,991562000,None,13841029000,94440000,None,None,None,0.223,,299379000,100507000,-18116432000,-301830000,None,13435497000,None,,,,,-10.28,1.443,1.352,,,,,,,,0.161,,0,2025-10-29,quarterly,3.25,USD,post-market,None,6093897000,0.0232,0.163,0.039,78.64,212842000,991562000,None,12835904000,98.2,99.27,31.0484,20557341000,16927488000,13739000000,14730975000,3629853000,992000000,2788398000,5826366000,9.02,-3010261000,110.34,82.79
2025-12-28,AXS,12.08,6301015000.0,9.02,None,0.648,75.51,,None,989395000,989395000,,,,,,,,,2201000,101160000,None,2388512000,2388512000,296794000,None,None,4536837000,None,None,41283000,,1.76,0.0162,,,,0.833,0.77,132954000,174237000,2.48,2015-06-30,8.16,47148000,1937581000.0,399886000,100507000,6067000,53905000,53905000,None,32447000,None,0,None,None,991302000,None,13706651000,94440000,None,None,None,0.223,,299379000,100507000,-18221767000,-296794000,None,13551873000,None,,,,,-10.28,1.443,1.352,,,,,,,,0.161,,0,2025-10-29,quarterly,3.25,USD,post-market,None,5875147000,0.0232,0.163,0.039,78.64,212842000,991302000,None,12695535000,98.2,99.27,31.0484,20704875000,17011674000,13765000000,14756317000,3693201000,991000000,2788398000,5948558000,9.02,-2764338000,110.34,82.79
2025-12-28,AXS,12.08,6301015000.0,9.02,None,0.648,75.51,,None,1270092000,1270092000,,,,,,,,,2200000,101139000,None,2388512000,2388512000,266789000,None,None,4256324000,None,None,41283000,,1.76,0.0162,,,,0.833,0.77,132954000,174237000,2.48,2015-03-31,8.16,-616966000,1937581000.0,399886000,100507000,6067000,705474000,705474000,None,32447000,None,-273496000,None,None,991045000,None,13671308000,94440000,None,None,None,0.223,,299379000,100507000,-17905516000,-266789000,None,13225013000,None,,,,,-10.28,1.443,1.352,,,,,,,,0.161,,0,2025-10-29,quarterly,3.25,USD,post-market,None,5842239000,0.0232,0.163,0.039,78.64,212842000,991045000,None,12652596000,98.2,99.27,31.0484,20458819000,16830073000,14261000000,14412584000,3628746000,221000000,2788398000,5977163000,9.02,-2765114000,110.34,82.79
2025-12-28,AXS,12.08,6301015000.0,9.02,None,0.648,75.51,,None,1209695000,1209695000,,,,,,,,,2191000,102038000,None,2388512000,2388512000,249186000,None,248000,3818004000,None,None,41283000,,1.76,0.0162,,,,0.833,0.77,132954000,174237000,2.48,2014-12-31,8.16,47148000,1937581000.0,399886000,100507000,6067000,41812000,41812000,None,32447000,None,-287865000,None,None,990790000,None,13853049000,94440000,None,None,None,0.223,,299379000,100507000,-1043919000,12894814000,None,12896830000,None,,,,,-10.28,1.443,1.352,,,,,,,,0.161,,0,2025-10-29,quarterly,3.25,USD,post-market,None,5715504000,0.0232,0.163,0.039,78.64,212842000,991038000,248000,12804514000,98.2,99.27,31.0484,19955736000,16500429000,13144000000,14075796000,3455307000,991000000,2788398000,5821121000,9.02,-2763859000,110.34,82.79
2025-12-28,AXS,12.08,6301015000.0,9.02,None,0.648,75.51,,None,1407811000,1407811000,,,,,,,,,2190000,104247000,None,2388512000,2388512000,244815000,None,None,4158684000,None,None,41283000,,1.76,0.0162,,,,0.833,0.77,132954000,174237000,2.48,2014-09-30,8.16,-556723000,1937581000.0,399886000,100507000,6067000,645463000,645463000,None,32447000,None,-117434000,None,None,1490498000,None,14227227000,94440000,None,None,None,0.223,,299379000,100507000,-18637675000,-244815000,None,13404741000,None,,,,,-10.28,1.443,1.352,,,,,,,,0.161,,0,2025-10-29,quarterly,3.25,USD,post-market,None,5581942000,0.0232,0.163,0.039,78.64,212842000,1490498000,None,13188614000,98.2,99.27,31.0484,20965047000,15847967000,13657000000,15084923000,5117080000,1490000000,2788398000,5818489000,9.02,-2689531000,110.34,82.79
2025-12-28,AXS,12.08,6301015000.0,9.02,None,0.648,75.51,,None,1189403000,1189403000,,,,,,,,,2189000,106289000,None,2388512000,2388512000,272062000,None,None,4469612000,None,None,41283000,,1.76,0.0162,,,,0.833,0.77,132954000,174237000,2.48,2014-06-30,8.16,-623573000,1937581000.0,399886000,100507000,6067000,713598000,713598000,None,32447000,None,-145377000,None,None,1490427000,None,14579593000,94440000,None,None,None,0.223,,299379000,100507000,-18957461000,-272062000,None,13710506000,None,,,,,-10.28,1.443,1.352,,,,,,,,0.161,,0,2025-10-29,quarterly,3.25,USD,post-market,None,5331199000,0.0232,0.163,0.039,78.64,212842000,1490427000,None,13443823000,98.2,99.27,31.0484,21446457000,16065906000,14001000000,15437952000,5380551000,1490000000,2788398000,5955710000,9.02,-2539269000,110.34,82.79
2025-12-28,AXS,12.08,6301015000.0,9.02,None,0.648,75.51,,None,1294709000,1294709000,,,,,,,,,2188000,110391000,None,2388512000,2388512000,207909000,None,None,4297302000,None,None,41283000,,1.76,0.0162,,,,0.833,0.77,132954000,174237000,2.48,2014-03-31,8.16,-634413000,1937581000.0,399886000,100507000,6067000,724763000,724763000,None,32447000,None,-88955000,None,None,1490198000,None,None,94440000,None,None,None,0.223,,299379000,100507000,-18604107000,-207909000,None,None,None,,,,,-10.28,1.443,1.352,,,,,,,,0.161,,0,2025-10-29,quarterly,3.25,USD,post-market,None,5170948000,0.0232,0.163,0.039,78.64,212842000,1490198000,None,13101051000,98.2,99.27,31.0484,20997634000,15594547000,13681000000,15119363000,5403087000,1490000000,2788398000,5827049000,9.02,-2403286000,110.34,82.79
2025-12-28,AXS,12.08,6301015000.0,9.02,None,0.648,75.51,,None,987876000,987876000,,,,,,,,,2174000,112702000,None,2388512000,2388512000,234412000,None,995855000,3717276000,None,None,41283000,,1.76,0.0162,,,,0.833,0.77,132954000,174237000,2.48,2013-12-31,8.16,46422000,1937581000.0,399886000,100507000,6067000,43106000,43106000,None,32447000,None,-64550000,None,None,995855000,None,13877468000,94440000,None,None,None,0.223,,299379000,100507000,-2776518000,12586588000,None,12749223000,None,,,,,-10.28,1.443,1.352,,,,,,,,0.161,,0,2025-10-29,quarterly,3.25,USD,post-market,None,5062706000,0.0232,0.163,0.039,78.64,212842000,995855000,995855000,12734526000,98.2,99.27,31.0484,19634784000,14598610000,12821000000,13766822000,5036174000,996000000,2788398000,5817962000,9.02,-2232711000,110.34,82.79
2025-12-28,AXS,12.08,6301015000.0,9.02,None,0.648,75.51,,None,1109998000,1109998000,,,,,,,,,2172000,113355000,None,2388512000,2388512000,261737000,None,None,3920097000,None,None,41283000,,1.76,0.0162,,,,0.833,0.77,132954000,174237000,2.48,2013-09-30,8.16,-505002000,1937581000.0,399886000,100507000,6067000,596658000,596658000,None,32447000,None,-60445000,None,None,995699000,None,13812933000,94440000,None,None,None,0.223,,299379000,100507000,-17689726000,-261737000,None,12975387000,None,,,,,-10.28,1.443,1.352,,,,,,,,0.161,,0,2025-10-29,quarterly,3.25,USD,post-market,None,4921716000,0.0232,0.163,0.039,78.64,212842000,995699000,None,12720076000,98.2,99.27,31.0484,19932949000,14955278000,13149000000,14145120000,4977671000,996000000,2788398000,5787829000,9.02,-2120101000,110.34,82.79
2025-12-28,AXS,12.08,6301015000.0,9.02,None,0.648,75.51,,None,1116248000,1116248000,,,,,,,,,2172000,116671000,None,2388512000,2388512000,292572000,None,None,4244920000,None,None,41283000,,1.76,0.0162,,,,0.833,0.77,132954000,174237000,2.48,2013-06-30,8.16,-543069000,1937581000.0,399886000,100507000,6067000,634439000,634439000,None,32447000,None,-105443000,None,None,995546000,None,13367024000,94440000,None,None,None,0.223,,299379000,100507000,-17565336000,-292572000,None,13054819000,None,,,,,-10.28,1.443,1.352,,,,,,,,0.161,,0,2025-10-29,quarterly,3.25,USD,post-market,None,4813687000,0.0232,0.163,0.039,78.64,212842000,995546000,None,12309611000,98.2,99.27,31.0484,19846313000,14822699000,13288000000,14284366000,5023614000,996000000,2788398000,5561947000,9.02,-2119714000,110.34,82.79
2025-12-28,AXS,12.08,6301015000.0,9.02,None,0.648,75.51,,None,856215000,856215000,,,,,,,,,2168000,118658000,None,2388512000,2388512000,208018000,None,None,4019548000,None,None,41283000,,1.76,0.0162,,,,0.833,0.77,132954000,174237000,2.48,2013-03-31,8.16,-561417000,1937581000.0,399886000,100507000,6067000,658418000,658418000,None,32447000,None,-56559000,None,None,995394000,None,13758005000,94440000,None,None,None,0.223,,299379000,100507000,-17508968000,-208018000,None,12656472000,None,,,,,-10.28,1.443,1.352,,,,,,,,0.161,,0,2025-10-29,quarterly,3.25,USD,post-market,None,4769764000,0.0232,0.163,0.039,78.64,212842000,995394000,None,12689764000,98.2,99.27,31.0484,19710942000,14788598000,12827000000,13821512000,4922344000,995000000,2788398000,5889430000,9.02,-1894545000,110.34,82.79
2025-12-28,AXS,12.08,6301015000.0,9.02,None,0.648,75.51,,None,850550000,850550000,,,,,,,,,2146000,117918000,None,2388512000,2388512000,270739000,None,None,3437114000,None,None,41283000,,1.76,0.0162,,,,0.833,0.77,132954000,174237000,2.48,2012-12-31,8.16,49635000,1937581000.0,399886000,100507000,6067000,47858000,47858000,None,32447000,None,-90733000,None,None,995245000,None,13644114000,94440000,None,None,None,0.223,,299379000,100507000,-16900388000,-270739000,None,12012785000,None,,,,,-10.28,1.443,1.352,,,,,,,,0.161,,0,2025-10-29,quarterly,3.25,USD,post-market,None,4497789000,0.0232,0.163,0.039,78.64,212842000,995245000,None,12703457000,98.2,99.27,31.0484,18852344000,14162687000,12078000000,13072583000,4689657000,995000000,2788398000,5779761000,9.02,-1764673000,110.34,82.79
2025-12-28,AXS,12.08,6301015000.0,9.02,None,0.648,75.51,,None,869444000,869444000,,,,,,,,,2145000,122952000,None,2388512000,2388512000,239394000,None,None,3604464000,None,None,41283000,,1.76,0.0162,,,,0.833,0.77,132954000,174237000,2.48,2012-09-30,8.16,0,1937581000.0,399886000,100507000,6067000,98165000,98165000,None,32447000,None,768782000,None,None,995097000,None,None,94440000,None,None,None,0.223,,299379000,100507000,-16941016000,-239394000,None,None,None,,,,,-10.28,1.443,1.352,,,,,,,,0.161,,0,2025-10-29,quarterly,3.25,USD,post-market,None,4576381000,0.0232,0.163,0.039,78.64,212842000,995097000,None,91814000,98.2,99.27,31.0484,18897781000,14306595000,12047000000,13041513000,4591186000,995000000,2788398000,5856268000,9.02,-1763778000,110.34,82.79
2025-12-28,AXS,12.08,6301015000.0,9.02,None,0.648,75.51,,None,751011000,751011000,,,,,,,,,2141000,124983000,None,2388512000,2388512000,324559000,None,None,98013000,None,None,41283000,,1.76,0.0162,,,,0.833,0.77,132954000,174237000,2.48,2012-06-30,8.16,0,1937581000.0,399886000,100507000,6067000,98203000,98203000,None,32447000,None,0,None,None,994951000,None,None,94440000,None,None,None,0.223,,299379000,100507000,-1718534000,-324559000,None,None,None,,,,,-10.28,1.443,1.352,,,,,,,,0.161,,0,2025-10-29,quarterly,3.25,USD,post-market,None,4383405000,0.0232,0.163,0.039,78.64,212842000,994951000,None,869510000,98.2,99.27,31.0484,18721412000,15644938000,12029000000,13023572000,3076474000,995000000,2788398000,5697840000,9.02,-1584955000,110.34,82.79
2025-12-28,AXS,12.08,6301015000.0,9.02,None,0.648,75.51,,None,1021839000,1021839000,,,,,,,,,2140000,126668000,None,2388512000,2388512000,296315000,None,None,101136000,None,None,41283000,,1.76,0.0162,,,,0.833,0.77,132954000,174237000,2.48,2012-03-31,8.16,0,1937581000.0,399886000,100507000,6067000,99439000,99439000,None,32447000,None,0,None,None,994806000,None,None,94440000,None,None,None,0.223,,299379000,100507000,-1942793000,-296315000,None,None,None,,,,,-10.28,1.443,1.352,,,,,,,,0.161,,0,2025-10-29,quarterly,3.25,USD,post-market,None,4246354000,0.0232,0.163,0.039,78.64,212842000,994806000,None,819818000,98.2,99.27,31.0484,19025600000,15939340000,12131000000,13126421000,3086260000,995000000,2788398000,5899179000,9.02,-1494697000,110.34,82.79
2025-12-28,AXS,12.08,6301015000.0,9.02,None,0.648,75.51,,None,981849000,981849000,,,,,,,,,2125000,126668000,None,2388512000,2388512000,206539000,None,None,3285520000,None,None,41283000,,1.76,0.0162,,,,0.833,0.77,132954000,174237000,2.48,2011-12-31,8.16,49350000,1937581000.0,399886000,100507000,6067000,50240000,50240000,None,32447000,None,0,None,None,994664000,None,None,94440000,None,None,None,0.223,,299379000,100507000,-16034938000,-206539000,None,None,None,,,,,-10.28,1.443,1.352,,,,,,,,0.161,,0,2025-10-29,quarterly,3.25,USD,post-market,None,4155392000,0.0232,0.163,0.039,78.64,212842000,994664000,None,11767569000,98.2,99.27,31.0484,17806059000,14862577000,11367000000,12361980000,2943482000,995000000,2788398000,5444079000,9.02,-1446986000,110.34,82.79
2025-12-28,AXS,12.08,6301015000.0,9.02,None,0.648,75.51,,None,935216000,935216000,,,,,,,,,2112000,128002000,None,2388512000,2388512000,179081000,None,None,3606905000,None,None,41283000,,1.76,0.0162,,,,0.833,0.77,132954000,174237000,2.48,2011-09-30,8.16,0,1937581000.0,399886000,100507000,6067000,98260000,98260000,None,32447000,None,0,None,None,994523000,None,12192336000,94440000,None,None,None,0.223,,299379000,100507000,-16062690000,-179081000,None,11464313000,None,,,,,-10.28,1.443,1.352,,,,,,,,0.161,,0,2025-10-29,quarterly,3.25,USD,post-market,None,4105216000,0.0232,0.163,0.039,78.64,212842000,994523000,None,149136000,98.2,99.27,31.0484,17943930000,14697868000,11592000000,12586825000,3246062000,995000000,2788398000,5357105000,9.02,-1396882000,110.34,82.79
2025-12-28,AXS,12.08,6301015000.0,9.02,None,0.648,75.51,,None,871122000,871122000,,,,,,,,,2107000,128369000,None,2388512000,2388512000,351513000,None,None,2088781000,None,None,41283000,,1.76,0.0162,,,,0.833,0.77,132954000,174237000,2.48,2011-06-30,8.16,0,1937581000.0,399886000,100507000,6067000,103404000,103404000,None,32447000,None,1987615000,None,None,994383000,None,12315056000,94440000,None,None,None,0.223,,299379000,100507000,-3147504000,-351513000,None,11714556000,None,,,,,-10.28,1.443,1.352,,,,,,,,0.161,,0,2025-10-29,quarterly,3.25,USD,post-market,None,3923395000,0.0232,0.163,0.039,78.64,212842000,994383000,None,187601000,98.2,99.27,31.0484,18196848000,15076409000,11870000000,12863909000,3120439000,994000000,2788398000,5332939000,9.02,-1395911000,110.34,82.79
2025-12-28,AXS,12.08,6301015000.0,9.02,None,0.648,75.51,,None,1086189000,1086189000,,,,,,,,,1958000,113351000,None,2388512000,2388512000,141483000,None,None,94013000,None,None,41283000,,1.76,0.0162,,,,0.833,0.77,132954000,174237000,2.48,2011-03-31,8.16,0,1937581000.0,399886000,100507000,6067000,102847000,102847000,None,32447000,None,-122923000,None,None,994246000,None,12009124000,94440000,None,None,None,0.223,,299379000,100507000,-1189791000,-141483000,None,11325195000,None,,,,,-10.28,1.443,1.352,,,,,,,,0.161,,0,2025-10-29,quarterly,3.25,USD,post-market,None,3853076000,0.0232,0.163,0.039,78.64,212842000,1159149000,None,132512000,98.2,99.27,31.0484,17673924000,14758682000,11499000000,12484344000,2915242000,994000000,2788398000,5189580000,9.02,-1395628000,110.34,82.79
2025-12-28,AXS,12.08,6301015000.0,9.02,None,0.648,75.51,,None,929515000,929515000,,,,,,,,,1934000,113351000,None,2388512000,2388512000,164927000,None,None,3017576000,None,None,41283000,,1.76,0.0162,,,,0.833,0.77,132954000,174237000,2.48,2010-12-31,8.16,49297000,1937581000.0,399886000,100507000,6067000,53934000,53934000,None,32447000,None,0,None,None,994110000,None,11620530000,94440000,None,None,None,0.223,,299379000,100507000,-14951961000,-164927000,None,9806400000,None,,,,,-10.28,1.443,1.352,,,,,,,,0.161,,0,2025-10-29,quarterly,3.25,USD,post-market,None,4267608000,0.0232,0.163,0.039,78.64,212842000,1014361000,None,692015000,98.2,99.27,31.0484,16445731000,17375246000,9827000000,10820761000,-929515000,994000000,2788398000,5624970000,9.02,-1381101000,110.34,82.79
2025-12-28,AXS,12.08,6301015000.0,9.02,None,0.648,75.51,,None,1057864000,1057864000,,,,,,,,,1931000,134406000,None,2388512000,2388512000,123127000,None,None,92758000,None,None,41283000,,1.76,0.0162,,,,0.833,0.77,132954000,174237000,2.48,2010-09-30,8.16,0,1937581000.0,399886000,100507000,6067000,89744000,89744000,None,32447000,None,0,None,None,993976000,None,None,94440000,None,None,None,0.223,,299379000,100507000,-1812736000,-123127000,None,None,None,,,,,-10.28,1.443,1.352,,,,,,,,0.161,,0,2025-10-29,quarterly,3.25,USD,post-market,None,4033018000,0.0232,0.163,0.039,78.64,212842000,1085360000,None,662114000,98.2,99.27,31.0484,16846530000,17904394000,10004000000,10997592000,-1057864000,994000000,2788398000,5848938000,9.02,-1103933000,110.34,82.79
2025-12-28,AXS,12.08,6301015000.0,9.02,None,0.648,75.51,,None,1197543000,1197543000,,,,,,,,,1930000,135665000,None,2388512000,2388512000,199463000,None,None,94686000,None,None,41283000,,1.76,0.0162,,,,0.833,0.77,132954000,174237000,2.48,2010-06-30,8.16,0,1937581000.0,399886000,100507000,6067000,90473000,90473000,None,32447000,None,-104927000,None,None,993843000,None,None,94440000,None,None,None,0.223,,299379000,100507000,-1866279000,-199463000,None,None,None,,,,,-10.28,1.443,1.352,,,,,,,,0.161,,0,2025-10-29,quarterly,3.25,USD,post-market,None,3824111000,0.0232,0.163,0.039,78.64,212842000,1073512000,None,678977000,98.2,99.27,31.0484,16558280000,17650896000,10069000000,11062978000,-1092616000,994000000,2788398000,5495302000,9.02,-1090753000,110.34,82.79
2025-12-28,AXS,12.08,6301015000.0,9.02,None,0.648,75.51,,None,1510027000,1510027000,,,,,,,,,1929000,142176000,None,2388512000,2388512000,144679000,None,None,84407000,None,None,41283000,,1.76,0.0162,,,,0.833,0.77,132954000,174237000,2.48,2010-03-31,8.16,None,1937581000.0,399886000,100507000,6067000,91217000,91217000,None,32447000,None,-130698000,None,None,993712000,None,None,94440000,None,None,None,0.223,,299379000,100507000,-2146590000,-144679000,None,None,None,,,,,-10.28,1.443,1.352,,,,,,,,0.161,,None,2025-10-29,quarterly,3.25,USD,post-market,None,3649770000,0.0232,0.163,0.039,78.64,212842000,996857000,None,682854000,98.2,99.27,31.0484,16329170000,16237953000,9959000000,10953151000,91217000,994000000,2788398000,5376019000,9.02,-969085000,110.34,82.79
2025-12-28,AXS,12.08,6301015000.0,9.02,None,0.648,75.51,,None,788614000,788614000,,,,,,,,,1903000,142176000,None,2388512000,2388512000,173156000,None,None,102299000,None,None,41283000,,1.76,0.0162,,,,0.833,0.77,132954000,174237000,2.48,2009-12-31,8.16,42237000,1937581000.0,399886000,100507000,6067000,91505000,91505000,None,32447000,None,None,None,None,499476000,None,None,94440000,None,None,None,0.223,,299379000,100507000,-1590287000,-173156000,None,None,None,,,,,-10.28,1.443,1.352,,,,,,,,0.161,,None,2025-10-29,quarterly,3.25,USD,post-market,None,3569411000,0.0232,0.163,0.039,78.64,212842000,499476000,None,699374000,98.2,99.27,31.0484,15306524000,15215019000,9307000000,9806280000,91505000,499000000,2788398000,5500244000,9.02,-671518000,110.34,82.79
2025-12-28,AXS,12.08,6301015000.0,9.02,None,0.648,75.51,,None,1108954000,1108954000,,,,,,,,,1901000,137904000,None,2388512000,2388512000,170664000,None,None,82169000,None,None,41283000,,1.76,0.0162,,,,0.833,0.77,132954000,174237000,2.48,2009-09-30,8.16,None,1937581000.0,399886000,100507000,6067000,93049000,93049000,None,32447000,None,None,None,None,499449000,None,None,94440000,None,None,None,0.223,,299379000,100507000,-2015307000,-170664000,None,None,None,,,,,-10.28,1.443,1.352,,,,,,,,0.161,,None,2025-10-29,quarterly,3.25,USD,post-market,None,3319467000,0.0232,0.163,0.039,78.64,212842000,658551000,None,824184000,98.2,99.27,31.0484,15919468000,15826419000,10022000000,10521361000,93049000,499000000,2788398000,5398107000,9.02,-501652000,110.34,82.79
2025-12-28,AXS,12.08,6301015000.0,9.02,None,0.648,75.51,,None,1380863000,1380863000,,,,,,,,,1900000,149861000,None,2388512000,2388512000,178372000,None,None,87361000,None,None,41283000,,1.76,0.0162,,,,0.833,0.77,132954000,174237000,2.48,2009-06-30,8.16,None,1937581000.0,399886000,100507000,6067000,95058000,95058000,None,32447000,None,-116820000,None,None,499422000,None,None,94440000,None,None,None,0.223,,299379000,100507000,-2056146000,-178372000,None,None,None,,,,,-10.28,1.443,1.352,,,,,,,,0.161,,None,2025-10-29,quarterly,3.25,USD,post-market,None,3447511000,0.0232,0.163,0.039,78.64,212842000,655989000,None,704742000,98.2,99.27,31.0484,15378885000,15283827000,9971000000,10469766000,95058000,499000000,2788398000,4909119000,9.02,-501534000,110.34,82.79
2025-12-28,AXS,12.08,6301015000.0,9.02,None,0.648,75.51,,None,1309924000,1309924000,,,,,,,,,1899000,149023000,None,2388512000,2388512000,154763000,None,None,80746000,None,None,41283000,,1.76,0.0162,,,,0.833,0.77,132954000,174237000,2.48,2009-03-31,8.16,None,1937581000.0,399886000,100507000,6067000,95380000,95380000,None,32447000,None,None,None,None,499395000,None,None,94440000,None,None,None,0.223,,299379000,100507000,-2110658000,-154763000,None,None,None,,,,,-10.28,1.443,1.352,,,,,,,,0.161,,None,2025-10-29,quarterly,3.25,USD,post-market,None,3282392000,0.0232,0.163,0.039,78.64,212842000,550768000,None,719988000,98.2,99.27,31.0484,14777366000,14681986000,9786000000,10284529000,95380000,499000000,2788398000,4492837000,9.02,-501416000,110.34,82.79
2025-12-28,AXS,12.08,6301015000.0,9.02,None,0.648,75.51,,None,1697581000,1697581000,,,,,,,,,1878000,149023000,None,2388512000,2388512000,202145000,None,None,79232000,None,None,41283000,,1.76,0.0162,,,,0.833,0.77,132954000,174237000,2.48,2008-12-31,8.16,26753000,1937581000.0,399886000,100507000,6067000,60417000,60417000,None,32447000,None,None,None,None,499368000,None,None,94440000,None,None,None,0.223,,299379000,100507000,-2530774000,-202145000,None,None,None,,,,,-10.28,1.443,1.352,,,,,,,,0.161,,None,2025-10-29,quarterly,3.25,USD,post-market,None,3198492000,0.0232,0.163,0.039,78.64,212842000,499368000,None,492082000,98.2,99.27,31.0484,14282834000,14222417000,9323000000,9821793000,60417000,499000000,2788398000,4461041000,9.02,-495609000,110.34,82.79
2025-12-28,AXS,12.08,6301015000.0,9.02,None,0.648,75.51,,None,1419610000,1419610000,,,,,,,,,1878000,139335000,None,2388512000,2388512000,223963000,None,None,74693000,None,None,41283000,,1.76,0.0162,,,,0.833,0.77,132954000,174237000,2.48,2008-09-30,8.16,None,1937581000.0,399886000,100507000,6067000,60726000,60726000,None,32447000,None,None,None,None,499342000,None,None,94440000,None,None,None,0.223,,299379000,100507000,-2130607000,-223963000,None,None,None,,,,,-10.28,1.443,1.352,,,,,,,,0.161,,None,2025-10-29,quarterly,3.25,USD,post-market,None,3097487000,0.0232,0.163,0.039,78.64,212842000,499342000,None,636304000,98.2,99.27,31.0484,15175454000,15114728000,10075000000,10574264000,60726000,499000000,2788398000,4601190000,9.02,-445603000,110.34,82.79
2025-12-28,AXS,12.08,6301015000.0,9.02,None,0.648,75.51,,None,1094429000,1094429000,,,,,,,,,1877000,157602000,None,2388512000,2388512000,249710000,None,None,89261000,None,None,41283000,,1.76,0.0162,,,,0.833,0.77,132954000,174237000,2.48,2008-06-30,8.16,None,1937581000.0,399886000,100507000,6067000,61035000,61035000,None,32447000,None,None,None,None,499315000,None,None,94440000,None,None,None,0.223,,299379000,100507000,-1907929000,-249710000,None,None,None,,,,,-10.28,1.443,1.352,,,,,,,,0.161,,None,2025-10-29,quarterly,3.25,USD,post-market,None,3377051000,0.0232,0.163,0.039,78.64,212842000,499315000,None,724239000,98.2,99.27,31.0484,15606389000,15545354000,9844000000,10343227000,61035000,499000000,2788398000,5263162000,9.02,-387401000,110.34,82.79
2025-12-28,AXS,12.08,6301015000.0,9.02,None,0.648,75.51,,None,1578801000,1578801000,,,,,,,,,1875000,160184000,None,2388512000,2388512000,225715000,None,None,3132998000,None,None,41283000,,1.76,0.0162,,,,0.833,0.77,132954000,174237000,2.48,2008-03-31,8.16,None,1937581000.0,399886000,100507000,6067000,61344000,61344000,None,32447000,None,None,None,None,499288000,None,None,94440000,None,None,None,0.223,,299379000,100507000,-5363910000,9770000000,None,None,None,,,,,-10.28,1.443,1.352,,,,,,,,0.161,,None,2025-10-29,quarterly,3.25,USD,post-market,None,3176654000,0.0232,0.163,0.039,78.64,212842000,499288000,None,652111000,98.2,99.27,31.0484,15640194000,15578850000,9770000000,10268772000,61344000,499000000,2788398000,5371422000,9.02,-209339000,110.34,82.79
2025-12-28,AXS,12.08,6301015000.0,9.02,None,0.648,75.51,,None,1332921000,1332921000,,,,,,,,,1850000,160184000,None,2388512000,2388512000,244988000,None,None,173694000,None,None,41283000,,1.76,0.0162,,,,0.833,0.77,132954000,174237000,2.48,2007-12-31,8.16,26753000,1937581000.0,399886000,100507000,6067000,61653000,61653000,None,32447000,None,None,None,None,499261000,None,None,94440000,None,None,None,0.223,,299379000,100507000,-2085052000,-244988000,None,None,None,,,,,-10.28,1.443,1.352,,,,,,,,0.161,,None,2025-10-29,quarterly,3.25,USD,post-market,None,2968900000,0.0232,0.163,0.039,78.64,212842000,499261000,None,645987000,98.2,99.27,31.0484,14675309000,14613656000,9018000000,9516687000,61653000,499000000,2788398000,5158622000,9.02,-204606000,110.34,82.79
2025-12-28,AXS,12.08,6301015000.0,9.02,None,0.648,75.51,,None,1830852000,1830852000,,,,,,,,,1849000,164064000,None,2388512000,2388512000,255922000,None,None,2806510000,None,None,41283000,,1.76,0.0162,,,,0.833,0.77,132954000,174237000,2.48,2007-09-30,8.16,None,1937581000.0,399886000,100507000,6067000,61967000,61967000,None,32447000,None,None,None,None,499234000,None,None,94440000,None,None,None,0.223,,299379000,100507000,-5249791000,9269000000,None,None,None,,,,,-10.28,1.443,1.352,,,,,,,,0.161,,None,2025-10-29,quarterly,3.25,USD,post-market,None,2690742000,0.0232,0.163,0.039,78.64,212842000,499234000,None,612429000,98.2,99.27,31.0484,14711904000,14649937000,9269000000,9768312000,61967000,499000000,2788398000,4943592000,9.02,-79622000,110.34,82.79
2025-12-28,AXS,12.08,6301015000.0,9.02,None,0.648,75.51,,None,1837675000,1837675000,,,,,,,,,1849000,166320000,None,2388512000,2388512000,250248000,None,None,3024055000,None,None,41283000,,1.76,0.0162,,,,0.833,0.77,132954000,174237000,2.48,2007-06-30,8.16,None,1937581000.0,399886000,100507000,6067000,62511000,62511000,None,32447000,None,None,None,None,499207000,None,None,94440000,None,None,None,0.223,,299379000,100507000,-5968139000,9736000000,None,None,None,,,,,-10.28,1.443,1.352,,,,,,,,0.161,,None,2025-10-29,quarterly,3.25,USD,post-market,None,2448711000,0.0232,0.163,0.039,78.64,212842000,499207000,None,1106409000,98.2,99.27,31.0484,14928974000,14866463000,9736000000,10235092000,62511000,499000000,2788398000,4693882000,9.02,-32000,110.34,82.79
2025-12-28,AXS,12.08,6301015000.0,9.02,None,0.648,75.51,,None,2090834000,2090834000,,,,,,,,,1880000,166035000,None,2388512000,2388512000,286068000,None,None,2977804000,None,None,41283000,,1.76,0.0162,,,,0.833,0.77,132954000,174237000,2.48,2007-03-31,8.16,None,1937581000.0,399886000,100507000,6067000,28786000,28786000,None,32447000,None,None,None,None,499180000,None,None,94440000,None,None,None,0.223,,299379000,100507000,-6163466000,9072000000,None,None,None,,,,,-10.28,1.443,1.352,,,,,,,,0.161,,None,2025-10-29,quarterly,3.25,USD,post-market,None,2225474000,0.0232,0.163,0.039,78.64,212842000,499180000,400000000,1094828000,98.2,99.27,31.0484,14612437000,14583651000,9472000000,9970690000,28786000,499000000,2788398000,4641747000,9.02,None,110.34,82.79
2025-12-28,AXS,12.08,6301015000.0,9.02,None,0.648,75.51,,None,1989287000,1989287000,,,,,,,,,1875000,166035000,None,2388512000,2388512000,294374000,None,None,2561943000,None,None,41283000,,1.76,0.0162,,,,0.833,0.77,132954000,174237000,2.48,2006-12-31,8.16,2750000,1937581000.0,399886000,100507000,6067000,29041000,29041000,None,32447000,None,None,None,None,499144000,None,None,94440000,None,None,None,0.223,,299379000,100507000,-5681894000,8754000000,None,None,None,,,,,-10.28,1.443,1.352,,,,,,,,0.161,,None,2025-10-29,quarterly,3.25,USD,post-market,None,2026004000,0.0232,0.163,0.039,78.64,212842000,499144000,None,1130664000,98.2,99.27,31.0484,13665287000,13636246000,8754000000,9252640000,29041000,499000000,2788398000,4412647000,9.02,None,110.34,82.79
2025-12-28,AXS,12.08,6301015000.0,9.02,None,0.648,75.51,,None,1640914000,1640914000,,,,,,,,,1875000,164701000,None,2388512000,2388512000,397101000,None,None,1298360000,None,None,41283000,,1.76,0.0162,,,,0.833,0.77,132954000,174237000,2.48,2006-09-30,8.16,None,1937581000.0,399886000,100507000,6067000,34543000,34543000,None,32447000,None,None,None,None,499127000,None,None,94440000,None,None,None,0.223,,299379000,100507000,-3653655000,8614000000,None,None,None,,,,,-10.28,1.443,1.352,,,,,,,,0.161,,None,2025-10-29,quarterly,3.25,USD,post-market,None,1770578000,0.0232,0.163,0.039,78.64,212842000,499127000,None,714381000,98.2,99.27,31.0484,13254202000,13219659000,8614000000,9113253000,34543000,499000000,2788398000,4140949000,9.02,None,110.34,82.79
2025-12-28,AXS,12.08,6301015000.0,9.02,None,0.648,75.51,,None,1615448000,1615448000,,,,,,,,,1873000,163325000,None,2388512000,2388512000,408940000,None,None,2870912000,None,None,41283000,,1.76,0.0162,,,,0.833,0.77,132954000,174237000,2.48,2006-06-30,8.16,None,1937581000.0,399886000,100507000,6067000,35500000,35500000,None,32447000,None,None,None,None,499100000,None,None,94440000,None,None,None,0.223,,299379000,100507000,-5114081000,8481000000,None,None,None,,,,,-10.28,1.443,1.352,,,,,,,,0.161,,None,2025-10-29,quarterly,3.25,USD,post-market,None,1569864000,0.0232,0.163,0.039,78.64,212842000,499100000,None,627721000,98.2,99.27,31.0484,12799050000,12763550000,8481000000,8980327000,35500000,499000000,2788398000,3818723000,9.02,None,110.34,82.79
2025-12-28,AXS,12.08,6301015000.0,9.02,None,0.648,75.51,,None,1511619000,1511619000,,,,,,,,,1872000,163555000,None,2388512000,2388512000,396290000,None,None,1374920000,None,None,41283000,,1.76,0.0162,,,,0.833,0.77,132954000,174237000,2.48,2006-03-31,8.16,None,1937581000.0,399886000,100507000,6067000,36056000,36056000,None,32447000,None,None,None,None,499073000,None,None,94440000,None,None,None,0.223,,299379000,100507000,-3430405000,8511000000,None,None,None,,,,,-10.28,1.443,1.352,,,,,,,,0.161,,None,2025-10-29,quarterly,3.25,USD,post-market,None,1371990000,0.0232,0.163,0.039,78.64,212842000,499073000,None,543866000,98.2,99.27,31.0484,12655655000,12619599000,8511000000,9010427000,36056000,499000000,2788398000,3645228000,9.02,None,110.34,82.79
2025-12-28,AXS,12.08,6301015000.0,9.02,None,0.648,75.51,,None,1280990000,1280990000,,,,,,,,,1861000,163554990,None,2388512000,2388512000,415411000,None,None,2604869000,None,None,41283000,,1.76,0.0162,,,,0.833,0.77,132954000,174237000,2.48,2005-12-31,8.16,2750000,1937581000.0,399886000,100507000,6067000,37013000,37013000,None,32447000,None,None,None,None,499046000,None,None,94440000,None,None,None,0.223,,299379000,100507000,-4295363000,7915000000,None,None,None,,,,,-10.28,1.443,1.352,,,,,,,,0.161,,None,2025-10-29,quarterly,3.25,USD,post-market,None,1201932000,0.0232,0.163,0.039,78.64,212842000,499046000,None,409504000,98.2,99.27,31.0484,11925976000,11888963000,7915000000,8413625000,37013000,499000000,2788398000,3512351000,9.02,None,110.34,82.79
2025-12-28,AXS,12.08,6301015000.0,9.02,None,0.648,75.51,,None,862184000,862184000,,,,,,,,,1769000,140995298,None,2388512000,2388512000,418023000,None,None,1193271000,None,None,41283000,,1.76,0.0162,,,,0.833,0.77,132954000,174237000,2.48,2005-09-30,8.16,None,1937581000.0,399886000,100507000,6067000,37969000,37969000,None,32447000,None,None,None,None,499019000,None,None,94440000,None,None,None,0.223,,299379000,100507000,-2569676000,8070000000,None,None,None,,,,,-10.28,1.443,1.352,,,,,,,,0.161,,None,2025-10-29,quarterly,3.25,USD,post-market,None,992717000,0.0232,0.163,0.039,78.64,212842000,499019000,None,514221000,98.2,99.27,31.0484,11440546000,11402577000,8070000000,8568934000,37969000,499000000,2788398000,2871612000,9.02,None,110.34,82.79
2025-12-28,AXS,12.08,6301015000.0,9.02,None,0.648,75.51,,106614000,2143471000,2143471000,,,,,,,,,2206000,85176000,None,2388512000,2388512000,1713798000,None,None,10674244000,None,None,41283000,,1.76,0.0162,,,,0.833,0.77,132954000,174237000,2.48,2024-12-31,8.16,66498000,1937581000.0,399886000,100507000,6067000,175967000,175967000,None,32447000,None,None,None,None,1381559000,None,13606087000,94440000,None,None,None,0.223,,299379000,100507000,-17594068000,-1713798000,None,None,None,,,,,-10.28,1.443,1.352,,,,,,,,0.161,,92516000,2025-10-29,annual,3.25,USD,post-market,None,7341569000,0.0232,0.163,0.039,78.64,212842000,1488173000,17787000,4776353000,98.2,99.27,31.0484,32520293000,19531047000,1713798000,26430914000,12989246000,24717116000,2788398000,6089379000,9.02,None,110.34,82.79
2025-12-28,AXS,12.08,6301015000.0,9.02,None,0.648,75.51,,123101000,953476000,953476000,,,,,,,,,2206000,86012000,None,2388512000,2388512000,1792719000,None,None,10081306000,None,None,41283000,,1.76,0.0162,,,,0.833,0.77,132954000,174237000,2.48,2023-12-31,8.16,100801000,1937581000.0,399886000,100507000,6067000,186883000,186883000,None,32447000,None,-15386511000,None,None,1399504000,None,13701399000,94440000,None,None,None,0.223,,299379000,100507000,-15386511000,-1792719000,None,None,None,,,,,-10.28,1.443,1.352,,,,,,,,0.161,,108093000,2025-10-29,annual,3.25,USD,post-market,None,6440528000,0.0232,0.163,0.039,78.64,212842000,1522605000,17543000,4351729000,98.2,99.27,31.0484,30250672000,17302598000,1792719000,24987476000,12948074000,24987476000,2788398000,5263196000,9.02,None,110.34,82.79
2025-12-28,AXS,12.08,6301015000.0,9.02,None,0.648,75.51,,102577000,751415000,751415000,,,,,,,,,2206000,85669000,None,2388512000,2388512000,1609924000,None,None,9214782000,None,None,41283000,,1.76,0.0162,,,,0.833,0.77,132954000,174237000,2.48,2022-12-31,8.16,100801000,1937581000.0,399886000,100507000,6067000,197800000,197800000,None,32447000,None,-10459745000,None,None,1312314000,None,12729096000,94440000,None,None,None,0.223,,299379000,100507000,-14160103000,-1609924000,None,None,None,,,,,-10.28,1.443,1.352,,,,,,,,0.161,,92214000,2025-10-29,annual,3.25,USD,post-market,None,6247022000,0.0232,0.163,0.039,78.64,212842000,1496279000,102577000,4193906000,98.2,99.27,31.0484,27682971000,21363401000,1522764000,23043061000,13119911000,23043061000,2788398000,4639910000,9.02,None,110.34,82.79
2025-12-28,AXS,12.08,6301015000.0,9.02,None,0.648,75.51,,119512000,844592000,844592000,,,,,,,,,2206000,85291000,None,2388512000,2388512000,1324620000,None,None,8351407000,None,None,41283000,,1.76,0.0162,,,,0.833,0.77,132954000,174237000,2.48,2021-12-31,8.16,100801000,1937581000.0,399886000,100507000,6067000,208717000,208717000,None,32447000,None,-9700160000,None,None,1310975000,None,13592247000,94440000,None,None,None,0.223,,299379000,100507000,-13864088000,-1324620000,None,20615796000,None,,,,,-10.28,1.443,1.352,,,,,,,,0.161,,103295000,2025-10-29,annual,3.25,USD,post-market,None,6204745000,0.0232,0.163,0.039,78.64,212842000,1430487000,119512000,4668089000,98.2,99.27,31.0484,27368970000,21540262000,1324620000,21958314000,14005060000,1430487000,2788398000,5410656000,9.02,-3749010000,110.34,82.79
2025-12-28,AXS,12.08,6301015000.0,9.02,None,0.648,75.51,,140263000,902831000,902831000,,,,,,,,,2206000,84262000,None,2388512000,2388512000,1092042000,None,None,7736354000,None,None,41283000,,1.76,0.0162,,,,0.833,0.77,132954000,174237000,2.48,2020-12-31,8.16,100801000,1937581000.0,399886000,100507000,6067000,223487000,223487000,None,32447000,None,-9401483000,None,None,1309695000,None,14323816000,94440000,None,None,None,0.223,,299379000,100507000,-13745587000,-1092042000,None,19167521000,None,,,,,-10.28,1.443,1.352,,,,,,,,0.161,,123579000,2025-10-29,annual,3.25,USD,post-market,None,5763607000,0.0232,0.163,0.039,78.64,212842000,1449958000,22817000,5106402000,98.2,99.27,31.0484,25877687000,12593470000,140263000,20581993000,13280363000,1449958000,2788398000,5295694000,9.02,-3764568000,110.34,82.79
2025-12-28,AXS,12.08,6301015000.0,9.02,None,0.648,75.51,,115584000,1241109000,1241109000,,,,,,,,,2206000,84473000,None,2388512000,2388512000,1349082000,None,499687000,7390685000,None,None,41283000,,1.76,0.0162,,,,0.833,0.77,132954000,174237000,2.48,2019-12-31,8.16,102003000,1937581000.0,399886000,100507000,6067000,239542000,239542000,None,32447000,None,-9005613000,None,None,1808157000,None,14380460000,94440000,None,None,None,0.223,,299379000,100507000,-13754744000,-1349082000,None,18218904000,None,,,,,-10.28,1.443,1.352,,,,,,,,0.161,,111092000,2025-10-29,annual,3.25,USD,post-market,None,6056686000,0.0232,0.163,0.039,78.64,212842000,1923741000,115584000,5122950000,98.2,99.27,31.0484,25604054000,21138470000,1349082000,20060046000,13542349000,1808157000,2788398000,5544008000,9.02,-3778806000,110.34,82.79
2025-12-28,AXS,12.08,6301015000.0,9.02,None,0.648,75.51,,None,1830020000,1830020000,,,,,,,,,2206000,84007000,None,2388512000,2388512000,1338991000,None,1116000,6902160000,None,None,41283000,,1.76,0.0162,,,,0.833,0.77,132954000,174237000,2.48,2018-12-31,8.16,102003000,1937581000.0,399886000,100507000,6067000,241568000,241568000,None,32447000,None,-597206000,None,None,1341961000,None,13235895000,94440000,None,None,None,0.223,,299379000,100507000,-2318691000,16671543000,None,17648696000,None,,,,,-10.28,1.443,1.352,,,,,,,,0.161,,None,2025-10-29,annual,3.25,USD,post-market,None,5912812000,0.0232,0.163,0.039,78.64,212842000,1341961000,1341961000,11579387000,98.2,99.27,31.0484,24132566000,17395670000,18010534000,19102495000,6736896000,1091961000,2788398000,5030071000,9.02,-3791420000,110.34,82.79
2025-12-28,AXS,12.08,6301015000.0,9.02,None,0.648,75.51,,None,1363786000,1363786000,,,,,,,,,2206000,84108000,None,2388512000,2388512000,899064000,None,1556000,6444103000,None,None,41283000,,1.76,0.0162,,,,0.833,0.77,132954000,174237000,2.48,2017-12-31,8.16,102003000,1937581000.0,399886000,100507000,6067000,257987000,257987000,None,32447000,None,-415160000,None,None,1376529000,None,14865433000,94440000,None,None,None,0.223,,299379000,100507000,-1988652000,17143320000,None,17941795000,None,,,,,-10.28,1.443,1.352,,,,,,,,0.161,,0,2025-10-29,annual,3.25,USD,post-market,None,5979666000,0.0232,0.163,0.039,78.64,212842000,1376529000,1376529000,13341178000,98.2,99.27,31.0484,24760177000,18745255000,18042384000,19418913000,6014922000,1376529000,2788398000,5341264000,9.02,-3807156000,110.34,82.79
2025-12-28,AXS,12.08,6301015000.0,9.02,None,0.648,75.51,,None,1241507000,1241507000,,,,,,,,,2206000,91547000,None,2388512000,2388512000,493183000,None,992950000,4737528000,None,None,41283000,,1.76,0.0162,,,,0.833,0.77,132954000,174237000,2.48,2016-12-31,8.16,47148000,1937581000.0,399886000,100507000,6067000,37901000,37901000,None,32447000,None,-202013000,None,None,993000000,None,13534478000,94440000,None,None,None,0.223,,299379000,100507000,-1127828000,13055188000,None,13485821000,None,,,,,-10.28,1.443,1.352,,,,,,,,0.161,,0,2025-10-29,annual,3.25,USD,post-market,None,6527627000,0.0232,0.163,0.039,78.64,212842000,1985950000,992950000,12163319000,98.2,99.27,31.0484,20813691000,16812513000,13548371000,14541321000,4001178000,992950000,2788398000,6272370000,9.02,-3561553000,110.34,82.79
2025-12-28,AXS,12.08,6301015000.0,9.02,None,0.648,75.51,,None,1174751000,1174751000,,,,,,,,,2202000,99629000,None,2388512000,2388512000,356417000,None,991825000,4163846000,None,None,41283000,,1.76,0.0162,,,,0.833,0.77,132954000,174237000,2.48,2015-12-31,8.16,47148000,1937581000.0,399886000,100507000,6067000,39710000,39710000,None,32447000,None,-186618000,None,None,991825000,None,13448915000,94440000,None,None,None,0.223,,299379000,100507000,-1173278000,12766767000,None,13113828000,None,,,,,-10.28,1.443,1.352,,,,,,,,0.161,,0,2025-10-29,annual,3.25,USD,post-market,None,6194353000,0.0232,0.163,0.039,78.64,212842000,991825000,991825000,12352153000,98.2,99.27,31.0484,19981891000,16330854000,13123184000,14115009000,3651037000,991825000,2788398000,5866882000,9.02,-3010439000,110.34,82.79
2025-12-28,AXS,12.08,6301015000.0,9.02,None,0.648,75.51,,None,1209695000,1209695000,,,,,,,,,2191000,105713000,None,2388512000,2388512000,249186000,None,248000,3818004000,None,None,41283000,,1.76,0.0162,,,,0.833,0.77,132954000,174237000,2.48,2014-12-31,8.16,47148000,1937581000.0,399886000,100507000,6067000,41812000,41812000,None,32447000,None,-287865000,None,None,990790000,None,13853049000,94440000,None,None,None,0.223,,299379000,100507000,-1043919000,12894814000,None,12896830000,None,,,,,-10.28,1.443,1.352,,,,,,,,0.161,,0,2025-10-29,annual,3.25,USD,post-market,None,5715504000,0.0232,0.163,0.039,78.64,212842000,991038000,248000,12804514000,98.2,99.27,31.0484,19955736000,16500429000,13144000000,14075796000,3455307000,991000000,2788398000,5821121000,9.02,-2763859000,110.34,82.79
2025-12-28,AXS,12.08,6301015000.0,9.02,None,0.648,75.51,,None,987876000,987876000,,,,,,,,,2174000,115328000,None,2388512000,2388512000,234412000,None,995855000,3717276000,None,None,41283000,,1.76,0.0162,,,,0.833,0.77,132954000,174237000,2.48,2013-12-31,8.16,46422000,1937581000.0,399886000,100507000,6067000,43106000,43106000,None,32447000,None,-64550000,None,None,995855000,None,13877468000,94440000,None,None,None,0.223,,299379000,100507000,-2776518000,12586588000,None,12749223000,None,,,,,-10.28,1.443,1.352,,,,,,,,0.161,,0,2025-10-29,annual,3.25,USD,post-market,None,5062706000,0.0232,0.163,0.039,78.64,212842000,995855000,995855000,12734526000,98.2,99.27,31.0484,19634784000,14598610000,12821000000,13766822000,5036174000,996000000,2788398000,5817962000,9.02,-2232711000,110.34,82.79
2025-12-28,AXS,12.08,6301015000.0,9.02,None,0.648,75.51,,None,850550000,850550000,,,,,,,,,2146000,123654000,None,2388512000,2388512000,270739000,None,None,3437114000,None,None,41283000,,1.76,0.0162,,,,0.833,0.77,132954000,174237000,2.48,2012-12-31,8.16,49635000,1937581000.0,399886000,100507000,6067000,47858000,47858000,None,32447000,None,-90733000,None,None,995245000,None,13644114000,94440000,None,None,None,0.223,,299379000,100507000,-16900388000,-270739000,None,12012785000,None,,,,,-10.28,1.443,1.352,,,,,,,,0.161,,0,2025-10-29,annual,3.25,USD,post-market,None,4497789000,0.0232,0.163,0.039,78.64,212842000,995245000,None,12703457000,98.2,99.27,31.0484,18852344000,14162687000,12078000000,13072583000,4689657000,995000000,2788398000,5779761000,9.02,-1764673000,110.34,82.79
2025-12-28,AXS,12.08,6301015000.0,9.02,None,0.648,75.51,,None,1082838000,1082838000,,,,,,,,,2125000,128122000,None,2388512000,2388512000,206539000,None,None,3285520000,None,None,41283000,,1.76,0.0162,,,,0.833,0.77,132954000,174237000,2.48,2011-12-31,8.16,49350000,1937581000.0,399886000,100507000,6067000,50240000,50240000,None,32447000,None,14700839000,None,None,994664000,None,None,94440000,None,None,None,0.223,,299379000,100507000,-16034938000,-206539000,None,None,None,,,,,-10.28,1.443,1.352,,,,,,,,0.161,,0,2025-10-29,annual,3.25,USD,post-market,None,4155392000,0.0232,0.163,0.039,78.64,212842000,994664000,None,149909000,98.2,99.27,31.0484,17806059000,14862577000,11367000000,12361980000,2943482000,995000000,2788398000,5444079000,9.02,-1446986000,110.34,82.79
2025-12-28,AXS,12.08,6301015000.0,9.02,None,0.648,75.51,,None,929515000,929515000,,,,,,,,,1934000,136199000,None,2388512000,2388512000,164927000,None,None,3017576000,None,None,41283000,,1.76,0.0162,,,,0.833,0.77,132954000,174237000,2.48,2010-12-31,8.16,49297000,1937581000.0,399886000,100507000,6067000,103231000,103231000,None,32447000,None,0,None,None,994110000,None,11620530000,94440000,None,None,None,0.223,,299379000,100507000,-14951961000,-164927000,None,9806400000,None,,,,,-10.28,1.443,1.352,,,,,,,,0.161,,0,2025-10-29,annual,3.25,USD,post-market,None,4267608000,0.0232,0.163,0.039,78.64,212842000,1014361000,None,692015000,98.2,99.27,31.0484,16445731000,17375246000,9827000000,10820761000,-929515000,994000000,2788398000,5624970000,9.02,-1381101000,110.34,82.79
2025-12-28,AXS,12.08,6301015000.0,9.02,None,0.648,75.51,,None,864054000,864054000,,,,,,,,,1903000,150371000,None,2388512000,2388512000,173156000,None,None,102299000,None,None,41283000,,1.76,0.0162,,,,0.833,0.77,132954000,174237000,2.48,2009-12-31,8.16,42237000,1937581000.0,399886000,100507000,6067000,91505000,91505000,None,32447000,None,-75440000,None,None,499476000,None,None,94440000,None,None,None,0.223,,299379000,100507000,-1590287000,-173156000,None,None,None,,,,,-10.28,1.443,1.352,,,,,,,,0.161,,None,2025-10-29,annual,3.25,USD,post-market,None,3569411000,0.0232,0.163,0.039,78.64,212842000,499476000,None,699374000,98.2,99.27,31.0484,15306524000,15215019000,9307000000,9806280000,91505000,499000000,2788398000,5500244000,9.02,-671518000,110.34,82.79
2025-12-28,AXS,12.08,6301015000.0,9.02,None,0.648,75.51,,None,1820673000,1820673000,,,,,,,,,1878000,155320000,None,2388512000,2388512000,202145000,None,None,79232000,None,None,41283000,,1.76,0.0162,,,,0.833,0.77,132954000,174237000,2.48,2008-12-31,8.16,26753000,1937581000.0,399886000,100507000,6067000,60417000,60417000,None,32447000,None,-123092000,None,None,499368000,None,None,94440000,None,None,None,0.223,,299379000,100507000,-2530774000,-202145000,None,None,None,,,,,-10.28,1.443,1.352,,,,,,,,0.161,,None,2025-10-29,annual,3.25,USD,post-market,None,3198492000,0.0232,0.163,0.039,78.64,212842000,499368000,None,492082000,98.2,99.27,31.0484,14282834000,14222417000,9323000000,9821793000,60417000,499000000,2788398000,4461041000,9.02,-495609000,110.34,82.79
2025-12-28,AXS,12.08,6301015000.0,9.02,None,0.648,75.51,,None,1332921000,1332921000,,,,,,,,,1850000,164515000,None,2388512000,2388512000,244988000,None,None,173694000,None,None,41283000,,1.76,0.0162,,,,0.833,0.77,132954000,174237000,2.48,2007-12-31,8.16,26753000,1937581000.0,399886000,100507000,6067000,61653000,61653000,None,32447000,None,None,None,None,499261000,None,None,94440000,None,None,None,0.223,,299379000,100507000,-2085052000,6626351000,None,None,None,,,,,-10.28,1.443,1.352,,,,,,,,0.161,,None,2025-10-29,annual,3.25,USD,post-market,None,2968900000,0.0232,0.163,0.039,78.64,212842000,499261000,None,645987000,98.2,99.27,31.0484,14675309000,14613656000,9018000000,9516687000,61653000,499000000,2788398000,5158622000,9.02,-204606000,110.34,82.79
2025-12-28,AXS,12.08,6301015000.0,9.02,None,0.648,75.51,,None,1989287000,1989287000,,,,,,,,,1875000,164394000,None,2388512000,2388512000,294374000,None,None,2561943000,None,None,41283000,,1.76,0.0162,,,,0.833,0.77,132954000,174237000,2.48,2006-12-31,8.16,2750000,1937581000.0,399886000,100507000,6067000,29041000,29041000,None,32447000,None,None,None,None,499144000,None,None,94440000,None,None,None,0.223,,299379000,100507000,-5681894000,6737940000,None,None,None,,,,,-10.28,1.443,1.352,,,,,,,,0.161,,None,2025-10-29,annual,3.25,USD,post-market,None,2026004000,0.0232,0.163,0.039,78.64,212842000,499144000,None,1130664000,98.2,99.27,31.0484,13665287000,13636246000,8754000000,9252640000,29041000,499000000,2788398000,4412647000,9.02,None,110.34,82.79
2025-12-28,AXS,12.08,6301015000.0,9.02,None,0.648,75.51,,None,1280990000,1280990000,,,,,,,,,1861000,157524000,None,2388512000,2388512000,415411000,None,None,2604869000,None,None,41283000,,1.76,0.0162,,,,0.833,0.77,132954000,174237000,2.48,2005-12-31,8.16,2750000,1937581000.0,399886000,100507000,6067000,37013000,37013000,None,32447000,None,None,None,None,499046000,None,None,94440000,None,None,None,0.223,,299379000,100507000,-4295363000,6154112000,None,None,None,,,,,-10.28,1.443,1.352,,,,,,,,0.161,,None,2025-10-29,annual,3.25,USD,post-market,None,1201932000,0.0232,0.163,0.039,78.64,212842000,499046000,None,409504000,98.2,99.27,31.0484,11925976000,11888963000,7915000000,8413625000,37013000,499000000,2788398000,3512351000,9.02,None,110.34,82.79
2025-12-28,AXS,12.08,6301015000.0,9.02,None,0.648,75.51,7911000,None,1280990000,1280990000,-152001000,-565966000,None,None,None,None,None,None,1861000,157524000,None,2388512000,2388512000,415411000,None,None,2604869000,None,None,41283000,13884000,1.76,0.0162,41963000,41963000,None,0.833,0.77,132954000,174237000,2.48,2025-09-30,8.16,2750000,1937581000.0,399886000,100507000,6067000,37013000,37013000,None,32447000,None,None,None,None,499046000,None,None,301862000,None,None,None,0.223,673841000,299379000,100507000,-4295363000,6154112000,None,None,None,None,None,None,None,-10.28,1.443,1.352,None,None,None,None,None,-109978000,None,0.161,None,None,2025-10-29,quarterly,3.25,USD,post-market,None,1201932000,0.0232,0.163,0.039,78.64,212842000,499046000,None,409504000,98.2,99.27,31.0484,11925976000,11888963000,7915000000,8413625000,37013000,499000000,2788398000,3512351000,9.02,None,110.34,82.79
2025-12-28,AXS,12.08,6301015000.0,9.02,None,0.648,75.51,8635000,None,1280990000,1280990000,-93423000,-184507000,None,None,None,None,None,None,1861000,157524000,None,2388512000,2388512000,415411000,None,None,2604869000,None,None,41283000,13479000,1.76,0.0162,42334000,42334000,None,0.833,0.77,132954000,174237000,2.48,2025-06-30,8.16,2750000,1937581000.0,399886000,100507000,6067000,37013000,37013000,None,32447000,None,None,None,None,499046000,None,None,223356000,None,None,None,0.223,-1654218000,299379000,100507000,-4295363000,6154112000,None,None,None,None,None,None,None,-10.28,1.443,1.352,None,None,None,None,None,-49989000,None,0.161,None,None,2025-10-29,quarterly,3.25,USD,post-market,None,1201932000,0.0232,0.163,0.039,78.64,212842000,499046000,None,409504000,98.2,99.27,31.0484,11925976000,11888963000,7915000000,8413625000,37013000,499000000,2788398000,3512351000,9.02,None,110.34,82.79
2025-12-28,AXS,12.08,6301015000.0,9.02,None,0.648,75.51,7273000,None,1280990000,1280990000,-511659000,462286000,None,None,None,None,None,None,1861000,157524000,None,2388512000,2388512000,415411000,None,None,2604869000,None,None,41283000,13792000,1.76,0.0162,47153000,47153000,None,0.833,0.77,132954000,174237000,2.48,2025-03-31,8.16,2750000,1937581000.0,399886000,100507000,6067000,37013000,37013000,None,32447000,None,None,None,None,499046000,None,None,194071000,None,None,None,0.223,309079000,299379000,100507000,-4295363000,6154112000,None,None,None,None,None,None,None,-10.28,1.443,1.352,None,None,None,None,None,-439992000,None,0.161,None,None,2025-10-29,quarterly,3.25,USD,post-market,None,1201932000,0.0232,0.163,0.039,78.64,212842000,499046000,None,409504000,98.2,99.27,31.0484,11925976000,11888963000,7915000000,8413625000,37013000,499000000,2788398000,3512351000,9.02,None,110.34,82.79
2025-12-28,AXS,12.08,6301015000.0,9.02,None,0.648,75.51,297000,None,1280990000,1280990000,-114937000,1390982000,None,None,None,None,None,None,1861000,157524000,None,2388512000,2388512000,415411000,None,None,2604869000,None,None,41283000,13135000,1.76,0.0162,44697000,44697000,None,0.833,0.77,132954000,174237000,2.48,2024-12-31,8.16,2750000,1937581000.0,399886000,100507000,6067000,37013000,37013000,None,32447000,None,None,None,None,499046000,None,None,293635000,None,None,None,0.223,355547000,299379000,100507000,-4295363000,6154112000,None,None,None,None,None,None,None,-10.28,1.443,1.352,None,None,None,None,None,-60058000,None,0.161,None,None,2025-10-29,quarterly,3.25,USD,post-market,None,1201932000,0.0232,0.163,0.039,78.64,212842000,499046000,None,409504000,98.2,99.27,31.0484,11925976000,11888963000,7915000000,8413625000,37013000,499000000,2788398000,3512351000,9.02,None,110.34,82.79
2025-12-28,AXS,12.08,6301015000.0,9.02,None,0.648,75.51,8635000,None,1280990000,1280990000,-95199000,-700339000,None,None,-139434000,None,None,None,1861000,157524000,None,2388512000,2388512000,415411000,None,None,2604869000,None,None,41283000,14278000,1.76,0.0162,44684000,44684000,None,0.833,0.77,132954000,174237000,2.48,2024-09-30,8.16,2750000,1937581000.0,399886000,100507000,6067000,37013000,37013000,None,32447000,None,None,None,None,499046000,None,None,180728000,None,None,None,0.223,587027000,299379000,100507000,-4295363000,6154112000,None,None,None,None,None,None,None,-10.28,1.443,1.352,None,None,None,None,None,-39918000,None,0.161,None,None,2025-10-29,quarterly,3.25,USD,post-market,None,1201932000,0.0232,0.163,0.039,78.64,212842000,499046000,None,409504000,98.2,99.27,31.0484,11925976000,11888963000,7915000000,8413625000,37013000,499000000,2788398000,3512351000,9.02,None,110.34,82.79
2025-12-28,AXS,12.08,6301015000.0,9.02,None,0.648,75.51,724000,None,1280990000,1280990000,-83659000,-621230000,None,None,None,None,None,None,1861000,157524000,None,2388512000,2388512000,415411000,None,None,2604869000,None,None,41283000,13636000,1.76,0.0162,44863000,44863000,None,0.833,0.77,132954000,174237000,2.48,2024-06-30,8.16,2750000,1937581000.0,399886000,100507000,6067000,37013000,37013000,None,32447000,None,None,None,None,499046000,None,None,211964000,None,None,None,0.223,518100000,299379000,100507000,-4295363000,6154112000,None,None,None,None,None,None,None,-10.28,1.443,1.352,None,None,None,None,None,-38361000,None,0.161,None,None,2025-10-29,quarterly,3.25,USD,post-market,None,1201932000,0.0232,0.163,0.039,78.64,212842000,499046000,None,409504000,98.2,99.27,31.0484,11925976000,11888963000,7915000000,8413625000,37013000,499000000,2788398000,3512351000,9.02,None,110.34,82.79
2025-12-28,AXS,12.08,6301015000.0,9.02,None,0.648,75.51,8208000,None,1280990000,1280990000,-123499000,211039000,None,None,None,None,None,None,1861000,157524000,None,2388512000,2388512000,415411000,None,None,2604869000,None,None,41283000,14257000,1.76,0.0162,47771000,47771000,None,0.833,0.77,132954000,174237000,2.48,2024-03-31,8.16,2750000,1937581000.0,399886000,100507000,6067000,37013000,37013000,None,32447000,None,None,None,None,499046000,None,None,395459000,None,None,None,0.223,384139000,299379000,100507000,-4295363000,6154112000,None,None,None,None,None,None,None,-10.28,1.443,1.352,None,None,None,None,None,-61607000,None,0.161,None,None,2025-10-29,quarterly,3.25,USD,post-market,None,1201932000,0.0232,0.163,0.039,78.64,212842000,499046000,None,409504000,98.2,99.27,31.0484,11925976000,11888963000,7915000000,8413625000,37013000,499000000,2788398000,3512351000,9.02,None,110.34,82.79
2025-12-28,AXS,12.08,6301015000.0,9.02,None,0.648,75.51,14925000,None,1280990000,1280990000,-51940000,-165617000,None,None,726259000,None,None,None,1861000,157524000,None,2388512000,2388512000,415411000,None,None,2604869000,None,None,41283000,2729000,1.76,0.0162,45768000,45768000,None,0.833,0.77,132954000,174237000,2.48,2023-12-31,8.16,2750000,1937581000.0,399886000,100507000,6067000,37013000,37013000,None,32447000,None,None,None,None,499046000,None,None,-142582000,None,None,None,0.223,306256000,299379000,100507000,-4295363000,6154112000,None,None,None,None,None,None,None,-10.28,1.443,1.352,None,None,None,None,None,-6172000,None,0.161,None,None,2025-10-29,quarterly,3.25,USD,post-market,None,1201932000,0.0232,0.163,0.039,78.64,212842000,499046000,None,409504000,98.2,99.27,31.0484,11925976000,11888963000,7915000000,8413625000,37013000,499000000,2788398000,3512351000,9.02,None,110.34,82.79
2025-12-28,AXS,12.08,6301015000.0,9.02,None,0.648,75.51,8635000,None,1280990000,1280990000,-45483000,-544111000,None,None,-116453000,None,None,None,1861000,157524000,None,2388512000,2388512000,415411000,None,None,2604869000,None,None,41283000,31196000,1.76,0.0162,45110000,45110000,None,0.833,0.77,132954000,174237000,2.48,2023-09-30,8.16,2750000,1937581000.0,399886000,100507000,6067000,37013000,37013000,None,32447000,None,None,None,None,499046000,None,None,188097000,None,None,None,0.223,348224000,299379000,100507000,-4295363000,6154112000,None,None,None,None,None,None,None,-10.28,1.443,1.352,None,None,None,None,None,-373000,None,0.161,None,None,2025-10-29,quarterly,3.25,USD,post-market,None,1201932000,0.0232,0.163,0.039,78.64,212842000,499046000,None,409504000,98.2,99.27,31.0484,11925976000,11888963000,7915000000,8413625000,37013000,499000000,2788398000,3512351000,9.02,None,110.34,82.79
2025-12-28,AXS,12.08,6301015000.0,9.02,None,0.648,75.51,12883000,None,1280990000,1280990000,-46367000,13522000,345800000,None,255887000,None,None,-222406000,1861000,157524000,None,2388512000,2388512000,415411000,None,None,2604869000,None,None,41283000,16211000,1.76,0.0162,45261000,45261000,None,0.833,0.77,132954000,174237000,2.48,2023-06-30,8.16,2750000,1937581000.0,399886000,100507000,6067000,37013000,37013000,None,32447000,None,None,None,None,499046000,None,None,150676000,None,None,None,0.223,378645000,299379000,100507000,-4295363000,6154112000,None,None,None,None,None,None,None,-10.28,1.443,1.352,None,None,None,None,None,-1106000,None,0.161,None,None,2025-10-29,quarterly,3.25,USD,post-market,None,1201932000,0.0232,0.163,0.039,78.64,212842000,499046000,None,409504000,98.2,99.27,31.0484,11925976000,11888963000,7915000000,8413625000,37013000,499000000,2788398000,3512351000,9.02,None,110.34,82.79
2025-12-28,AXS,12.08,6301015000.0,9.02,None,0.648,75.51,5299000,None,1280990000,1280990000,-58581000,-159404000,4449000,None,None,None,None,-415418000,1861000,157524000,None,2388512000,2388512000,415411000,None,None,2604869000,None,None,41283000,14971000,1.76,0.0162,47886000,47886000,None,0.833,0.77,132954000,174237000,2.48,2023-03-31,8.16,2750000,1937581000.0,399886000,100507000,6067000,37013000,37013000,None,32447000,None,None,None,None,499046000,None,None,180097000,None,None,None,0.223,222434000,299379000,100507000,-4295363000,6154112000,None,None,None,None,None,None,None,-10.28,1.443,1.352,None,None,None,None,None,-15945000,None,0.161,None,None,2025-10-29,quarterly,3.25,USD,post-market,None,1201932000,0.0232,0.163,0.039,78.64,212842000,499046000,None,409504000,98.2,99.27,31.0484,11925976000,11888963000,7915000000,8413625000,37013000,499000000,2788398000,3512351000,9.02,None,110.34,82.79
2025-12-28,AXS,12.08,6301015000.0,9.02,None,0.648,75.51,36829000,None,1280990000,1280990000,-44321000,-655798000,None,None,None,None,None,None,1861000,157524000,None,2388512000,2388512000,415411000,None,None,2604869000,None,None,41283000,15819000,1.76,0.0162,44015000,44015000,None,0.833,0.77,132954000,174237000,2.48,2022-12-31,8.16,2750000,1937581000.0,399886000,100507000,6067000,37013000,37013000,None,32447000,None,None,None,None,499046000,None,None,48491000,None,None,None,0.223,-224794000,299379000,100507000,-4295363000,6154112000,None,None,None,None,None,None,None,-10.28,1.443,1.352,None,None,None,None,None,-34987000,None,0.161,None,None,2025-10-29,quarterly,3.25,USD,post-market,None,1201932000,0.0232,0.163,0.039,78.64,212842000,499046000,None,409504000,98.2,99.27,31.0484,11925976000,11888963000,7915000000,8413625000,37013000,499000000,2788398000,3512351000,9.02,None,110.34,82.79
2025-12-28,AXS,12.08,6301015000.0,9.02,None,0.648,75.51,7994000,None,1280990000,1280990000,34604000,-71940000,365908000,None,None,None,None,137654000,1861000,157524000,None,2388512000,2388512000,415411000,None,None,2604869000,None,None,41283000,21412000,1.76,0.0162,44004000,44004000,None,0.833,0.77,132954000,174237000,2.48,2022-09-30,8.16,2750000,1937581000.0,399886000,100507000,6067000,37013000,37013000,None,32447000,None,None,None,None,499046000,None,None,-9390000,None,None,None,0.223,403244000,299379000,100507000,-4295363000,6154112000,None,None,None,None,None,None,None,-10.28,1.443,1.352,None,None,None,None,None,-342000,None,0.161,None,None,2025-10-29,quarterly,3.25,USD,post-market,None,1201932000,0.0232,0.163,0.039,78.64,212842000,499046000,None,409504000,98.2,99.27,31.0484,11925976000,11888963000,7915000000,8413625000,37013000,499000000,2788398000,3512351000,9.02,None,110.34,82.79
2025-12-28,AXS,12.08,6301015000.0,9.02,None,0.648,75.51,6616000,None,1280990000,1280990000,-79622000,-484418000,-183585000,None,None,None,None,-78616000,1861000,157524000,None,2388512000,2388512000,415411000,None,None,2604869000,None,None,41283000,15343000,1.76,0.0162,44266000,44266000,None,0.833,0.77,132954000,174237000,2.48,2022-06-30,8.16,2750000,1937581000.0,399886000,100507000,6067000,37013000,37013000,None,32447000,None,None,None,None,499046000,None,None,34782000,None,None,None,0.223,380455000,299379000,100507000,-4295363000,6154112000,None,None,None,None,None,None,None,-10.28,1.443,1.352,None,None,None,None,None,-34987000,None,0.161,None,None,2025-10-29,quarterly,3.25,USD,post-market,None,1201932000,0.0232,0.163,0.039,78.64,212842000,499046000,None,409504000,98.2,99.27,31.0484,11925976000,11888963000,7915000000,8413625000,37013000,499000000,2788398000,3512351000,9.02,None,110.34,82.79
2025-12-28,AXS,12.08,6301015000.0,9.02,None,0.648,75.51,10431000,None,1280990000,1280990000,-60283000,322617000,395645000,None,None,None,None,-461896000,1861000,157524000,None,2388512000,2388512000,415411000,None,None,2604869000,None,None,41283000,15714000,1.76,0.0162,47306000,47306000,None,0.833,0.77,132954000,174237000,2.48,2022-03-31,8.16,2750000,1937581000.0,399886000,100507000,6067000,37013000,37013000,None,32447000,None,None,None,None,499046000,None,None,149200000,None,None,None,0.223,133311000,299379000,100507000,-4295363000,6154112000,None,None,None,None,None,None,None,-10.28,1.443,1.352,None,None,None,None,None,-12977000,None,0.161,None,None,2025-10-29,quarterly,3.25,USD,post-market,None,1201932000,0.0232,0.163,0.039,78.64,212842000,499046000,None,409504000,98.2,99.27,31.0484,11925976000,11888963000,7915000000,8413625000,37013000,499000000,2788398000,3512351000,9.02,None,110.34,82.79
2025-12-28,AXS,12.08,6301015000.0,9.02,None,0.648,75.51,8026000,None,1280990000,1280990000,-43407000,-244867000,-183616000,None,-216970000,None,None,360934000,1861000,157524000,None,2388512000,2388512000,415411000,None,None,2604869000,None,None,41283000,20010000,1.76,0.0162,43191000,43191000,None,0.833,0.77,132954000,174237000,2.48,2021-12-31,8.16,2750000,1937581000.0,399886000,100507000,6067000,37013000,37013000,None,32447000,None,None,None,None,499046000,None,None,204893000,None,None,None,0.223,104658000,299379000,100507000,-4295363000,6154112000,None,None,None,None,None,None,None,-10.28,1.443,1.352,None,None,None,None,None,-216000,None,0.161,None,None,2025-10-29,quarterly,3.25,USD,post-market,None,1201932000,0.0232,0.163,0.039,78.64,212842000,499046000,None,409504000,98.2,99.27,31.0484,11925976000,11888963000,7915000000,8413625000,37013000,499000000,2788398000,3512351000,9.02,None,110.34,82.79
2025-12-28,AXS,12.08,6301015000.0,9.02,None,0.648,75.51,16599000,None,1280990000,1280990000,-43437000,-522646000,-90846000,None,327725000,None,None,58996000,1861000,157524000,None,2388512000,2388512000,415411000,None,None,2604869000,None,None,41283000,15621000,1.76,0.0162,43231000,43231000,None,0.833,0.77,132954000,174237000,2.48,2021-09-30,8.16,2750000,1937581000.0,399886000,100507000,6067000,37013000,37013000,None,32447000,None,None,None,None,499046000,None,None,54946000,None,None,None,0.223,475237000,299379000,100507000,-4295363000,6154112000,None,None,None,None,None,None,None,-10.28,1.443,1.352,None,None,None,None,None,-206000,None,0.161,None,None,2025-10-29,quarterly,3.25,USD,post-market,None,1201932000,0.0232,0.163,0.039,78.64,212842000,499046000,None,409504000,98.2,99.27,31.0484,11925976000,11888963000,7915000000,8413625000,37013000,499000000,2788398000,3512351000,9.02,None,110.34,82.79
2025-12-28,AXS,12.08,6301015000.0,9.02,None,0.648,75.51,7891000,None,1280990000,1280990000,-43724000,-322456000,23601000,None,180440000,None,None,-49569000,1861000,157524000,None,2388512000,2388512000,415411000,None,None,2604869000,None,None,41283000,16250000,1.76,0.0162,43285000,43285000,None,0.833,0.77,132954000,174237000,2.48,2021-06-30,8.16,2750000,1937581000.0,399886000,100507000,6067000,37013000,37013000,None,32447000,None,None,None,None,499046000,None,None,235470000,None,None,None,0.223,389781000,299379000,100507000,-4295363000,6154112000,None,None,None,None,None,None,None,-10.28,1.443,1.352,None,None,None,None,None,-439000,None,0.161,None,None,2025-10-29,quarterly,3.25,USD,post-market,None,1201932000,0.0232,0.163,0.039,78.64,212842000,499046000,None,409504000,98.2,99.27,31.0484,11925976000,11888963000,7915000000,8413625000,37013000,499000000,2788398000,3512351000,9.02,None,110.34,82.79
2025-12-28,AXS,12.08,6301015000.0,9.02,None,0.648,75.51,6216000,None,1280990000,1280990000,-55527000,-24226000,65393000,None,636606000,None,None,-733234000,1861000,157524000,None,2388512000,2388512000,415411000,None,None,2604869000,None,None,41283000,15096000,1.76,0.0162,46146000,46146000,None,0.833,0.77,132954000,174237000,2.48,2021-03-31,8.16,2750000,1937581000.0,399886000,100507000,6067000,37013000,37013000,None,32447000,None,None,None,None,499046000,None,None,123300000,None,None,None,0.223,145146000,299379000,100507000,-4295363000,6154112000,None,None,None,None,None,None,None,-10.28,1.443,1.352,None,None,None,None,None,-9381000,None,0.161,None,None,2025-10-29,quarterly,3.25,USD,post-market,None,1201932000,0.0232,0.163,0.039,78.64,212842000,499046000,None,409504000,98.2,99.27,31.0484,11925976000,11888963000,7915000000,8413625000,37013000,499000000,2788398000,3512351000,9.02,None,110.34,82.79
2025-12-28,AXS,12.08,6301015000.0,9.02,None,0.648,75.51,44661000,None,1280990000,1280990000,-44254000,103947000,54417000,None,61911000,None,None,110863000,1861000,157524000,None,2388512000,2388512000,415411000,None,None,2604869000,None,None,41283000,19063000,1.76,0.0162,42557000,42557000,None,0.833,0.77,132954000,174237000,2.48,2020-12-31,8.16,2750000,1937581000.0,399886000,100507000,6067000,37013000,37013000,None,32447000,None,None,None,None,499046000,None,None,2743000,None,None,None,0.223,-5276000,299379000,100507000,-4295363000,6154112000,None,None,None,None,None,None,None,-10.28,1.443,1.352,None,None,None,None,None,-1697000,None,0.161,None,None,2025-10-29,quarterly,3.25,USD,post-market,None,1201932000,0.0232,0.163,0.039,78.64,212842000,499046000,None,409504000,98.2,99.27,31.0484,11925976000,11888963000,7915000000,8413625000,37013000,499000000,2788398000,3512351000,9.02,None,110.34,82.79
2025-12-28,AXS,12.08,6301015000.0,9.02,None,0.648,75.51,36582000,None,1280990000,1280990000,-42247000,-416551000,-216011000,None,256826000,None,None,193154000,1861000,157524000,None,2388512000,2388512000,415411000,None,None,2604869000,None,None,41283000,16253000,1.76,0.0162,42164000,42164000,None,0.833,0.77,132954000,174237000,2.48,2020-09-30,8.16,2750000,1937581000.0,399886000,100507000,6067000,37013000,37013000,None,32447000,None,None,None,None,499046000,None,None,-65384000,None,None,None,0.223,242787000,299379000,100507000,-4295363000,6154112000,None,None,None,None,None,None,None,-10.28,1.443,1.352,None,None,None,None,None,-83000,None,0.161,None,None,2025-10-29,quarterly,3.25,USD,post-market,None,1201932000,0.0232,0.163,0.039,78.64,212842000,499046000,None,409504000,98.2,99.27,31.0484,11925976000,11888963000,7915000000,8413625000,37013000,499000000,2788398000,3512351000,9.02,None,110.34,82.79
2025-12-28,AXS,12.08,6301015000.0,9.02,None,0.648,75.51,28470000,None,1280990000,1280990000,-542349000,779504000,392891000,None,78986000,None,None,-94010000,1861000,157524000,None,2388512000,2388512000,415411000,None,None,2604869000,None,None,41283000,14869000,1.76,0.0162,42238000,42238000,None,0.833,0.77,132954000,174237000,2.48,2020-06-30,8.16,2750000,1937581000.0,399886000,100507000,6067000,37013000,37013000,None,32447000,None,None,None,None,499046000,None,None,120044000,None,None,None,0.223,155736000,299379000,100507000,-4295363000,6154112000,None,None,None,None,None,None,None,-10.28,1.443,1.352,None,None,None,None,None,-111000,None,0.161,None,None,2025-10-29,quarterly,3.25,USD,post-market,None,1201932000,0.0232,0.163,0.039,78.64,212842000,499046000,None,409504000,98.2,99.27,31.0484,11925976000,11888963000,7915000000,8413625000,37013000,499000000,2788398000,3512351000,9.02,None,110.34,82.79
2025-12-28,AXS,12.08,6301015000.0,9.02,None,0.648,75.51,13485000,None,1280990000,1280990000,-279953000,23021000,-306676000,None,823371000,None,None,-942389000,1861000,157524000,None,2388512000,2388512000,415411000,None,None,2604869000,None,None,41283000,15612000,1.76,0.0162,46462000,46462000,None,0.833,0.77,132954000,174237000,2.48,2020-03-31,8.16,2750000,1937581000.0,399886000,100507000,6067000,37013000,37013000,None,32447000,None,None,None,None,499046000,None,None,-177827000,None,None,None,0.223,-49744000,299379000,100507000,-4295363000,6154112000,None,None,None,None,None,None,None,-10.28,1.443,1.352,None,None,None,None,None,-225000000,None,0.161,None,None,2025-10-29,quarterly,3.25,USD,post-market,None,1201932000,0.0232,0.163,0.039,78.64,212842000,499046000,None,409504000,98.2,99.27,31.0484,11925976000,11888963000,7915000000,8413625000,37013000,499000000,2788398000,3512351000,9.02,None,110.34,82.79
2025-12-28,AXS,12.08,6301015000.0,9.02,None,0.648,75.51,63106000,None,1280990000,1280990000,376116000,-1472000,332133000,None,-36219000,None,None,223537000,1861000,157524000,None,2388512000,2388512000,415411000,None,None,2604869000,None,None,41283000,18265000,1.76,0.0162,44339000,44339000,None,0.833,0.77,132954000,174237000,2.48,2019-12-31,8.16,2750000,1937581000.0,399886000,100507000,6067000,37013000,37013000,None,32447000,None,None,None,None,499046000,None,None,-754000,None,None,None,0.223,-42511000,299379000,100507000,-4295363000,6154112000,None,None,None,None,None,None,None,-10.28,1.443,1.352,None,None,None,None,None,-720000,None,0.161,None,None,2025-10-29,quarterly,3.25,USD,post-market,None,1201932000,0.0232,0.163,0.039,78.64,212842000,499046000,None,409504000,98.2,99.27,31.0484,11925976000,11888963000,7915000000,8413625000,37013000,499000000,2788398000,3512351000,9.02,None,110.34,82.79
2025-12-28,AXS,12.08,6301015000.0,9.02,None,0.648,75.51,41800000,None,1280990000,1280990000,-44265000,-106595000,107238000,None,8273000,None,None,235369000,1861000,157524000,None,2388512000,2388512000,415411000,None,None,2604869000,None,None,41283000,15520000,1.76,0.0162,44234000,44234000,None,0.833,0.77,132954000,174237000,2.48,2019-09-30,8.16,2750000,1937581000.0,399886000,100507000,6067000,37013000,37013000,None,32447000,None,None,None,None,499046000,None,None,38399000,None,None,None,0.223,258098000,299379000,100507000,-4295363000,6154112000,None,None,None,None,None,None,None,-10.28,1.443,1.352,None,None,None,None,None,-31000,None,0.161,None,None,2025-10-29,quarterly,3.25,USD,post-market,None,1201932000,0.0232,0.163,0.039,78.64,212842000,499046000,None,409504000,98.2,99.27,31.0484,11925976000,11888963000,7915000000,8413625000,37013000,499000000,2788398000,3512351000,9.02,None,110.34,82.79
2025-12-28,AXS,12.08,6301015000.0,9.02,None,0.648,75.51,32747000,None,1280990000,1280990000,1578000,-563478000,-520791000,None,-37055000,None,None,-92108000,1861000,157524000,None,2388512000,2388512000,415411000,None,None,2604869000,None,None,41283000,17702000,1.76,0.0162,44345000,44345000,None,0.833,0.77,132954000,174237000,2.48,2019-06-30,8.16,2750000,1937581000.0,399886000,100507000,6067000,37013000,37013000,None,32447000,None,None,None,None,499046000,None,None,177047000,None,None,None,0.223,41109000,299379000,100507000,-4295363000,6154112000,None,None,None,None,None,None,None,-10.28,1.443,1.352,None,None,None,None,None,-411000,None,0.161,None,None,2025-10-29,quarterly,3.25,USD,post-market,None,1201932000,0.0232,0.163,0.039,78.64,212842000,499046000,None,409504000,98.2,99.27,31.0484,11925976000,11888963000,7915000000,8413625000,37013000,499000000,2788398000,3512351000,9.02,None,110.34,82.79
2025-12-28,AXS,12.08,6301015000.0,9.02,None,0.648,75.51,12051000,None,1280990000,1280990000,-55919000,-102770000,-216381000,None,512153000,None,None,-916598000,1861000,157524000,None,2388512000,2388512000,415411000,None,None,2604869000,None,None,41283000,23742000,1.76,0.0162,46916000,46916000,None,0.833,0.77,132954000,174237000,2.48,2019-03-31,8.16,2750000,1937581000.0,399886000,100507000,6067000,37013000,37013000,None,32447000,None,None,None,None,499046000,None,None,108781000,None,None,None,0.223,-57692000,299379000,100507000,-4295363000,6154112000,None,None,None,None,None,None,None,-10.28,1.443,1.352,None,None,None,None,None,-9003000,None,0.161,None,None,2025-10-29,quarterly,3.25,USD,post-market,None,1201932000,0.0232,0.163,0.039,78.64,212842000,499046000,None,409504000,98.2,99.27,31.0484,11925976000,11888963000,7915000000,8413625000,37013000,499000000,2788398000,3512351000,9.02,None,110.34,82.79
2025-12-28,AXS,12.08,6301015000.0,9.02,None,0.648,75.51,25103000,None,1280990000,1280990000,-44769000,229443000,64280000,None,-128585000,None,None,246622000,1861000,157524000,None,2388512000,2388512000,415411000,None,None,2604869000,None,None,41283000,-23139000,1.76,0.0162,43388000,43388000,None,0.833,0.77,132954000,174237000,2.48,2018-12-31,8.16,2750000,1937581000.0,399886000,100507000,6067000,37013000,37013000,None,32447000,None,None,None,None,499046000,None,None,-187791000,None,None,None,0.223,-120394000,299379000,100507000,-4295363000,6154112000,None,None,None,None,None,None,None,-10.28,1.443,1.352,None,None,None,None,None,-1381000,None,0.161,None,None,2025-10-29,quarterly,3.25,USD,post-market,None,1201932000,0.0232,0.163,0.039,78.64,212842000,499046000,None,409504000,98.2,99.27,31.0484,11925976000,11888963000,7915000000,8413625000,37013000,499000000,2788398000,3512351000,9.02,None,110.34,82.79
2025-12-28,AXS,12.08,6301015000.0,9.02,None,0.648,75.51,0,None,1280990000,1280990000,-43277000,94855000,225196000,None,-220137000,None,None,280777000,1861000,157524000,None,2388512000,2388512000,415411000,None,None,2604869000,None,None,41283000,10254000,1.76,0.0162,43254000,43254000,None,0.833,0.77,132954000,174237000,2.48,2018-09-30,8.16,2750000,1937581000.0,399886000,100507000,6067000,37013000,37013000,None,32447000,None,None,None,None,499046000,None,None,54093000,None,None,None,0.223,173618000,299379000,100507000,-4295363000,6154112000,None,None,None,None,None,None,None,-10.28,1.443,1.352,None,None,None,None,None,-23000,None,0.161,None,None,2025-10-29,quarterly,3.25,USD,post-market,None,1201932000,0.0232,0.163,0.039,78.64,212842000,499046000,None,409504000,98.2,99.27,31.0484,11925976000,11888963000,7915000000,8413625000,37013000,499000000,2788398000,3512351000,9.02,None,110.34,82.79
2025-12-28,AXS,12.08,6301015000.0,9.02,None,0.648,75.51,0,None,1280990000,1280990000,-45069000,-104163000,-103798000,None,-264611000,None,None,-117073000,1861000,157524000,None,2388512000,2388512000,415411000,None,None,2604869000,None,None,41283000,-45717000,1.76,0.0162,43556000,43556000,None,0.833,0.77,132954000,174237000,2.48,2018-06-30,8.16,2750000,1937581000.0,399886000,100507000,6067000,37013000,37013000,None,32447000,None,None,None,None,499046000,None,None,103517000,None,None,None,0.223,45434000,299379000,100507000,-4295363000,6154112000,None,None,None,None,None,None,None,-10.28,1.443,1.352,None,None,None,None,None,-1513000,None,0.161,None,None,2025-10-29,quarterly,3.25,USD,post-market,None,1201932000,0.0232,0.163,0.039,78.64,212842000,499046000,None,409504000,98.2,99.27,31.0484,11925976000,11888963000,7915000000,8413625000,37013000,499000000,2788398000,3512351000,9.02,None,110.34,82.79
2025-12-28,AXS,12.08,6301015000.0,9.02,None,0.648,75.51,0,None,1280990000,1280990000,-53092000,418419000,277442000,None,771765000,None,None,-1184071000,1861000,157524000,None,2388512000,2388512000,415411000,None,None,2604869000,None,None,41283000,68397000,1.76,0.0162,45929000,45929000,None,0.833,0.77,132954000,174237000,2.48,2018-03-31,8.16,2750000,1937581000.0,399886000,100507000,6067000,37013000,37013000,None,32447000,None,None,None,None,499046000,None,None,73202000,None,None,None,0.223,-87885000,299379000,100507000,-4295363000,6154112000,None,None,None,None,None,None,None,-10.28,1.443,1.352,None,None,None,None,None,-7163000,None,0.161,None,None,2025-10-29,quarterly,3.25,USD,post-market,None,1201932000,0.0232,0.163,0.039,78.64,212842000,499046000,None,409504000,98.2,99.27,31.0484,11925976000,11888963000,7915000000,8413625000,37013000,499000000,2788398000,3512351000,9.02,None,110.34,82.79
2025-12-28,AXS,12.08,6301015000.0,9.02,None,0.648,75.51,35468000,None,1280990000,1280990000,240938000,-590979000,-401987000,910000,-312755000,None,None,300927000,1861000,157524000,None,2388512000,2388512000,415411000,None,None,2604869000,None,None,41283000,62192000,1.76,0.0162,42820000,42820000,None,0.833,0.77,132954000,174237000,2.48,2017-12-31,8.16,2750000,1937581000.0,399886000,100507000,6067000,37013000,37013000,None,32447000,None,None,None,None,499046000,None,None,-27428000,None,None,None,0.223,-52856000,299379000,100507000,-4295363000,6154112000,None,None,None,None,None,None,None,-10.28,1.443,1.352,None,None,None,None,None,29316000,None,0.161,None,None,2025-10-29,quarterly,3.25,USD,post-market,None,1201932000,0.0232,0.163,0.039,78.64,212842000,499046000,None,409504000,98.2,99.27,31.0484,11925976000,11888963000,7915000000,8413625000,37013000,499000000,2788398000,3512351000,9.02,None,110.34,82.79
2025-12-28,AXS,12.08,6301015000.0,9.02,None,0.648,75.51,10370000,None,1280990000,1280990000,-45869000,497135000,622094000,7636000,760034000,None,None,-100629000,1861000,157524000,None,2388512000,2388512000,415411000,None,None,2604869000,None,None,41283000,6641000,1.76,0.0162,42335000,42335000,None,0.833,0.77,132954000,174237000,2.48,2017-09-30,8.16,2750000,1937581000.0,399886000,100507000,6067000,37013000,37013000,None,32447000,None,None,None,None,499046000,None,None,-457083000,None,None,None,0.223,163192000,299379000,100507000,-4295363000,6154112000,None,None,None,None,None,None,None,-10.28,1.443,1.352,None,None,None,None,None,-3534000,None,0.161,None,None,2025-10-29,quarterly,3.25,USD,post-market,None,1201932000,0.0232,0.163,0.039,78.64,212842000,499046000,None,409504000,98.2,99.27,31.0484,11925976000,11888963000,7915000000,8413625000,37013000,499000000,2788398000,3512351000,9.02,None,110.34,82.79
2025-12-28,AXS,12.08,6301015000.0,9.02,None,0.648,75.51,9973000,None,1280990000,1280990000,-543566000,-85336000,-436744000,7004000,240619000,None,None,-182567000,1861000,157524000,None,2388512000,2388512000,415411000,None,None,2604869000,None,None,41283000,6171000,1.76,0.0162,49339000,49339000,None,0.833,0.77,132954000,174237000,2.48,2017-06-30,8.16,2750000,1937581000.0,399886000,100507000,6067000,37013000,37013000,None,32447000,None,None,None,None,499046000,None,None,95687000,None,None,None,0.223,185154000,299379000,100507000,-4295363000,6154112000,None,None,None,None,None,None,None,-10.28,1.443,1.352,None,None,None,None,None,-143153000,None,0.161,None,None,2025-10-29,quarterly,3.25,USD,post-market,None,1201932000,0.0232,0.163,0.039,78.64,212842000,499046000,None,409504000,98.2,99.27,31.0484,11925976000,11888963000,7915000000,8413625000,37013000,499000000,2788398000,3512351000,9.02,None,110.34,82.79
2025-12-28,AXS,12.08,6301015000.0,9.02,None,0.648,75.51,10233000,None,1280990000,1280990000,-197191000,357543000,125769000,1678000,164271000,None,None,-291452000,1861000,157524000,None,2388512000,2388512000,415411000,None,None,2604869000,None,None,41283000,6467000,1.76,0.0162,53382000,53382000,None,0.833,0.77,132954000,174237000,2.48,2017-03-31,8.16,2750000,1937581000.0,399886000,100507000,6067000,37013000,37013000,None,32447000,None,None,None,None,499046000,None,None,19855000,None,None,None,0.223,-36261000,299379000,100507000,-4295363000,6154112000,None,None,None,None,None,None,None,-10.28,1.443,1.352,None,None,None,None,None,-143809000,None,0.161,None,None,2025-10-29,quarterly,3.25,USD,post-market,None,1201932000,0.0232,0.163,0.039,78.64,212842000,499046000,None,409504000,98.2,99.27,31.0484,11925976000,11888963000,7915000000,8413625000,37013000,499000000,2788398000,3512351000,9.02,None,110.34,82.79
2025-12-28,AXS,12.08,6301015000.0,9.02,None,0.648,75.51,17131000,None,1280990000,1280990000,320944000,-261126000,191294000,-9938000,-517461000,None,None,421623000,1861000,157524000,None,2388512000,2388512000,415411000,None,None,2604869000,None,None,41283000,7203000,1.76,0.0162,41622000,41622000,None,0.833,0.77,132954000,174237000,2.48,2016-12-31,8.16,2750000,1937581000.0,399886000,100507000,6067000,37013000,37013000,None,32447000,None,None,None,None,499046000,None,None,148908000,None,None,None,0.223,141414000,299379000,100507000,-4295363000,6154112000,None,None,None,None,None,None,None,-10.28,1.443,1.352,None,None,None,None,None,-169595000,None,0.161,None,None,2025-10-29,quarterly,3.25,USD,post-market,None,1201932000,0.0232,0.163,0.039,78.64,212842000,499046000,None,409504000,98.2,99.27,31.0484,11925976000,11888963000,7915000000,8413625000,37013000,499000000,2788398000,3512351000,9.02,None,110.34,82.79
2025-12-28,AXS,12.08,6301015000.0,9.02,None,0.648,75.51,0,None,1280990000,1280990000,-167328000,11706000,55255000,8103000,-171004000,None,None,93410000,1861000,157524000,None,2388512000,2388512000,415411000,None,None,2604869000,None,None,41283000,6115000,1.76,0.0162,41292000,41292000,None,0.833,0.77,132954000,174237000,2.48,2016-09-30,8.16,2750000,1937581000.0,399886000,100507000,6067000,37013000,37013000,None,32447000,None,None,None,None,499046000,None,None,186614000,None,None,None,0.223,202774000,299379000,100507000,-4295363000,6154112000,None,None,None,None,None,None,None,-10.28,1.443,1.352,None,None,None,None,None,-126036000,None,0.161,None,None,2025-10-29,quarterly,3.25,USD,post-market,None,1201932000,0.0232,0.163,0.039,78.64,212842000,499046000,None,409504000,98.2,99.27,31.0484,11925976000,11888963000,7915000000,8413625000,37013000,499000000,2788398000,3512351000,9.02,None,110.34,82.79
2025-12-28,AXS,12.08,6301015000.0,9.02,None,0.648,75.51,0,None,1280990000,1280990000,-171493000,119828000,15625000,-9496000,154472000,None,None,-282185000,1861000,157524000,None,2388512000,2388512000,415411000,None,None,2604869000,None,None,41283000,5961000,1.76,0.0162,42679000,42679000,None,0.833,0.77,132954000,174237000,2.48,2016-06-30,8.16,2750000,1937581000.0,399886000,100507000,6067000,37013000,37013000,None,32447000,None,None,None,None,499046000,None,None,129460000,None,None,None,0.223,76786000,299379000,100507000,-4295363000,6154112000,None,None,None,None,None,None,None,-10.28,1.443,1.352,None,None,None,None,None,-127039000,None,0.161,None,None,2025-10-29,quarterly,3.25,USD,post-market,None,1201932000,0.0232,0.163,0.039,78.64,212842000,499046000,None,409504000,98.2,99.27,31.0484,11925976000,11888963000,7915000000,8413625000,37013000,499000000,2788398000,3512351000,9.02,None,110.34,82.79
2025-12-28,AXS,12.08,6301015000.0,9.02,None,0.648,75.51,0,None,1280990000,1280990000,-183710000,-14839000,-210813000,1986000,660925000,None,None,-778969000,1861000,157524000,None,2388512000,2388512000,415411000,None,None,2604869000,None,None,41283000,5294000,1.76,0.0162,46639000,46639000,None,0.833,0.77,132954000,174237000,2.48,2016-03-31,8.16,2750000,1937581000.0,399886000,100507000,6067000,37013000,37013000,None,32447000,None,None,None,None,499046000,None,None,48386000,None,None,None,0.223,-14250000,299379000,100507000,-4295363000,6154112000,None,None,None,None,None,None,None,-10.28,1.443,1.352,None,None,None,None,None,-136011000,None,0.161,None,None,2025-10-29,quarterly,3.25,USD,post-market,None,1201932000,0.0232,0.163,0.039,78.64,212842000,499046000,None,409504000,98.2,99.27,31.0484,11925976000,11888963000,7915000000,8413625000,37013000,499000000,2788398000,3512351000,9.02,None,110.34,82.79
2025-12-28,AXS,12.08,6301015000.0,9.02,None,0.648,75.51,0,None,1280990000,1280990000,-38274000,-55805000,-4120000,1689000,-315379000,None,None,222761000,1861000,157524000,None,2388512000,2388512000,415411000,None,None,2604869000,None,None,41283000,122000,1.76,0.0162,39063000,39063000,None,0.833,0.77,132954000,174237000,2.48,2015-12-31,8.16,2750000,1937581000.0,399886000,100507000,6067000,37013000,37013000,None,32447000,None,None,None,None,499046000,None,None,144793000,None,None,None,0.223,88270000,299379000,100507000,-4295363000,6154112000,None,None,None,None,None,None,None,-10.28,1.443,1.352,None,None,None,None,None,-155000,None,0.161,None,None,2025-10-29,quarterly,3.25,USD,post-market,None,1201932000,0.0232,0.163,0.039,78.64,212842000,499046000,None,409504000,98.2,99.27,31.0484,11925976000,11888963000,7915000000,8413625000,37013000,499000000,2788398000,3512351000,9.02,None,110.34,82.79
2025-12-28,AXS,12.08,6301015000.0,9.02,None,0.648,75.51,0,None,1280990000,1280990000,-346742000,-232083000,2858000,-5635000,-126275000,None,None,180855000,1861000,157524000,None,2388512000,2388512000,415411000,None,None,2604869000,None,None,41283000,15954000,1.76,0.0162,40463000,40463000,None,0.833,0.77,132954000,174237000,2.48,2015-09-30,8.16,2750000,1937581000.0,399886000,100507000,6067000,37013000,37013000,None,32447000,None,None,None,None,499046000,None,None,257641000,None,None,None,0.223,587318000,299379000,100507000,-4295363000,6154112000,None,None,None,None,None,None,None,-10.28,1.443,1.352,None,None,None,None,None,-306146000,None,0.161,None,None,2025-10-29,quarterly,3.25,USD,post-market,None,1201932000,0.0232,0.163,0.039,78.64,212842000,499046000,None,409504000,98.2,99.27,31.0484,11925976000,11888963000,7915000000,8413625000,37013000,499000000,2788398000,3512351000,9.02,None,110.34,82.79
2025-12-28,AXS,12.08,6301015000.0,9.02,None,0.648,75.51,0,None,1280990000,1280990000,-59138000,-101395000,-7201000,9740000,301232000,None,None,-301366000,1861000,157524000,None,2388512000,2388512000,415411000,None,None,2604869000,None,None,41283000,3684000,1.76,0.0162,39089000,39089000,None,0.833,0.77,132954000,174237000,2.48,2015-06-30,8.16,2750000,1937581000.0,399886000,100507000,6067000,37013000,37013000,None,32447000,None,None,None,None,499046000,None,None,78245000,None,None,None,0.223,143592000,299379000,100507000,-4295363000,6154112000,None,None,None,None,None,None,None,-10.28,1.443,1.352,None,None,None,None,None,-3370000,None,0.161,None,None,2025-10-29,quarterly,3.25,USD,post-market,None,1201932000,0.0232,0.163,0.039,78.64,212842000,499046000,None,409504000,98.2,99.27,31.0484,11925976000,11888963000,7915000000,8413625000,37013000,499000000,2788398000,3512351000,9.02,None,110.34,82.79
2025-12-28,AXS,12.08,6301015000.0,9.02,None,0.648,75.51,0,None,1280990000,1280990000,-42852000,163586000,74766000,-17988000,278483000,None,None,-429867000,1861000,157524000,None,2388512000,2388512000,415411000,None,None,2604869000,None,None,41283000,6581000,1.76,0.0162,40125000,40125000,None,0.833,0.77,132954000,174237000,2.48,2015-03-31,8.16,2750000,1937581000.0,399886000,100507000,6067000,37013000,37013000,None,32447000,None,None,None,None,499046000,None,None,160952000,None,None,None,0.223,-27980000,299379000,100507000,-4295363000,6154112000,None,None,None,None,None,None,None,-10.28,1.443,1.352,None,None,None,None,None,-22581000,None,0.161,None,None,2025-10-29,quarterly,3.25,USD,post-market,None,1201932000,0.0232,0.163,0.039,78.64,212842000,499046000,None,409504000,98.2,99.27,31.0484,11925976000,11888963000,7915000000,8413625000,37013000,499000000,2788398000,3512351000,9.02,None,110.34,82.79
2025-12-28,AXS,12.08,6301015000.0,9.02,None,0.648,75.51,0,None,1280990000,1280990000,-611722000,126738000,None,None,-442582000,None,None,None,1861000,157524000,None,2388512000,2388512000,415411000,None,None,2604869000,None,None,41283000,7301000,1.76,0.0162,37549000,37549000,None,0.833,0.77,132954000,174237000,2.48,2014-12-31,8.16,2750000,1937581000.0,399886000,100507000,6067000,37013000,37013000,None,32447000,None,None,None,None,499046000,None,None,170871000,None,None,None,0.223,126441000,299379000,100507000,-4295363000,6154112000,None,None,None,None,None,None,None,-10.28,1.443,1.352,None,None,None,None,None,-74671000,None,0.161,None,None,2025-10-29,quarterly,3.25,USD,post-market,None,1201932000,0.0232,0.163,0.039,78.64,212842000,499046000,None,409504000,98.2,99.27,31.0484,11925976000,11888963000,7915000000,8413625000,37013000,499000000,2788398000,3512351000,9.02,None,110.34,82.79
2025-12-28,AXS,12.08,6301015000.0,9.02,None,0.648,75.51,0,None,1280990000,1280990000,-174306000,96215000,None,None,-247600000,None,None,None,1861000,157524000,None,2388512000,2388512000,415411000,None,None,2604869000,None,None,41283000,6750000,1.76,0.0162,39211000,39211000,None,0.833,0.77,132954000,174237000,2.48,2014-09-30,8.16,2750000,1937581000.0,399886000,100507000,6067000,37013000,37013000,None,32447000,None,None,None,None,499046000,None,None,282964000,None,None,None,0.223,343498000,299379000,100507000,-4295363000,6154112000,None,None,None,None,None,None,None,-10.28,1.443,1.352,None,None,None,None,None,-150449000,None,0.161,None,None,2025-10-29,quarterly,3.25,USD,post-market,None,1201932000,0.0232,0.163,0.039,78.64,212842000,499046000,None,409504000,98.2,99.27,31.0484,11925976000,11888963000,7915000000,8413625000,37013000,499000000,2788398000,3512351000,9.02,None,110.34,82.79
2025-12-28,AXS,12.08,6301015000.0,9.02,None,0.648,75.51,0,None,1280990000,1280990000,-194477000,-213258000,None,None,141184000,None,None,None,1861000,157524000,None,2388512000,2388512000,415411000,None,None,2604869000,None,None,41283000,-4970000,1.76,0.0162,41363000,41363000,None,0.833,0.77,132954000,174237000,2.48,2014-06-30,8.16,2750000,1937581000.0,399886000,100507000,6067000,37013000,37013000,None,32447000,None,None,None,None,499046000,None,None,202258000,None,None,None,0.223,240975000,299379000,100507000,-4295363000,6154112000,None,None,None,None,None,None,None,-10.28,1.443,1.352,None,None,None,None,None,-155546000,None,0.161,None,None,2025-10-29,quarterly,3.25,USD,post-market,None,1201932000,0.0232,0.163,0.039,78.64,212842000,499046000,None,409504000,98.2,99.27,31.0484,11925976000,11888963000,7915000000,8413625000,37013000,499000000,2788398000,3512351000,9.02,None,110.34,82.79
2025-12-28,AXS,12.08,6301015000.0,9.02,None,0.648,75.51,0,None,1280990000,1280990000,294490000,-163771000,None,None,631854000,None,None,None,1861000,157524000,None,2388512000,2388512000,415411000,None,None,2604869000,None,None,41283000,15889000,1.76,0.0162,39584000,39584000,None,0.833,0.77,132954000,174237000,2.48,2014-03-31,8.16,2750000,1937581000.0,399886000,100507000,6067000,37013000,37013000,None,32447000,None,None,None,None,499046000,None,None,148471000,None,None,None,0.223,151268000,299379000,100507000,-4295363000,6154112000,None,None,None,None,None,None,None,-10.28,1.443,1.352,None,None,None,None,None,-162536000,None,0.161,None,None,2025-10-29,quarterly,3.25,USD,post-market,None,1201932000,0.0232,0.163,0.039,78.64,212842000,499046000,None,409504000,98.2,99.27,31.0484,11925976000,11888963000,7915000000,8413625000,37013000,499000000,2788398000,3512351000,9.02,None,110.34,82.79
2025-12-28,AXS,12.08,6301015000.0,9.02,None,0.648,75.51,0,None,1280990000,1280990000,-97433000,-237693000,-126227000,557000,-148776000,None,None,185397000,1861000,157524000,None,2388512000,2388512000,415411000,None,None,2604869000,None,None,41283000,6547000,1.76,0.0162,38027000,38027000,None,0.833,0.77,132954000,174237000,2.48,2013-12-31,8.16,2750000,1937581000.0,399886000,100507000,6067000,37013000,37013000,None,32447000,None,None,None,None,499046000,None,None,181549000,None,None,None,0.223,208342000,299379000,100507000,-4295363000,6154112000,None,None,None,None,None,None,None,-10.28,1.443,1.352,None,None,None,None,None,-112750000,None,0.161,None,None,2025-10-29,quarterly,3.25,USD,post-market,None,1201932000,0.0232,0.163,0.039,78.64,212842000,499046000,None,409504000,98.2,99.27,31.0484,11925976000,11888963000,7915000000,8413625000,37013000,499000000,2788398000,3512351000,9.02,None,110.34,82.79
2025-12-28,AXS,12.08,6301015000.0,9.02,None,0.648,75.51,0,None,1280990000,1280990000,-55246000,-345779000,38748000,8067000,-50927000,None,None,285154000,1861000,157524000,None,2388512000,2388512000,415411000,None,None,2604869000,None,None,41283000,5312000,1.76,0.0162,38530000,38530000,None,0.833,0.77,132954000,174237000,2.48,2013-09-30,8.16,2750000,1937581000.0,399886000,100507000,6067000,37013000,37013000,None,32447000,None,None,None,None,499046000,None,None,150636000,None,None,None,0.223,431706000,299379000,100507000,-4295363000,6154112000,None,None,None,None,None,None,None,-10.28,1.443,1.352,None,None,None,None,None,-18892000,None,0.161,None,None,2025-10-29,quarterly,3.25,USD,post-market,None,1201932000,0.0232,0.163,0.039,78.64,212842000,499046000,None,409504000,98.2,99.27,31.0484,11925976000,11888963000,7915000000,8413625000,37013000,499000000,2788398000,3512351000,9.02,None,110.34,82.79
2025-12-28,AXS,12.08,6301015000.0,9.02,None,0.648,75.51,0,None,1280990000,1280990000,-123970000,102838000,211149000,-4048000,306775000,None,None,-182876000,1861000,157524000,None,2388512000,2388512000,415411000,None,None,2604869000,None,None,41283000,5205000,1.76,0.0162,39132000,39132000,None,0.833,0.77,132954000,174237000,2.48,2013-06-30,8.16,2750000,1937581000.0,399886000,100507000,6067000,37013000,37013000,None,32447000,None,None,None,None,499046000,None,None,83723000,None,None,None,0.223,236329000,299379000,100507000,-4295363000,6154112000,None,None,None,None,None,None,None,-10.28,1.443,1.352,None,None,None,None,None,-209853000,None,0.161,None,None,2025-10-29,quarterly,3.25,USD,post-market,None,1201932000,0.0232,0.163,0.039,78.64,212842000,499046000,None,409504000,98.2,99.27,31.0484,11925976000,11888963000,7915000000,8413625000,37013000,499000000,2788398000,3512351000,9.02,None,110.34,82.79
2025-12-28,AXS,12.08,6301015000.0,9.02,None,0.648,75.51,0,None,1280990000,1280990000,-164445000,-8653000,39839000,-7654000,564123000,None,None,-618804000,1861000,157524000,None,2388512000,2388512000,415411000,None,None,2604869000,None,None,41283000,6208000,1.76,0.0162,41930000,41930000,None,0.833,0.77,132954000,174237000,2.48,2013-03-31,8.16,2750000,1937581000.0,399886000,100507000,6067000,37013000,37013000,None,32447000,None,None,None,None,499046000,None,None,311557000,None,None,None,0.223,220591000,299379000,100507000,-4295363000,6154112000,None,None,None,None,None,None,None,-10.28,1.443,1.352,None,None,None,None,None,-130768000,None,0.161,None,None,2025-10-29,quarterly,3.25,USD,post-market,None,1201932000,0.0232,0.163,0.039,78.64,212842000,499046000,None,409504000,98.2,99.27,31.0484,11925976000,11888963000,7915000000,8413625000,37013000,499000000,2788398000,3512351000,9.02,None,110.34,82.79
2025-12-28,AXS,12.08,6301015000.0,9.02,None,0.648,75.51,0,None,1280990000,1280990000,-36511000,-233933000,None,None,0,None,None,None,1861000,157524000,None,2388512000,2388512000,415411000,None,None,2604869000,None,None,41283000,3515000,1.76,0.0162,37159000,37159000,None,0.833,0.77,132954000,174237000,2.48,2012-12-31,8.16,2750000,1937581000.0,399886000,100507000,6067000,37013000,37013000,None,32447000,None,None,None,None,499046000,None,None,-9810000,None,None,None,0.223,232598000,299379000,100507000,-4295363000,6154112000,None,None,None,None,None,None,None,-10.28,1.443,1.352,None,None,None,None,None,-894000,None,0.161,None,None,2025-10-29,quarterly,3.25,USD,post-market,None,1201932000,0.0232,0.163,0.039,78.64,212842000,499046000,None,409504000,98.2,99.27,31.0484,11925976000,11888963000,7915000000,8413625000,37013000,499000000,2788398000,3512351000,9.02,None,110.34,82.79
2025-12-28,AXS,12.08,6301015000.0,9.02,None,0.648,75.51,0,None,1280990000,1280990000,-222456000,-157854000,None,None,0,None,None,None,1861000,157524000,None,2388512000,2388512000,415411000,None,None,2604869000,None,None,41283000,3414000,1.76,0.0162,45196000,45196000,None,0.833,0.77,132954000,174237000,2.48,2012-09-30,8.16,2750000,1937581000.0,399886000,100507000,6067000,37013000,37013000,None,32447000,None,None,None,None,499046000,None,None,232146000,None,None,None,0.223,424459000,299379000,100507000,-4295363000,6154112000,None,None,None,None,None,None,None,-10.28,1.443,1.352,None,None,None,None,None,-178824000,None,0.161,None,None,2025-10-29,quarterly,3.25,USD,post-market,None,1201932000,0.0232,0.163,0.039,78.64,212842000,499046000,None,409504000,98.2,99.27,31.0484,11925976000,11888963000,7915000000,8413625000,37013000,499000000,2788398000,3512351000,9.02,None,110.34,82.79
2025-12-28,AXS,12.08,6301015000.0,9.02,None,0.648,75.51,0,None,1280990000,1280990000,-528732000,-21188000,None,None,0,None,None,None,1861000,157524000,None,2388512000,2388512000,415411000,None,None,2604869000,None,None,41283000,3883000,1.76,0.0162,34743000,34743000,None,0.833,0.77,132954000,174237000,2.48,2012-06-30,8.16,2750000,1937581000.0,399886000,100507000,6067000,37013000,37013000,None,32447000,None,None,None,None,499046000,None,None,189068000,None,None,None,0.223,288019000,299379000,100507000,-4295363000,6154112000,None,None,None,None,None,None,None,-10.28,1.443,1.352,None,None,None,None,None,-494331000,None,0.161,None,None,2025-10-29,quarterly,3.25,USD,post-market,None,1201932000,0.0232,0.163,0.039,78.64,212842000,499046000,None,409504000,98.2,99.27,31.0484,11925976000,11888963000,7915000000,8413625000,37013000,499000000,2788398000,3512351000,9.02,None,110.34,82.79
2025-12-28,AXS,12.08,6301015000.0,9.02,None,0.648,75.51,0,None,1280990000,1280990000,305888000,-449406000,None,None,0,None,None,None,1861000,157524000,None,2388512000,2388512000,415411000,None,None,2604869000,None,None,41283000,3009000,1.76,0.0162,41617000,41617000,None,0.833,0.77,132954000,174237000,2.48,2012-03-31,8.16,2750000,1937581000.0,399886000,100507000,6067000,37013000,37013000,None,32447000,None,None,None,None,499046000,None,None,135837000,None,None,None,0.223,175541000,299379000,100507000,-4295363000,6154112000,None,None,None,None,None,None,None,-10.28,1.443,1.352,None,None,None,None,None,-47711000,None,0.161,None,None,2025-10-29,quarterly,3.25,USD,post-market,None,1201932000,0.0232,0.163,0.039,78.64,212842000,499046000,None,409504000,98.2,99.27,31.0484,11925976000,11888963000,7915000000,8413625000,37013000,499000000,2788398000,3512351000,9.02,None,110.34,82.79
2025-12-28,AXS,12.08,6301015000.0,9.02,None,0.648,75.51,0,None,1280990000,1280990000,-89383000,-60413000,None,None,0,None,None,None,1861000,157524000,None,2388512000,2388512000,415411000,None,None,2604869000,None,None,41283000,4660000,1.76,0.0162,39400000,39400000,None,0.833,0.77,132954000,174237000,2.48,2011-12-31,8.16,2750000,1937581000.0,399886000,100507000,6067000,37013000,37013000,None,32447000,None,None,None,None,499046000,None,None,89283000,None,None,None,0.223,198509000,299379000,100507000,-4295363000,6154112000,None,None,None,None,None,None,None,-10.28,1.443,1.352,None,None,None,None,None,-50104000,None,0.161,None,None,2025-10-29,quarterly,3.25,USD,post-market,None,1201932000,0.0232,0.163,0.039,78.64,212842000,499046000,None,409504000,98.2,99.27,31.0484,11925976000,11888963000,7915000000,8413625000,37013000,499000000,2788398000,3512351000,9.02,None,110.34,82.79
2025-12-28,AXS,12.08,6301015000.0,9.02,None,0.648,75.51,0,None,1280990000,1280990000,-37587000,-280086000,64094000,-17712000,0,None,None,327840000,1861000,157524000,None,2388512000,2388512000,415411000,None,None,2604869000,None,None,41283000,6048000,1.76,0.0162,37609000,37609000,None,0.833,0.77,132954000,174237000,2.48,2011-09-30,8.16,2750000,1937581000.0,399886000,100507000,6067000,37013000,37013000,None,32447000,None,None,None,None,499046000,None,None,221276000,None,None,None,0.223,399479000,299379000,100507000,-4295363000,6154112000,None,None,None,None,None,None,None,-10.28,1.443,1.352,None,None,None,None,None,-971000,None,0.161,None,None,2025-10-29,quarterly,3.25,USD,post-market,None,1201932000,0.0232,0.163,0.039,78.64,212842000,499046000,None,409504000,98.2,99.27,31.0484,11925976000,11888963000,7915000000,8413625000,37013000,499000000,2788398000,3512351000,9.02,None,110.34,82.79
2025-12-28,AXS,12.08,6301015000.0,9.02,None,0.648,75.51,0,None,1280990000,1280990000,-127295000,-285315000,-92144000,6001000,0,None,None,-174078000,1861000,157524000,None,2388512000,2388512000,415411000,None,None,2604869000,None,None,41283000,2762000,1.76,0.0162,127782000,127782000,None,0.833,0.77,132954000,174237000,2.48,2011-06-30,8.16,2750000,1937581000.0,399886000,100507000,6067000,37013000,37013000,None,32447000,None,None,None,None,499046000,None,None,110287000,None,None,None,0.223,314465000,299379000,100507000,-4295363000,6154112000,None,None,None,None,None,None,None,-10.28,1.443,1.352,None,None,None,None,None,-283000,None,0.161,None,None,2025-10-29,quarterly,3.25,USD,post-market,None,1201932000,0.0232,0.163,0.039,78.64,212842000,499046000,None,409504000,98.2,99.27,31.0484,11925976000,11888963000,7915000000,8413625000,37013000,499000000,2788398000,3512351000,9.02,None,110.34,82.79
2025-12-28,AXS,12.08,6301015000.0,9.02,None,0.648,75.51,0,None,1280990000,1280990000,-48215000,-206904000,33751000,11181000,0,None,None,-660376000,1861000,157524000,None,2388512000,2388512000,415411000,None,None,2604869000,None,None,41283000,3435000,1.76,0.0162,38539000,38539000,None,0.833,0.77,132954000,174237000,2.48,2011-03-31,8.16,2750000,1937581000.0,399886000,100507000,6067000,37013000,37013000,None,32447000,None,None,None,None,499046000,None,None,-374541000,None,None,None,0.223,277689000,299379000,100507000,-4295363000,6154112000,None,None,None,None,None,None,None,-10.28,1.443,1.352,None,None,None,None,None,-14527000,None,0.161,None,None,2025-10-29,quarterly,3.25,USD,post-market,None,1201932000,0.0232,0.163,0.039,78.64,212842000,499046000,None,409504000,98.2,99.27,31.0484,11925976000,11888963000,7915000000,8413625000,37013000,499000000,2788398000,3512351000,9.02,None,110.34,82.79
2025-12-28,AXS,12.08,6301015000.0,9.02,None,0.648,75.51,0,None,1280990000,1280990000,-307829000,-142213000,None,None,0,None,None,None,1861000,157524000,None,2388512000,2388512000,415411000,None,None,2604869000,None,None,41283000,4023000,1.76,0.0162,34431000,34431000,None,0.833,0.77,132954000,174237000,2.48,2010-12-31,8.16,2750000,1937581000.0,399886000,100507000,6067000,37013000,37013000,None,32447000,None,None,None,None,499046000,None,None,273562000,None,None,None,0.223,320857000,299379000,100507000,-4295363000,6154112000,None,None,None,None,None,None,None,-10.28,1.443,1.352,None,None,None,None,None,-277168000,None,0.161,None,None,2025-10-29,quarterly,3.25,USD,post-market,None,1201932000,0.0232,0.163,0.039,78.64,212842000,499046000,None,409504000,98.2,99.27,31.0484,11925976000,11888963000,7915000000,8413625000,37013000,499000000,2788398000,3512351000,9.02,None,110.34,82.79
2025-12-28,AXS,12.08,6301015000.0,9.02,None,0.648,75.51,0,None,1280990000,1280990000,-47688000,-353536000,None,None,0,None,None,None,1861000,157524000,None,2388512000,2388512000,415411000,None,None,2604869000,None,None,41283000,3906000,1.76,0.0162,34869000,34869000,None,0.833,0.77,132954000,174237000,2.48,2010-09-30,8.16,2750000,1937581000.0,399886000,100507000,6067000,37013000,37013000,None,32447000,None,None,None,None,499046000,None,None,248059000,None,None,None,0.223,328678000,299379000,100507000,-4295363000,6154112000,None,None,None,None,None,None,None,-10.28,1.443,1.352,None,None,None,None,None,-13180000,None,0.161,None,None,2025-10-29,quarterly,3.25,USD,post-market,None,1201932000,0.0232,0.163,0.039,78.64,212842000,499046000,None,409504000,98.2,99.27,31.0484,11925976000,11888963000,7915000000,8413625000,37013000,499000000,2788398000,3512351000,9.02,None,110.34,82.79
2025-12-28,AXS,12.08,6301015000.0,9.02,None,0.648,75.51,0,None,1280990000,1280990000,-155642000,-308138000,None,None,0,None,None,None,1861000,157524000,None,2388512000,2388512000,415411000,None,None,2604869000,None,None,41283000,4022000,1.76,0.0162,35268000,35268000,None,0.833,0.77,132954000,174237000,2.48,2010-06-30,8.16,2750000,1937581000.0,399886000,100507000,6067000,37013000,37013000,None,32447000,None,None,None,None,499046000,None,None,214071000,None,None,None,0.223,202780000,299379000,100507000,-4295363000,6154112000,None,None,None,None,None,None,None,-10.28,1.443,1.352,None,None,None,None,None,-121668000,None,0.161,None,None,2025-10-29,quarterly,3.25,USD,post-market,None,1201932000,0.0232,0.163,0.039,78.64,212842000,499046000,None,409504000,98.2,99.27,31.0484,11925976000,11888963000,7915000000,8413625000,37013000,499000000,2788398000,3512351000,9.02,None,110.34,82.79
2025-12-28,AXS,12.08,6301015000.0,9.02,None,0.648,75.51,0,None,1280990000,1280990000,159498000,116097000,None,None,None,None,None,None,1861000,157524000,None,2388512000,2388512000,415411000,None,None,2604869000,None,None,41283000,2153000,1.76,0.0162,40609000,40609000,None,0.833,0.77,132954000,174237000,2.48,2010-03-31,8.16,2750000,1937581000.0,399886000,100507000,6067000,37013000,37013000,None,32447000,None,None,None,None,499046000,None,None,121031000,None,None,None,0.223,335462000,299379000,100507000,-4295363000,6154112000,None,None,None,None,None,None,None,-10.28,1.443,1.352,None,None,None,None,None,-297567000,None,0.161,None,None,2025-10-29,quarterly,3.25,USD,post-market,None,1201932000,0.0232,0.163,0.039,78.64,212842000,499046000,None,409504000,98.2,99.27,31.0484,11925976000,11888963000,7915000000,8413625000,37013000,499000000,2788398000,3512351000,9.02,None,110.34,82.79
2025-12-28,AXS,12.08,6301015000.0,9.02,None,0.648,75.51,0,None,1280990000,1280990000,-206014000,-70923000,None,None,None,None,None,None,1861000,157524000,None,2388512000,2388512000,415411000,None,None,2604869000,None,None,41283000,3084000,1.76,0.0162,36985000,36985000,None,0.833,0.77,132954000,174237000,2.48,2009-12-31,8.16,2750000,1937581000.0,399886000,100507000,6067000,37013000,37013000,None,32447000,None,None,None,None,499046000,None,None,291282000,None,None,None,0.223,-43850000,299379000,100507000,-4295363000,6154112000,None,None,None,None,None,None,None,-10.28,1.443,1.352,None,None,None,None,None,-169866000,None,0.161,None,None,2025-10-29,quarterly,3.25,USD,post-market,None,1201932000,0.0232,0.163,0.039,78.64,212842000,499046000,None,409504000,98.2,99.27,31.0484,11925976000,11888963000,7915000000,8413625000,37013000,499000000,2788398000,3512351000,9.02,None,110.34,82.79
2025-12-28,AXS,12.08,6301015000.0,9.02,None,0.648,75.51,0,None,1280990000,1280990000,-32940000,-584144000,None,None,None,None,None,None,1861000,157524000,None,2388512000,2388512000,415411000,None,None,2604869000,None,None,41283000,4966000,1.76,0.0162,34874000,34874000,None,0.833,0.77,132954000,174237000,2.48,2009-09-30,8.16,2750000,1937581000.0,399886000,100507000,6067000,37013000,37013000,None,32447000,None,None,None,None,499046000,None,None,-86674000,None,None,None,0.223,442264000,299379000,100507000,-4295363000,6154112000,None,None,None,None,None,None,None,-10.28,1.443,1.352,None,None,None,None,None,-118000,None,0.161,None,None,2025-10-29,quarterly,3.25,USD,post-market,None,1201932000,0.0232,0.163,0.039,78.64,212842000,499046000,None,409504000,98.2,99.27,31.0484,11925976000,11888963000,7915000000,8413625000,37013000,499000000,2788398000,3512351000,9.02,None,110.34,82.79
2025-12-28,AXS,12.08,6301015000.0,9.02,None,0.648,75.51,0,None,1280990000,1280990000,-41015000,-251015000,None,None,None,None,None,None,1861000,157524000,None,2388512000,2388512000,415411000,None,None,2604869000,None,None,41283000,3483000,1.76,0.0162,41690000,41690000,None,0.833,0.77,132954000,174237000,2.48,2009-06-30,8.16,2750000,1937581000.0,399886000,100507000,6067000,37013000,37013000,None,32447000,None,None,None,None,499046000,None,None,168380000,None,None,None,0.223,207476000,299379000,100507000,-4295363000,6154112000,None,None,None,None,None,None,None,-10.28,1.443,1.352,None,None,None,None,None,-118000,None,0.161,None,None,2025-10-29,quarterly,3.25,USD,post-market,None,1201932000,0.0232,0.163,0.039,78.64,212842000,499046000,None,409504000,98.2,99.27,31.0484,11925976000,11888963000,7915000000,8413625000,37013000,499000000,2788398000,3512351000,9.02,None,110.34,82.79
2025-12-28,AXS,12.08,6301015000.0,9.02,None,0.648,75.51,0,None,1280990000,1280990000,-41955000,-572789000,None,None,None,None,None,None,1861000,157524000,None,2388512000,2388512000,415411000,None,None,2604869000,None,None,41283000,3201000,1.76,0.0162,36310000,36310000,None,0.833,0.77,132954000,174237000,2.48,2009-03-31,8.16,2750000,1937581000.0,399886000,100507000,6067000,37013000,37013000,None,32447000,None,None,None,None,499046000,None,None,124898000,None,None,None,0.223,243966000,299379000,100507000,-4295363000,6154112000,None,None,None,None,None,None,None,-10.28,1.443,1.352,None,None,None,None,None,-5807000,None,0.161,None,None,2025-10-29,quarterly,3.25,USD,post-market,None,1201932000,0.0232,0.163,0.039,78.64,212842000,499046000,None,409504000,98.2,99.27,31.0484,11925976000,11888963000,7915000000,8413625000,37013000,499000000,2788398000,3512351000,9.02,None,110.34,82.79
2025-12-28,AXS,12.08,6301015000.0,9.02,None,0.648,75.51,0,None,1280990000,1280990000,-85129000,147975000,None,None,None,None,None,None,1861000,157524000,None,2388512000,2388512000,415411000,None,None,2604869000,None,None,41283000,3052000,1.76,0.0162,34934000,34934000,None,0.833,0.77,132954000,174237000,2.48,2008-12-31,8.16,2750000,1937581000.0,399886000,100507000,6067000,37013000,37013000,None,32447000,None,None,None,None,499046000,None,None,140077000,None,None,None,0.223,297469000,299379000,100507000,-4295363000,6154112000,None,None,None,None,None,None,None,-10.28,1.443,1.352,None,None,None,None,None,-50006000,None,0.161,None,None,2025-10-29,quarterly,3.25,USD,post-market,None,1201932000,0.0232,0.163,0.039,78.64,212842000,499046000,None,409504000,98.2,99.27,31.0484,11925976000,11888963000,7915000000,8413625000,37013000,499000000,2788398000,3512351000,9.02,None,110.34,82.79
2025-12-28,AXS,12.08,6301015000.0,9.02,None,0.648,75.51,0,None,1280990000,1280990000,-90489000,-23127000,None,None,None,None,None,None,1861000,157524000,None,2388512000,2388512000,415411000,None,None,2604869000,None,None,41283000,2660000,1.76,0.0162,35095000,35095000,None,0.833,0.77,132954000,174237000,2.48,2008-09-30,8.16,2750000,1937581000.0,399886000,100507000,6067000,37013000,37013000,None,32447000,None,None,None,None,499046000,None,None,-240128000,None,None,None,0.223,489241000,299379000,100507000,-4295363000,6154112000,None,None,None,None,None,None,None,-10.28,1.443,1.352,None,None,None,None,None,-58202000,None,0.161,None,None,2025-10-29,quarterly,3.25,USD,post-market,None,1201932000,0.0232,0.163,0.039,78.64,212842000,499046000,None,409504000,98.2,99.27,31.0484,11925976000,11888963000,7915000000,8413625000,37013000,499000000,2788398000,3512351000,9.02,None,110.34,82.79
2025-12-28,AXS,12.08,6301015000.0,9.02,None,0.648,75.51,0,None,1280990000,1280990000,-213372000,-686757000,None,None,None,None,None,None,1861000,157524000,None,2388512000,2388512000,415411000,None,None,2604869000,None,None,41283000,-630000,1.76,0.0162,36593000,36593000,None,0.833,0.77,132954000,174237000,2.48,2008-06-30,8.16,2750000,1937581000.0,399886000,100507000,6067000,37013000,37013000,None,32447000,None,None,None,None,499046000,None,None,240486000,None,None,None,0.223,415144000,299379000,100507000,-4295363000,6154112000,None,None,None,None,None,None,None,-10.28,1.443,1.352,None,None,None,None,None,-178062000,None,0.161,None,None,2025-10-29,quarterly,3.25,USD,post-market,None,1201932000,0.0232,0.163,0.039,78.64,212842000,499046000,None,409504000,98.2,99.27,31.0484,11925976000,11888963000,7915000000,8413625000,37013000,499000000,2788398000,3512351000,9.02,None,110.34,82.79
2025-12-28,AXS,12.08,6301015000.0,9.02,None,0.648,75.51,2605737000,None,1280990000,1280990000,-19139000,-71404000,None,None,-5135591000,None,None,None,1861000,157524000,None,2388512000,2388512000,415411000,None,None,2604869000,None,None,41283000,6233000,1.76,0.0162,36621000,36621000,None,0.833,0.77,132954000,174237000,2.48,2008-03-31,8.16,2750000,1937581000.0,399886000,100507000,6067000,37013000,37013000,None,32447000,None,None,None,None,499046000,None,None,246941000,None,None,None,0.223,323871000,299379000,100507000,-4295363000,6154112000,None,None,None,None,None,None,None,-10.28,1.443,1.352,None,None,None,None,None,-4733000,None,0.161,None,None,2025-10-29,quarterly,3.25,USD,post-market,None,1201932000,0.0232,0.163,0.039,78.64,212842000,499046000,None,409504000,98.2,99.27,31.0484,11925976000,11888963000,7915000000,8413625000,37013000,499000000,2788398000,3512351000,9.02,None,110.34,82.79
2025-12-28,AXS,12.08,6301015000.0,9.02,None,0.648,75.51,3007864000,None,1280990000,1280990000,-160443000,-630283000,None,None,-5333712000,None,None,None,1861000,157524000,None,2388512000,2388512000,415411000,None,None,2604869000,None,None,41283000,11407000,1.76,0.0162,36622000,36622000,None,0.833,0.77,132954000,174237000,2.48,2007-12-31,8.16,2750000,1937581000.0,399886000,100507000,6067000,37013000,37013000,None,32447000,None,None,None,None,499046000,None,None,315302000,None,None,None,0.223,294710000,299379000,100507000,-4295363000,6154112000,None,None,None,None,None,None,None,-10.28,1.443,1.352,None,None,None,None,None,-125017000,None,0.161,None,None,2025-10-29,quarterly,3.25,USD,post-market,None,1201932000,0.0232,0.163,0.039,78.64,212842000,499046000,None,409504000,98.2,99.27,31.0484,11925976000,11888963000,7915000000,8413625000,37013000,499000000,2788398000,3512351000,9.02,None,110.34,82.79
2025-12-28,AXS,12.08,6301015000.0,9.02,None,0.648,75.51,5583627000,None,1280990000,1280990000,-516052000,-78509000,None,None,-88091000,None,None,None,1861000,157524000,None,2388512000,2388512000,415411000,None,None,2604869000,None,None,41283000,-5531000,1.76,0.0162,36535000,36535000,None,0.833,0.77,132954000,174237000,2.48,2007-09-30,8.16,2750000,1937581000.0,399886000,100507000,6067000,37013000,37013000,None,32447000,None,None,None,None,499046000,None,None,279118000,None,None,None,0.223,562986000,299379000,100507000,-4295363000,6154112000,None,None,None,None,None,None,None,-10.28,1.443,1.352,None,None,None,None,None,-79596000,None,0.161,None,None,2025-10-29,quarterly,3.25,USD,post-market,None,1201932000,0.0232,0.163,0.039,78.64,212842000,499046000,None,409504000,98.2,99.27,31.0484,11925976000,11888963000,7915000000,8413625000,37013000,499000000,2788398000,3512351000,9.02,None,110.34,82.79
2025-12-28,AXS,12.08,6301015000.0,9.02,None,0.648,75.51,0,None,1280990000,1280990000,-132675000,-539339000,None,None,-5989142000,None,None,None,1861000,157524000,None,2388512000,2388512000,415411000,None,None,2604869000,None,None,41283000,2720000,1.76,0.0162,37057000,37057000,None,0.833,0.77,132954000,174237000,2.48,2007-06-30,8.16,2750000,1937581000.0,399886000,100507000,6067000,37013000,37013000,None,32447000,None,None,None,None,499046000,None,None,260815000,None,None,None,0.223,410636000,299379000,100507000,-4295363000,6154112000,None,None,None,None,None,None,None,-10.28,1.443,1.352,None,None,None,None,None,-100608000,None,0.161,None,None,2025-10-29,quarterly,3.25,USD,post-market,None,1201932000,0.0232,0.163,0.039,78.64,212842000,499046000,None,409504000,98.2,99.27,31.0484,11925976000,11888963000,7915000000,8413625000,37013000,499000000,2788398000,3512351000,9.02,None,110.34,82.79
2025-12-28,AXS,12.08,6301015000.0,9.02,None,0.648,75.51,1740912000,None,1280990000,1280990000,-38043000,-168513000,None,None,-4395125000,None,None,None,1861000,157524000,None,2388512000,2388512000,415411000,None,None,2604869000,None,None,41283000,6569000,1.76,0.0162,37787000,37787000,None,0.833,0.77,132954000,174237000,2.48,2007-03-31,8.16,2750000,1937581000.0,399886000,100507000,6067000,37013000,37013000,None,32447000,None,None,None,None,499046000,None,None,236783000,None,None,None,0.223,304684000,299379000,100507000,-4295363000,6154112000,None,None,None,None,None,None,None,-10.28,1.443,1.352,None,None,None,None,None,-2889000,None,0.161,None,None,2025-10-29,quarterly,3.25,USD,post-market,None,1201932000,0.0232,0.163,0.039,78.64,212842000,499046000,None,409504000,98.2,99.27,31.0484,11925976000,11888963000,7915000000,8413625000,37013000,499000000,2788398000,3512351000,9.02,None,110.34,82.79
2025-12-28,AXS,12.08,6301015000.0,9.02,None,0.648,75.51,0,None,1280990000,1280990000,368415000,-387493000,None,None,-4701603000,None,None,None,1861000,157524000,None,2388512000,2388512000,415411000,None,None,2604869000,None,None,41283000,-5388000,1.76,0.0162,59840000,59840000,None,0.833,0.77,132954000,174237000,2.48,2006-12-31,8.16,2750000,1937581000.0,399886000,100507000,6067000,37013000,37013000,None,32447000,None,None,None,None,499046000,None,None,290170000,None,None,None,0.223,383571000,299379000,100507000,-4295363000,6154112000,None,None,None,None,None,None,None,-10.28,1.443,1.352,None,None,None,None,None,16888000,None,0.161,None,None,2025-10-29,quarterly,3.25,USD,post-market,None,1201932000,0.0232,0.163,0.039,78.64,212842000,499046000,None,409504000,98.2,99.27,31.0484,11925976000,11888963000,7915000000,8413625000,37013000,499000000,2788398000,3512351000,9.02,None,110.34,82.79
2025-12-28,AXS,12.08,6301015000.0,9.02,None,0.648,75.51,3861569000,None,1280990000,1280990000,-28449000,-492972000,None,None,-4898873000,None,None,None,1861000,157524000,None,2388512000,2388512000,415411000,None,None,2604869000,None,None,41283000,16191000,1.76,0.0162,31186000,31186000,None,0.833,0.77,132954000,174237000,2.48,2006-09-30,8.16,2750000,1937581000.0,399886000,100507000,6067000,37013000,37013000,None,32447000,None,None,None,None,499046000,None,None,235448000,None,None,None,0.223,559077000,299379000,100507000,-4295363000,6154112000,None,None,None,None,None,None,None,-10.28,1.443,1.352,None,None,None,None,None,-2737000,None,0.161,None,None,2025-10-29,quarterly,3.25,USD,post-market,None,1201932000,0.0232,0.163,0.039,78.64,212842000,499046000,None,409504000,98.2,99.27,31.0484,11925976000,11888963000,7915000000,8413625000,37013000,499000000,2788398000,3512351000,9.02,None,110.34,82.79
2025-12-28,AXS,12.08,6301015000.0,9.02,None,0.648,75.51,0,None,1280990000,1280990000,-31064000,-239773000,None,None,-3932296000,None,None,None,1861000,157524000,None,2388512000,2388512000,415411000,None,None,2604869000,None,None,41283000,15102000,1.76,0.0162,31868000,31868000,None,0.833,0.77,132954000,174237000,2.48,2006-06-30,8.16,2750000,1937581000.0,399886000,100507000,6067000,37013000,37013000,None,32447000,None,None,None,None,499046000,None,None,232626000,None,None,None,0.223,374666000,299379000,100507000,-4295363000,6154112000,None,None,None,None,None,None,None,-10.28,1.443,1.352,None,None,None,None,None,179000,None,0.161,None,None,2025-10-29,quarterly,3.25,USD,post-market,None,1201932000,0.0232,0.163,0.039,78.64,212842000,499046000,None,409504000,98.2,99.27,31.0484,11925976000,11888963000,7915000000,8413625000,37013000,499000000,2788398000,3512351000,9.02,None,110.34,82.79
2025-12-28,AXS,12.08,6301015000.0,9.02,None,0.648,75.51,0,None,1280990000,1280990000,-19377000,-45985000,None,None,-3909662000,None,None,None,1861000,157524000,None,2388512000,2388512000,415411000,None,None,2604869000,None,None,41283000,14688000,1.76,0.0162,33059000,33059000,None,0.833,0.77,132954000,174237000,2.48,2006-03-31,8.16,2750000,1937581000.0,399886000,100507000,6067000,37013000,37013000,None,32447000,None,None,None,None,499046000,None,None,204816000,None,None,None,0.223,295991000,299379000,100507000,-4295363000,6154112000,None,None,None,None,None,None,None,-10.28,1.443,1.352,None,None,None,None,None,-179000,None,0.161,None,None,2025-10-29,quarterly,3.25,USD,post-market,None,1201932000,0.0232,0.163,0.039,78.64,212842000,499046000,None,409504000,98.2,99.27,31.0484,11925976000,11888963000,7915000000,8413625000,37013000,499000000,2788398000,3512351000,9.02,None,110.34,82.79
2025-12-28,AXS,12.08,6301015000.0,9.02,None,0.648,75.51,297418000,None,1280990000,1280990000,422670000,-474801000,None,None,-5072266000,None,None,None,1861000,157524000,None,2388512000,2388512000,415411000,None,None,2604869000,None,None,41283000,16863000,1.76,0.0162,24277000,24277000,None,0.833,0.77,132954000,174237000,2.48,2005-12-31,8.16,2750000,1937581000.0,399886000,100507000,6067000,37013000,37013000,None,32447000,None,None,None,None,499046000,None,None,237871000,None,None,None,0.223,470937000,299379000,100507000,-4295363000,6154112000,None,None,None,None,None,None,None,-10.28,1.443,1.352,None,None,None,None,None,350000000,None,0.161,None,None,2025-10-29,quarterly,3.25,USD,post-market,None,1201932000,0.0232,0.163,0.039,78.64,212842000,499046000,None,409504000,98.2,99.27,31.0484,11925976000,11888963000,7915000000,8413625000,37013000,499000000,2788398000,3512351000,9.02,None,110.34,82.79
2025-12-28,AXS,12.08,6301015000.0,9.02,None,0.648,75.51,0,None,1280990000,1280990000,221954000,-440966000,None,None,-3308538000,None,None,None,1861000,157524000,None,2388512000,2388512000,415411000,None,None,2604869000,None,None,41283000,16642000,1.76,0.0162,21430000,21430000,None,0.833,0.77,132954000,174237000,2.48,2005-09-30,8.16,2750000,1937581000.0,399886000,100507000,6067000,37013000,37013000,None,32447000,None,None,None,None,499046000,None,None,-468075000,None,None,None,0.223,287892000,299379000,100507000,-4295363000,6154112000,None,None,None,None,None,None,None,-10.28,1.443,1.352,None,None,None,None,None,-246107000,None,0.161,None,None,2025-10-29,quarterly,3.25,USD,post-market,None,1201932000,0.0232,0.163,0.039,78.64,212842000,499046000,None,409504000,98.2,99.27,31.0484,11925976000,11888963000,7915000000,8413625000,37013000,499000000,2788398000,3512351000,9.02,None,110.34,82.79
2025-12-28,AXS,12.08,6301015000.0,9.02,None,0.648,75.51,17396000,None,1280990000,1280990000,-417294000,280452000,None,None,None,None,None,None,1861000,157524000,None,2388512000,2388512000,415411000,None,None,2604869000,None,None,41283000,55306000,1.76,0.0162,182015000,182015000,None,0.833,0.77,132954000,174237000,2.48,2024-12-31,8.16,2750000,1937581000.0,399886000,100507000,6067000,37013000,37013000,None,32447000,None,None,None,None,499046000,None,None,1081786000,None,None,None,0.223,1844813000,299379000,100507000,-4295363000,6154112000,None,None,None,None,None,None,None,-10.28,1.443,1.352,None,None,None,None,None,-199944000,None,0.161,None,None,2025-10-29,annual,3.25,USD,post-market,None,1201932000,0.0232,0.163,0.039,78.64,212842000,499046000,None,409504000,98.2,99.27,31.0484,11925976000,11888963000,7915000000,8413625000,37013000,499000000,2788398000,3512351000,9.02,None,110.34,82.79
2025-12-28,AXS,12.08,6301015000.0,9.02,None,0.648,75.51,31144000,None,1280990000,1280990000,-202371000,-855610000,None,None,1305736000,None,None,None,1861000,157524000,None,2388512000,2388512000,415411000,None,None,2604869000,None,None,41283000,75552000,1.76,0.0162,184025000,184025000,None,0.833,0.77,132954000,174237000,2.48,2023-12-31,8.16,2750000,1937581000.0,399886000,100507000,6067000,37013000,37013000,None,32447000,None,None,None,None,499046000,None,None,376292000,None,None,None,0.223,1255559000,299379000,100507000,-4295363000,6154112000,None,None,None,None,None,None,None,-10.28,1.443,1.352,None,None,None,None,None,-23596000,None,0.161,None,None,2025-10-29,annual,3.25,USD,post-market,None,1201932000,0.0232,0.163,0.039,78.64,212842000,499046000,None,409504000,98.2,99.27,31.0484,11925976000,11888963000,7915000000,8413625000,37013000,499000000,2788398000,3512351000,9.02,None,110.34,82.79
2025-12-28,AXS,12.08,6301015000.0,9.02,None,0.648,75.51,36829000,None,1280990000,1280990000,-149622000,-655798000,None,None,None,None,None,None,1861000,157524000,None,2388512000,2388512000,415411000,None,None,2604869000,None,None,41283000,68288000,1.76,0.0162,179591000,179591000,None,0.833,0.77,132954000,174237000,2.48,2022-12-31,8.16,2750000,1937581000.0,399886000,100507000,6067000,37013000,37013000,None,32447000,None,None,None,None,499046000,None,None,223083000,None,None,None,0.223,692216000,299379000,100507000,-4295363000,6154112000,None,None,None,None,None,None,None,-10.28,1.443,1.352,None,None,None,None,None,-34987000,None,0.161,None,None,2025-10-29,annual,3.25,USD,post-market,None,1201932000,0.0232,0.163,0.039,78.64,212842000,499046000,None,409504000,98.2,99.27,31.0484,11925976000,11888963000,7915000000,8413625000,37013000,499000000,2788398000,3512351000,9.02,None,110.34,82.79
2025-12-28,AXS,12.08,6301015000.0,9.02,None,0.648,75.51,38732000,None,1280990000,1280990000,-186095000,-1114195000,-185468000,None,927801000,None,None,-362873000,1861000,157524000,None,2388512000,2388512000,415411000,None,None,2604869000,None,None,41283000,66977000,1.76,0.0162,175853000,175853000,None,0.833,0.77,132954000,174237000,2.48,2021-12-31,8.16,2750000,1937581000.0,399886000,100507000,6067000,37013000,37013000,None,32447000,None,None,None,None,499046000,None,None,618609000,None,None,None,0.223,1114822000,299379000,100507000,-4295363000,6154112000,None,None,None,None,None,None,None,-10.28,1.443,1.352,None,None,None,None,None,-34987000,None,0.161,None,None,2025-10-29,annual,3.25,USD,post-market,None,1201932000,0.0232,0.163,0.039,78.64,212842000,499046000,None,409504000,98.2,99.27,31.0484,11925976000,11888963000,7915000000,8413625000,37013000,499000000,2788398000,3512351000,9.02,None,110.34,82.79
2025-12-28,AXS,12.08,6301015000.0,9.02,None,0.648,75.51,44661000,None,1280990000,1280990000,-908803000,489921000,-75379000,None,1221094000,None,None,-732382000,1861000,157524000,None,2388512000,2388512000,415411000,None,None,2604869000,None,None,41283000,65797000,1.76,0.0162,173421000,173421000,None,0.833,0.77,132954000,174237000,2.48,2020-12-31,8.16,2750000,1937581000.0,399886000,100507000,6067000,37013000,37013000,None,32447000,None,None,None,None,499046000,None,None,-120424000,None,None,None,0.223,343503000,299379000,100507000,-4295363000,6154112000,None,None,None,None,None,None,None,-10.28,1.443,1.352,None,None,None,None,None,-225000000,None,0.161,None,None,2025-10-29,annual,3.25,USD,post-market,None,1201932000,0.0232,0.163,0.039,78.64,212842000,499046000,None,409504000,98.2,99.27,31.0484,11925976000,11888963000,7915000000,8413625000,37013000,499000000,2788398000,3512351000,9.02,None,110.34,82.79
2025-12-28,AXS,12.08,6301015000.0,9.02,None,0.648,75.51,63106000,None,1280990000,1280990000,277510000,-774315000,-297801000,None,447152000,None,None,-549800000,1861000,157524000,None,2388512000,2388512000,415411000,None,None,2604869000,None,None,41283000,75229000,1.76,0.0162,179834000,179834000,None,0.833,0.77,132954000,174237000,2.48,2019-12-31,8.16,2750000,1937581000.0,399886000,100507000,6067000,37013000,37013000,None,32447000,None,None,None,None,499046000,None,None,323473000,None,None,None,0.223,199004000,299379000,100507000,-4295363000,6154112000,None,None,None,None,None,None,None,-10.28,1.443,1.352,None,None,None,None,None,-225000000,None,0.161,None,None,2025-10-29,annual,3.25,USD,post-market,None,1201932000,0.0232,0.163,0.039,78.64,212842000,499046000,None,409504000,98.2,99.27,31.0484,11925976000,11888963000,7915000000,8413625000,37013000,499000000,2788398000,3512351000,9.02,None,110.34,82.79
2025-12-28,AXS,12.08,6301015000.0,9.02,None,0.648,75.51,25103000,None,1280990000,1280990000,-186207000,638554000,463120000,None,158432000,None,None,-773745000,1861000,157524000,None,2388512000,2388512000,415411000,None,None,2604869000,None,None,41283000,9795000,1.76,0.0162,176127000,176127000,None,0.833,0.77,132954000,174237000,2.48,2018-12-31,8.16,2750000,1937581000.0,399886000,100507000,6067000,37013000,37013000,None,32447000,None,None,None,None,499046000,None,None,43021000,None,None,None,0.223,10773000,299379000,100507000,-4295363000,6154112000,None,None,None,None,None,None,None,-10.28,1.443,1.352,None,None,None,None,None,-10080000,None,0.161,None,None,2025-10-29,annual,3.25,USD,post-market,None,1201932000,0.0232,0.163,0.039,78.64,212842000,499046000,None,409504000,98.2,99.27,31.0484,11925976000,11888963000,7915000000,8413625000,37013000,499000000,2788398000,3512351000,9.02,None,110.34,82.79
2025-12-28,AXS,12.08,6301015000.0,9.02,None,0.648,75.51,25358000,None,1280990000,1280990000,-545688000,178363000,-90868000,17228000,852169000,None,None,-273721000,1861000,157524000,None,2388512000,2388512000,415411000,None,None,2604869000,None,None,41283000,81471000,1.76,0.0162,187876000,187876000,None,0.833,0.77,132954000,174237000,2.48,2017-12-31,8.16,2750000,1937581000.0,399886000,100507000,6067000,37013000,37013000,None,32447000,None,None,None,None,499046000,None,None,-368969000,None,None,None,0.223,259229000,299379000,100507000,-4295363000,6154112000,None,None,None,None,None,None,None,-10.28,1.443,1.352,None,None,None,None,None,-285858000,None,0.161,None,None,2025-10-29,annual,3.25,USD,post-market,None,1201932000,0.0232,0.163,0.039,78.64,212842000,499046000,None,409504000,98.2,99.27,31.0484,11925976000,11888963000,7915000000,8413625000,37013000,499000000,2788398000,3512351000,9.02,None,110.34,82.79
2025-12-28,AXS,12.08,6301015000.0,9.02,None,0.648,75.51,143410000,None,1280990000,1280990000,-201587000,-144431000,51361000,-9345000,126932000,None,None,-546121000,1861000,157524000,None,2388512000,2388512000,415411000,None,None,2604869000,None,None,41283000,24573000,1.76,0.0162,172232000,172232000,None,0.833,0.77,132954000,174237000,2.48,2016-12-31,8.16,2750000,1937581000.0,399886000,100507000,6067000,37013000,37013000,None,32447000,None,None,None,None,499046000,None,None,513368000,None,None,None,0.223,406724000,299379000,100507000,-4295363000,6154112000,None,None,None,None,None,None,None,-10.28,1.443,1.352,None,None,None,None,None,-561524000,None,0.161,None,None,2025-10-29,annual,3.25,USD,post-market,None,1201932000,0.0232,0.163,0.039,78.64,212842000,499046000,None,409504000,98.2,99.27,31.0484,11925976000,11888963000,7915000000,8413625000,37013000,499000000,2788398000,3512351000,9.02,None,110.34,82.79
2025-12-28,AXS,12.08,6301015000.0,9.02,None,0.648,75.51,33683000,None,1280990000,1280990000,-487006000,-225697000,66303000,-12194000,138061000,None,None,-327617000,1861000,157524000,None,2388512000,2388512000,415411000,None,None,2604869000,None,None,41283000,26341000,1.76,0.0162,158740000,158740000,None,0.833,0.77,132954000,174237000,2.48,2015-12-31,8.16,2750000,1937581000.0,399886000,100507000,6067000,37013000,37013000,None,32447000,None,None,None,None,499046000,None,None,641631000,None,None,None,0.223,791200000,299379000,100507000,-4295363000,6154112000,None,None,None,None,None,None,None,-10.28,1.443,1.352,None,None,None,None,None,-332252000,None,0.161,None,None,2025-10-29,annual,3.25,USD,post-market,None,1201932000,0.0232,0.163,0.039,78.64,212842000,499046000,None,409504000,98.2,99.27,31.0484,11925976000,11888963000,7915000000,8413625000,37013000,499000000,2788398000,3512351000,9.02,None,110.34,82.79
2025-12-28,AXS,12.08,6301015000.0,9.02,None,0.648,75.51,0,None,1280990000,1280990000,-686015000,-154076000,-1496000,-23587000,82856000,None,None,-130194000,1861000,157524000,None,2388512000,2388512000,415411000,None,None,2604869000,None,None,41283000,24970000,1.76,0.0162,157707000,157707000,None,0.833,0.77,132954000,174237000,2.48,2014-12-31,8.16,2750000,1937581000.0,399886000,100507000,6067000,37013000,37013000,None,32447000,None,None,None,None,499046000,None,None,804564000,None,None,None,0.223,862182000,299379000,100507000,-4295363000,6154112000,None,None,None,None,None,None,None,-10.28,1.443,1.352,None,None,None,None,None,-543202000,None,0.161,None,None,2025-10-29,annual,3.25,USD,post-market,None,1201932000,0.0232,0.163,0.039,78.64,212842000,499046000,None,409504000,98.2,99.27,31.0484,11925976000,11888963000,7915000000,8413625000,37013000,499000000,2788398000,3512351000,9.02,None,110.34,82.79
2025-12-28,AXS,12.08,6301015000.0,9.02,None,0.648,75.51,0,None,1280990000,1280990000,-441094000,-489287000,163509000,-3078000,671195000,None,None,-331129000,1861000,157524000,None,2388512000,2388512000,415411000,None,None,2604869000,None,None,41283000,23272000,1.76,0.0162,157619000,157619000,None,0.833,0.77,132954000,174237000,2.48,2013-12-31,8.16,2750000,1937581000.0,399886000,100507000,6067000,37013000,37013000,None,32447000,None,None,None,None,499046000,None,None,727465000,None,None,None,0.223,1096968000,299379000,100507000,-4295363000,6154112000,None,None,None,None,None,None,None,-10.28,1.443,1.352,None,None,None,None,None,-572263000,None,0.161,None,None,2025-10-29,annual,3.25,USD,post-market,None,1201932000,0.0232,0.163,0.039,78.64,212842000,499046000,None,409504000,98.2,99.27,31.0484,11925976000,11888963000,7915000000,8413625000,37013000,499000000,2788398000,3512351000,9.02,None,110.34,82.79
2025-12-28,AXS,12.08,6301015000.0,9.02,None,0.648,75.51,0,None,1280990000,1280990000,-481811000,-862381000,-222032000,1543000,576268000,None,None,-166199000,1861000,157524000,None,2388512000,2388512000,415411000,None,None,2604869000,None,None,41283000,13821000,1.76,0.0162,158715000,158715000,None,0.833,0.77,132954000,174237000,2.48,2012-12-31,8.16,2750000,1937581000.0,399886000,100507000,6067000,37013000,37013000,None,32447000,None,None,None,None,499046000,None,None,547241000,None,None,None,0.223,1120617000,299379000,100507000,-4295363000,6154112000,None,None,None,None,None,None,None,-10.28,1.443,1.352,None,None,None,None,None,-721760000,None,0.161,None,None,2025-10-29,annual,3.25,USD,post-market,None,1201932000,0.0232,0.163,0.039,78.64,212842000,499046000,None,409504000,98.2,99.27,31.0484,11925976000,11888963000,7915000000,8413625000,37013000,499000000,2788398000,3512351000,9.02,None,110.34,82.79
2025-12-28,AXS,12.08,6301015000.0,9.02,None,0.648,75.51,0,None,1280990000,1280990000,-302480000,-832718000,None,None,1446020000,None,None,None,1861000,157524000,None,2388512000,2388512000,415411000,None,None,2604869000,None,None,41283000,16905000,1.76,0.0162,243330000,243330000,None,0.833,0.77,132954000,174237000,2.48,2011-12-31,8.16,2750000,1937581000.0,399886000,100507000,6067000,37013000,37013000,None,32447000,None,None,None,None,499046000,None,None,46305000,None,None,None,0.223,1190142000,299379000,100507000,-4295363000,6154112000,None,None,None,None,None,None,None,-10.28,1.443,1.352,None,None,None,None,None,-65885000,None,0.161,None,None,2025-10-29,annual,3.25,USD,post-market,None,1201932000,0.0232,0.163,0.039,78.64,212842000,499046000,None,409504000,98.2,99.27,31.0484,11925976000,11888963000,7915000000,8413625000,37013000,499000000,2788398000,3512351000,9.02,None,110.34,82.79
2025-12-28,AXS,12.08,6301015000.0,9.02,None,0.648,75.51,0,None,1280990000,1280990000,-351661000,-687790000,140901000,-7425000,0,None,None,-138708000,1861000,157524000,None,2388512000,2388512000,415411000,None,None,2604869000,None,None,41283000,14104000,1.76,0.0162,145177000,145177000,None,0.833,0.77,132954000,174237000,2.48,2010-12-31,8.16,2750000,1937581000.0,399886000,100507000,6067000,37013000,37013000,None,32447000,None,None,None,None,499046000,None,None,856723000,None,None,None,0.223,1187777000,299379000,100507000,-4295363000,6154112000,None,None,None,None,None,None,None,-10.28,1.443,1.352,None,None,None,None,None,-709583000,None,0.161,None,None,2025-10-29,annual,3.25,USD,post-market,None,1201932000,0.0232,0.163,0.039,78.64,212842000,499046000,None,409504000,98.2,99.27,31.0484,11925976000,11888963000,7915000000,8413625000,37013000,499000000,2788398000,3512351000,9.02,None,110.34,82.79
2025-12-28,AXS,12.08,6301015000.0,9.02,None,0.648,75.51,0,None,1280990000,1280990000,-321924000,-1478871000,None,None,None,None,None,None,1861000,157524000,None,2388512000,2388512000,415411000,None,None,2604869000,None,None,41283000,14734000,1.76,0.0162,149859000,149859000,None,0.833,0.77,132954000,174237000,2.48,2009-12-31,8.16,2750000,1937581000.0,399886000,100507000,6067000,37013000,37013000,None,32447000,None,None,None,None,499046000,None,None,497886000,None,None,None,0.223,849856000,299379000,100507000,-4295363000,6154112000,None,None,None,None,None,None,None,-10.28,1.443,1.352,None,None,None,None,None,-175909000,None,0.161,None,None,2025-10-29,annual,3.25,USD,post-market,None,1201932000,0.0232,0.163,0.039,78.64,212842000,499046000,None,409504000,98.2,99.27,31.0484,11925976000,11888963000,7915000000,8413625000,37013000,499000000,2788398000,3512351000,9.02,None,110.34,82.79
2025-12-28,AXS,12.08,6301015000.0,9.02,None,0.648,75.51,0,None,1280990000,1280990000,-408129000,-633313000,None,None,None,None,None,None,1861000,157524000,None,2388512000,2388512000,415411000,None,None,2604869000,None,None,41283000,11315000,1.76,0.0162,143243000,143243000,None,0.833,0.77,132954000,174237000,2.48,2008-12-31,8.16,2750000,1937581000.0,399886000,100507000,6067000,37013000,37013000,None,32447000,None,None,None,None,499046000,None,None,387376000,None,None,None,0.223,1525725000,299379000,100507000,-4295363000,6154112000,None,None,None,None,None,None,None,-10.28,1.443,1.352,None,None,None,None,None,-291003000,None,0.161,None,None,2025-10-29,annual,3.25,USD,post-market,None,1201932000,0.0232,0.163,0.039,78.64,212842000,499046000,None,409504000,98.2,99.27,31.0484,11925976000,11888963000,7915000000,8413625000,37013000,499000000,2788398000,3512351000,9.02,None,110.34,82.79
2025-12-28,AXS,12.08,6301015000.0,9.02,None,0.648,75.51,8625216000,None,1280990000,1280990000,-847213000,-1416644000,None,None,-5499356000,None,None,None,1861000,157524000,None,2388512000,2388512000,415411000,None,None,2604869000,None,None,41283000,15165000,1.76,0.0162,148001000,148001000,None,0.833,0.77,132954000,174237000,2.48,2007-12-31,8.16,2750000,1937581000.0,399886000,100507000,6067000,37013000,37013000,None,32447000,None,None,None,None,499046000,None,None,1092018000,None,None,None,0.223,1573016000,299379000,100507000,-4295363000,6154112000,None,None,None,None,None,None,None,-10.28,1.443,1.352,None,None,None,None,None,-308110000,None,0.161,None,None,2025-10-29,annual,3.25,USD,post-market,None,1201932000,0.0232,0.163,0.039,78.64,212842000,499046000,None,409504000,98.2,99.27,31.0484,11925976000,11888963000,7915000000,8413625000,37013000,499000000,2788398000,3512351000,9.02,None,110.34,82.79
2025-12-28,AXS,12.08,6301015000.0,9.02,None,0.648,75.51,0,None,1280990000,1280990000,289525000,-1166223000,None,None,-4445626000,None,None,None,1861000,157524000,None,2388512000,2388512000,415411000,None,None,2604869000,None,None,41283000,40593000,1.76,0.0162,127870000,127870000,None,0.833,0.77,132954000,174237000,2.48,2006-12-31,8.16,2750000,1937581000.0,399886000,100507000,6067000,37013000,37013000,None,32447000,None,None,None,None,499046000,None,None,963060000,None,None,None,0.223,1613305000,299379000,100507000,-4295363000,6154112000,None,None,None,None,None,None,None,-10.28,1.443,1.352,None,None,None,None,None,-335000,None,0.161,None,None,2025-10-29,annual,3.25,USD,post-market,None,1201932000,0.0232,0.163,0.039,78.64,212842000,499046000,None,409504000,98.2,99.27,31.0484,11925976000,11888963000,7915000000,8413625000,37013000,499000000,2788398000,3512351000,9.02,None,110.34,82.79
2025-12-28,AXS,12.08,6301015000.0,9.02,None,0.648,75.51,325190000,None,1280990000,1280990000,249386000,-1220415000,None,None,-4729167000,None,None,None,1861000,157524000,None,2388512000,2388512000,415411000,None,None,2604869000,None,None,41283000,61693000,1.76,0.0162,94224000,94224000,None,0.833,0.77,132954000,174237000,2.48,2005-12-31,8.16,2750000,1937581000.0,399886000,100507000,6067000,37013000,37013000,None,32447000,None,None,None,None,499046000,None,None,94440000,None,None,None,0.223,1619690000,299379000,100507000,-4295363000,6154112000,None,None,None,None,None,None,None,-10.28,1.443,1.352,None,None,None,None,None,-350000000,None,0.161,None,None,2025-10-29,annual,3.25,USD,post-market,None,1201932000,0.0232,0.163,0.039,78.64,212842000,499046000,None,409504000,98.2,99.27,31.0484,11925976000,11888963000,7915000000,8413625000,37013000,499000000,2788398000,3512351000,9.02,None,110.34,82.79
