date,symbol,eps,revenue_ttm,pe_ratio,accumulateddepreciationamortizationppe,beta,book_value,capitalexpenditures,capitalleaseobligations,cashandcashequivalentsatcarryingvalue,cashandshortterminvestments,cashflowfromfinancing,cashflowfrominvestment,changeincashandcashequivalents,changeinexchangerate,changeininventory,changeinoperatingassets,changeinoperatingliabilities,changeinreceivables,commonstock,commonstocksharesoutstanding,comprehensiveincomenetoftax,costofgoodsandservicessold,costofrevenue,currentaccountspayable,currentdebt,currentlongtermdebt,currentnetreceivables,deferredrevenue,depreciation,depreciationandamortization,depreciationdepletionandamortization,dividend_per_share,dividend_yield,dividendpayout,dividendpayoutcommonstock,dividendpayoutpreferredstock,earnings_growth_yoy,earnings_surprise,ebit,ebitda,estimated_eps,fiscaldateending,forward_pe,goodwill,gross_profit_ttm,grossprofit,incomebeforetax,incometaxexpense,intangibleassets,intangibleassetsexcludinggoodwill,interestanddebtexpense,interestexpense,interestincome,inventory,investmentincomenet,investments,longtermdebt,longtermdebtnoncurrent,longterminvestments,netincome,netincomefromcontinuingoperations,netinterestincome,noninterestincome,operating_margin_ttm,operatingcashflow,operatingexpenses,operatingincome,othercurrentassets,othercurrentliabilities,othernoncurrentassets,othernoncurrentliabilities,othernonoperatingincome,paymentsforoperatingactivities,paymentsforrepurchaseofcommonstock,paymentsforrepurchaseofequity,paymentsforrepurchaseofpreferredstock,peg_ratio,price_to_book,price_to_sales_ttm,proceedsfromissuanceofcommonstock,proceedsfromissuanceoflongtermdebtandcapitalsecuritiesnet,proceedsfromissuanceofpreferredstock,proceedsfromoperatingactivities,proceedsfromrepaymentsofshorttermdebt,proceedsfromrepurchaseofequity,proceedsfromsaleoftreasurystock,profit_margin,profitloss,propertyplantequipment,report_date,report_type,reported_eps,reportedcurrency,reporttime,researchanddevelopment,retainedearnings,return_on_assets_ttm,return_on_equity_ttm,revenue_growth_yoy,revenue_per_share_ttm,sellinggeneralandadministrative,shortlongtermdebttotal,shorttermdebt,shortterminvestments,sma_200,sma_50,surprise_pct,totalassets,totalcurrentassets,totalcurrentliabilities,totalliabilities,totalnoncurrentassets,totalnoncurrentliabilities,totalrevenue,totalshareholderequity,trailing_pe,treasurystock,week_52_high,week_52_low
1998-12-31,AZN,,,,,,,,,,,,,,,,,,,,,,,,,,,,,,,,,,,,,,0.01,,,0.24,,,,,,,,,,,,,,,,,,,,,,,,,,,,,,,,,,,,,,,,,,,,,,,,,1999-02-17,,0.25,,pre-market,,,,,,,,,,,,,4.1667,,,,,,,,,,,,
1999-06-30,AZN,,,,,,,,,,,,,,,,,,,,,,,,,,,,,,,,,,,,,,0.17,,,0.24,,,,,,,,,,,,,,,,,,,,,,,,,,,,,,,,,,,,,,,,,,,,,,,,,1999-08-09,,0.41,,pre-market,,,,,,,,,,,,,70.8333,,,,,,,,,,,,
1999-09-30,AZN,,,,,,,,,,,,,,,,,,,,,,,,,,,,,,,,,,,,,,0.02,,,0.17,,,,,,,,,,,,,,,,,,,,,,,,,,,,,,,,,,,,,,,,,,,,,,,,,1999-10-29,,0.19,,pre-market,,,,,,,,,,,,,11.7647,,,,,,,,,,,,
2000-09-30,AZN,,,,,,,,,,,,,,,,,,,,,,,,,,,,,,,,,,,,,,-0.04,,,0.23,,,,,,,,,,,,,,,,,,,,,,,,,,,,,,,,,,,,,,,,,,,,,,,,,2000-10-25,,0.19,,pre-market,,,,,,,,,,,,,-17.3913,,,,,,,,,,,,
2000-12-31,AZN,,,,,,,,,,,,,,,,,,,,,,,,,,,,,,,,,,,,,,0.0,,,0.21,,,,,,,,,,,,,,,,,,,,,,,,,,,,,,,,,,,,,,,,,,,,,,,,,2001-02-08,,0.21,,pre-market,,,,,,,,,,,,,0.0,,,,,,,,,,,,
2001-03-31,AZN,,,,,,,,,,,,,,,,,,,,,,,,,,,,,,,,,,,,,,0.0,,,0.21,,,,,,,,,,,,,,,,,,,,,,,,,,,,,,,,,,,,,,,,,,,,,,,,,2001-03-31,,0.2163,,pre-market,,,,,,,,,,,,,0.0,,,,,,,,,,,,
2001-06-30,AZN,,,,,,,,,,,,,,,,,,,,,,,,,,,,,,,,,,,,,,0.0,,,0.21,,,,,,,,,,,,,,,,,,,,,,,,,,,,,,,,,,,,,,,,,,,,,,,,,2001-07-26,,0.21,,pre-market,,,,,,,,,,,,,0.0,,,,,,,,,,,,
2001-09-30,AZN,,,,,,,,,,,,,,,,,,,,,,,,,,,,,,,,,,,,,,0.03,,,0.21,,,,,,,,,,,,,,,,,,,,,,,,,,,,,,,,,,,,,,,,,,,,,,,,,2001-10-24,,0.24,,pre-market,,,,,,,,,,,,,14.2857,,,,,,,,,,,,
2001-12-31,AZN,,,,,,,,,,,,,,,,,,,,,,,,,,,,,,,,,,,,,,0.66,,,0.23,,,,,,,,,,,,,,,,,,,,,,,,,,,,,,,,,,,,,,,,,,,,,,,,,2002-01-31,,0.89,,pre-market,,,,,,,,,,,,,286.9565,,,,,,,,,,,,
2002-03-31,AZN,,,,,,,,,,,,,,,,,,,,,,,,,,,,,,,,,,,,,,0.04,,,0.24,,,,,,,,,,,,,,,,,,,,,,,,,,,,,,,,,,,,,,,,,,,,,,,,,2002-04-26,,0.28,,pre-market,,,,,,,,,,,,,16.6667,,,,,,,,,,,,
2002-06-30,AZN,,,,,,,,,,,,,,,,,,,,,,,,,,,,,,,,,,,,,,-0.01,,,0.24,,,,,,,,,,,,,,,,,,,,,,,,,,,,,,,,,,,,,,,,,,,,,,,,,2002-07-25,,0.23,,pre-market,,,,,,,,,,,,,-4.1667,,,,,,,,,,,,
2002-09-30,AZN,,,,,,,,,,,,,,,,,,,,,,,,,,,,,,,,,,,,,,0.02,,,0.18,,,,,,,,,,,,,,,,,,,,,,,,,,,,,,,,,,,,,,,,,,,,,,,,,2002-10-24,,0.2,,pre-market,,,,,,,,,,,,,11.1111,,,,,,,,,,,,
2002-12-31,AZN,,,,,,,,,,,,,,,,,,,,,,,,,,,,,,,,,,,,,,0.02,,,0.21,,,,,,,,,,,,,,,,,,,,,,,,,,,,,,,,,,,,,,,,,,,,,,,,,2003-01-30,,0.23,,pre-market,,,,,,,,,,,,,9.5238,,,,,,,,,,,,
2003-03-31,AZN,,,,,,,,,,,,,,,,,,,,,,,,,,,,,,,,,,,,,,0.06,,,0.21,,,,,,,,,,,,,,,,,,,,,,,,,,,,,,,,,,,,,,,,,,,,,,,,,2003-04-30,,0.27,,pre-market,,,,,,,,,,,,,28.5714,,,,,,,,,,,,
2003-06-30,AZN,,,,,,,,,,,,,,,,,,,,,,,,,,,,,,,,,,,,,,0.03,,,0.17,,,,,,,,,,,,,,,,,,,,,,,,,,,,,,,,,,,,,,,,,,,,,,,,,2003-07-24,,0.2,,pre-market,,,,,,,,,,,,,17.6471,,,,,,,,,,,,
2003-09-30,AZN,,,,,,,,,,,,,,,,,,,,,,,,,,,,,,,,,,,,,,0.07,,,0.17,,,,,,,,,,,,,,,,,,,,,,,,,,,,,,,,,,,,,,,,,,,,,,,,,2003-10-23,,0.24,,pre-market,,,,,,,,,,,,,41.1765,,,,,,,,,,,,
2003-12-31,AZN,,,,,,,,,,,,,,,,,,,,,,,,,,,,,,,,,,,,,,-0.01,,,0.2,,,,,,,,,,,,,,,,,,,,,,,,,,,,,,,,,,,,,,,,,,,,,,,,,2004-01-29,,0.19,,pre-market,,,,,,,,,,,,,-5.0,,,,,,,,,,,,
2004-03-31,AZN,,,,,,,,,,,,,,,,,,,,,,,,,,,,,,,,,,,,,,-0.03,,,0.27,,,,,,,,,,,,,,,,,,,,,,,,,,,,,,,,,,,,,,,,,,,,,,,,,2004-04-29,,0.24,,pre-market,,,,,,,,,,,,,-11.1111,,,,,,,,,,,,
2004-06-30,AZN,,,,,,,,,,,,,,,,,,,,,,,,,,,,,,,,,,,,,,0.01,,,0.24,,,,,,,,,,,,,,,,,,,,,,,,,,,,,,,,,,,,,,,,,,,,,,,,,2004-07-22,,0.25,,pre-market,,,,,,,,,,,,,4.1667,,,,,,,,,,,,
2004-09-30,AZN,,,,,,,,,,,,,,,,,,,,,,,,,,,,,,,,,,,,,,0.02,,,0.26,,,,,,,,,,,,,,,,,,,,,,,,,,,,,,,,,,,,,,,,,,,,,,,,,2004-10-25,,0.28,,pre-market,,,,,,,,,,,,,7.6923,,,,,,,,,,,,
2004-12-31,AZN,,,,,,,,,,,,,,,,,,,,,,,,,,,,,,,,,,,,,,0.01,,,0.29,,,,,,,,,,,,,,,,,,,,,,,,,,,,,,,,,,,,,,,,,,,,,,,,,2005-01-28,,0.3,,pre-market,,,,,,,,,,,,,3.4483,,,,,,,,,,,,
2005-03-31,AZN,,,,,,,,,,,,,,,,,,,,,,,,,,,,,,,,,,,,,,0.03,,,0.29,,,,,,,,,,,,,,,,,,,,,,,,,,,,,,,,,,,,,,,,,,,,,,,,,2005-04-28,,0.32,,pre-market,,,,,,,,,,,,,10.3448,,,,,,,,,,,,
2005-06-30,AZN,,,,,,,,,,,,,,,,,,,,,,,,,,,,,,,,,,,,,,0.1,,,0.28,,,,,,,,,,,,,,,,,,,,,,,,,,,,,,,,,,,,,,,,,,,,,,,,,2005-07-28,,0.38,,pre-market,,,,,,,,,,,,,35.7143,,,,,,,,,,,,
2005-09-30,AZN,,,,,,,,,,,,,,,,,,,,,,,,,,,,,,,,,,,,,,0.05,,,0.33,,,,,,,,,,,,,,,,,,,,,,,,,,,,,,,,,,,,,,,,,,,,,,,,,2005-10-27,,0.38,,pre-market,,,,,,,,,,,,,15.1515,,,,,,,,,,,,
2005-12-31,AZN,,,,,,,,,,,,,,,,,,,,,,,,,,,,,,,,,,,,,,0.02,,,0.37,,,,,,,,,,,,,,,,,,,,,,,,,,,,,,,,,,,,,,,,,,,,,,,,,2006-02-02,,0.39,,pre-market,,,,,,,,,,,,,5.4054,,,,,,,,,,,,
2006-03-31,AZN,,,,,,,,,,,,,,,,,,,,,,,,,,,,,,,,,,,,,,0.05,,,0.4,,,,,,,,,,,,,,,,,,,,,,,,,,,,,,,,,,,,,,,,,,,,,,,,,2006-04-27,,0.45,,pre-market,,,,,,,,,,,,,12.5,,,,,,,,,,,,
2006-06-30,AZN,,,,,,,,,,,,,,,,,,,,,,,,,,,,,,,,,,,,,,0.04,,,0.47,,,,,,,,,,,,,,,,,,,,,,,,,,,,,,,,,,,,,,,,,,,,,,,,,2006-07-27,,0.51,,pre-market,,,,,,,,,,,,,8.5106,,,,,,,,,,,,
2006-09-30,AZN,,,,,,,,,,,,,,,,,,,,,,,,,,,,,,,,,,,,,,0.02,,,0.49,,,,,,,,,,,,,,,,,,,,,,,,,,,,,,,,,,,,,,,,,,,,,,,,,2006-10-26,,0.51,,pre-market,,,,,,,,,,,,,4.0816,,,,,,,,,,,,
2006-12-31,AZN,,,,,,,,,,,,,,,,,,,,,,,,,,,,,,,,,,,,,,-0.01,,,0.48,,,,,,,,,,,,,,,,,,,,,,,,,,,,,,,,,,,,,,,,,,,,,,,,,2007-02-01,,0.47,,pre-market,,,,,,,,,,,,,-2.0833,,,,,,,,,,,,
2007-03-31,AZN,,,,,,,,,,,,,,,,,,,,,,,,,,,,,,,,,,,,,,0.0,,,0.51,,,,,,,,,,,,,,,,,,,,,,,,,,,,,,,,,,,,,,,,,,,,,,,,,2007-04-23,,0.51,,pre-market,,,,,,,,,,,,,0.0,,,,,,,,,,,,
2007-06-30,AZN,,,,,,,,,,,,,,,,,,,,,,,,,,,,,,,,,,,,,,0.08,,,0.52,,,,,,,,,,,,,,,,,,,,,,,,,,,,,,,,,,,,,,,,,,,,,,,,,2007-07-26,,0.6,,pre-market,,,,,,,,,,,,,15.3846,,,,,,,,,,,,
2007-09-30,AZN,,,,,,,,,,,,,,,,,,,,,,,,,,,,,,,,,,,,,,0.06,,,0.46,,,,,,,,,,,,,,,,,,,,,,,,,,,,,,,,,,,,,,,,,,,,,,,,,2007-11-01,,0.52,,pre-market,,,,,,,,,,,,,13.0435,,,,,,,,,,,,
2007-12-31,AZN,,,,,,,,,,,,,,,,,,,,,,,,,,,,,,,,,,,,,,0.08,,,0.47,,,,,,,,,,,,,,,,,,,,,,,,,,,,,,,,,,,,,,,,,,,,,,,,,2008-01-31,,0.55,,pre-market,,,,,,,,,,,,,17.0213,,,,,,,,,,,,
2008-03-31,AZN,,,,,,,,,,,,,,,,,,,,,,,,,,,,,,,,,,,,,,0.04,,,0.6,,,,,,,,,,,,,,,,,,,,,,,,,,,,,,,,,,,,,,,,,,,,,,,,,2008-04-24,,0.64,,pre-market,,,,,,,,,,,,,6.6667,,,,,,,,,,,,
2008-06-30,AZN,,,,,,,,,,,,,,,,,,,,,,,,,,,,,,,,,,,,,,0.09,,,0.54,,,,,,,,,,,,,,,,,,,,,,,,,,,,,,,,,,,,,,,,,,,,,,,,,2008-07-31,,0.63,,pre-market,,,,,,,,,,,,,16.6667,,,,,,,,,,,,
2008-09-30,AZN,,,,,,,,,,,,,,,,,,,,,,,,,,,,,,,,,,,,,,0.09,,,0.57,,,,,,,,,,,,,,,,,,,,,,,,,,,,,,,,,,,,,,,,,,,,,,,,,2008-10-30,,0.66,,pre-market,,,,,,,,,,,,,15.7895,,,,,,,,,,,,
2008-12-31,AZN,,,,,,,,,,,,,,,,,,,,,,,,,,,,,,,,,,,,,,0.05,,,0.58,,,,,,,,,,,,,,,,,,,,,,,,,,,,,,,,,,,,,,,,,,,,,,,,,2009-01-29,,0.63,,pre-market,,,,,,,,,,,,,8.6207,,,,,,,,,,,,
2009-03-31,AZN,,,,,,,,,,,,,,,,,,,,,,,,,,,,,,,,,,,,,,0.09,,,0.7,,,,,,,,,,,,,,,,,,,,,,,,,,,,,,,,,,,,,,,,,,,,,,,,,2009-04-30,,0.79,,pre-market,,,,,,,,,,,,,12.8571,,,,,,,,,,,,
2009-06-30,AZN,,,,,,,,,,,,,,,,,,,,,,,,,,,,,,,,,,,,,,0.12,,,0.7,,,,,,,,,,,,,,,,,,,,,,,,,,,,,,,,,,,,,,,,,,,,,,,,,2009-07-30,,0.82,,pre-market,,,,,,,,,,,,,17.1429,,,,,,,,,,,,
2009-09-30,AZN,,,,,,,,,,,,,,,,,,,,,,,,,,,,,,,,,,,,,,0.15,,,0.69,,,,,,,,,,,,,,,,,,,,,,,,,,,,,,,,,,,,,,,,,,,,,,,,,2009-10-29,,0.84,,pre-market,,,,,,,,,,,,,21.7391,,,,,,,,,,,,
2009-12-31,AZN,,,,,,,,,,,,,,,,,,,,,,,,,,,,,,,,,,,,,,-0.05,,,0.76,,,,,,,,,,,,,,,,,,,,,,,,,,,,,,,,,,,,,,,,,,,,,,,,,2010-01-28,,0.71,,pre-market,,,,,,,,,,,,,-6.5789,,,,,,,,,,,,
2010-03-31,AZN,,,,,,,,,,,,,,,,,,,,,,,,,,,,,,,,,,,,,,0.15,,,0.86,,,,,,,,,,,,,,,,,,,,,,,,,,,,,,,,,,,,,,,,,,,,,,,,,2010-04-29,,1.01,,pre-market,,,,,,,,,,,,,17.4419,,,,,,,,,,,,
2010-06-30,AZN,,,,,,,,,,,,,,,,,,,,,,,,,,,,,,,,,,,,,,0.1,,,0.8,,,,,,,,,,,,,,,,,,,,,,,,,,,,,,,,,,,,,,,,,,,,,,,,,2010-07-29,,0.9,,pre-market,,,,,,,,,,,,,12.5,,,,,,,,,,,,
2010-09-30,AZN,,,,,,,,,,,,,,,,,,,,,,,,,,,,,,,,,,,,,,0.0,,,0.75,,,,,,,,,,,,,,,,,,,,,,,,,,,,,,,,,,,,,,,,,,,,,,,,,2010-10-28,,0.75,,pre-market,,,,,,,,,,,,,0.0,,,,,,,,,,,,
2010-12-31,AZN,,,,,,,,,,,,,,,,,,,,,,,,,,,,,,,,,,,,,,0.03,,,0.67,,,,,,,,,,,,,,,,,,,,,,,,,,,,,,,,,,,,,,,,,,,,,,,,,2011-01-27,,0.7,,pre-market,,,,,,,,,,,,,4.4776,,,,,,,,,,,,
2011-03-31,AZN,,,,,,,,,,,,,,,,,,,,,,,,,,,,,,,,,,,,,,0.04,,,1.08,,,,,,,,,,,,,,,,,,,,,,,,,,,,,,,,,,,,,,,,,,,,,,,,,2011-04-28,,1.12,,pre-market,,,,,,,,,,,,,3.7037,,,,,,,,,,,,
2011-06-30,AZN,,,,,,,,,,,,,,,,,,,,,,,,,,,,,,,,,,,,,,-0.04,,,0.91,,,,,,,,,,,,,,,,,,,,,,,,,,,,,,,,,,,,,,,,,,,,,,,,,2011-07-28,,0.87,,pre-market,,,,,,,,,,,,,-4.3956,,,,,,,,,,,,
2011-09-30,AZN,,,,,,,,,,,,,,,,,,,,,,,,,,,,,,,,,,,,,,0.02,,,0.84,,,,,,,,,,,,,,,,,,,,,,,,,,,,,,,,,,,,,,,,,,,,,,,,,2011-10-27,,0.86,,pre-market,,,,,,,,,,,,,2.381,,,,,,,,,,,,
2011-12-31,AZN,,,,,,,,,,,,,,,,,,,,,,,,,,,,,,,,,,,,,,0.03,,,0.78,,,,,,,,,,,,,,,,,,,,,,,,,,,,,,,,,,,,,,,,,,,,,,,,,2012-02-06,,0.81,,pre-market,,,,,,,,,,,,,3.8462,,,,,,,,,,,,
2012-03-31,AZN,,,,,,,,,,,,,,,,,,,,,,,,,,,,,,,,,,,,,,0.02,,,0.89,,,,,,,,,,,,,,,,,,,,,,,,,,,,,,,,,,,,,,,,,,,,,,,,,2012-04-26,,0.91,,pre-market,,,,,,,,,,,,,2.2472,,,,,,,,,,,,
2012-06-30,AZN,,,,,,,,,,,,,,,,,,,,,,,,,,,,,,,,,,,,,,0.09,,,0.68,,,,,,,,,,,,,,,,,,,,,,,,,,,,,,,,,,,,,,,,,,,,,,,,,2012-07-26,,0.77,,pre-market,,,,,,,,,,,,,13.2353,,,,,,,,,,,,
2012-09-30,AZN,,,,,,,,,,,,,,,,,,,,,,,,,,,,,,,,,,,,,,0.02,,,0.74,,,,,,,,,,,,,,,,,,,,,,,,,,,,,,,,,,,,,,,,,,,,,,,,,2012-10-25,,0.76,,pre-market,,,,,,,,,,,,,2.7027,,,,,,,,,,,,
2012-12-31,AZN,,,,,,,,,,,,,,,,,,,,,,,,,,,,,,,,,,,,,,0.08,,,0.7,,,,,,,,,,,,,,,,,,,,,,,,,,,,,,,,,,,,,,,,,,,,,,,,,2013-01-31,,0.78,,pre-market,,,,,,,,,,,,,11.4286,,,,,,,,,,,,
2013-03-31,AZN,,,,,,,,,,,,,,,,,,,,,,,,,,,,,,,,,,,,,,0.04,,,0.67,,,,,,,,,,,,,,,,,,,,,,,,,,,,,,,,,,,,,,,,,,,,,,,,,2013-04-25,,0.71,,pre-market,,,,,,,,,,,,,5.9701,,,,,,,,,,,,
2013-06-30,AZN,,,,,,,,,,,,,,,,,,,,,,,,,,,,,,,,,,,,,,0.02,,,0.58,,,,,,,,,,,,,,,,,,,,,,,,,,,,,,,,,,,,,,,,,,,,,,,,,2013-08-01,,0.6,,pre-market,,,,,,,,,,,,,3.4483,,,,,,,,,,,,
2013-09-30,AZN,,,,,,,,,,,,,,,,,,,,,,,,,,,,,,,,,,,,,,-0.02,,,0.63,,,,,,,,,,,,,,,,,,,,,,,,,,,,,,,,,,,,,,,,,,,,,,,,,2013-10-31,,0.61,,pre-market,,,,,,,,,,,,,-3.1746,,,,,,,,,,,,
2013-12-31,AZN,,,,,,,,,,,,,,,,,,,,,,,,,,,,,,,,,,,,,,0.01,,,0.61,,,,,,,,,,,,,,,,,,,,,,,,,,,,,,,,,,,,,,,,,,,,,,,,,2014-02-06,,0.62,,pre-market,,,,,,,,,,,,,1.6393,,,,,,,,,,,,
2014-03-31,AZN,,,,,,,,,,,,,,,,,,,,,,,,,,,,,,,,,,,,,,-0.03,,,0.62,,,,,,,,,,,,,,,,,,,,,,,,,,,,,,,,,,,,,,,,,,,,,,,,,2014-04-24,,0.59,,pre-market,,,,,,,,,,,,,-4.8387,,,,,,,,,,,,
2014-06-30,AZN,,,,,,,,,,,,,,,,,,,,,,,,,,,,,,,,,,,,,,0.1,,,0.55,,,,,,,,,,,,,,,,,,,,,,,,,,,,,,,,,,,,,,,,,,,,,,,,,2014-07-31,,0.65,,pre-market,,,,,,,,,,,,,18.1818,,,,,,,,,,,,
2014-09-30,AZN,,,,,,,,,,,,,,,,,,,,,,,,,,,,,,,,,,,,,,0.01,,,0.52,,,,,,,,,,,,,,,,,,,,,,,,,,,,,,,,,,,,,,,,,,,,,,,,,2014-11-06,,0.53,,pre-market,,,,,,,,,,,,,1.9231,,,,,,,,,,,,
2014-12-31,AZN,,,,,,,,,,,,,,,,,,,,,,,,,,,,,,,,,,,,,,-0.05,,,0.43,,,,,,,,,,,,,,,,,,,,,,,,,,,,,,,,,,,,,,,,,,,,,,,,,2015-02-05,,0.38,,pre-market,,,,,,,,,,,,,-11.6279,,,,,,,,,,,,
2015-03-31,AZN,,,,,,,,,,,,,,,,,,,,,,,,,,,,,,,,,,,,,,0.01,,,0.53,,,,,,,,,,,,,,,,,,,,,,,,,,,,,,,,,,,,,,,,,,,,,,,,,2015-04-24,,0.54,,pre-market,,,,,,,,,,,,,1.8868,,,,,,,,,,,,
2015-06-30,AZN,,,,,,,,,,,,,,,,,,,,,,,,,,,,,,,,,,,,,,0.09,,,0.51,,,,,,,,,,,,,,,,,,,,,,,,,,,,,,,,,,,,,,,,,,,,,,,,,2015-07-30,,0.6,,pre-market,,,,,,,,,,,,,17.6471,,,,,,,,,,,,
2015-09-30,AZN,,,,,,,,,,,,,,,,,,,,,,,,,,,,,,,,,,,,,,-0.25,,,0.77,,,,,,,,,,,,,,,,,,,,,,,,,,,,,,,,,,,,,,,,,,,,,,,,,2015-11-05,,0.52,,pre-market,,,,,,,,,,,,,-32.4675,,,,,,,,,,,,
2015-12-31,AZN,,,,,,,,,,,,,,,,,,,,,,,,,,,,,,,,,,,,,,0.03,,,0.44,,,,,,,,,,,,,,,,,,,,,,,,,,,,,,,,,,,,,,,,,,,,,,,,,2016-02-04,,0.47,,pre-market,,,,,,,,,,,,,6.8182,,,,,,,,,,,,
2016-03-31,AZN,,,,,,,,,,,,,,,,,,,,,,,,,,,,,,,,,,,,,,0.0,,,0.48,,,,,,,,,,,,,,,,,,,,,,,,,,,,,,,,,,,,,,,,,,,,,,,,,2016-04-29,,0.48,,pre-market,,,,,,,,,,,,,0.0,,,,,,,,,,,,
2016-06-30,AZN,,,,,,,,,,,,,,,,,,,,,,,,,,,,,,,,,,,,,,0.07,,,0.76,,,,,,,,,,,,,,,,,,,,,,,,,,,,,,,,,,,,,,,,,,,,,,,,,2016-07-28,,0.83,,pre-market,,,,,,,,,,,,,9.2105,,,,,,,,,,,,
2016-09-30,AZN,,,,,,,,,,,,,,,,,,,,,,,,,,,,,,,,,,,,,,-0.08,,,0.74,,,,,,,,,,,,,,,,,,,,,,,,,,,,,,,,,,,,,,,,,,,,,,,,,2016-11-10,,0.66,,pre-market,,,,,,,,,,,,,-10.8108,,,,,,,,,,,,
2016-12-31,AZN,,,,,,,,,,,,,,,,,,,,,,,,,,,,,,,,,,,,,,0.02,,,0.59,,,,,,,,,,,,,,,,,,,,,,,,,,,,,,,,,,,,,,,,,,,,,,,,,2017-02-02,,0.61,,pre-market,,,,,,,,,,,,,3.3898,,,,,,,,,,,,
2017-03-31,AZN,,,,,,,,,,,,,,,,,,,,,,,,,,,,,,,,,,,,,,0.1,,,0.4,,,,,,,,,,,,,,,,,,,,,,,,,,,,,,,,,,,,,,,,,,,,,,,,,2017-04-27,,0.5,,pre-market,,,,,,,,,,,,,25.0,,,,,,,,,,,,
2017-06-30,AZN,,,,,,,,,,,,,,,,,,,,,,,,,,,,,,,,,,,,,,0.02,,,0.42,,,,,,,,,,,,,,,,,,,,,,,,,,,,,,,,,,,,,,,,,,,,,,,,,2017-07-27,,0.44,,pre-market,,,,,,,,,,,,,4.7619,,,,,,,,,,,,
2017-09-30,AZN,,,,,,,,,,,,,,,,,,,,,,,,,,,,,,,,,,,,,,0.01,,,0.55,,,,,,,,,,,,,,,,,,,,,,,,,,,,,,,,,,,,,,,,,,,,,,,,,2017-11-09,,0.56,,pre-market,,,,,,,,,,,,,1.8182,,,,,,,,,,,,
2017-12-31,AZN,,,,,,,,,,,,,,,,,,,,,,,,,,,,,,,,,,,,,,0.18,,,0.47,,,,,,,,,,,,,,,,,,,,,,,,,,,,,,,,,,,,,,,,,,,,,,,,,2018-02-02,,0.65,,pre-market,,,,,,,,,,,,,38.2979,,,,,,,,,,,,
2018-03-31,AZN,,,,,,,,,,,,,,,,,,,,,,,,,,,,,,,,,,,,,,-0.1,,,0.34,,,,,,,,,,,,,,,,,,,,,,,,,,,,,,,,,,,,,,,,,,,,,,,,,2018-05-18,,0.24,,pre-market,,,,,,,,,,,,,-29.4118,,,,,,,,,,,,
2018-06-30,AZN,,,,,,,,,,,,,,,,,,,,,,,,,,,,,,,,,,,,,,0.05,,,0.3,,,,,,,,,,,,,,,,,,,,,,,,,,,,,,,,,,,,,,,,,,,,,,,,,2018-07-26,,0.35,,pre-market,,,,,,,,,,,,,16.6667,,,,,,,,,,,,
2018-09-30,AZN,,,,,,,,,,,,,,,,,,,,,,,,,,,,,,,,,,,,,,-0.05,,,0.4,,,,,,,,,,,,,,,,,,,,,,,,,,,,,,,,,,,,,,,,,,,,,,,,,2018-11-12,,0.35,,pre-market,,,,,,,,,,,,,-12.5,,,,,,,,,,,,
2018-12-31,AZN,,,,,,,,,,,,,,,,,,,,,,,,,,,,,,,,,,,,,,0.03,,,0.76,,,,,,,,,,,,,,,,,,,,,,,,,,,,,,,,,,,,,,,,,,,,,,,,,2019-02-14,,0.79,,pre-market,,,,,,,,,,,,,3.9474,,,,,,,,,,,,
2019-03-31,AZN,,,,,,,,,,,,,,,,,,,,,,,,,,,,,,,,,,,,,,0.03,,,0.42,,,,,,,,,,,,,,,,,,,,,,,,,,,,,,,,,,,,,,,,,,,,,,,,,2019-04-26,,0.45,,pre-market,,,,,,,,,,,,,7.1429,,,,,,,,,,,,
2019-06-30,AZN,,,,,,,,,,,,,,,,,,,,,,,,,,,,,,,,,,,,,,0.07,,,0.3,,,,,,,,,,,,,,,,,,,,,,,,,,,,,,,,,,,,,,,,,,,,,,,,,2019-07-25,,0.37,,pre-market,,,,,,,,,,,,,23.3333,,,,,,,,,,,,
2019-09-30,AZN,,,,,,,,,,,,,,,,,,,,,,,,,,,,,,,,,,,,,,0.05,,,0.45,,,,,,,,,,,,,,,,,,,,,,,,,,,,,,,,,,,,,,,,,,,,,,,,,2019-10-24,,0.5,,pre-market,,,,,,,,,,,,,11.1111,,,,,,,,,,,,
2019-12-31,AZN,,,,,,,,,,,,,,,,,,,,,,,,,,,,,,,,,,,,,,-0.14,,,0.59,,,,,,,,,,,,,,,,,,,,,,,,,,,,,,,,,,,,,,,,,,,,,,,,,2020-02-14,,0.45,,pre-market,,,,,,,,,,,,,-23.7288,,,,,,,,,,,,
2020-03-31,AZN,,,,,,,,,,,,,,,,,,,,,,,,,,,,,,,,,,,,,,0.06,,,0.47,,,,,,,,,,,,,,,,,,,,,,,,,,,,,,,,,,,,,,,,,,,,,,,,,2020-04-29,,0.53,,pre-market,,,,,,,,,,,,,12.766,,,,,,,,,,,,
2020-06-30,AZN,,,,,,,,,,,,,,,,,,,,,,,,,,,,,,,,,,,,,,0.04,,,0.44,,,,,,,,,,,,,,,,,,,,,,,,,,,,,,,,,,,,,,,,,,,,,,,,,2020-07-30,,0.48,,pre-market,,,,,,,,,,,,,9.0909,,,,,,,,,,,,
2020-09-30,AZN,,,,,,,,,,,,,,,,,,,,,,,,,,,,,,,,,,,,,,0.03,,,0.44,,,,,,,,,,,,,,,,,,,,,,,,,,,,,,,,,,,,,,,,,,,,,,,,,2020-11-05,,0.47,,pre-market,,,,,,,,,,,,,6.8182,,,,,,,,,,,,
2020-12-31,AZN,,,,,,,,,,,,,,,,,,,,,,,,,,,,,,,,,,,,,,-0.14,,,0.68,,,,,,,,,,,,,,,,,,,,,,,,,,,,,,,,,,,,,,,,,,,,,,,,,2021-02-11,,0.54,,pre-market,,,,,,,,,,,,,-20.5882,,,,,,,,,,,,
2021-03-31,AZN,,,,,,,,,,,,,,,,,,,,,,,,,,,,,,,,,,,,,,0.07,,,0.75,,,,,,,,,,,,,,,,,,,,,,,,,,,,,,,,,,,,,,,,,,,,,,,,,2021-04-30,,0.82,,pre-market,,,,,,,,,,,,,9.3333,,,,,,,,,,,,
2021-06-30,AZN,,,,,,,,,,,,,,,,,,,,,,,,,,,,,,,,,,,,,,0.02,,,0.43,,,,,,,,,,,,,,,,,,,,,,,,,,,,,,,,,,,,,,,,,,,,,,,,,2021-07-29,,0.45,,pre-market,,,,,,,,,,,,,4.6512,,,,,,,,,,,,
2021-09-30,AZN,,,,,,,,,,,,,,,,,,,,,,,,,,,,,,,,,,,,,,-0.08,,,0.62,,,,,,,,,,,,,,,,,,,,,,,,,,,,,,,,,,,,,,,,,,,,,,,,,2021-11-12,,0.54,,pre-market,,,,,,,,,,,,,-12.9032,,,,,,,,,,,,
2021-12-31,AZN,,,,,,,,,,,,,,,,,,,,,,,,,,,,,,,,,,,,,,0.11,,,0.73,,,,,,,,,,,,,,,,,,,,,,,,,,,,,,,,,,,,,,,,,,,,,,,,,2022-02-10,,0.84,,pre-market,,,,,,,,,,,,,15.0685,,,,,,,,,,,,
2022-03-31,AZN,,,,,,,,,,,,,,,,,,,,,,,,,,,,,,,,,,,,,,0.12,,,0.83,,,,,,,,,,,,,,,,,,,,,,,,,,,,,,,,,,,,,,,,,,,,,,,,,2022-04-29,,0.95,,pre-market,,,,,,,,,,,,,14.4578,,,,,,,,,,,,
2022-06-30,AZN,,,,,,,,,,,,,,,,,,,,,,,,,,,,,,,,,,,,,,0.09,,,0.77,,,,,,,,,,,,,,,,,,,,,,,,,,,,,,,,,,,,,,,,,,,,,,,,,2022-07-29,,0.86,,pre-market,,,,,,,,,,,,,11.6883,,,,,,,,,,,,
2022-09-30,AZN,,,,,,,,,,,,,,,,,,,,,,,,,,,,,,,,,,,,,,0.12,,,0.72,,,,,,,,,,,,,,,,,,,,,,,,,,,,,,,,,,,,,,,,,,,,,,,,,2022-11-10,,0.84,,pre-market,,,,,,,,,,,,,16.6667,,,,,,,,,,,,
2022-12-31,AZN,,,,,,,,,,,,,,,,,,,,,,,,,,,,,,,,,,,,,,0.02,,,0.67,,,,,,,,,,,,,,,,,,,,,,,,,,,,,,,,,,,,,,,,,,,,,,,,,2023-02-09,,0.69,,pre-market,,,,,,,,,,,,,2.9851,,,,,,,,,,,,
2023-03-31,AZN,,,,,,,,,,,,,,,,,,,,,,,,,,,,,,,,,,,,,,-0.11,,,1.07,,,,,,,,,,,,,,,,,,,,,,,,,,,,,,,,,,,,,,,,,,,,,,,,,2023-04-27,,0.96,,pre-market,,,,,,,,,,,,,-10.2804,,,,,,,,,,,,
2023-06-30,AZN,,,,,,,,,,,,,,,,,,,,,,,,,,,,,,,,,,,,,,0.13,,,0.95,,,,,,,,,,,,,,,,,,,,,,,,,,,,,,,,,,,,,,,,,,,,,,,,,2023-07-28,,1.08,,pre-market,,,,,,,,,,,,,13.6842,,,,,,,,,,,,
2023-09-30,AZN,,,,,,,,,,,,,,,,,,,,,,,,,,,,,,,,,,,,,,0.02,,,0.85,,,,,,,,,,,,,,,,,,,,,,,,,,,,,,,,,,,,,,,,,,,,,,,,,2023-11-09,,0.87,,pre-market,,,,,,,,,,,,,2.3529,,,,,,,,,,,,
2023-12-31,AZN,,,,,,,,,,,,,,,,,,,,,,,,,,,,,,,,,,,,,,-0.06,,,0.79,,,,,,,,,,,,,,,,,,,,,,,,,,,,,,,,,,,,,,,,,,,,,,,,,2024-02-08,,0.73,,pre-market,,,,,,,,,,,,,-7.5949,,,,,,,,,,,,
2024-03-31,AZN,,,,,,,,,,,,,,,,,,,,,,,,,,,,,,,,,,,,,,-0.19,,,1.22,,,,,,,,,,,,,,,,,,,,,,,,,,,,,,,,,,,,,,,,,,,,,,,,,2024-04-25,,1.03,,pre-market,,,,,,,,,,,,,-15.5738,,,,,,,,,,,,
2024-06-30,AZN,,,,,,,,,,,,,,,,,,,,,,,,,,,,,,,,,,,,,,-0.21,,,1.2,,,,,,,,,,,,,,,,,,,,,,,,,,,,,,,,,,,,,,,,,,,,,,,,,2024-07-25,,0.99,,pre-market,,,,,,,,,,,,,-17.5,,,,,,,,,,,,
2024-09-30,AZN,,,,,,,,,,,,,,,,,,,,,,,,,,,,,,,,,,,,,,0.01,,,1.03,,,,,,,,,,,,,,,,,,,,,,,,,,,,,,,,,,,,,,,,,,,,,,,,,2024-11-12,,1.04,,pre-market,,,,,,,,,,,,,0.9709,,,,,,,,,,,,
2024-12-31,AZN,,,,,,,,,,,,,,,,,,,,,,,,,,,,,,,,,,,,,,0.01,,,1.04,,,,,,,,,,,,,,,,,,,,,,,,,,,,,,,,,,,,,,,,,,,,,,,,,2025-02-06,,1.05,,pre-market,,,,,,,,,,,,,0.9615,,,,,,,,,,,,
2025-03-31,AZN,,,,,,,,,,,,,,,,,,,,,,,,,,,,,,,,,,,,,,0.13,,,1.12,,,,,,,,,,,,,,,,,,,,,,,,,,,,,,,,,,,,,,,,,,,,,,,,,2025-04-29,,1.25,,pre-market,,,,,,,,,,,,,11.6071,,,,,,,,,,,,
2025-06-30,AZN,,,,,,,,,,,,,,,,,,,,,,,,,,,,,,,,,,,,,,-0.09,,,0.88,,,,,,,,,,,,,,,,,,,,,,,,,,,,,,,,,,,,,,,,,,,,,,,,,2025-07-29,,0.79,,pre-market,,,,,,,,,,,,,-10.2273,,,,,,,,,,,,
2025-09-30,AZN,,,,,,,,,,,,,,,,,,,,,,,,,,,,,,,,,,,,,,0.05,,,1.14,,,,,,,,,,,,,,,,,,,,,,,,,,,,,,,,,,,,,,,,,,,,,,,,,2025-11-06,,1.19,,pre-market,,,,,,,,,,,,,4.386,,,,,,,,,,,,
2025-12-28,AZN,3.01,58127000000.0,30.86,,0.168,29.59,,,,,,,,,,,,,,,,,,,,,,,,,,3.13,0.0168,,,,0.78,0.05,,,1.14,,18.05,,48395002000.0,,,,,,,,,,,,,,,,,,,0.241,,,,,,,,,,,,,1.067,6.28,4.955,,,,,,,,0.162,,,2025-11-06,,1.19,,pre-market,,,0.0906,0.217,0.12,3.113,,,,,77.41,87.86,4.386,,,,,,,,,30.86,,94.02,60.83
2025-12-28,AZN,3.01,58127000000.0,30.86,,0.168,29.59,,,,,,,,,,,,,,,None,2862000000,2862000000,,,,,,None,1549000000,,3.13,0.0168,,,,0.78,0.05,3593000000,5142000000,1.14,2025-09-30,18.05,,48395002000.0,12329000000,3244000000,709000000,,,None,349000000,85000000,,None,,,,,2533000000,2535000000,-349000000,None,0.241,,8746000000,3583000000,,,,,None,,,,,1.067,6.28,4.955,,,,,,,,0.162,,,2025-11-06,quarterly,1.19,USD,pre-market,3663000000,,0.0906,0.217,0.12,3.113,4972000000,,,,77.41,87.86,4.386,,,,,,,15191000000,,30.86,,94.02,60.83
2025-12-28,AZN,3.01,58127000000.0,30.86,,0.168,29.59,,,,,,,,,,,,,,,None,2473000000,2473000000,,,,,,None,1389000000,,3.13,0.0168,,,,0.78,0.05,3566000000,4955000000,1.14,2025-06-30,18.05,,48395002000.0,11984000000,3127000000,679000000,,,None,439000000,68000000,,None,,,,,2450000000,2448000000,-371000000,None,0.241,,8476000000,3508000000,,,,,None,,,,,1.067,6.28,4.955,,,,,,,,0.162,,,2025-11-06,quarterly,1.19,USD,pre-market,3548000000,,0.0906,0.217,0.12,3.113,4864000000,,,,77.41,87.86,4.386,,,,,,,14457000000,,30.86,,94.02,60.83
2025-12-28,AZN,3.01,58127000000.0,30.86,,0.168,29.59,,,,,,,,,,,,,,,None,2241000000,2241000000,,,,,,None,1284000000,,3.13,0.0168,,,,0.78,0.05,3751000000,5035000000,1.14,2025-03-31,18.05,,48395002000.0,11347000000,3402000000,481000000,,,None,349000000,84000000,,None,,,,,2916000000,2921000000,-265000000,None,0.241,,7673000000,3674000000,,,,,None,,,,,1.067,6.28,4.955,,,,,,,,0.162,,,2025-11-06,quarterly,1.19,USD,pre-market,3159000000,,0.0906,0.217,0.12,3.113,4492000000,,,,77.41,87.86,4.386,,,,,,,13588000000,,30.86,,94.02,60.83
2025-12-28,AZN,3.01,58127000000.0,30.86,,0.168,29.59,,,,,,,,,,,,,,,None,2725000000,2725000000,,,,,,None,714000000,,3.13,0.0168,,,,0.78,0.05,2095000000,2809000000,1.14,2024-12-31,18.05,,48395002000.0,12166000000,1666000000,166000000,,,None,429000000,64000000,,None,,,,,1500000000,1500000000,-365000000,None,0.241,,10130000000,2036000000,,,,,None,,,,,1.067,6.28,4.955,,,,,,,,0.162,,,2025-11-06,quarterly,1.19,USD,pre-market,4677000000,,0.0906,0.217,0.12,3.113,5410000000,,,,77.41,87.86,4.386,,,,,,,14891000000,,30.86,,94.02,60.83
2025-12-28,AZN,3.01,58127000000.0,30.86,,0.168,29.59,,,,,,,,,,,,,,,None,3081000000,3081000000,,,,,,None,1817000000,,3.13,0.0168,,,,0.78,0.05,2285000000,4102000000,1.14,2024-09-30,18.05,,48395002000.0,10484000000,1828000000,395000000,,,None,457000000,183000000,,None,,,,,1429000000,1433000000,-274000000,None,0.241,,8378000000,2106000000,,,,,None,,,,,1.067,6.28,4.955,,,,,,,,0.162,,,2025-11-06,quarterly,1.19,USD,pre-market,3115000000,,0.0906,0.217,0.12,3.113,5143000000,,,,77.41,87.86,4.386,,,,,,,13565000000,,30.86,,94.02,60.83
2025-12-28,AZN,3.01,58127000000.0,30.86,,0.168,29.59,,,,,,,,,,,,,,,None,2183000000,2183000000,,,,,,None,1279000000,,3.13,0.0168,,,,0.78,0.05,2840000000,4119000000,1.14,2024-06-30,18.05,,48395002000.0,10755000000,2397000000,469000000,,,None,443000000,100000000,,None,,,,,1927000000,1928000000,-343000000,None,0.241,,8009000000,2746000000,,,,,None,,,,,1.067,6.28,4.955,,,,,,,,0.162,,,2025-11-06,quarterly,1.19,USD,pre-market,3008000000,,0.0906,0.217,0.12,3.113,4929000000,,,,77.41,87.86,4.386,,,,,,,12938000000,,30.86,,94.02,60.83
2025-12-28,AZN,3.01,58127000000.0,30.86,,0.168,29.59,,,,,,,,,,,,,,,None,2218000000,2218000000,,,,,,None,1255000000,,3.13,0.0168,,,,0.78,0.05,3213000000,4468000000,1.14,2024-03-31,18.05,,48395002000.0,10461000000,2800000000,620000000,,,None,413000000,111000000,,None,,,,,2179000000,2180000000,-302000000,None,0.241,,7346000000,3115000000,,,,,None,,,,,1.067,6.28,4.955,,,,,,,,0.162,,,2025-11-06,quarterly,1.19,USD,pre-market,2783000000,,0.0906,0.217,0.12,3.113,4495000000,,,,77.41,87.86,4.386,,,,,,,12679000000,,30.86,,94.02,60.83
2025-12-28,AZN,3.01,58127000000.0,30.86,,0.168,29.59,,,,,,,,,,,,,,,None,2308000000,2308000000,,,,,,None,1327000000,,3.13,0.0168,,,,0.78,0.05,1342000000,2669000000,1.14,2023-12-31,18.05,,48395002000.0,9716000000,897000000,-62000000,,,None,445000000,65000000,,None,,,,,960000000,959000000,-343000000,None,0.241,,8482000000,1234000000,,,,,None,,,,,1.067,6.28,4.955,,,,,,,,0.162,,,2025-11-06,quarterly,1.19,USD,pre-market,3073000000,,0.0906,0.217,0.12,3.113,5371000000,,,,77.41,87.86,4.386,,,,,,,12024000000,,30.86,,94.02,60.83
2025-12-28,AZN,3.01,58127000000.0,30.86,,0.168,29.59,,,,,,,,,,,,,,,None,2095000000,2095000000,,,,,,None,1282000000,,3.13,0.0168,,,,0.78,0.05,2044000000,3326000000,1.14,2023-09-30,18.05,,48395002000.0,9397000000,1652000000,274000000,,,None,392000000,101000000,,None,,,,,1374000000,1378000000,-291000000,None,0.241,,7443000000,1954000000,,,,,None,,,,,1.067,6.28,4.955,,,,,,,,0.162,,,2025-11-06,quarterly,1.19,USD,pre-market,2584000000,,0.0906,0.217,0.12,3.113,4800000000,,,,77.41,87.86,4.386,,,,,,,11492000000,,30.86,,94.02,60.83
2025-12-28,AZN,3.01,58127000000.0,30.86,,0.168,29.59,,,,,,,,,,,,,,,None,1960000000,1960000000,,,,,,None,1276000000,,3.13,0.0168,,,,0.78,0.05,2519000000,3795000000,1.14,2023-06-30,18.05,,48395002000.0,9456000000,2088000000,268000000,,,None,431000000,64000000,,None,,,,,1818000000,1820000000,-367000000,None,0.241,,7000000000,2456000000,,,,,None,,,,,1.067,6.28,4.955,,,,,,,,0.162,,,2025-11-06,quarterly,1.19,USD,pre-market,2667000000,,0.0906,0.217,0.12,3.113,4986000000,,,,77.41,87.86,4.386,,,,,,,11416000000,,30.86,,94.02,60.83
2025-12-28,AZN,3.01,58127000000.0,30.86,,0.168,29.59,,,,,,,,,,,,,,,None,1905000000,1905000000,,,,,,None,1502000000,,3.13,0.0168,,,,0.78,0.05,2627000000,4129000000,1.14,2023-03-31,18.05,,48395002000.0,8974000000,2262000000,458000000,,,None,365000000,78000000,,None,,,,,1803000000,1804000000,-287000000,None,0.241,,6425000000,2549000000,,,,,None,,,,,1.067,6.28,4.955,,,,,,,,0.162,,,2025-11-06,quarterly,1.19,USD,pre-market,2611000000,,0.0906,0.217,0.12,3.113,4059000000,,,,77.41,87.86,4.386,,,,,,,10879000000,,30.86,,94.02,60.83
2025-12-28,AZN,3.01,58127000000.0,30.86,,0.168,29.59,,,,,,,,,,,,,,,None,2900000000,2900000000,,,,,,None,1254000000,,3.13,0.0168,,,,0.78,0.05,1122000000,2376000000,1.14,2022-12-31,18.05,,48395002000.0,8307000000,778000000,-124000000,,,None,344000000,45000000,,None,,,,,901000000,902000000,-315000000,None,0.241,,7213000000,1094000000,,,,,None,,,,,1.067,6.28,4.955,,,,,,,,0.162,,,2025-11-06,quarterly,1.19,USD,pre-market,2788000000,,0.0906,0.217,0.12,3.113,4777000000,,,,77.41,87.86,4.386,,,,,,,11207000000,,30.86,,94.02,60.83
2025-12-28,AZN,3.01,58127000000.0,30.86,,0.168,29.59,,,,,,,,,,,,,,,None,2982000000,2982000000,,,,,,None,1334000000,,3.13,0.0168,,,,0.78,0.05,1261000000,2595000000,1.14,2022-09-30,18.05,,48395002000.0,8000000000,922000000,-720000000,,,None,339000000,15000000,,None,,,,,1640000000,1642000000,-324000000,None,0.241,,6755000000,1245000000,,,,,None,,,,,1.067,6.28,4.955,,,,,,,,0.162,,,2025-11-06,quarterly,1.19,USD,pre-market,2458000000,,0.0906,0.217,0.12,3.113,4277000000,,,,77.41,87.86,4.386,,,,,,,10982000000,,30.86,,94.02,60.83
2025-12-28,AZN,3.01,58127000000.0,30.86,,0.168,29.59,,,,,,,,,,,,,,,None,2998000000,2998000000,,,,,,None,1357000000,,3.13,0.0168,,,,0.78,0.05,558000000,1915000000,1.14,2022-06-30,18.05,,48395002000.0,7773000000,247000000,-113000000,,,None,311000000,18000000,,None,,,,,360000000,360000000,-293000000,None,0.241,,7234000000,539000000,,,,,None,,,,,1.067,6.28,4.955,,,,,,,,0.162,,,2025-11-06,quarterly,1.19,USD,pre-market,2546000000,,0.0906,0.217,0.12,3.113,4681000000,,,,77.41,87.86,4.386,,,,,,,10771000000,,30.86,,94.02,60.83
2025-12-28,AZN,3.01,58127000000.0,30.86,,0.168,29.59,,,,,,,,,,,,,,,None,3511000000,3511000000,,,,,,None,1309000000,,3.13,0.0168,,,,0.78,0.05,889000000,2198000000,1.14,2022-03-31,18.05,,48395002000.0,7879000000,553000000,165000000,,,None,336000000,17000000,,None,,,,,386000000,388000000,-319000000,None,0.241,,7001000000,878000000,,,,,None,,,,,1.067,6.28,4.955,,,,,,,,0.162,,,2025-11-06,quarterly,1.19,USD,pre-market,2133000000,,0.0906,0.217,0.12,3.113,4840000000,,,,77.41,87.86,4.386,,,,,,,11390000000,,30.86,,94.02,60.83
2025-12-28,AZN,3.01,58127000000.0,30.86,,0.168,29.59,,,,,,,,,,,,,,,None,4625000000,4625000000,,,,,,None,2192000000,,3.13,0.0168,,,,0.78,0.05,-324000000,1868000000,1.14,2021-12-31,18.05,,48395002000.0,7386000000,-636000000,-290000000,,,None,312000000,1000000,,None,,,,,-347000000,-346000000,-335000000,None,0.241,,7678000000,-292000000,,,,,None,,,,,1.067,6.28,4.955,,,,,,,,0.162,,,2025-11-06,quarterly,1.19,USD,pre-market,4145000000,,0.0906,0.217,0.12,3.113,2286000000,,,,77.41,87.86,4.386,,,,,,,12011000000,,30.86,,94.02,60.83
2025-12-28,AZN,3.01,58127000000.0,30.86,,0.168,29.59,,,,,,,,,,,,,,,None,3757000000,3757000000,,,,,,None,2788000000,,3.13,0.0168,,,,0.78,0.05,-1666000000,1122000000,1.14,2021-09-30,18.05,,48395002000.0,6109000000,-2001000000,-350000000,,,None,335000000,15000000,,None,,,,,-1652000000,-1651000000,-320000000,None,0.241,,7783000000,-1674000000,,,,,None,,,,,1.067,6.28,4.955,,,,,,,,0.162,,,2025-11-06,quarterly,1.19,USD,pre-market,3610000000,,0.0906,0.217,0.12,3.113,4090000000,,,,77.41,87.86,4.386,,,,,,,9866000000,,30.86,,94.02,60.83
2025-12-28,AZN,3.01,58127000000.0,30.86,,0.168,29.59,,,,,,,,,,,,,,,None,2191000000,2191000000,,,,,,None,753000000,,3.13,0.0168,,,,0.78,0.05,1090000000,1843000000,1.14,2021-06-30,18.05,,48395002000.0,6029000000,764000000,214000000,,,None,326000000,7000000,,None,,,,,550000000,550000000,-319000000,None,0.241,,4902000000,1127000000,,,,,None,,,,,1.067,6.28,4.955,,,,,,,,0.162,,,2025-11-06,quarterly,1.19,USD,pre-market,1829000000,,0.0906,0.217,0.12,3.113,3098000000,,,,77.41,87.86,4.386,,,,,,,8220000000,,30.86,,94.02,60.83
2025-12-28,AZN,3.01,58127000000.0,30.86,,0.168,29.59,,,,,,,,,,,,,,,None,1864000000,1864000000,,,,,,None,797000000,,3.13,0.0168,,,,0.78,0.05,1911000000,2708000000,1.14,2021-03-31,18.05,,48395002000.0,5456000000,1608000000,46000000,,,None,303000000,20000000,,None,,,,,1561000000,1562000000,-283000000,None,0.241,,3561000000,1895000000,,,,,None,,,,,1.067,6.28,4.955,,,,,,,,0.162,,,2025-11-06,quarterly,1.19,USD,pre-market,1713000000,,0.0906,0.217,0.12,3.113,2929000000,,,,77.41,87.86,4.386,,,,,,,7320000000,,30.86,,94.02,60.83
2025-12-28,AZN,3.01,58127000000.0,30.86,,0.168,29.59,,,,,,,,,,,,,,,None,1525000000,1525000000,,,,,,None,797000000,,3.13,0.0168,,,,0.78,0.05,1454000000,2251000000,1.14,2020-12-31,18.05,,48395002000.0,5885000000,1167000000,162000000,,,None,287000000,7000000,,None,,,,,1012000000,1005000000,-314000000,None,0.241,,4398000000,1487000000,,,,,None,,,,,1.067,6.28,4.955,,,,,,,,0.162,,,2025-11-06,quarterly,1.19,USD,pre-market,2048000000,,0.0906,0.217,0.12,3.113,3319000000,,,,77.41,87.86,4.386,,,,,,,7410000000,,30.86,,94.02,60.83
2025-12-28,AZN,3.01,58127000000.0,30.86,,0.168,29.59,,,,,,,,,,,,,,,None,1370000000,1370000000,,,,,,None,801000000,,3.13,0.0168,,,,0.78,0.05,1177000000,1978000000,1.14,2020-09-30,18.05,,48395002000.0,5208000000,853000000,202000000,,,None,324000000,7000000,,None,,,,,648000000,651000000,-317000000,None,0.241,,4037000000,1171000000,,,,,None,,,,,1.067,6.28,4.955,,,,,,,,0.162,,,2025-11-06,quarterly,1.19,USD,pre-market,1495000000,,0.0906,0.217,0.12,3.113,2730000000,,,,77.41,87.86,4.386,,,,,,,6578000000,,30.86,,94.02,60.83
2025-12-28,AZN,3.01,58127000000.0,30.86,,0.168,29.59,,,,,,,,,,,,,,,None,984000000,984000000,,,,,,None,710000000,,3.13,0.0168,,,,0.78,0.05,1290000000,2000000000,1.14,2020-06-30,18.05,,48395002000.0,5291000000,961000000,223000000,,,None,329000000,323000000,,None,,,,,756000000,738000000,-307000000,None,0.241,,4007000000,1284000000,,,,,None,,,,,1.067,6.28,4.955,,,,,,,,0.162,,,2025-11-06,quarterly,1.19,USD,pre-market,1389000000,,0.0906,0.217,0.12,3.113,2635000000,,,,77.41,87.86,4.386,,,,,,,6275000000,,30.86,,94.02,60.83
2025-12-28,AZN,3.01,58127000000.0,30.86,,0.168,29.59,,,,,,,,,,,,,,,None,1420000000,1420000000,,,,,,None,841000000,,3.13,0.0168,,,,0.78,0.05,1267000000,2108000000,1.14,2020-03-31,18.05,,48395002000.0,4934000000,935000000,185000000,,,None,332000000,285000000,,None,,,,,780000000,750000000,-281000000,None,0.241,,3714000000,1220000000,,,,,None,,,,,1.067,6.28,4.955,,,,,,,,0.162,,,2025-11-06,quarterly,1.19,USD,pre-market,1388000000,,0.0906,0.217,0.12,3.113,2719000000,,,,77.41,87.86,4.386,,,,,,,6354000000,,30.86,,94.02,60.83
2025-12-28,AZN,3.01,58127000000.0,30.86,,0.168,29.59,,,,,,,,,,,,,,,None,1378000000,1378000000,,,,,,None,1643000000,,3.13,0.0168,,,,0.78,0.05,561000000,2204000000,1.14,2019-12-31,18.05,,48395002000.0,5286000000,240000000,-37000000,,,None,321000000,337000000,,None,,,,,313000000,277000000,-289000000,None,0.241,,4709000000,577000000,,,,,None,,,,,1.067,6.28,4.955,,,,,,,,0.162,,,2025-11-06,quarterly,1.19,USD,pre-market,2173000000,,0.0906,0.217,0.12,3.113,11682000000,,,,77.41,87.86,4.386,,,,,,,6664000000,,30.86,,94.02,60.83
2025-12-28,AZN,3.01,58127000000.0,30.86,,0.168,29.59,,,,,,,,,,,,,,,None,1351000000,1351000000,,,,,,None,716000000,,3.13,0.0168,,,,0.78,0.05,762000000,1478000000,1.14,2019-09-30,18.05,,48395002000.0,5055000000,409000000,129000000,,,None,353000000,348000000,,None,,,,,299000000,280000000,-316000000,None,0.241,,4298000000,757000000,,,,,None,,,,,1.067,6.28,4.955,,,,,,,,0.162,,,2025-11-06,quarterly,1.19,USD,pre-market,1346000000,,0.0906,0.217,0.12,3.113,2294000000,,,,77.41,87.86,4.386,,,,,,,6406000000,,30.86,,94.02,60.83
2025-12-28,AZN,3.01,58127000000.0,30.86,,0.168,29.59,,,,,,,,,,,,,,,None,1063000000,1063000000,,,,,,None,727000000,,3.13,0.0168,,,,0.78,0.05,502000000,1229000000,1.14,2019-06-30,18.05,,48395002000.0,4760000000,141000000,34000000,,,None,361000000,352000000,,None,,,,,130000000,107000000,-320000000,None,0.241,,4267000000,493000000,,,,,None,,,,,1.067,6.28,4.955,,,,,,,,0.162,,,2025-11-06,quarterly,1.19,USD,pre-market,1356000000,,0.0906,0.217,0.12,3.113,2943000000,,,,77.41,87.86,4.386,,,,,,,5823000000,,30.86,,94.02,60.83
2025-12-28,AZN,3.01,58127000000.0,30.86,,0.168,29.59,,,,,,,,,,,,,,,None,1129000000,1129000000,,,,,,None,676000000,,3.13,0.0168,,,,0.78,0.05,1125000000,1801000000,1.14,2019-03-31,18.05,,48395002000.0,4362000000,758000000,195000000,,,None,367000000,339000000,,None,,,,,593000000,563000000,-312000000,None,0.241,,3265000000,1097000000,,,,,None,,,,,1.067,6.28,4.955,,,,,,,,0.162,,,2025-11-06,quarterly,1.19,USD,pre-market,1266000000,,0.0906,0.217,0.12,3.113,2514000000,,,,77.41,87.86,4.386,,,,,,,5491000000,,30.86,,94.02,60.83
2025-12-28,AZN,3.01,58127000000.0,30.86,,0.168,29.59,,,,,,,,,,,,,,,None,1637000000,1637000000,,,,,,None,1662000000,,3.13,0.0168,,,,0.78,0.05,1014000000,2676000000,1.14,2018-12-31,18.05,,48395002000.0,4780000000,730000000,-279000000,,,None,284000000,None,,None,,,,,1034000000,1009000000,None,None,0.241,,3703000000,1077000000,,,,,None,,,,,1.067,6.28,4.955,,,,,,,,0.162,,,2025-11-06,quarterly,1.19,USD,pre-market,2012000000,,0.0906,0.217,0.12,3.113,2600000000,,,,77.41,87.86,4.386,,,,,,,6417000000,,30.86,,94.02,60.83
2025-12-28,AZN,3.01,58127000000.0,30.86,,0.168,29.59,,,,,,,,,,,,,,,None,1153000000,1153000000,,,,,,None,698000000,,3.13,0.0168,,,,0.78,0.05,841000000,1539000000,1.14,2018-09-30,18.05,,48395002000.0,4187000000,477000000,71000000,,,None,364000000,None,,None,,,,,431000000,406000000,None,None,0.241,,3336000000,851000000,,,,,None,,,,,1.067,6.28,4.955,,,,,,,,0.162,,,2025-11-06,quarterly,1.19,USD,pre-market,1242000000,,0.0906,0.217,0.12,3.113,2470000000,,,,77.41,87.86,4.386,,,,,,,5340000000,,30.86,,94.02,60.83
2025-12-28,AZN,3.01,58127000000.0,30.86,,0.168,29.59,,,,,,,,,,,,,,,None,1012000000,1012000000,,,,,,None,684000000,,3.13,0.0168,,,,0.78,0.05,787000000,1471000000,1.14,2018-06-30,18.05,,48395002000.0,4143000000,412000000,93000000,,,None,375000000,None,,None,,,,,350000000,319000000,None,None,0.241,,3380000000,763000000,,,,,None,,,,,1.067,6.28,4.955,,,,,,,,0.162,,,2025-11-06,quarterly,1.19,USD,pre-market,1362000000,,0.0906,0.217,0.12,3.113,2551000000,,,,77.41,87.86,4.386,,,,,,,5155000000,,30.86,,94.02,60.83
2025-12-28,AZN,3.01,58127000000.0,30.86,,0.168,29.59,,,,,,,,,,,,,,,None,1134000000,1134000000,,,,,,None,709000000,,3.13,0.0168,,,,0.78,0.05,717000000,1426000000,1.14,2018-03-31,18.05,,48395002000.0,4044000000,374000000,58000000,,,None,343000000,None,,None,,,,,340000000,316000000,None,None,0.241,,3348000000,696000000,,,,,None,,,,,1.067,6.28,4.955,,,,,,,,0.162,,,2025-11-06,quarterly,1.19,USD,pre-market,1279000000,,0.0906,0.217,0.12,3.113,2457000000,,,,77.41,87.86,4.386,,,,,,,5178000000,,30.86,,94.02,60.83
2025-12-28,AZN,3.01,58127000000.0,30.86,,0.168,29.59,,,,,,,,,,,,,,,None,1225000000,1225000000,,,,,,None,1107000000,,3.13,0.0168,,,,0.78,0.05,568000000,1675000000,1.14,2017-12-31,18.05,,48395002000.0,4552000000,407000000,-854000000,,,None,161000000,None,,None,,,,,1301000000,2599000000,None,None,0.241,,3866000000,686000000,,,,,None,,,,,1.067,6.28,4.955,,,,,,,,0.162,,,2025-11-06,quarterly,1.19,USD,pre-market,1551000000,,0.0906,0.217,0.12,3.113,7155000000,,,,77.41,87.86,4.386,,,,,,,5777000000,,30.86,,94.02,60.83
2025-12-28,AZN,3.01,58127000000.0,30.86,,0.168,29.59,,,,,,,,,,,,,,,None,1249000000,1249000000,,,,,,None,655000000,,3.13,0.0168,,,,0.78,0.05,1164000000,1819000000,1.14,2017-09-30,18.05,,48395002000.0,4983000000,746000000,97000000,,,None,418000000,None,,None,,,,,686000000,847000000,None,None,0.241,,3834000000,1149000000,,,,,None,,,,,1.067,6.28,4.955,,,,,,,,0.162,,,2025-11-06,quarterly,1.19,USD,pre-market,1404000000,,0.0906,0.217,0.12,3.113,2497000000,,,,77.41,87.86,4.386,,,,,,,6232000000,,30.86,,94.02,60.83
2025-12-28,AZN,3.01,58127000000.0,30.86,,0.168,29.59,,,,,,,,,,,,,,,None,950000000,950000000,,,,,,None,616000000,,3.13,0.0168,,,,0.78,0.05,940000000,1556000000,1.14,2017-06-30,18.05,,48395002000.0,4101000000,492000000,46000000,,,None,448000000,None,,None,,,,,477000000,-1090000000,None,None,0.241,,3176000000,925000000,,,,,None,,,,,1.067,6.28,4.955,,,,,,,,0.162,,,2025-11-06,quarterly,1.19,USD,pre-market,1349000000,,0.0906,0.217,0.12,3.113,2358000000,,,,77.41,87.86,4.386,,,,,,,5051000000,,30.86,,94.02,60.83
2025-12-28,AZN,3.01,58127000000.0,30.86,,0.168,29.59,,,,,,,,,,,,,,,None,894000000,894000000,,,,,,None,658000000,,3.13,0.0168,,,,0.78,0.05,922000000,1580000000,1.14,2017-03-31,18.05,,48395002000.0,4511000000,582000000,70000000,,,None,340000000,None,,None,,,,,537000000,512000000,None,None,0.241,,3594000000,917000000,,,,,None,,,,,1.067,6.28,4.955,,,,,,,,0.162,,,2025-11-06,quarterly,1.19,USD,pre-market,1453000000,,0.0906,0.217,0.12,3.113,2300000000,,,,77.41,87.86,4.386,,,,,,,5405000000,,30.86,,94.02,60.83
2025-12-28,AZN,3.01,58127000000.0,30.86,,0.168,29.59,,,,,,,,,,,,,,,None,1160000000,1160000000,,,,,,None,590000000,,3.13,0.0168,,,,0.78,0.05,2528000000,3118000000,1.14,2016-12-31,18.05,,48395002000.0,4425000000,2183000000,366000000,,,None,345000000,None,,None,,,,,1842000000,3406000000,None,None,0.241,,1892000000,2533000000,,,,,None,,,,,1.067,6.28,4.955,,,,,,,,0.162,,,2025-11-06,quarterly,1.19,USD,pre-market,1543000000,,0.0906,0.217,0.12,3.113,1386000000,,,,77.41,87.86,4.386,,,,,,,5585000000,,30.86,,94.02,60.83
2025-12-28,AZN,3.01,58127000000.0,30.86,,0.168,29.59,,,,,,,,,,,,,,,None,900000000,900000000,,,,,,None,611000000,,3.13,0.0168,,,,0.78,0.05,1031000000,1642000000,1.14,2016-09-30,18.05,,48395002000.0,4799000000,676000000,-319000000,,,None,355000000,None,,None,,,,,1014000000,0,None,None,0.241,,3771000000,1028000000,,,,,None,,,,,1.067,6.28,4.955,,,,,,,,0.162,,,2025-11-06,quarterly,1.19,USD,pre-market,1402000000,,0.0906,0.217,0.12,3.113,2403000000,,,,77.41,87.86,4.386,,,,,,,5699000000,,30.86,,94.02,60.83
2025-12-28,AZN,3.01,58127000000.0,30.86,,0.168,29.59,,,,,,,,,,,,,,,None,1062000000,1062000000,,,,,,None,587000000,,3.13,0.0168,,,,0.78,0.05,312000000,899000000,1.14,2016-06-30,18.05,,48395002000.0,4541000000,-30000000,1000000,,,None,342000000,None,,None,,,,,-3000000,0,None,None,0.241,,4238000000,303000000,,,,,None,,,,,1.067,6.28,4.955,,,,,,,,0.162,,,2025-11-06,quarterly,1.19,USD,pre-market,1465000000,,0.0906,0.217,0.12,3.113,3052000000,,,,77.41,87.86,4.386,,,,,,,5603000000,,30.86,,94.02,60.83
2025-12-28,AZN,3.01,58127000000.0,30.86,,0.168,29.59,,,,,,,,,,,,,,,None,1004000000,1004000000,,,,,,None,569000000,,3.13,0.0168,,,,0.78,0.05,1048000000,1617000000,1.14,2016-03-31,18.05,,48395002000.0,5111000000,723000000,98000000,,,None,325000000,None,,None,,,,,646000000,0,None,None,0.241,,4073000000,1038000000,,,,,None,,,,,1.067,6.28,4.955,,,,,,,,0.162,,,2025-11-06,quarterly,1.19,USD,pre-market,1480000000,,0.0906,0.217,0.12,3.113,2572000000,,,,77.41,87.86,4.386,,,,,,,6115000000,,30.86,,94.02,60.83
2025-12-28,AZN,3.01,58127000000.0,30.86,,0.168,29.59,,,,,,,,,,,,,,,None,1269000000,1269000000,,,,,,None,716000000,,3.13,0.0168,,,,0.78,0.05,1058000000,1774000000,1.14,2015-12-31,18.05,,48395002000.0,5130000000,802000000,-6000000,,,None,256000000,None,,None,,,,,808000000,2826000000,None,None,0.241,,4042000000,1088000000,,,,,None,,,,,1.067,6.28,4.955,,,,,,,,0.162,,,2025-11-06,quarterly,1.19,USD,pre-market,1746000000,,0.0906,0.217,0.12,3.113,2668000000,,,,77.41,87.86,4.386,,,,,,,6399000000,,30.86,,94.02,60.83
2025-12-28,AZN,3.01,58127000000.0,30.86,,0.168,29.59,,,,,,,,,,,,,,,None,1041000000,1041000000,,,,,,None,571000000,,3.13,0.0168,,,,0.78,0.05,1177000000,1748000000,1.14,2015-09-30,18.05,,48395002000.0,4904000000,931000000,161000000,,,None,246000000,None,,None,,,,,770000000,0,None,None,0.241,,3734000000,1170000000,,,,,None,,,,,1.067,6.28,4.955,,,,,,,,0.162,,,2025-11-06,quarterly,1.19,USD,pre-market,1429000000,,0.0906,0.217,0.12,3.113,2679000000,,,,77.41,87.86,4.386,,,,,,,5945000000,,30.86,,94.02,60.83
2025-12-28,AZN,3.01,58127000000.0,30.86,,0.168,29.59,,,,,,,,,,,,,,,None,1067000000,1067000000,,,,,,None,716000000,,3.13,0.0168,,,,0.78,0.05,934000000,1650000000,1.14,2015-06-30,18.05,,48395002000.0,5240000000,658000000,-38000000,,,None,276000000,None,,None,,,,,697000000,0,None,None,0.241,,4317000000,923000000,,,,,None,,,,,1.067,6.28,4.955,,,,,,,,0.162,,,2025-11-06,quarterly,1.19,USD,pre-market,1466000000,,0.0906,0.217,0.12,3.113,2966000000,,,,77.41,87.86,4.386,,,,,,,6307000000,,30.86,,94.02,60.83
2025-12-28,AZN,3.01,58127000000.0,30.86,,0.168,29.59,,,,,,,,,,,,,,,None,1269000000,1269000000,,,,,,None,849000000,,3.13,0.0168,,,,0.78,0.05,939000000,1788000000,1.14,2015-03-31,18.05,,48395002000.0,4788000000,678000000,126000000,,,None,261000000,None,,None,,,,,550000000,0,None,None,0.241,,3855000000,933000000,,,,,None,,,,,1.067,6.28,4.955,,,,,,,,0.162,,,2025-11-06,quarterly,1.19,USD,pre-market,1356000000,,0.0906,0.217,0.12,3.113,2799000000,,,,77.41,87.86,4.386,,,,,,,6057000000,,30.86,,94.02,60.83
2025-12-28,AZN,3.01,58127000000.0,30.86,,0.168,29.59,,,,,,,,,,,,,,,None,1667000000,1667000000,,,,,,None,1021000000,,3.13,0.0168,,,,0.78,0.05,-320000000,701000000,1.14,2014-12-31,18.05,,48395002000.0,5016000000,-580000000,-259000000,,,None,260000000,None,,None,,,,,-321000000,1235000000,None,None,0.241,,5365000000,-349000000,,,,,None,,,,,1.067,6.28,4.955,,,,,,,,0.162,,,2025-11-06,quarterly,1.19,USD,pre-market,1499000000,,0.0906,0.217,0.12,3.113,4084000000,,,,77.41,87.86,4.386,,,,,,,6683000000,,30.86,,94.02,60.83
2025-12-28,AZN,3.01,58127000000.0,30.86,,0.168,29.59,,,,,,,,,,,,,,,None,1415000000,1415000000,,,,,,None,851000000,,3.13,0.0168,,,,0.78,0.05,558000000,1409000000,1.14,2014-09-30,18.05,,48395002000.0,5194000000,322000000,69000000,,,None,236000000,None,,None,,,,,254000000,0,None,None,0.241,,4653000000,541000000,,,,,None,,,,,1.067,6.28,4.955,,,,,,,,0.162,,,2025-11-06,quarterly,1.19,USD,pre-market,1552000000,,0.0906,0.217,0.12,3.113,3132000000,,,,77.41,87.86,4.386,,,,,,,6609000000,,30.86,,94.02,60.83
2025-12-28,AZN,3.01,58127000000.0,30.86,,0.168,29.59,,,,,,,,,,,,,,,None,1307000000,1307000000,,,,,,None,698000000,,3.13,0.0168,,,,0.78,0.05,1119000000,1817000000,1.14,2014-06-30,18.05,,48395002000.0,5455000000,866000000,69000000,,,None,253000000,None,,None,,,,,796000000,0,None,None,0.241,,4346000000,1109000000,,,,,None,,,,,1.067,6.28,4.955,,,,,,,,0.162,,,2025-11-06,quarterly,1.19,USD,pre-market,1328000000,,0.0906,0.217,0.12,3.113,3058000000,,,,77.41,87.86,4.386,,,,,,,6762000000,,30.86,,94.02,60.83
2025-12-28,AZN,3.01,58127000000.0,30.86,,0.168,29.59,,,,,,,,,,,,,,,None,1453000000,1453000000,,,,,,None,712000000,,3.13,0.0168,,,,0.78,0.05,851000000,1563000000,1.14,2014-03-31,18.05,,48395002000.0,5007000000,638000000,132000000,,,None,213000000,None,,None,,,,,504000000,0,None,None,0.241,,4171000000,836000000,,,,,None,,,,,1.067,6.28,4.955,,,,,,,,0.162,,,2025-11-06,quarterly,1.19,USD,pre-market,1200000000,,0.0906,0.217,0.12,3.113,2726000000,,,,77.41,87.86,4.386,,,,,,,6460000000,,30.86,,94.02,60.83
2025-12-28,AZN,3.01,58127000000.0,30.86,,0.168,29.59,,,,,,,,,,,,,,,None,1440000000,1440000000,,,,,,None,2605000000,,3.13,0.0168,,,,0.78,0.05,-581000000,2024000000,1.14,2013-12-31,18.05,,48395002000.0,5404000000,-715000000,-195000000,,,None,134000000,None,,None,,,,,-524000000,2571000000,None,None,0.241,,5995000000,-591000000,,,,,None,,,,,1.067,6.28,4.955,,,,,,,,0.162,,,2025-11-06,quarterly,1.19,USD,pre-market,1429000000,,0.0906,0.217,0.12,3.113,4642000000,,,,77.41,87.86,4.386,,,,,,,6844000000,,30.86,,94.02,60.83
2025-12-28,AZN,3.01,58127000000.0,30.86,,0.168,29.59,,,,,,,,,,,,,,,None,1238000000,1238000000,,,,,,None,388000000,,3.13,0.0168,,,,0.78,0.05,1720000000,2108000000,1.14,2013-09-30,18.05,,48395002000.0,5012000000,1592000000,344000000,,,None,128000000,None,,None,,,,,1246000000,0,None,None,0.241,,3306000000,1706000000,,,,,None,,,,,1.067,6.28,4.955,,,,,,,,0.162,,,2025-11-06,quarterly,1.19,USD,pre-market,858000000,,0.0906,0.217,0.12,3.113,2503000000,,,,77.41,87.86,4.386,,,,,,,6250000000,,30.86,,94.02,60.83
2025-12-28,AZN,3.01,58127000000.0,30.86,,0.168,29.59,,,,,,,,,,,,,,,None,1317000000,1317000000,,,,,,None,939000000,,3.13,0.0168,,,,0.78,0.05,1207000000,2146000000,1.14,2013-06-30,18.05,,48395002000.0,4915000000,1086000000,255000000,,,None,121000000,None,,None,,,,,823000000,0,None,None,0.241,,3715000000,1200000000,,,,,None,,,,,1.067,6.28,4.955,,,,,,,,0.162,,,2025-11-06,quarterly,1.19,USD,pre-market,1275000000,,0.0906,0.217,0.12,3.113,2543000000,,,,77.41,87.86,4.386,,,,,,,6232000000,,30.86,,94.02,60.83
2025-12-28,AZN,3.01,58127000000.0,30.86,,0.168,29.59,,,,,,,,,,,,,,,None,1266000000,1266000000,,,,,,None,651000000,,3.13,0.0168,,,,0.78,0.05,1419000000,2070000000,1.14,2013-03-31,18.05,,48395002000.0,5119000000,1304000000,292000000,,,None,115000000,None,,None,,,,,1011000000,0,None,None,0.241,,3722000000,1397000000,,,,,None,,,,,1.067,6.28,4.955,,,,,,,,0.162,,,2025-11-06,quarterly,1.19,USD,pre-market,1259000000,,0.0906,0.217,0.12,3.113,2518000000,,,,77.41,87.86,4.386,,,,,,,6385000000,,30.86,,94.02,60.83
2025-12-28,AZN,3.01,58127000000.0,30.86,,0.168,29.59,,,,,,,,,,,,,,,None,1398000000,1398000000,,,,,,None,764000000,,3.13,0.0168,,,,0.78,0.05,2077000000,2841000000,1.14,2012-12-31,18.05,,48395002000.0,5884000000,1854000000,320000000,,,None,223000000,None,,None,,,,,1521000000,0,None,None,0.241,,3920000000,1964000000,,,,,None,,,,,1.067,6.28,4.955,,,,,,,,0.162,,,2025-11-06,quarterly,1.19,USD,pre-market,1320000000,,0.0906,0.217,0.12,3.113,2669000000,,,,77.41,87.86,4.386,,,,,,,7282000000,,30.86,,94.02,60.83
2025-12-28,AZN,3.01,58127000000.0,30.86,,0.168,29.59,,,,,,,,,,,,,,,None,1274000000,1274000000,,,,,,None,745000000,,3.13,0.0168,,,,0.78,0.05,2165000000,2910000000,1.14,2012-09-30,18.05,,48395002000.0,5408000000,2030000000,511000000,,,None,135000000,None,,None,,,,,1511000000,0,None,None,0.241,,3252000000,2156000000,,,,,None,,,,,1.067,6.28,4.955,,,,,,,,0.162,,,2025-11-06,quarterly,1.19,USD,pre-market,1204000000,,0.0906,0.217,0.12,3.113,2359000000,,,,77.41,87.86,4.386,,,,,,,6682000000,,30.86,,94.02,60.83
2025-12-28,AZN,3.01,58127000000.0,30.86,,0.168,29.59,,,,,,,,,,,,,,,None,1346000000,1346000000,,,,,,None,510000000,,3.13,0.0168,,,,0.78,0.05,1879000000,2389000000,1.14,2012-06-30,18.05,,48395002000.0,5314000000,1745000000,141000000,,,None,134000000,None,,None,,,,,1597000000,0,None,None,0.241,,3446000000,1868000000,,,,,None,,,,,1.067,6.28,4.955,,,,,,,,0.162,,,2025-11-06,quarterly,1.19,USD,pre-market,1189000000,,0.0906,0.217,0.12,3.113,2350000000,,,,77.41,87.86,4.386,,,,,,,6660000000,,30.86,,94.02,60.83
2025-12-28,AZN,3.01,58127000000.0,30.86,,0.168,29.59,,,,,,,,,,,,,,,None,1375000000,1375000000,,,,,,None,499000000,,3.13,0.0168,,,,0.78,0.05,2167000000,2666000000,1.14,2012-03-31,18.05,,48395002000.0,5974000000,2035000000,408000000,,,None,132000000,None,,None,,,,,1625000000,0,None,None,0.241,,3814000000,2160000000,,,,,None,,,,,1.067,6.28,4.955,,,,,,,,0.162,,,2025-11-06,quarterly,1.19,USD,pre-market,1530000000,,0.0906,0.217,0.12,3.113,2461000000,,,,77.41,87.86,4.386,,,,,,,7349000000,,30.86,,94.02,60.83
2025-12-28,AZN,3.01,58127000000.0,30.86,,0.168,29.59,,,,,,,,,,,,,,,None,1612000000,1612000000,,,,,,None,970000000,,3.13,0.0168,,,,0.78,0.05,2293000000,3263000000,1.14,2011-12-31,18.05,,48395002000.0,7044000000,2052000000,559000000,,,None,241000000,None,,None,,,,,1486000000,0,None,None,0.241,,4877000000,2167000000,,,,,None,,,,,1.067,6.28,4.955,,,,,,,,0.162,,,2025-11-06,quarterly,1.19,USD,pre-market,1867000000,,0.0906,0.217,0.12,3.113,3141000000,,,,77.41,87.86,4.386,,,,,,,8656000000,,30.86,,94.02,60.83
2025-12-28,AZN,3.01,58127000000.0,30.86,,0.168,29.59,,,,,,,,,,,,,,,None,1593000000,1593000000,,,,,,None,543000000,,3.13,0.0168,,,,0.78,0.05,4415000000,4958000000,1.14,2011-09-30,18.05,,48395002000.0,6620000000,4169000000,684000000,,,None,246000000,None,,None,,,,,3477000000,0,None,None,0.241,,2358000000,4262000000,,,,,None,,,,,1.067,6.28,4.955,,,,,,,,0.162,,,2025-11-06,quarterly,1.19,USD,pre-market,1296000000,,0.0906,0.217,0.12,3.113,2644000000,,,,77.41,87.86,4.386,,,,,,,8213000000,,30.86,,94.02,60.83
2025-12-28,AZN,3.01,58127000000.0,30.86,,0.168,29.59,,,,,,,,,,,,,,,None,1482000000,1482000000,,,,,,None,511000000,,3.13,0.0168,,,,0.78,0.05,3101000000,3612000000,1.14,2011-06-30,18.05,,48395002000.0,6948000000,2858000000,735000000,,,None,243000000,None,,None,,,,,2113000000,0,None,None,0.241,,3983000000,2965000000,,,,,None,,,,,1.067,6.28,4.955,,,,,,,,0.162,,,2025-11-06,quarterly,1.19,USD,pre-market,1198000000,,0.0906,0.217,0.12,3.113,2868000000,,,,77.41,87.86,4.386,,,,,,,8430000000,,30.86,,94.02,60.83
2025-12-28,AZN,3.01,58127000000.0,30.86,,0.168,29.59,,,,,,,,,,,,,,,None,1339000000,1339000000,,,,,,None,526000000,,3.13,0.0168,,,,0.78,0.05,3538000000,4064000000,1.14,2011-03-31,18.05,,48395002000.0,6953000000,3288000000,373000000,,,None,250000000,None,,None,,,,,2907000000,0,None,None,0.241,,3552000000,3401000000,,,,,None,,,,,1.067,6.28,4.955,,,,,,,,0.162,,,2025-11-06,quarterly,1.19,USD,pre-market,1162000000,,0.0906,0.217,0.12,3.113,2508000000,,,,77.41,87.86,4.386,,,,,,,8292000000,,30.86,,94.02,60.83
2025-12-28,AZN,3.01,58127000000.0,30.86,,0.168,29.59,,,,,,,,,,,,,,,None,1759000000,1759000000,,,,,,None,1307000000,,3.13,0.0168,,,,0.78,0.05,2540000000,3847000000,1.14,2010-12-31,18.05,,48395002000.0,6858000000,2283000000,651000000,,,None,257000000,None,,None,,,,,1621000000,0,None,None,0.241,,4447000000,2411000000,,,,,None,,,,,1.067,6.28,4.955,,,,,,,,0.162,,,2025-11-06,quarterly,1.19,USD,pre-market,1930000000,,0.0906,0.217,0.12,3.113,2522000000,,,,77.41,87.86,4.386,,,,,,,8617000000,,30.86,,94.02,60.83
2025-12-28,AZN,3.01,58127000000.0,30.86,,0.168,29.59,,,,,,,,,,,,,,,None,1524000000,1524000000,,,,,,None,602000000,,3.13,0.0168,,,,0.78,0.05,2529000000,3131000000,1.14,2010-09-30,18.05,,48395002000.0,6374000000,2258000000,704000000,,,None,271000000,None,,None,,,,,1548000000,0,None,None,0.241,,3968000000,2406000000,,,,,None,,,,,1.067,6.28,4.955,,,,,,,,0.162,,,2025-11-06,quarterly,1.19,USD,pre-market,1077000000,,0.0906,0.217,0.12,3.113,3011000000,,,,77.41,87.86,4.386,,,,,,,7898000000,,30.86,,94.02,60.83
2025-12-28,AZN,3.01,58127000000.0,30.86,,0.168,29.59,,,,,,,,,,,,,,,None,1452000000,1452000000,,,,,,None,431000000,,3.13,0.0168,,,,0.78,0.05,3160000000,3591000000,1.14,2010-06-30,18.05,,48395002000.0,6726000000,2917000000,801000000,,,None,243000000,None,,None,,,,,2107000000,0,None,None,0.241,,3692000000,3034000000,,,,,None,,,,,1.067,6.28,4.955,,,,,,,,0.162,,,2025-11-06,quarterly,1.19,USD,pre-market,1320000000,,0.0906,0.217,0.12,3.113,2450000000,,,,77.41,87.86,4.386,,,,,,,8178000000,,30.86,,94.02,60.83
2025-12-28,AZN,3.01,58127000000.0,30.86,,0.168,29.59,,,,,,,,,,,,,,,None,1654000000,1654000000,,,,,,None,401000000,,3.13,0.0168,,,,0.78,0.05,3776000000,4177000000,1.14,2010-03-31,18.05,,48395002000.0,6922000000,3519000000,740000000,,,None,257000000,None,,None,,,,,2777000000,0,None,None,0.241,,3279000000,3643000000,,,,,None,,,,,1.067,6.28,4.955,,,,,,,,0.162,,,2025-11-06,quarterly,1.19,USD,pre-market,991000000,,0.0906,0.217,0.12,3.113,2462000000,,,,77.41,87.86,4.386,,,,,,,8576000000,,30.86,,94.02,60.83
2025-12-28,AZN,3.01,58127000000.0,30.86,,0.168,29.59,,,,,,,,,,,,,,,None,1665000000,1665000000,,,,,,None,775000000,,3.13,0.0168,,,,0.78,0.05,2455000000,3230000000,1.14,2009-12-31,18.05,,48395002000.0,7280000000,2164000000,602000000,,,None,291000000,None,,None,,,,,1553000000,0,None,None,0.241,,4955000000,2325000000,,,,,None,,,,,1.067,6.28,4.955,,,,,,,,0.162,,,2025-11-06,quarterly,1.19,USD,pre-market,1314000000,,0.0906,0.217,0.12,3.113,3465000000,,,,77.41,87.86,4.386,,,,,,,8945000000,,30.86,,94.02,60.83
2025-12-28,AZN,3.01,58127000000.0,30.86,,0.168,29.59,,,,,,,,,,,,,,,None,1263000000,1263000000,,,,,,None,463000000,,3.13,0.0168,,,,0.78,0.05,3329000000,3792000000,1.14,2009-09-30,18.05,,48395002000.0,6937000000,3032000000,911000000,,,None,297000000,None,,None,,,,,2115000000,0,None,None,0.241,,3733000000,3204000000,,,,,None,,,,,1.067,6.28,4.955,,,,,,,,0.162,,,2025-11-06,quarterly,1.19,USD,pre-market,1056000000,,0.0906,0.217,0.12,3.113,2663000000,,,,77.41,87.86,4.386,,,,,,,8200000000,,30.86,,94.02,60.83
2025-12-28,AZN,3.01,58127000000.0,30.86,,0.168,29.59,,,,,,,,,,,,,,,None,1464000000,1464000000,,,,,,None,464000000,,3.13,0.0168,,,,0.78,0.05,2945000000,3409000000,1.14,2009-06-30,18.05,,48395002000.0,6494000000,2608000000,891000000,,,None,337000000,None,,None,,,,,1707000000,0,None,None,0.241,,3643000000,2851000000,,,,,None,,,,,1.067,6.28,4.955,,,,,,,,0.162,,,2025-11-06,quarterly,1.19,USD,pre-market,1059000000,,0.0906,0.217,0.12,3.113,2828000000,,,,77.41,87.86,4.386,,,,,,,7958000000,,30.86,,94.02,60.83
2025-12-28,AZN,3.01,58127000000.0,30.86,,0.168,29.59,,,,,,,,,,,,,,,None,1383000000,1383000000,,,,,,None,385000000,,3.13,0.0168,,,,0.78,0.05,3276000000,3661000000,1.14,2009-03-31,18.05,,48395002000.0,6318000000,3003000000,859000000,,,None,273000000,None,,None,,,,,2146000000,0,None,None,0.241,,3155000000,3163000000,,,,,None,,,,,1.067,6.28,4.955,,,,,,,,0.162,,,2025-11-06,quarterly,1.19,USD,pre-market,980000000,,0.0906,0.217,0.12,3.113,2376000000,,,,77.41,87.86,4.386,,,,,,,7701000000,,30.86,,94.02,60.83
2025-12-28,AZN,3.01,58127000000.0,30.86,,0.168,29.59,,,,,,,,,,,,,,,None,2112000000,2112000000,,,,,,None,927000000,,3.13,0.0168,,,,0.78,0.05,1255000000,2182000000,1.14,2008-12-31,18.05,,48395002000.0,6081000000,1816000000,557000000,,,None,87000000,None,,None,,,,,1248000000,0,None,None,0.241,,4189000000,1892000000,,,,,None,,,,,1.067,6.28,4.955,,,,,,,,0.162,,,2025-11-06,quarterly,1.19,USD,pre-market,1471000000,,0.0906,0.217,0.12,3.113,3983000000,,,,77.41,87.86,4.386,,,,,,,8193000000,,30.86,,94.02,60.83
2025-12-28,AZN,3.01,58127000000.0,30.86,,0.168,29.59,,,,,,,,,,,,,,,None,1585000000,1585000000,,,,,,None,530000000,,3.13,0.0168,,,,0.78,0.05,2757000000,3287000000,1.14,2008-09-30,18.05,,48395002000.0,6190000000,2443000000,705000000,,,None,314000000,None,,None,,,,,1730000000,0,None,None,0.241,,3668000000,2522000000,,,,,None,,,,,1.067,6.28,4.955,,,,,,,,0.162,,,2025-11-06,quarterly,1.19,USD,pre-market,1261000000,,0.0906,0.217,0.12,3.113,5324000000,,,,77.41,87.86,4.386,,,,,,,7775000000,,30.86,,94.02,60.83
2025-12-28,AZN,3.01,58127000000.0,30.86,,0.168,29.59,,,,,,,,,,,,,,,None,1431000000,1431000000,,,,,,None,461000000,,3.13,0.0168,,,,0.78,0.05,2617000000,3078000000,1.14,2008-06-30,18.05,,48395002000.0,6525000000,2279000000,651000000,,,None,338000000,None,,None,,,,,1620000000,0,None,None,0.241,,4052000000,2473000000,,,,,None,,,,,1.067,6.28,4.955,,,,,,,,0.162,,,2025-11-06,quarterly,1.19,USD,pre-market,1265000000,,0.0906,0.217,0.12,3.113,2684000000,,,,77.41,87.86,4.386,,,,,,,7956000000,,30.86,,94.02,60.83
2025-12-28,AZN,3.01,58127000000.0,30.86,,0.168,29.59,,,,,,,,,,,,,,,None,1470000000,1470000000,,,,,,None,702000000,,3.13,0.0168,,,,0.78,0.05,2515000000,3217000000,1.14,2008-03-31,18.05,,48395002000.0,6207000000,2143000000,638000000,,,None,372000000,None,,None,,,,,1503000000,0,None,None,0.241,,3950000000,2257000000,,,,,None,,,,,1.067,6.28,4.955,,,,,,,,0.162,,,2025-11-06,quarterly,1.19,USD,pre-market,1182000000,,0.0906,0.217,0.12,3.113,2640000000,,,,77.41,87.86,4.386,,,,,,,7677000000,,30.86,,94.02,60.83
2025-12-28,AZN,3.01,58127000000.0,30.86,,0.168,29.59,,,,,,,,,,,,,,,None,2141000000,2141000000,,,,,,None,552000000,,3.13,0.0168,,,,0.78,0.05,1226000000,1778000000,1.14,2007-12-31,18.05,,48395002000.0,6029000000,1837000000,562000000,,,None,101000000,None,,None,,,,,1266000000,0,None,None,0.241,,4100000000,1929000000,,,,,None,,,,,1.067,6.28,4.955,,,,,,,,0.162,,,2025-11-06,quarterly,1.19,USD,pre-market,1469000000,,0.0906,0.217,0.12,3.113,10612000000,,,,77.41,87.86,4.386,,,,,,,8170000000,,30.86,,94.02,60.83
2025-12-28,AZN,3.01,58127000000.0,30.86,,0.168,29.59,,,,,,,,,,,,,,,None,1405000000,1405000000,,,,,,None,565000000,,3.13,0.0168,,,,0.78,0.05,2239000000,2804000000,1.14,2007-09-30,18.05,,48395002000.0,5745000000,1888000000,537000000,,,None,351000000,None,,None,,,,,1343000000,0,None,None,0.241,,3723000000,2022000000,,,,,None,,,,,1.067,6.28,4.955,,,,,,,,0.162,,,2025-11-06,quarterly,1.19,USD,pre-market,1327000000,,0.0906,0.217,0.12,3.113,4552000000,,,,77.41,87.86,4.386,,,,,,,7150000000,,30.86,,94.02,60.83
2025-12-28,AZN,3.01,58127000000.0,30.86,,0.168,29.59,,,,,,,,,,,,,,,None,1469000000,1469000000,,,,,,None,369000000,,3.13,0.0168,,,,0.78,0.05,2212000000,2581000000,1.14,2007-06-30,18.05,,48395002000.0,5804000000,1991000000,554000000,,,None,221000000,None,,None,,,,,1426000000,0,None,None,0.241,,3831000000,1973000000,,,,,None,,,,,1.067,6.28,4.955,,,,,,,,0.162,,,2025-11-06,quarterly,1.19,USD,pre-market,1196000000,,0.0906,0.217,0.12,3.113,4552000000,,,,77.41,87.86,4.386,,,,,,,7273000000,,30.86,,94.02,60.83
2025-12-28,AZN,3.01,58127000000.0,30.86,,0.168,29.59,,,,,,,,,,,,,,,None,1404000000,1404000000,,,,,,None,370000000,,3.13,0.0168,,,,0.78,0.05,2417000000,2787000000,1.14,2007-03-31,18.05,,48395002000.0,5562000000,2267000000,703000000,,,None,150000000,None,,None,,,,,1560000000,0,None,None,0.241,,3392000000,2170000000,,,,,None,,,,,1.067,6.28,4.955,,,,,,,,0.162,,,2025-11-06,quarterly,1.19,USD,pre-market,1170000000,,0.0906,0.217,0.12,3.113,3448000000,,,,77.41,87.86,4.386,,,,,,,6966000000,,30.86,,94.02,60.83
2025-12-28,AZN,3.01,58127000000.0,30.86,,0.168,29.59,,,,,,,,,,,,,,,None,1578000000,1578000000,,,,,,None,428000000,,3.13,0.0168,,,,0.78,0.05,1382000000,1810000000,1.14,2006-12-31,18.05,,48395002000.0,5576000000,2103000000,658000000,,,None,87000000,None,,None,,,,,1432000000,0,None,None,0.241,,3573000000,2003000000,,,,,None,,,,,1.067,6.28,4.955,,,,,,,,0.162,,,2025-11-06,quarterly,1.19,USD,pre-market,1124000000,,0.0906,0.217,0.12,3.113,2902000000,,,,77.41,87.86,4.386,,,,,,,7154000000,,30.86,,94.02,60.83
2025-12-28,AZN,3.01,58127000000.0,30.86,,0.168,29.59,,,,,,,,,,,,,,,None,1339000000,1339000000,,,,,,None,329000000,,3.13,0.0168,,,,0.78,0.05,2327000000,2656000000,1.14,2006-09-30,18.05,,48395002000.0,5177000000,2187000000,595000000,,,None,140000000,None,,None,,,,,1587000000,0,None,None,0.241,,3071000000,2106000000,,,,,None,,,,,1.067,6.28,4.955,,,,,,,,0.162,,,2025-11-06,quarterly,1.19,USD,pre-market,962000000,,0.0906,0.217,0.12,3.113,2127000000,,,,77.41,87.86,4.386,,,,,,,6516000000,,30.86,,94.02,60.83
2025-12-28,AZN,3.01,58127000000.0,30.86,,0.168,29.59,,,,,,,,,,,,,,,None,1391000000,1391000000,,,,,,None,306000000,,3.13,0.0168,,,,0.78,0.05,2331000000,2637000000,1.14,2006-06-30,18.05,,48395002000.0,5234000000,2209000000,607000000,,,None,122000000,None,,None,,,,,1599000000,0,None,None,0.241,,3103000000,2131000000,,,,,None,,,,,1.067,6.28,4.955,,,,,,,,0.162,,,2025-11-06,quarterly,1.19,USD,pre-market,955000000,,0.0906,0.217,0.12,3.113,2232000000,,,,77.41,87.86,4.386,,,,,,,6625000000,,30.86,,94.02,60.83
2025-12-28,AZN,3.01,58127000000.0,30.86,,0.168,29.59,,,,,,,,,,,,,,,None,1305000000,1305000000,,,,,,None,282000000,,3.13,0.0168,,,,0.78,0.05,1976000000,2258000000,1.14,2006-03-31,18.05,,48395002000.0,4875000000,2044000000,620000000,,,None,132000000,None,,None,,,,,1424000000,0,None,None,0.241,,2899000000,1976000000,,,,,None,,,,,1.067,6.28,4.955,,,,,,,,0.162,,,2025-11-06,quarterly,1.19,USD,pre-market,861000000,,0.0906,0.217,0.12,3.113,2115000000,,,,77.41,87.86,4.386,,,,,,,6180000000,,30.86,,94.02,60.83
2025-12-28,AZN,3.01,58127000000.0,30.86,,0.168,29.59,,,,,,,,,,,,,,,None,1388000000,1388000000,,,,,,None,394000000,,3.13,0.0168,,,,0.78,0.05,1152000000,1546000000,1.14,2005-12-31,18.05,,48395002000.0,4898000000,1689000000,462000000,,,None,50000000,None,,None,,,,,1224000000,0,None,None,0.241,,3262000000,1636000000,,,,,None,,,,,1.067,6.28,4.955,,,,,,,,0.162,,,2025-11-06,quarterly,1.19,USD,pre-market,873000000,,0.0906,0.217,0.12,3.113,2769000000,,,,77.41,87.86,4.386,,,,,,,6286000000,,30.86,,94.02,60.83
2025-12-28,AZN,3.01,58127000000.0,30.86,,0.168,29.59,,,,,,,,,,,,,,,None,1245000000,1245000000,,,,,,None,303000000,,3.13,0.0168,,,,0.78,0.05,2115000000,2418000000,1.14,2005-09-30,18.05,,48395002000.0,4544000000,1743000000,513000000,,,None,372000000,None,,None,,,,,1223000000,0,None,None,0.241,,2849000000,1695000000,,,,,None,,,,,1.067,6.28,4.955,,,,,,,,0.162,,,2025-11-06,quarterly,1.19,USD,pre-market,781000000,,0.0906,0.217,0.12,3.113,2005000000,,,,77.41,87.86,4.386,,,,,,,5789000000,,30.86,,94.02,60.83
2025-12-28,AZN,3.01,58127000000.0,30.86,,0.168,29.59,,,,,,,,,,,,,,,None,10207000000,10207000000,,,,,,None,5065000000,,3.13,0.0168,,,,0.78,0.05,10373000000,15438000000,1.14,2024-12-31,18.05,,48395002000.0,43866000000,8691000000,1650000000,,,None,1682000000,458000000,,None,,,,,7035000000,7041000000,-1284000000,None,0.241,,33863000000,10003000000,,,,,None,,,,,1.067,6.28,4.955,,,,,,,,0.162,,,2025-11-06,annual,1.19,USD,pre-market,13583000000,,0.0906,0.217,0.12,3.113,19669000000,,,,77.41,87.86,4.386,,,,,,,54073000000,,30.86,,94.02,60.83
2025-12-28,AZN,3.01,58127000000.0,30.86,,0.168,29.59,,,,,,,,,,,,,,,None,8268000000,8268000000,,,,,,None,4934000000,,3.13,0.0168,,,,0.78,0.05,8488000000,13422000000,1.14,2023-12-31,18.05,,48395002000.0,37543000000,6899000000,938000000,,,None,1589000000,301000000,,None,,,,,5955000000,5961000000,-1288000000,None,0.241,,29350000000,8193000000,,,,,None,,,,,1.067,6.28,4.955,,,,,,,,0.162,,,2025-11-06,annual,1.19,USD,pre-market,10935000000,,0.0906,0.217,0.12,3.113,17683000000,,,,77.41,87.86,4.386,,,,,,,45811000000,,30.86,,94.02,60.83
2025-12-28,AZN,3.01,58127000000.0,30.86,,0.168,29.59,,,,,,,,,,,,,,,None,12391000000,12391000000,,,,,,None,5254000000,,3.13,0.0168,,,,0.78,0.05,3831000000,9085000000,1.14,2022-12-31,18.05,,48395002000.0,31960000000,2501000000,-792000000,,,None,1330000000,95000000,,None,,,,,3288000000,3293000000,-1251000000,None,0.241,,28203000000,3757000000,,,,,None,,,,,1.067,6.28,4.955,,,,,,,,0.162,,,2025-11-06,annual,1.19,USD,pre-market,9762000000,,0.0906,0.217,0.12,3.113,17448000000,,,,77.41,87.86,4.386,,,,,,,44351000000,,30.86,,94.02,60.83
2025-12-28,AZN,3.01,58127000000.0,30.86,,0.168,29.59,,,,,,,,,,,,,,,None,12437000000,12437000000,,,,,,None,4102000000,,3.13,0.0168,,,,0.78,0.05,1011000000,5113000000,1.14,2021-12-31,18.05,,48395002000.0,24980000000,-265000000,-380000000,,,None,1276000000,43000000,,None,,,,,112000000,115000000,-1257000000,None,0.241,,23924000000,1056000000,,,,,None,,,,,1.067,6.28,4.955,,,,,,,,0.162,,,2025-11-06,annual,1.19,USD,pre-market,9736000000,,0.0906,0.217,0.12,3.113,15144000000,,,,77.41,87.86,4.386,,,,,,,37417000000,,30.86,,94.02,60.83
2025-12-28,AZN,3.01,58127000000.0,30.86,,0.168,29.59,,,,,,,,,,,,,,,None,5299000000,5299000000,,,,,,None,2896000000,,3.13,0.0168,,,,0.78,0.05,5188000000,8084000000,1.14,2020-12-31,18.05,,48395002000.0,21318000000,3916000000,772000000,,,None,1272000000,87000000,,None,,,,,3196000000,3144000000,-1219000000,None,0.241,,16156000000,5162000000,,,,,None,,,,,1.067,6.28,4.955,,,,,,,,0.162,,,2025-11-06,annual,1.19,USD,pre-market,5991000000,,0.0906,0.217,0.12,3.113,11693000000,,,,77.41,87.86,4.386,,,,,,,26617000000,,30.86,,94.02,60.83
2025-12-28,AZN,3.01,58127000000.0,30.86,,0.168,29.59,,,,,,,,,,,,,,,None,4921000000,4921000000,,,,,,None,3762000000,,3.13,0.0168,,,,0.78,0.05,2950000000,6712000000,1.14,2019-12-31,18.05,,48395002000.0,19463000000,1548000000,321000000,,,None,1402000000,774000000,,None,,,,,1335000000,1227000000,-1237000000,None,0.241,,16539000000,2924000000,,,,,None,,,,,1.067,6.28,4.955,,,,,,,,0.162,,,2025-11-06,annual,1.19,USD,pre-market,6059000000,,0.0906,0.217,0.12,3.113,11099000000,,,,77.41,87.86,4.386,,,,,,,24384000000,,30.86,,94.02,60.83
2025-12-28,AZN,3.01,58127000000.0,30.86,,0.168,29.59,,,,,,,,,,,,,,,None,4936000000,4936000000,,,,,,None,3753000000,,3.13,0.0168,,,,0.78,0.05,3359000000,7112000000,1.14,2018-12-31,18.05,,48395002000.0,17154000000,1993000000,-57000000,,,None,1366000000,778000000,,None,,,,,2155000000,2050000000,-1228000000,None,0.241,,13767000000,3387000000,,,,,None,,,,,1.067,6.28,4.955,,,,,,,,0.162,,,2025-11-06,annual,1.19,USD,pre-market,5932000000,,0.0906,0.217,0.12,3.113,8479000000,,,,77.41,87.86,4.386,,,,,,,22090000000,,30.86,,94.02,60.83
2025-12-28,AZN,3.01,58127000000.0,30.86,,0.168,29.59,,,,,,,,,,,,,,,None,4318000000,4318000000,,,,,,None,3036000000,,3.13,0.0168,,,,0.78,0.05,3587000000,6623000000,1.14,2017-12-31,18.05,,48395002000.0,18147000000,2227000000,-641000000,,,None,1360000000,764000000,,None,,,,,3001000000,2868000000,-1321000000,None,0.241,,14470000000,3677000000,,,,,None,,,,,1.067,6.28,4.955,,,,,,,,0.162,,,2025-11-06,annual,1.19,USD,pre-market,5757000000,,0.0906,0.217,0.12,3.113,10233000000,,,,77.41,87.86,4.386,,,,,,,22465000000,,30.86,,94.02,60.83
2025-12-28,AZN,3.01,58127000000.0,30.86,,0.168,29.59,,,,,,,,,,,,,,,None,4126000000,4126000000,,,,,,None,2357000000,,3.13,0.0168,,,,0.78,0.05,4919000000,7276000000,1.14,2016-12-31,18.05,,48395002000.0,18876000000,3552000000,146000000,,,None,1367000000,616000000,,None,,,,,3499000000,3406000000,-1308000000,None,0.241,,13974000000,4902000000,,,,,None,,,,,1.067,6.28,4.955,,,,,,,,0.162,,,2025-11-06,annual,1.19,USD,pre-market,5890000000,,0.0906,0.217,0.12,3.113,9413000000,,,,77.41,87.86,4.386,,,,,,,23002000000,,30.86,,94.02,60.83
2025-12-28,AZN,3.01,58127000000.0,30.86,,0.168,29.59,,,,,,,,,,,,,,,None,4646000000,4646000000,,,,,,None,2852000000,,3.13,0.0168,,,,0.78,0.05,4108000000,6960000000,1.14,2015-12-31,18.05,,48395002000.0,20062000000,3069000000,243000000,,,None,1039000000,398000000,,None,,,,,2825000000,2826000000,None,None,0.241,,15948000000,4114000000,,,,,None,,,,,1.067,6.28,4.955,,,,,,,,0.162,,,2025-11-06,annual,1.19,USD,pre-market,5997000000,,0.0906,0.217,0.12,3.113,10685000000,,,,77.41,87.86,4.386,,,,,,,24708000000,,30.86,,94.02,60.83
2025-12-28,AZN,3.01,58127000000.0,30.86,,0.168,29.59,,,,,,,,,,,,,,,None,5842000000,5842000000,,,,,,None,3282000000,,3.13,0.0168,,,,0.78,0.05,2209000000,5491000000,1.14,2014-12-31,18.05,,48395002000.0,20705000000,1246000000,11000000,,,None,963000000,None,,None,,,,,1233000000,1235000000,None,None,0.241,,18568000000,2137000000,,,,,None,,,,,1.067,6.28,4.955,,,,,,,,0.162,,,2025-11-06,annual,1.19,USD,pre-market,5579000000,,0.0906,0.217,0.12,3.113,13000000000,,,,77.41,87.86,4.386,,,,,,,26547000000,,30.86,,94.02,60.83
2025-12-28,AZN,3.01,58127000000.0,30.86,,0.168,29.59,,,,,,,,,,,,,,,None,5261000000,5261000000,,,,,,None,4583000000,,3.13,0.0168,,,,0.78,0.05,3759000000,8342000000,1.14,2013-12-31,18.05,,48395002000.0,20545000000,3267000000,696000000,,,None,492000000,None,,None,,,,,2556000000,2571000000,None,None,0.241,,16833000000,3712000000,,,,,None,,,,,1.067,6.28,4.955,,,,,,,,0.162,,,2025-11-06,annual,1.19,USD,pre-market,4821000000,,0.0906,0.217,0.12,3.113,12206000000,,,,77.41,87.86,4.386,,,,,,,25806000000,,30.86,,94.02,60.83
2025-12-28,AZN,3.01,58127000000.0,30.86,,0.168,29.59,,,,,,,,,,,,,,,None,5393000000,5393000000,,,,,,None,2518000000,,3.13,0.0168,,,,0.78,0.05,8165000000,10683000000,1.14,2012-12-31,18.05,,48395002000.0,22580000000,7646000000,1376000000,,,None,519000000,None,,None,,,,,6240000000,None,None,None,0.241,,14432000000,8148000000,,,,,None,,,,,1.067,6.28,4.955,,,,,,,,0.162,,,2025-11-06,annual,1.19,USD,pre-market,5243000000,,0.0906,0.217,0.12,3.113,9839000000,,,,77.41,87.86,4.386,,,,,,,27973000000,,30.86,,94.02,60.83
2025-12-28,AZN,3.01,58127000000.0,30.86,,0.168,29.59,,,,,,,,,,,,,,,None,6026000000,6026000000,,,,,,None,2550000000,,3.13,0.0168,,,,0.78,0.05,12837000000,15387000000,1.14,2011-12-31,18.05,,48395002000.0,27565000000,12283000000,2333000000,,,None,554000000,None,,None,,,,,9917000000,None,None,None,0.241,,14770000000,12795000000,,,,,None,,,,,1.067,6.28,4.955,,,,,,,,0.162,,,2025-11-06,annual,1.19,USD,pre-market,5523000000,,0.0906,0.217,0.12,3.113,11161000000,,,,77.41,87.86,4.386,,,,,,,33591000000,,30.86,,94.02,60.83
2025-12-28,AZN,3.01,58127000000.0,30.86,,0.168,29.59,,,,,,,,,,,,,,,None,6389000000,6389000000,,,,,,None,2741000000,,3.13,0.0168,,,,0.78,0.05,11999000000,14740000000,1.14,2010-12-31,18.05,,48395002000.0,26880000000,10977000000,2896000000,,,None,1022000000,None,,None,,,,,8053000000,None,None,None,0.241,,15386000000,11494000000,,,,,None,,,,,1.067,6.28,4.955,,,,,,,,0.162,,,2025-11-06,annual,1.19,USD,pre-market,5318000000,,0.0906,0.217,0.12,3.113,10445000000,,,,77.41,87.86,4.386,,,,,,,33269000000,,30.86,,94.02,60.83
2025-12-28,AZN,3.01,58127000000.0,30.86,,0.168,29.59,,,,,,,,,,,,,,,None,5775000000,5775000000,,,,,,None,2087000000,,3.13,0.0168,,,,0.78,0.05,11860000000,13947000000,1.14,2009-12-31,18.05,,48395002000.0,27029000000,10807000000,3263000000,,,None,1053000000,None,,None,,,,,7521000000,None,None,None,0.241,,15486000000,11543000000,,,,,None,,,,,1.067,6.28,4.955,,,,,,,,0.162,,,2025-11-06,annual,1.19,USD,pre-market,4409000000,,0.0906,0.217,0.12,3.113,11332000000,,,,77.41,87.86,4.386,,,,,,,32804000000,,30.86,,94.02,60.83
2025-12-28,AZN,3.01,58127000000.0,30.86,,0.168,29.59,,,,,,,,,,,,,,,None,6598000000,6598000000,,,,,,None,2620000000,,3.13,0.0168,,,,0.78,0.05,9998000000,12618000000,1.14,2008-12-31,18.05,,48395002000.0,25003000000,8681000000,2551000000,,,None,1317000000,None,,None,,,,,6101000000,None,None,None,0.241,,15859000000,9144000000,,,,,None,,,,,1.067,6.28,4.955,,,,,,,,0.162,,,2025-11-06,annual,1.19,USD,pre-market,5179000000,,0.0906,0.217,0.12,3.113,10913000000,,,,77.41,87.86,4.386,,,,,,,31601000000,,30.86,,94.02,60.83
2025-12-28,AZN,3.01,58127000000.0,30.86,,0.168,29.59,,,,,,,,,,,,,,,None,6419000000,6419000000,,,,,,None,1856000000,,3.13,0.0168,,,,0.78,0.05,8094000000,9950000000,1.14,2007-12-31,18.05,,48395002000.0,23140000000,7983000000,2356000000,,,None,1070000000,None,,None,,,,,5595000000,None,None,None,0.241,,15046000000,8094000000,,,,,None,,,,,1.067,6.28,4.955,,,,,,,,0.162,,,2025-11-06,annual,1.19,USD,pre-market,5162000000,,0.0906,0.217,0.12,3.113,10612000000,,,,77.41,87.86,4.386,,,,,,,29559000000,,30.86,,94.02,60.83
2025-12-28,AZN,3.01,58127000000.0,30.86,,0.168,29.59,,,,,,,,,,,,,,,None,5559000000,5559000000,,,,,,None,1345000000,,3.13,0.0168,,,,0.78,0.05,8216000000,9561000000,1.14,2006-12-31,18.05,,48395002000.0,20916000000,8543000000,2480000000,,,None,561000000,None,,None,,,,,6043000000,None,None,None,0.241,,12700000000,8216000000,,,,,None,,,,,1.067,6.28,4.955,,,,,,,,0.162,,,2025-11-06,annual,1.19,USD,pre-market,3902000000,,0.0906,0.217,0.12,3.113,9322000000,,,,77.41,87.86,4.386,,,,,,,26475000000,,30.86,,94.02,60.83
2025-12-28,AZN,3.01,58127000000.0,30.86,,0.168,29.59,,,,,,,,,,,,,,,None,5356000000,5356000000,,,,,,None,1327000000,,3.13,0.0168,,,,0.78,0.05,6502000000,7829000000,1.14,2005-12-31,18.05,,48395002000.0,18594000000,6667000000,1943000000,,,None,500000000,None,,None,,,,,4706000000,None,None,None,0.241,,12092000000,6502000000,,,,,None,,,,,1.067,6.28,4.955,,,,,,,,0.162,,,2025-11-06,annual,1.19,USD,pre-market,3379000000,,0.0906,0.217,0.12,3.113,8906000000,,,,77.41,87.86,4.386,,,,,,,23950000000,,30.86,,94.02,60.83
2025-12-28,AZN,3.01,58127000000.0,30.86,None,0.168,29.59,,1758000000,8143000000,8143000000,,,,,,,,,388000000,3122000000,None,5356000000,5356000000,25028000000,None,6174000000,14338000000,None,None,1327000000,,3.13,0.0168,,,,0.78,0.05,6502000000,7829000000,1.14,2025-09-30,18.05,21219000000,48395002000.0,18594000000,6667000000,1943000000,38191000000,38191000000,None,500000000,None,6593000000,None,None,24700000000,None,None,4706000000,None,None,None,0.241,,12092000000,6502000000,827000000,2444000000,None,None,None,,,,,1.067,6.28,4.955,,,,,,,,0.162,,None,2025-11-06,quarterly,1.19,USD,pre-market,3379000000,8213000000,0.0906,0.217,0.12,3.113,8906000000,32661000000,6582000000,39000000,77.41,87.86,4.386,114456000000,29940000000,34054000000,68485000000,84516000000,34431000000,23950000000,45888000000,30.86,None,94.02,60.83
2025-12-28,AZN,3.01,58127000000.0,30.86,None,0.168,29.59,,1633000000,7058000000,7058000000,,,,,,,,,388000000,3118000000,None,5356000000,5356000000,23986000000,None,6492000000,14168000000,None,None,1327000000,,3.13,0.0168,,,,0.78,0.05,6502000000,7829000000,1.14,2025-06-30,18.05,21222000000,48395002000.0,18594000000,6667000000,1943000000,37925000000,37925000000,None,500000000,None,6467000000,None,None,24714000000,None,None,4706000000,None,None,None,0.241,,12092000000,6502000000,1196000000,1268000000,None,None,None,,,,,1.067,6.28,4.955,,,,,,,,0.162,,None,2025-11-06,quarterly,1.19,USD,pre-market,3379000000,7023000000,0.0906,0.217,0.12,3.113,8906000000,32839000000,6853000000,50000000,77.41,87.86,4.386,112422000000,28939000000,33536000000,67612000000,83483000000,34076000000,23950000000,44719000000,30.86,None,94.02,60.83
2025-12-28,AZN,3.01,58127000000.0,30.86,None,0.168,29.59,,1551000000,5230000000,5230000000,,,,,,,,,388000000,3122000000,None,5356000000,5356000000,22544000000,None,3051000000,13250000000,None,None,1327000000,,3.13,0.0168,,,,0.78,0.05,6502000000,7829000000,1.14,2025-03-31,18.05,21130000000,48395002000.0,18594000000,6667000000,1943000000,37550000000,37550000000,None,500000000,None,5884000000,None,None,26692000000,None,None,4706000000,None,None,None,0.241,,12092000000,6502000000,1610000000,2805000000,None,None,None,,,,,1.067,6.28,4.955,,,,,,,,0.162,,None,2025-11-06,quarterly,1.19,USD,pre-market,3379000000,3364000000,0.0906,0.217,0.12,3.113,8906000000,31717000000,3780000000,165000000,77.41,87.86,4.386,106253000000,26139000000,29129000000,65122000000,80114000000,35993000000,23950000000,41039000000,30.86,None,94.02,60.83
2025-12-28,AZN,3.01,58127000000.0,30.86,None,0.168,29.59,,1452000000,5488000000,5488000000,,,,,,,,,388000000,3124000000,None,5356000000,5356000000,22465000000,None,2156000000,12972000000,None,None,1327000000,,3.13,0.0168,,,,0.78,0.05,6502000000,7829000000,1.14,2024-12-31,18.05,21025000000,48395002000.0,18594000000,6667000000,1943000000,37177000000,37177000000,None,500000000,None,5288000000,None,None,26506000000,None,None,4706000000,None,None,None,0.241,,12092000000,6502000000,1913000000,1500000000,None,None,None,,,,,1.067,6.28,4.955,,,,,,,,0.162,,None,2025-11-06,quarterly,1.19,USD,pre-market,3379000000,3160000000,0.0906,0.217,0.12,3.113,8906000000,30114000000,2495000000,166000000,77.41,87.86,4.386,104035000000,25827000000,27866000000,63164000000,78208000000,35298000000,23950000000,40786000000,30.86,None,94.02,60.83
2025-12-28,AZN,3.01,58127000000.0,30.86,None,0.168,29.59,,1422000000,4797000000,4797000000,,,,,,,,,388000000,3120000000,None,5356000000,5356000000,21684000000,None,1253000000,11879000000,None,None,1327000000,,3.13,0.0168,,,,0.78,0.05,6502000000,7829000000,1.14,2024-09-30,18.05,21139000000,48395002000.0,18594000000,6667000000,1943000000,39394000000,39394000000,None,500000000,None,5662000000,None,None,28887000000,None,None,4706000000,None,None,None,0.241,,12092000000,6502000000,1684000000,1204000000,None,None,None,,,,,1.067,6.28,4.955,,,,,,,,0.162,,None,2025-11-06,quarterly,1.19,USD,pre-market,3379000000,3138000000,0.0906,0.217,0.12,3.113,8906000000,31562000000,1570000000,133000000,77.41,87.86,4.386,104922000000,24155000000,25926000000,64117000000,80767000000,38191000000,23950000000,40719000000,30.86,None,94.02,60.83
2025-12-28,AZN,3.01,58127000000.0,30.86,None,0.168,29.59,,1241000000,6916000000,6916000000,,,,,,,,,388000000,3120000000,None,5356000000,5356000000,20463000000,None,5067000000,11047000000,None,None,1327000000,,3.13,0.0168,,,,0.78,0.05,6502000000,7829000000,1.14,2024-06-30,18.05,21060000000,48395002000.0,18594000000,6667000000,1943000000,39426000000,39426000000,None,500000000,None,5667000000,None,None,27225000000,None,None,4706000000,None,None,None,0.241,,12092000000,6502000000,1603000000,1219000000,None,None,None,,,,,1.067,6.28,4.955,,,,,,,,0.162,,None,2025-11-06,quarterly,1.19,USD,pre-market,3379000000,1847000000,0.0906,0.217,0.12,3.113,8906000000,33533000000,5359000000,160000000,77.41,87.86,4.386,104340000000,25393000000,28566000000,64742000000,78947000000,36176000000,23950000000,39512000000,30.86,None,94.02,60.83
2025-12-28,AZN,3.01,58127000000.0,30.86,None,0.168,29.59,,1242000000,7841000000,7841000000,,,,,,,,,388000000,3120000000,None,5356000000,5356000000,19699000000,None,6050000000,11072000000,None,None,1327000000,,3.13,0.0168,,,,0.78,0.05,6502000000,7829000000,1.14,2024-03-31,18.05,19978000000,48395002000.0,18594000000,6667000000,1943000000,38834000000,38834000000,None,500000000,None,5337000000,None,None,27259000000,None,None,4706000000,None,None,None,0.241,,12092000000,6502000000,1164000000,1240000000,None,None,None,,,,,1.067,6.28,4.955,,,,,,,,0.162,,10616000000,2025-11-06,quarterly,1.19,USD,pre-market,3379000000,-212000000,0.0906,0.217,0.12,3.113,8906000000,34551000000,6331000000,180000000,77.41,87.86,4.386,102293000000,25594000000,28901000000,64792000000,76699000000,35891000000,23950000000,37445000000,30.86,None,94.02,60.83
2025-12-28,AZN,3.01,58127000000.0,30.86,None,0.168,29.59,,1128000000,5840000000,5840000000,,,,,,,,,388000000,3122000000,None,5356000000,5356000000,3267000000,None,5129000000,10509000000,None,None,1327000000,,3.13,0.0168,,,,0.78,0.05,6502000000,7829000000,1.14,2023-12-31,18.05,20048000000,48395002000.0,18594000000,6667000000,1943000000,38089000000,38089000000,None,500000000,None,5424000000,None,None,22365000000,None,None,4706000000,None,None,None,0.241,,12092000000,6502000000,3261000000,19799000000,None,None,None,,,,,1.067,6.28,4.955,,,,,,,,0.162,,10502000000,2025-11-06,quarterly,1.19,USD,pre-market,3379000000,1502000000,0.0906,0.217,0.12,3.113,8906000000,28622000000,5400000000,20000000,77.41,87.86,4.386,101119000000,25054000000,30542000000,61953000000,76065000000,31411000000,23950000000,39143000000,30.86,0,94.02,60.83
2025-12-28,AZN,3.01,58127000000.0,30.86,None,0.168,29.59,,979000000,4871000000,4871000000,,,,,,,,,387000000,3120000000,None,5356000000,5356000000,20542000000,None,5372000000,11300000000,None,None,1327000000,,3.13,0.0168,,,,0.78,0.05,6502000000,7829000000,1.14,2023-09-30,18.05,19939000000,48395002000.0,18594000000,6667000000,1943000000,37687000000,37687000000,None,500000000,None,5292000000,None,None,22225000000,None,None,4706000000,None,None,None,0.241,,12092000000,6502000000,794000000,1276000000,None,None,None,,,,,1.067,6.28,4.955,,,,,,,,0.162,,9700000000,2025-11-06,quarterly,1.19,USD,pre-market,3379000000,-434000000,0.0906,0.217,0.12,3.113,8906000000,28576000000,5607000000,244000000,77.41,87.86,4.386,96086000000,22501000000,28588000000,58865000000,73585000000,30277000000,23950000000,37197000000,30.86,0,94.02,60.83
2025-12-28,AZN,3.01,58127000000.0,30.86,None,0.168,29.59,,953000000,5664000000,5664000000,,,,,,,,,387000000,3120000000,None,5356000000,5356000000,19738000000,None,4556000000,11092000000,None,None,1327000000,,3.13,0.0168,,,,0.78,0.05,6502000000,7829000000,1.14,2023-06-30,18.05,19960000000,48395002000.0,18594000000,6667000000,1943000000,38326000000,38326000000,None,500000000,None,5051000000,None,None,24329000000,None,None,4706000000,None,None,None,0.241,,12092000000,6502000000,884000000,650000000,None,None,None,,,,,1.067,6.28,4.955,,,,,,,,0.162,,9624000000,2025-11-06,quarterly,1.19,USD,pre-market,3379000000,-234000000,0.0906,0.217,0.12,3.113,8906000000,29838000000,4787000000,148000000,77.41,87.86,4.386,96543000000,22839000000,26375000000,59127000000,73704000000,32752000000,23950000000,37392000000,30.86,0,94.02,60.83
2025-12-28,AZN,3.01,58127000000.0,30.86,None,0.168,29.59,,962000000,6232000000,6232000000,,,,,,,,,387000000,3120000000,None,5356000000,5356000000,19210000000,None,3625000000,10289000000,None,None,1327000000,,3.13,0.0168,,,,0.78,0.05,6502000000,7829000000,1.14,2023-03-31,18.05,20001000000,48395002000.0,18594000000,6667000000,1943000000,39291000000,39291000000,None,500000000,None,4967000000,None,None,26916000000,None,None,4706000000,None,None,None,0.241,,12092000000,6502000000,548000000,590000000,None,None,None,,,,,1.067,6.28,4.955,,,,,,,,0.162,,9599000000,2025-11-06,quarterly,1.19,USD,pre-market,3379000000,-1825000000,0.0906,0.217,0.12,3.113,8906000000,31503000000,3857000000,230000000,77.41,87.86,4.386,96687000000,22266000000,24860000000,60876000000,74421000000,36016000000,23950000000,35789000000,30.86,0,94.02,60.83
2025-12-28,AZN,3.01,58127000000.0,30.86,None,0.168,29.59,,953000000,6166000000,6166000000,,,,,,,,,387000000,3118000000,None,5356000000,5356000000,2550000000,None,5314000000,9192000000,None,None,1327000000,,3.13,0.0168,,,,0.78,0.05,6502000000,7829000000,1.14,2022-12-31,18.05,19820000000,48395002000.0,18594000000,6667000000,1943000000,39307000000,39307000000,None,500000000,None,4699000000,None,None,22965000000,None,None,4706000000,None,None,None,0.241,,12092000000,6502000000,2459000000,16837000000,None,None,None,,,,,1.067,6.28,4.955,,,,,,,,0.162,,9449000000,2025-11-06,quarterly,1.19,USD,pre-market,3379000000,-574000000,0.0906,0.217,0.12,3.113,8906000000,29232000000,5542000000,77000000,77.41,87.86,4.386,96483000000,22593000000,26293000000,59425000000,73890000000,33132000000,23950000000,37037000000,30.86,0,94.02,60.83
2025-12-28,AZN,3.01,58127000000.0,30.86,None,0.168,29.59,,878000000,4458000000,4458000000,,,,,,,,,387000000,3118000000,None,5356000000,5356000000,17694000000,None,5408000000,9336000000,None,None,1327000000,,3.13,0.0168,,,,0.78,0.05,6502000000,7829000000,1.14,2022-09-30,18.05,19707000000,48395002000.0,18594000000,6667000000,1943000000,39585000000,39585000000,None,500000000,None,5078000000,None,None,23013000000,None,None,4706000000,None,None,None,0.241,,12092000000,6502000000,912000000,445000000,None,None,None,,,,,1.067,6.28,4.955,,,,,,,,0.162,,9227000000,2025-11-06,quarterly,1.19,USD,pre-market,3379000000,-2471000000,0.0906,0.217,0.12,3.113,8906000000,29299000000,5618000000,440000000,77.41,87.86,4.386,94185000000,20224000000,24850000000,59031000000,73961000000,34181000000,23950000000,35134000000,30.86,0,94.02,60.83
2025-12-28,AZN,3.01,58127000000.0,30.86,None,0.168,29.59,,905000000,4817000000,4817000000,,,,,,,,,387000000,3120000000,None,5356000000,5356000000,17821000000,None,2162000000,8908000000,None,None,1327000000,,3.13,0.0168,,,,0.78,0.05,6502000000,7829000000,1.14,2022-06-30,18.05,19821000000,48395002000.0,18594000000,6667000000,1943000000,39900000000,39900000000,None,500000000,None,6220000000,None,None,26461000000,None,None,4706000000,None,None,None,0.241,,12092000000,6502000000,902000000,631000000,None,None,None,,,,,1.067,6.28,4.955,,,,,,,,0.162,,9627000000,2025-11-06,quarterly,1.19,USD,pre-market,3379000000,-1657000000,0.0906,0.217,0.12,3.113,8906000000,29528000000,2382000000,70000000,77.41,87.86,4.386,96579000000,20917000000,21815000000,60628000000,75662000000,38813000000,23950000000,35932000000,30.86,0,94.02,60.83
2025-12-28,AZN,3.01,58127000000.0,30.86,None,0.168,29.59,,949000000,5762000000,5762000000,,,,,,,,,387000000,3122000000,None,5356000000,5356000000,17864000000,None,2069000000,8683000000,None,None,1327000000,,3.13,0.0168,,,,0.78,0.05,6502000000,7829000000,1.14,2022-03-31,18.05,19963000000,48395002000.0,18594000000,6667000000,1943000000,41265000000,41265000000,None,500000000,None,7624000000,None,None,28081000000,None,None,4706000000,None,None,None,0.241,,12092000000,6502000000,517000000,1458000000,None,None,None,,,,,1.067,6.28,4.955,,,,,,,,0.162,,10015000000,2025-11-06,quarterly,1.19,USD,pre-market,3379000000,-1228000000,0.0906,0.217,0.12,3.113,8906000000,31099000000,2294000000,61000000,77.41,87.86,4.386,100273000000,22647000000,22740000000,63914000000,77626000000,41174000000,23950000000,36340000000,30.86,0,94.02,60.83
2025-12-28,AZN,3.01,58127000000.0,30.86,None,0.168,29.59,,987000000,6329000000,6329000000,,,,,,,,,387000000,1547000000,None,5356000000,5356000000,18938000000,None,1660000000,10758000000,None,None,1327000000,,3.13,0.0168,,,,0.78,0.05,6502000000,7829000000,1.14,2021-12-31,18.05,19997000000,48395002000.0,18594000000,6667000000,1943000000,42387000000,42387000000,None,500000000,None,8983000000,None,None,28134000000,None,None,4706000000,None,None,None,0.241,,12092000000,6502000000,105000000,17877000000,None,None,None,,,,,1.067,6.28,4.955,,,,,,,,0.162,,10171000000,2025-11-06,quarterly,1.19,USD,pre-market,3379000000,1710000000,0.0906,0.217,0.12,3.113,8906000000,30781000000,1893000000,69000000,77.41,87.86,4.386,105363000000,26244000000,22594000000,66076000000,79119000000,43482000000,23950000000,39268000000,30.86,0,94.02,60.83
2025-12-28,AZN,3.01,58127000000.0,30.86,None,0.168,29.59,,962000000,7067000000,7067000000,,,,,,,,,387000000,2992000000,None,5356000000,5356000000,18663000000,None,2744000000,8258000000,None,None,1327000000,,3.13,0.0168,,,,0.78,0.05,6502000000,7829000000,1.14,2021-09-30,18.05,20081000000,48395002000.0,18594000000,6667000000,1943000000,44104000000,44104000000,None,500000000,None,10528000000,None,None,28206000000,None,None,4706000000,None,None,None,0.241,,12092000000,6502000000,756000000,1026000000,None,None,None,,,,,1.067,6.28,4.955,,,,,,,,0.162,,10162000000,2025-11-06,quarterly,1.19,USD,pre-market,3379000000,2200000000,0.0906,0.217,0.12,3.113,8906000000,31912000000,2973000000,82000000,77.41,87.86,4.386,107221000000,26691000000,23649000000,67309000000,80530000000,43660000000,23950000000,39744000000,30.86,None,94.02,60.83
2025-12-28,AZN,3.01,58127000000.0,30.86,None,0.168,29.59,,690000000,15567000000,15567000000,,,,,,,,,328000000,2636000000,None,5356000000,5356000000,17729000000,None,2696000000,6356000000,None,None,1327000000,,3.13,0.0168,,,,0.78,0.05,6502000000,7829000000,1.14,2021-06-30,18.05,11798000000,48395002000.0,18594000000,6667000000,1943000000,20006000000,20006000000,None,500000000,None,4762000000,None,None,24109000000,None,None,4706000000,None,None,None,0.241,,12092000000,6502000000,527000000,819000000,None,None,None,,,,,1.067,6.28,4.955,,,,,,,,0.162,,9031000000,2025-11-06,quarterly,1.19,USD,pre-market,3379000000,5335000000,0.0906,0.217,0.12,3.113,8906000000,27495000000,2894000000,62000000,77.41,87.86,4.386,73641000000,27274000000,22222000000,57948000000,46367000000,35726000000,23950000000,15676000000,30.86,None,94.02,60.83
2025-12-28,AZN,3.01,58127000000.0,30.86,None,0.168,29.59,,680000000,7636000000,7636000000,,,,,,,,,328000000,2638000000,None,5356000000,5356000000,17370000000,None,2042000000,6281000000,None,None,1327000000,,3.13,0.0168,,,,0.78,0.05,6502000000,7829000000,1.14,2021-03-31,18.05,11765000000,48395002000.0,18594000000,6667000000,1943000000,20347000000,20347000000,None,500000000,None,4278000000,None,None,17410000000,None,None,4706000000,None,None,None,0.241,,12092000000,6502000000,411000000,891000000,None,None,None,,,,,1.067,6.28,4.955,,,,,,,,0.162,,8849000000,2025-11-06,quarterly,1.19,USD,pre-market,3379000000,4089000000,0.0906,0.217,0.12,3.113,8906000000,20132000000,2258000000,129000000,77.41,87.86,4.386,64926000000,18735000000,21513000000,50480000000,46191000000,28967000000,23950000000,14430000000,30.86,None,94.02,60.83
2025-12-28,AZN,3.01,58127000000.0,30.86,None,0.168,29.59,,681000000,7832000000,7832000000,,,,,,,,,328000000,2626000000,None,5356000000,5356000000,2350000000,None,2194000000,5287000000,None,None,1327000000,,3.13,0.0168,,,,0.78,0.05,6502000000,7829000000,1.14,2020-12-31,18.05,11845000000,48395002000.0,18594000000,6667000000,1943000000,20947000000,20947000000,None,500000000,None,4024000000,None,None,17505000000,None,None,4706000000,None,None,None,0.241,,12092000000,6502000000,2241000000,14054000000,None,None,None,,,,,1.067,6.28,4.955,,,,,,,,0.162,,8917000000,2025-11-06,quarterly,1.19,USD,pre-market,3379000000,5299000000,0.0906,0.217,0.12,3.113,8906000000,20380000000,2386000000,160000000,77.41,87.86,4.386,66729000000,19544000000,20307000000,51091000000,47185000000,30784000000,23950000000,15622000000,30.86,None,94.02,60.83
2025-12-28,AZN,3.01,58127000000.0,30.86,None,0.168,29.59,,666000000,8072000000,8072000000,,,,,,,,,328000000,2624000000,None,5356000000,5356000000,13406000000,None,3402000000,5668000000,None,None,1327000000,,3.13,0.0168,,,,0.78,0.05,6502000000,7829000000,1.14,2020-09-30,18.05,11711000000,48395002000.0,18594000000,6667000000,1943000000,20613000000,20613000000,None,500000000,None,3683000000,None,None,18271000000,None,None,4706000000,None,None,None,0.241,,12092000000,6502000000,369000000,630000000,None,None,None,,,,,1.067,6.28,4.955,,,,,,,,0.162,,8360000000,2025-11-06,quarterly,1.19,USD,pre-market,3379000000,1876000000,0.0906,0.217,0.12,3.113,8906000000,22339000000,3585000000,374000000,77.41,87.86,4.386,64112000000,18166000000,18942000000,50494000000,45946000000,31552000000,23950000000,12195000000,30.86,None,94.02,60.83
2025-12-28,AZN,3.01,58127000000.0,30.86,None,0.168,29.59,,639000000,5673000000,5673000000,,,,,,,,,328000000,2626000000,None,5356000000,5356000000,12028000000,None,3958000000,5024000000,None,None,1327000000,,3.13,0.0168,,,,0.78,0.05,6502000000,7829000000,1.14,2020-06-30,18.05,11645000000,48395002000.0,18594000000,6667000000,1943000000,19728000000,19728000000,None,500000000,None,3562000000,None,None,15150000000,None,None,4706000000,None,None,None,0.241,,12092000000,6502000000,229000000,647000000,None,None,None,,,,,1.067,6.28,4.955,,,,,,,,0.162,,8109000000,2025-11-06,quarterly,1.19,USD,pre-market,3379000000,1913000000,0.0906,0.217,0.12,3.113,8906000000,19747000000,4132000000,442000000,77.41,87.86,4.386,59929000000,14930000000,18183000000,46271000000,44999000000,28088000000,23950000000,12237000000,30.86,None,94.02,60.83
2025-12-28,AZN,3.01,58127000000.0,30.86,None,0.168,29.59,,653000000,3413000000,3413000000,,,,,,,,,328000000,2626000000,None,5356000000,5356000000,12633000000,None,2289000000,5080000000,None,None,1327000000,,3.13,0.0168,,,,0.78,0.05,6502000000,7829000000,1.14,2020-03-31,18.05,11569000000,48395002000.0,18594000000,6667000000,1943000000,19718000000,19718000000,None,500000000,None,3123000000,None,None,15634000000,None,None,4706000000,None,None,None,0.241,,12092000000,6502000000,454000000,680000000,None,None,None,,,,,1.067,6.28,4.955,,,,,,,,0.162,,7991000000,2025-11-06,quarterly,1.19,USD,pre-market,3379000000,448000000,0.0906,0.217,0.12,3.113,8906000000,18576000000,2470000000,752000000,77.41,87.86,4.386,57211000000,12822000000,17043000000,44995000000,44389000000,27952000000,23950000000,10778000000,30.86,None,94.02,60.83
2025-12-28,AZN,3.01,58127000000.0,30.86,None,0.168,29.59,,675000000,5368000000,5368000000,,,,,,,,,328000000,2624000000,None,5356000000,5356000000,1774000000,None,1822000000,4896000000,None,None,1327000000,,3.13,0.0168,,,,0.78,0.05,6502000000,7829000000,1.14,2019-12-31,18.05,11668000000,48395002000.0,18594000000,6667000000,1943000000,20833000000,20833000000,None,500000000,None,3193000000,None,None,15730000000,None,1512000000,4706000000,None,None,None,0.241,,12092000000,6502000000,1257000000,12649000000,None,None,None,,,,,1.067,6.28,4.955,,,,,,,,0.162,,8335000000,2025-11-06,quarterly,1.19,USD,pre-market,3379000000,2812000000,0.0906,0.217,0.12,3.113,8906000000,18227000000,2010000000,849000000,77.41,87.86,4.386,61377000000,15563000000,18117000000,46781000000,45814000000,28664000000,23950000000,13127000000,30.86,None,94.02,60.83
2025-12-28,AZN,3.01,58127000000.0,30.86,None,0.168,29.59,,712000000,3967000000,3967000000,,,,,,,,,328000000,2624000000,None,5356000000,5356000000,12538000000,None,228000000,5279000000,None,None,1327000000,,3.13,0.0168,,,,0.78,0.05,6502000000,7829000000,1.14,2019-09-30,18.05,11595000000,48395002000.0,18594000000,6667000000,1943000000,21454000000,21454000000,None,500000000,None,3129000000,None,None,17218000000,None,1336000000,4706000000,None,None,None,0.241,,12092000000,6502000000,332000000,401000000,None,None,None,,,,,1.067,6.28,4.955,,,,,,,,0.162,,8007000000,2025-11-06,quarterly,1.19,USD,pre-market,3379000000,1865000000,0.0906,0.217,0.12,3.113,8906000000,18158000000,603000000,813000000,77.41,87.86,4.386,58906000000,13520000000,14776000000,45237000000,45386000000,30461000000,23950000000,12164000000,30.86,None,94.02,60.83
2025-12-28,AZN,3.01,58127000000.0,30.86,None,0.168,29.59,,720000000,5428000000,5428000000,,,,,,,,,328000000,2624000000,None,5356000000,5356000000,12637000000,None,1629000000,5319000000,None,None,1327000000,,3.13,0.0168,,,,0.78,0.05,6502000000,7829000000,1.14,2019-06-30,18.05,11668000000,48395002000.0,18594000000,6667000000,1943000000,22257000000,22257000000,None,500000000,None,3197000000,None,None,17355000000,None,1435000000,4706000000,None,None,None,0.241,,12092000000,6502000000,456000000,410000000,None,None,None,,,,,1.067,6.28,4.955,,,,,,,,0.162,,8144000000,2025-11-06,quarterly,1.19,USD,pre-market,3379000000,3265000000,0.0906,0.217,0.12,3.113,8906000000,19704000000,1846000000,819000000,77.41,87.86,4.386,61889000000,15219000000,16034000000,46818000000,46670000000,30784000000,23950000000,13548000000,30.86,None,94.02,60.83
2025-12-28,AZN,3.01,58127000000.0,30.86,None,0.168,29.59,,714000000,4136000000,4136000000,,,,,,,,,317000000,2536000000,None,5356000000,5356000000,13102000000,None,3544000000,5289000000,None,None,1327000000,,3.13,0.0168,,,,0.78,0.05,6502000000,7829000000,1.14,2019-03-31,18.05,11674000000,48395002000.0,18594000000,6667000000,1943000000,22852000000,22852000000,None,500000000,None,3050000000,None,None,17320000000,None,1606000000,4706000000,None,None,None,0.241,,12092000000,6502000000,352000000,397000000,None,None,None,,,,,1.067,6.28,4.955,,,,,,,,0.162,,8153000000,2025-11-06,quarterly,1.19,USD,pre-market,3379000000,3682000000,0.0906,0.217,0.12,3.113,8906000000,21578000000,3747000000,822000000,77.41,87.86,4.386,61055000000,13649000000,18256000000,49026000000,47406000000,30770000000,23950000000,10483000000,30.86,None,94.02,60.83
2025-12-28,AZN,3.01,58127000000.0,30.86,None,0.168,29.59,,None,4831000000,4831000000,,,,,,,,,317000000,2534000000,None,5356000000,5356000000,1720000000,None,1026000000,2995000000,None,None,1327000000,,3.13,0.0168,,,,0.78,0.05,6502000000,7829000000,1.14,2018-12-31,18.05,11707000000,48395002000.0,18594000000,6667000000,1943000000,21959000000,21959000000,None,500000000,None,2890000000,None,None,19201000000,None,978000000,4706000000,None,None,None,0.241,,12092000000,6502000000,4026000000,11627000000,None,None,None,,,,,1.067,6.28,4.955,,,,,,,,0.162,,7421000000,2025-11-06,quarterly,1.19,USD,pre-market,3379000000,5683000000,0.0906,0.217,0.12,3.113,8906000000,19113000000,1781000000,849000000,77.41,87.86,4.386,60651000000,15591000000,16292000000,46607000000,45060000000,30315000000,23950000000,12468000000,30.86,None,94.02,60.83
2025-12-28,AZN,3.01,58127000000.0,30.86,None,0.168,29.59,,None,3420000000,3420000000,,,,,,,,,317000000,2534000000,None,5356000000,5356000000,10992000000,None,1432000000,5509000000,None,None,1327000000,,3.13,0.0168,,,,0.78,0.05,6502000000,7829000000,1.14,2018-09-30,18.05,11729000000,48395002000.0,18594000000,6667000000,1943000000,24418000000,24418000000,None,500000000,None,3027000000,None,None,18424000000,None,1234000000,4706000000,None,None,None,0.241,,12092000000,6502000000,344000000,508000000,None,None,None,,,,,1.067,6.28,4.955,,,,,,,,0.162,,7591000000,2025-11-06,quarterly,1.19,USD,pre-market,3379000000,5162000000,0.0906,0.217,0.12,3.113,8906000000,20913000000,2524000000,808000000,77.41,87.86,4.386,61443000000,13108000000,15248000000,47906000000,48335000000,32658000000,23950000000,11936000000,30.86,None,94.02,60.83
2025-12-28,AZN,3.01,58127000000.0,30.86,None,0.168,29.59,,None,2978000000,2978000000,,,,,,,,,317000000,2534000000,None,5356000000,5356000000,10913000000,None,1420000000,5257000000,None,None,1327000000,,3.13,0.0168,,,,0.78,0.05,6502000000,7829000000,1.14,2018-06-30,18.05,11717000000,48395002000.0,18594000000,6667000000,1943000000,24887000000,24887000000,None,500000000,None,3118000000,None,None,15456000000,None,1246000000,4706000000,None,None,None,0.241,,12092000000,6502000000,297000000,777000000,None,None,None,,,,,1.067,6.28,4.955,,,,,,,,0.162,,7514000000,2025-11-06,quarterly,1.19,USD,pre-market,3379000000,5879000000,0.0906,0.217,0.12,3.113,8906000000,19667000000,4238000000,799000000,77.41,87.86,4.386,61344000000,12449000000,17201000000,47072000000,48895000000,29871000000,23950000000,12645000000,30.86,None,94.02,60.83
2025-12-28,AZN,3.01,58127000000.0,30.86,None,0.168,29.59,,None,3005000000,3005000000,,,,,,,,,317000000,2534000000,None,5356000000,5356000000,11481000000,None,1434000000,5444000000,None,None,1327000000,,3.13,0.0168,,,,0.78,0.05,6502000000,7829000000,1.14,2018-03-31,18.05,11834000000,48395002000.0,18594000000,6667000000,1943000000,25850000000,25850000000,None,500000000,None,3283000000,None,None,15684000000,None,1174000000,4706000000,None,None,None,0.241,,12092000000,6502000000,584000000,1011000000,None,None,None,,,,,1.067,6.28,4.955,,,,,,,,0.162,,7721000000,2025-11-06,quarterly,1.19,USD,pre-market,3379000000,6164000000,0.0906,0.217,0.12,3.113,8906000000,19854000000,4210000000,866000000,77.41,87.86,4.386,63281000000,13182000000,18164000000,48708000000,50099000000,30544000000,23950000000,12915000000,30.86,None,94.02,60.83
2025-12-28,AZN,3.01,58127000000.0,30.86,None,0.168,29.59,,None,3324000000,3324000000,,,,,,,,,317000000,2534000000,None,5356000000,5356000000,2285000000,None,1421000000,2802000000,None,None,1327000000,,3.13,0.0168,,,,0.78,0.05,6502000000,7829000000,1.14,2017-12-31,18.05,11825000000,48395002000.0,18594000000,6667000000,1943000000,26188000000,26188000000,None,500000000,None,3035000000,None,None,15560000000,None,1089000000,4706000000,None,None,None,0.241,,12092000000,6502000000,2759000000,10477000000,None,None,None,,,,,1.067,6.28,4.955,,,,,,,,0.162,,7615000000,2025-11-06,quarterly,1.19,USD,pre-market,3379000000,8221000000,0.0906,0.217,0.12,3.113,8906000000,17807000000,2271000000,1230000000,77.41,87.86,4.386,63354000000,13150000000,16383000000,46712000000,50204000000,30329000000,23950000000,14960000000,30.86,None,94.02,60.83
2025-12-28,AZN,3.01,58127000000.0,30.86,None,0.168,29.59,,None,4036000000,4036000000,,,,,,,,,316000000,2534000000,None,5356000000,5356000000,10832000000,None,10000000,4540000000,None,None,1327000000,,3.13,0.0168,,,,0.78,0.05,6502000000,7829000000,1.14,2017-09-30,18.05,11841000000,48395002000.0,18594000000,6667000000,1943000000,27124000000,27124000000,None,500000000,None,3162000000,None,None,16911000000,None,1082000000,4706000000,None,None,None,0.241,,12092000000,6502000000,721000000,1167000000,None,None,None,,,,,1.067,6.28,4.955,,,,,,,,0.162,,7329000000,2025-11-06,quarterly,1.19,USD,pre-market,3379000000,7001000000,0.0906,0.217,0.12,3.113,8906000000,17852000000,951000000,1175000000,77.41,87.86,4.386,64587000000,13634000000,14463000000,49140000000,50953000000,34677000000,23950000000,13725000000,30.86,None,94.02,60.83
2025-12-28,AZN,3.01,58127000000.0,30.86,None,0.168,29.59,,None,5239000000,5239000000,,,,,,,,,316000000,2532000000,None,5356000000,5356000000,10072000000,None,19734000000,4348000000,None,None,1327000000,,3.13,0.0168,,,,0.78,0.05,6502000000,7829000000,1.14,2017-06-30,18.05,11774000000,48395002000.0,18594000000,6667000000,1943000000,27465000000,27465000000,None,500000000,None,2901000000,None,None,16792000000,None,1075000000,4706000000,None,None,None,0.241,,12092000000,6502000000,812000000,1070000000,None,None,None,,,,,1.067,6.28,4.955,,,,,,,,0.162,,7079000000,2025-11-06,quarterly,1.19,USD,pre-market,3379000000,6930000000,0.0906,0.217,0.12,3.113,8906000000,19725000000,2939000000,998000000,77.41,87.86,4.386,65119000000,14298000000,15657000000,49707000000,50821000000,34050000000,23950000000,13653000000,30.86,None,94.02,60.83
2025-12-28,AZN,3.01,58127000000.0,30.86,None,0.168,29.59,,None,3129000000,3129000000,,,,,,,,,316000000,2532000000,None,5356000000,5356000000,9899000000,None,17510000000,4686000000,None,None,1327000000,,3.13,0.0168,,,,0.78,0.05,6502000000,7829000000,1.14,2017-03-31,18.05,11688000000,48395002000.0,18594000000,6667000000,1943000000,27386000000,27386000000,None,500000000,None,2652000000,None,None,14563000000,None,827000000,4706000000,None,None,None,0.241,,12092000000,6502000000,640000000,1044000000,None,None,None,,,,,1.067,6.28,4.955,,,,,,,,0.162,,6954000000,2025-11-06,quarterly,1.19,USD,pre-market,3379000000,6263000000,0.0906,0.217,0.12,3.113,8906000000,17402000000,2840000000,530000000,77.41,87.86,4.386,60959000000,11637000000,15429000000,46180000000,49322000000,30751000000,23950000000,12989000000,30.86,None,94.02,60.83
2025-12-28,AZN,3.01,58127000000.0,30.86,None,0.168,29.59,,None,5018000000,5018000000,,,,,,,,,316000000,2532000000,None,5356000000,5356000000,2990000000,None,1787000000,2583000000,None,None,1327000000,,3.13,0.0168,,,,0.78,0.05,6502000000,7829000000,1.14,2016-12-31,18.05,11658000000,48395002000.0,18594000000,6667000000,1943000000,27586000000,27586000000,None,500000000,None,2334000000,None,None,14501000000,None,891000000,4706000000,None,None,None,0.241,,12092000000,6502000000,2424000000,8561000000,None,None,None,,,,,1.067,6.28,4.955,,,,,,,,0.162,,6848000000,2025-11-06,quarterly,1.19,USD,pre-market,3379000000,8140000000,0.0906,0.217,0.12,3.113,8906000000,16808000000,2325000000,884000000,77.41,87.86,4.386,62526000000,13262000000,15256000000,45857000000,49264000000,30601000000,23950000000,14854000000,30.86,None,94.02,60.83
2025-12-28,AZN,3.01,58127000000.0,30.86,None,0.168,29.59,,None,3090000000,3090000000,,,,,,,,,316000000,2532000000,None,5356000000,5356000000,9961000000,None,17720000000,5449000000,None,None,1327000000,,3.13,0.0168,,,,0.78,0.05,6502000000,7829000000,1.14,2016-09-30,18.05,11806000000,48395002000.0,18594000000,6667000000,1943000000,28507000000,28507000000,None,500000000,None,2420000000,None,None,14744000000,None,810000000,4706000000,None,None,None,0.241,,12092000000,6502000000,998000000,936000000,None,None,None,,,,,1.067,6.28,4.955,,,,,,,,0.162,,6690000000,2025-11-06,quarterly,1.19,USD,pre-market,3379000000,6381000000,0.0906,0.217,0.12,3.113,8906000000,17683000000,2951000000,909000000,77.41,87.86,4.386,63222000000,12866000000,15382000000,48310000000,50356000000,32928000000,23950000000,13072000000,30.86,None,94.02,60.83
2025-12-28,AZN,3.01,58127000000.0,30.86,None,0.168,29.59,,None,3915000000,3915000000,,,,,,,,,316000000,2530000000,None,5356000000,5356000000,10259000000,None,17739000000,5619000000,None,None,1327000000,,3.13,0.0168,,,,0.78,0.05,6502000000,7829000000,1.14,2016-06-30,18.05,11848000000,48395002000.0,18594000000,6667000000,1943000000,29438000000,29438000000,None,500000000,None,2422000000,None,None,16519000000,None,575000000,4706000000,None,None,None,0.241,,12092000000,6502000000,633000000,999000000,None,None,None,,,,,1.067,6.28,4.955,,,,,,,,0.162,,6613000000,2025-11-06,quarterly,1.19,USD,pre-market,3379000000,6858000000,0.0906,0.217,0.12,3.113,8906000000,17579000000,1117000000,731000000,77.41,87.86,4.386,64419000000,13320000000,14335000000,49029000000,51099000000,34694000000,23950000000,13530000000,30.86,None,94.02,60.83
2025-12-28,AZN,3.01,58127000000.0,30.86,None,0.168,29.59,,None,3428000000,3428000000,,,,,,,,,316000000,2530000000,None,5356000000,5356000000,11174000000,None,None,5866000000,None,None,1327000000,,3.13,0.0168,,,,0.78,0.05,6502000000,7829000000,1.14,2016-03-31,18.05,11988000000,48395002000.0,18594000000,6667000000,1943000000,29627000000,29627000000,None,500000000,None,2344000000,None,None,14144000000,None,None,4706000000,None,None,None,0.241,,12092000000,6502000000,460000000,790000000,None,None,None,,,,,1.067,6.28,4.955,,,,,,,,0.162,,6560000000,2025-11-06,quarterly,1.19,USD,pre-market,3379000000,8075000000,0.0906,0.217,0.12,3.113,8906000000,16312000000,2172000000,671000000,77.41,87.86,4.386,64323000000,12769000000,15932000000,47681000000,51554000000,31749000000,23950000000,14741000000,30.86,None,94.02,60.83
2025-12-28,AZN,3.01,58127000000.0,30.86,None,0.168,29.59,,None,6240000000,6240000000,,,,,,,,,316000000,2530000000,None,5356000000,5356000000,3469000000,None,9000000,4633000000,None,None,1327000000,,3.13,0.0168,,,,0.78,0.05,6502000000,7829000000,1.14,2015-12-31,18.05,11868000000,48395002000.0,18594000000,6667000000,1943000000,22646000000,22646000000,None,500000000,None,2143000000,None,None,14137000000,None,669000000,4706000000,None,None,None,0.241,,12092000000,6502000000,2845000000,8992000000,None,None,None,,,,,1.067,6.28,4.955,,,,,,,,0.162,,6413000000,2025-11-06,quarterly,1.19,USD,pre-market,3379000000,11834000000,0.0906,0.217,0.12,3.113,8906000000,15053000000,925000000,613000000,77.41,87.86,4.386,60124000000,16007000000,14869000000,41615000000,44117000000,26746000000,23950000000,18490000000,30.86,None,94.02,60.83
2025-12-28,AZN,3.01,58127000000.0,30.86,None,0.168,29.59,,None,4081000000,4081000000,,,,,,,,,316000000,2530000000,None,5356000000,5356000000,10593000000,None,None,5876000000,None,None,1327000000,,3.13,0.0168,,,,0.78,0.05,6502000000,7829000000,1.14,2015-09-30,18.05,11430000000,48395002000.0,18594000000,6667000000,1943000000,19997000000,19997000000,None,500000000,None,2193000000,None,None,8276000000,None,None,4706000000,None,None,None,0.241,,12092000000,6502000000,553000000,682000000,None,None,None,,,,,1.067,6.28,4.955,,,,,,,,0.162,,6205000000,2025-11-06,quarterly,1.19,USD,pre-market,3379000000,10707000000,0.0906,0.217,0.12,3.113,8906000000,10947000000,2696000000,496000000,77.41,87.86,4.386,54118000000,13199000000,16036000000,36750000000,40919000000,20714000000,23950000000,17349000000,30.86,None,94.02,60.83
2025-12-28,AZN,3.01,58127000000.0,30.86,None,0.168,29.59,,None,3967000000,3967000000,,,,,,,,,316000000,2530000000,None,5356000000,5356000000,10659000000,None,None,6615000000,None,None,1327000000,,3.13,0.0168,,,,0.78,0.05,6502000000,7829000000,1.14,2015-06-30,18.05,11467000000,48395002000.0,18594000000,6667000000,1943000000,20486000000,20486000000,None,500000000,None,2198000000,None,None,8303000000,None,None,4706000000,None,None,None,0.241,,12092000000,6502000000,501000000,731000000,None,None,None,,,,,1.067,6.28,4.955,,,,,,,,0.162,,6134000000,2025-11-06,quarterly,1.19,USD,pre-market,3379000000,11649000000,0.0906,0.217,0.12,3.113,8906000000,11008000000,2711000000,531000000,77.41,87.86,4.386,55169000000,13812000000,16150000000,36870000000,41357000000,20720000000,23950000000,18279000000,30.86,None,94.02,60.83
2025-12-28,AZN,3.01,58127000000.0,30.86,None,0.168,29.59,,None,3192000000,3192000000,,,,,,,,,316000000,2530000000,None,5356000000,5356000000,10510000000,None,None,6704000000,None,None,1327000000,,3.13,0.0168,,,,0.78,0.05,6502000000,7829000000,1.14,2015-03-31,18.05,11387000000,48395002000.0,18594000000,6667000000,1943000000,20319000000,20319000000,None,500000000,None,1968000000,None,None,8270000000,None,None,4706000000,None,None,None,0.241,,12092000000,6502000000,334000000,602000000,None,None,None,,,,,1.067,6.28,4.955,,,,,,,,0.162,,5913000000,2025-11-06,quarterly,1.19,USD,pre-market,3379000000,10305000000,0.0906,0.217,0.12,3.113,8906000000,10569000000,2316000000,493000000,77.41,87.86,4.386,53701000000,12691000000,15758000000,36745000000,41010000000,20987000000,23950000000,16936000000,30.86,None,94.02,60.83
2025-12-28,AZN,3.01,58127000000.0,30.86,None,0.168,29.59,,None,6360000000,6360000000,,,,,,,,,316000000,2530000000,None,5356000000,5356000000,3492000000,None,933000000,4762000000,None,None,1327000000,,3.13,0.0168,,,,0.78,0.05,6502000000,7829000000,1.14,2014-12-31,18.05,11550000000,48395002000.0,18594000000,6667000000,1943000000,20981000000,20981000000,None,500000000,None,1960000000,None,None,8397000000,None,722000000,4706000000,None,None,None,0.241,,12092000000,6502000000,3595000000,9017000000,None,None,None,,,,,1.067,6.28,4.955,,,,,,,,0.162,,6010000000,2025-11-06,quarterly,1.19,USD,pre-market,3379000000,13029000000,0.0906,0.217,0.12,3.113,8906000000,10843000000,2467000000,795000000,77.41,87.86,4.386,58595000000,16697000000,17330000000,38949000000,41898000000,21619000000,23950000000,19627000000,30.86,None,94.02,60.83
2025-12-28,AZN,3.01,58127000000.0,30.86,None,0.168,29.59,,None,5146000000,5146000000,,,,,,,,,316000000,2528000000,None,5356000000,5356000000,10149000000,None,None,6809000000,None,None,1327000000,,3.13,0.0168,,,,0.78,0.05,6502000000,7829000000,1.14,2014-09-30,18.05,11368000000,48395002000.0,18594000000,6667000000,1943000000,20351000000,20351000000,None,500000000,None,1957000000,None,None,7527000000,None,None,4706000000,None,None,None,0.241,,12092000000,6502000000,356000000,564000000,None,None,None,,,,,1.067,6.28,4.955,,,,,,,,0.162,,5989000000,2025-11-06,quarterly,1.19,USD,pre-market,3379000000,13893000000,0.0906,0.217,0.12,3.113,8906000000,9926000000,2416000000,804000000,77.41,87.86,4.386,56164000000,15072000000,15824000000,35698000000,41092000000,19874000000,23950000000,20445000000,30.86,None,94.02,60.83
2025-12-28,AZN,3.01,58127000000.0,30.86,None,0.168,29.59,,None,4958000000,4958000000,,,,,,,,,316000000,2528000000,None,5356000000,5356000000,10304000000,None,None,7817000000,None,None,1327000000,,3.13,0.0168,,,,0.78,0.05,6502000000,7829000000,1.14,2014-06-30,18.05,11560000000,48395002000.0,18594000000,6667000000,1943000000,21150000000,21150000000,None,500000000,None,2249000000,None,None,7574000000,None,None,4706000000,None,None,None,0.241,,12092000000,6502000000,361000000,679000000,None,None,None,,,,,1.067,6.28,4.955,,,,,,,,0.162,,6150000000,2025-11-06,quarterly,1.19,USD,pre-market,3379000000,15504000000,0.0906,0.217,0.12,3.113,8906000000,10074000000,2512000000,819000000,77.41,87.86,4.386,58539000000,16204000000,16322000000,36487000000,42335000000,20165000000,23950000000,22029000000,30.86,None,94.02,60.83
2025-12-28,AZN,3.01,58127000000.0,30.86,None,0.168,29.59,,None,4379000000,4379000000,,,,,,,,,316000000,2524000000,None,5356000000,5356000000,10626000000,None,None,8579000000,None,None,1327000000,,3.13,0.0168,,,,0.78,0.05,6502000000,7829000000,1.14,2014-03-31,18.05,11601000000,48395002000.0,18594000000,6667000000,1943000000,21532000000,21532000000,None,500000000,None,2163000000,None,None,7553000000,None,None,4706000000,None,None,None,0.241,,12092000000,6502000000,644000000,776000000,None,None,None,,,,,1.067,6.28,4.955,,,,,,,,0.162,,6173000000,2025-11-06,quarterly,1.19,USD,pre-market,3379000000,14992000000,0.0906,0.217,0.12,3.113,8906000000,10340000000,2795000000,777000000,77.41,87.86,4.386,59390000000,16542000000,17513000000,37913000000,42848000000,20400000000,23950000000,21454000000,30.86,None,94.02,60.83
2025-12-28,AZN,3.01,58127000000.0,30.86,None,0.168,29.59,,None,9217000000,9217000000,,,,,,,,,315000000,2512000000,None,5356000000,5356000000,2499000000,None,10379000000,5514000000,None,None,1327000000,,3.13,0.0168,,,,0.78,0.05,6502000000,7829000000,1.14,2013-12-31,18.05,9981000000,48395002000.0,18594000000,6667000000,1943000000,16047000000,16047000000,None,500000000,None,1909000000,None,None,8588000000,None,281000000,4706000000,None,None,None,0.241,,12092000000,6502000000,3634000000,8686000000,None,None,None,,,,,1.067,6.28,4.955,,,,,,,,0.162,,5818000000,2025-11-06,quarterly,1.19,USD,pre-market,3379000000,16960000000,0.0906,0.217,0.12,3.113,8906000000,10376000000,1790000000,796000000,77.41,87.86,4.386,55899000000,20335000000,16051000000,32646000000,35564000000,16595000000,23950000000,23224000000,30.86,None,94.02,60.83
2025-12-28,AZN,3.01,58127000000.0,30.86,None,0.168,29.59,,None,7453000000,7453000000,,,,,,,,,314000000,2508000000,None,5356000000,5356000000,9242000000,None,None,7294000000,None,None,1327000000,,3.13,0.0168,,,,0.78,0.05,6502000000,7829000000,1.14,2013-09-30,18.05,9943000000,48395002000.0,18594000000,6667000000,1943000000,17256000000,17256000000,None,500000000,None,2075000000,None,None,8566000000,None,None,4706000000,None,None,None,0.241,,12092000000,6502000000,1106000000,579000000,None,None,None,,,,,1.067,6.28,4.955,,,,,,,,0.162,,5728000000,2025-11-06,quarterly,1.19,USD,pre-market,3379000000,17200000000,0.0906,0.217,0.12,3.113,8906000000,10275000000,1710000000,864000000,77.41,87.86,4.386,54121000000,18792000000,14675000000,30674000000,35329000000,15999000000,23950000000,23248000000,30.86,None,94.02,60.83
2025-12-28,AZN,3.01,58127000000.0,30.86,None,0.168,29.59,,None,8252000000,8252000000,,,,,,,,,313000000,2508000000,None,5356000000,5356000000,9642000000,None,None,7268000000,None,None,1327000000,,3.13,0.0168,,,,0.78,0.05,6502000000,7829000000,1.14,2013-06-30,18.05,9958000000,48395002000.0,18594000000,6667000000,1943000000,16391000000,16391000000,None,500000000,None,2089000000,None,None,8506000000,None,None,4706000000,None,None,None,0.241,,12092000000,6502000000,946000000,684000000,None,None,None,,,,,1.067,6.28,4.955,,,,,,,,0.162,,5665000000,2025-11-06,quarterly,1.19,USD,pre-market,3379000000,17184000000,0.0906,0.217,0.12,3.113,8906000000,10386000000,1880000000,839000000,77.41,87.86,4.386,53987000000,19394000000,15197000000,30575000000,34593000000,15378000000,23950000000,23216000000,30.86,None,94.02,60.83
2025-12-28,AZN,3.01,58127000000.0,30.86,None,0.168,29.59,,None,7234000000,7234000000,,,,,,,,,313000000,2500000000,None,5356000000,5356000000,9465000000,None,None,7520000000,None,None,1327000000,,3.13,0.0168,,,,0.78,0.05,6502000000,7829000000,1.14,2013-03-31,18.05,9881000000,48395002000.0,18594000000,6667000000,1943000000,16051000000,16051000000,None,500000000,None,2039000000,None,None,9320000000,None,None,4706000000,None,None,None,0.241,,12092000000,6502000000,756000000,690000000,None,None,None,,,,,1.067,6.28,4.955,,,,,,,,0.162,,5882000000,2025-11-06,quarterly,1.19,USD,pre-market,3379000000,16368000000,0.0906,0.217,0.12,3.113,8906000000,10209000000,889000000,795000000,77.41,87.86,4.386,52329000000,18344000000,13862000000,29841000000,33985000000,15979000000,23950000000,22292000000,30.86,None,94.02,60.83
2025-12-28,AZN,3.01,58127000000.0,30.86,None,0.168,29.59,,None,7701000000,7701000000,,,,,,,,,312000000,2496000000,None,5356000000,5356000000,2449000000,None,None,7629000000,None,None,1327000000,,3.13,0.0168,,,,0.78,0.05,6502000000,7829000000,1.14,2012-12-31,18.05,9898000000,48395002000.0,18594000000,6667000000,1943000000,16448000000,16448000000,None,500000000,None,2061000000,None,None,9409000000,None,None,4706000000,None,None,None,0.241,,12092000000,6502000000,8764000000,7691000000,None,None,None,,,,,1.067,6.28,4.955,,,,,,,,0.162,,6089000000,2025-11-06,quarterly,1.19,USD,pre-market,3379000000,17961000000,0.0906,0.217,0.12,3.113,8906000000,10310000000,901000000,823000000,77.41,87.86,4.386,53534000000,19048000000,13903000000,29582000000,34486000000,15679000000,23950000000,23737000000,30.86,None,94.02,60.83
2025-12-28,AZN,3.01,58127000000.0,30.86,None,0.168,29.59,,None,6017000000,6017000000,,,,,,,,,312000000,2504000000,None,5356000000,5356000000,8629000000,None,None,None,None,None,1327000000,,3.13,0.0168,,,,0.78,0.05,6502000000,7829000000,1.14,2012-09-30,18.05,9898000000,48395002000.0,18594000000,6667000000,1943000000,16677000000,16677000000,None,500000000,None,2090000000,None,None,9347000000,None,None,4706000000,None,None,None,0.241,,12092000000,6502000000,9123000000,1006000000,None,None,None,,,,,1.067,6.28,4.955,,,,,,,,0.162,,6094000000,2025-11-06,quarterly,1.19,USD,pre-market,3379000000,16334000000,0.0906,0.217,0.12,3.113,8906000000,10913000000,1566000000,799000000,77.41,87.86,4.386,52448000000,18029000000,14128000000,30187000000,34419000000,16059000000,23950000000,22038000000,30.86,None,94.02,60.83
2025-12-28,AZN,3.01,58127000000.0,30.86,None,0.168,29.59,,None,7641000000,7641000000,,,,,,,,,315000000,2538000000,None,5356000000,5356000000,8972000000,None,None,None,None,None,1327000000,,3.13,0.0168,,,,0.78,0.05,6502000000,7829000000,1.14,2012-06-30,18.05,9887000000,48395002000.0,18594000000,6667000000,1943000000,13609000000,13609000000,None,500000000,None,2039000000,None,None,7310000000,None,None,4706000000,None,None,None,0.241,,12092000000,6502000000,8542000000,1083000000,None,None,None,,,,,1.067,6.28,4.955,,,,,,,,0.162,,6047000000,2025-11-06,quarterly,1.19,USD,pre-market,3379000000,16412000000,0.0906,0.217,0.12,3.113,8906000000,9318000000,2008000000,1555000000,77.41,87.86,4.386,51390000000,19777000000,14801000000,29150000000,31613000000,14349000000,23950000000,22026000000,30.86,None,94.02,60.83
2025-12-28,AZN,3.01,58127000000.0,30.86,None,0.168,29.59,,None,6332000000,6332000000,,,,,,,,,318000000,2570000000,None,5356000000,5356000000,8945000000,None,None,8511000000,None,None,1327000000,,3.13,0.0168,,,,0.78,0.05,6502000000,7829000000,1.14,2012-03-31,18.05,9871000000,48395002000.0,18594000000,6667000000,1943000000,11027000000,11027000000,None,500000000,None,2040000000,None,None,7377000000,None,None,4706000000,None,None,None,0.241,,12092000000,6502000000,1040000000,1683000000,None,None,None,,,,,1.067,6.28,4.955,,,,,,,,0.162,,6335000000,2025-11-06,quarterly,1.19,USD,pre-market,3379000000,16026000000,0.0906,0.217,0.12,3.113,8906000000,9383000000,2006000000,3637000000,77.41,87.86,4.386,50763000000,21560000000,15800000000,29042000000,29203000000,13242000000,23950000000,21516000000,30.86,None,94.02,60.83
2025-12-28,AZN,3.01,58127000000.0,30.86,None,0.168,29.59,,None,7571000000,7571000000,,,,,,,,,323000000,2634000000,None,5356000000,5356000000,8975000000,None,None,8754000000,None,None,1327000000,,3.13,0.0168,,,,0.78,0.05,6502000000,7829000000,1.14,2011-12-31,18.05,9862000000,48395002000.0,18594000000,6667000000,1943000000,10980000000,10980000000,None,500000000,None,1852000000,None,None,7338000000,None,None,4706000000,None,None,None,0.241,,12092000000,6502000000,1081000000,1397000000,None,None,None,,,,,1.067,6.28,4.955,,,,,,,,0.162,,6425000000,2025-11-06,quarterly,1.19,USD,pre-market,3379000000,17894000000,0.0906,0.217,0.12,3.113,8906000000,9328000000,1990000000,4248000000,77.41,87.86,4.386,52830000000,23506000000,15752000000,29358000000,29324000000,13606000000,23950000000,23246000000,30.86,None,94.02,60.83
2025-12-28,AZN,3.01,58127000000.0,30.86,None,0.168,29.59,,None,9860000000,9860000000,,,,,,,,,332000000,2718000000,None,5356000000,5356000000,8028000000,None,None,None,None,None,1327000000,,3.13,0.0168,,,,0.78,0.05,6502000000,7829000000,1.14,2011-09-30,18.05,9874000000,48395002000.0,18594000000,6667000000,1943000000,11661000000,11661000000,None,500000000,None,1955000000,None,None,7394000000,None,None,4706000000,None,None,None,0.241,,12092000000,6502000000,9728000000,1083000000,None,None,None,,,,,1.067,6.28,4.955,,,,,,,,0.162,,6526000000,2025-11-06,quarterly,1.19,USD,pre-market,3379000000,18614000000,0.0906,0.217,0.12,3.113,8906000000,9449000000,2055000000,924000000,77.41,87.86,4.386,52576000000,22467000000,14657000000,28422000000,30109000000,13765000000,23950000000,23931000000,30.86,None,94.02,60.83
2025-12-28,AZN,3.01,58127000000.0,30.86,None,0.168,29.59,,None,9613000000,9613000000,,,,,,,,,341000000,2774000000,None,5356000000,5356000000,8513000000,None,None,None,None,None,1327000000,,3.13,0.0168,,,,0.78,0.05,6502000000,7829000000,1.14,2011-06-30,18.05,9877000000,48395002000.0,18594000000,6667000000,1943000000,12072000000,12072000000,None,500000000,None,2021000000,None,None,9210000000,None,None,4706000000,None,None,None,0.241,,12092000000,6502000000,10378000000,1293000000,None,None,None,,,,,1.067,6.28,4.955,,,,,,,,0.162,,6832000000,2025-11-06,quarterly,1.19,USD,pre-market,3379000000,18340000000,0.0906,0.217,0.12,3.113,8906000000,9582000000,372000000,679000000,77.41,87.86,4.386,53406000000,22691000000,13838000000,29591000000,30715000000,15753000000,23950000000,23606000000,30.86,None,94.02,60.83
2025-12-28,AZN,3.01,58127000000.0,30.86,None,0.168,29.59,,None,11068000000,11068000000,,,,,,,,,352000000,1404000000,None,5356000000,5356000000,2580000000,None,None,10782000000,None,None,1327000000,,3.13,0.0168,,,,0.78,0.05,6502000000,7829000000,1.14,2011-03-31,18.05,9871000000,48395002000.0,18594000000,6667000000,1943000000,12158000000,12158000000,None,500000000,None,1682000000,None,None,9159000000,None,None,4706000000,None,None,None,0.241,,12092000000,6502000000,10899000000,14082000000,None,None,None,,,,,1.067,6.28,4.955,,,,,,,,0.162,,6957000000,2025-11-06,quarterly,1.19,USD,pre-market,3379000000,18272000000,0.0906,0.217,0.12,3.113,8906000000,9222000000,125000000,1482000000,77.41,87.86,4.386,56127000000,25131000000,16787000000,32717000000,30996000000,15930000000,23950000000,23213000000,30.86,None,94.02,60.83
2025-12-28,AZN,3.01,58127000000.0,30.86,None,0.168,29.59,,None,11068000000,11068000000,,,,,,,,,352000000,2874000000,None,5356000000,5356000000,2257000000,None,None,-725000000,None,None,1327000000,,3.13,0.0168,,,,0.78,0.05,6502000000,7829000000,1.14,2010-12-31,18.05,9871000000,48395002000.0,18594000000,6667000000,1943000000,12158000000,12158000000,None,500000000,None,1682000000,None,None,9097000000,None,None,4706000000,None,None,None,0.241,,12092000000,6502000000,11624000000,7507000000,None,None,None,,,,,1.067,6.28,4.955,,,,,,,,0.162,,6957000000,2025-11-06,quarterly,1.19,USD,pre-market,3379000000,18272000000,0.0906,0.217,0.12,3.113,8906000000,9222000000,125000000,1482000000,77.41,87.86,4.386,56127000000,25131000000,16787000000,32717000000,30996000000,15930000000,23950000000,23213000000,30.86,None,94.02,60.83
2025-12-28,AZN,3.01,58127000000.0,30.86,None,0.168,29.59,,None,10010000000,10010000000,,,,,,,,,356000000,2892000000,None,5356000000,5356000000,7796000000,None,None,7735000000,None,None,1327000000,,3.13,0.0168,,,,0.78,0.05,6502000000,7829000000,1.14,2010-09-30,18.05,9878000000,48395002000.0,18594000000,6667000000,1943000000,12945000000,12945000000,None,500000000,None,1810000000,None,None,9231000000,None,None,4706000000,None,None,None,0.241,,12092000000,6502000000,3497000000,966000000,None,None,None,,,,,1.067,6.28,4.955,,,,,,,,0.162,,7096000000,2025-11-06,quarterly,1.19,USD,pre-market,3379000000,17233000000,0.0906,0.217,0.12,3.113,8906000000,10906000000,1376000000,1517000000,77.41,87.86,4.386,56390000000,24569000000,16852000000,34078000000,31821000000,17226000000,23950000000,22125000000,30.86,None,94.02,60.83
2025-12-28,AZN,3.01,58127000000.0,30.86,None,0.168,29.59,,None,9088000000,9088000000,,,,,,,,,360000000,2900000000,None,5356000000,5356000000,7362000000,None,None,None,None,None,1327000000,,3.13,0.0168,,,,0.78,0.05,6502000000,7829000000,1.14,2010-06-30,18.05,9846000000,48395002000.0,18594000000,6667000000,1943000000,12832000000,12832000000,None,500000000,None,1689000000,None,None,9043000000,None,None,4706000000,None,None,None,0.241,,12092000000,6502000000,10635000000,1148000000,None,None,None,,,,,1.067,6.28,4.955,,,,,,,,0.162,,6824000000,2025-11-06,quarterly,1.19,USD,pre-market,3379000000,17420000000,0.0906,0.217,0.12,3.113,8906000000,1490000000,1275000000,1964000000,77.41,87.86,4.386,54647000000,23376000000,16304000000,32382000000,31271000000,16078000000,23950000000,22091000000,30.86,None,94.02,60.83
2025-12-28,AZN,3.01,58127000000.0,30.86,None,0.168,29.59,,None,7366000000,7366000000,,,,,,,,,362000000,2916000000,None,5356000000,5356000000,8507000000,None,None,None,None,None,1327000000,,3.13,0.0168,,,,0.78,0.05,6502000000,7829000000,1.14,2010-03-31,18.05,9866000000,48395002000.0,18594000000,6667000000,1943000000,13040000000,13040000000,None,500000000,None,1780000000,None,None,9055000000,None,None,4706000000,None,None,None,0.241,,12092000000,6502000000,11171000000,1176000000,None,None,None,,,,,1.067,6.28,4.955,,,,,,,,0.162,,7067000000,2025-11-06,quarterly,1.19,USD,pre-market,3379000000,16137000000,0.0906,0.217,0.12,3.113,8906000000,10565000000,1277000000,2030000000,77.41,87.86,4.386,54075000000,22347000000,16994000000,33187000000,31728000000,16193000000,23950000000,20727000000,30.86,None,94.02,60.83
2025-12-28,AZN,3.01,58127000000.0,30.86,None,0.168,29.59,,None,9918000000,9918000000,,,,,,,,,363000000,2898000000,None,5356000000,5356000000,2658000000,None,None,-24000000,None,None,1327000000,,3.13,0.0168,,,,0.78,0.05,6502000000,7829000000,1.14,2009-12-31,18.05,9889000000,48395002000.0,18594000000,6667000000,1943000000,12226000000,12226000000,None,500000000,None,1750000000,None,None,9137000000,None,None,4706000000,None,None,None,0.241,,12092000000,6502000000,10608000000,7328000000,None,None,None,,,,,1.067,6.28,4.955,,,,,,,,0.162,,7307000000,2025-11-06,quarterly,1.19,USD,pre-market,3379000000,16198000000,0.0906,0.217,0.12,3.113,8906000000,2170000000,1926000000,1508000000,77.41,87.86,4.386,54920000000,23760000000,17640000000,34099000000,31160000000,16459000000,23950000000,20660000000,30.86,None,94.02,60.83
2025-12-28,AZN,3.01,58127000000.0,30.86,None,0.168,29.59,,None,7794000000,7794000000,,,,,,,,,363000000,2906000000,None,5356000000,5356000000,7385000000,None,None,None,None,None,1327000000,,3.13,0.0168,,,,0.78,0.05,6502000000,7829000000,1.14,2009-09-30,18.05,9893000000,48395002000.0,18594000000,6667000000,1943000000,12230000000,12230000000,None,500000000,None,1898000000,None,None,10290000000,None,None,4706000000,None,None,None,0.241,,12092000000,6502000000,10808000000,1160000000,None,None,None,,,,,1.067,6.28,4.955,,,,,,,,0.162,,7363000000,2025-11-06,quarterly,1.19,USD,pre-market,3379000000,14988000000,0.0906,0.217,0.12,3.113,8906000000,11504000000,980000000,40000000,77.41,87.86,4.386,51899000000,20540000000,15116000000,32346000000,31359000000,17230000000,23950000000,19394000000,30.86,None,94.02,60.83
2025-12-28,AZN,3.01,58127000000.0,30.86,None,0.168,29.59,,None,7195000000,7195000000,,,,,,,,,362000000,2896000000,None,5356000000,5356000000,7366000000,None,None,7361000000,None,None,1327000000,,3.13,0.0168,,,,0.78,0.05,6502000000,7829000000,1.14,2009-06-30,18.05,9887000000,48395002000.0,18594000000,6667000000,1943000000,12098000000,12098000000,None,500000000,None,1866000000,None,None,10163000000,None,None,4706000000,None,None,None,0.241,,12092000000,6502000000,2662000000,1022000000,None,None,None,,,,,1.067,6.28,4.955,,,,,,,,0.162,,7262000000,2025-11-06,quarterly,1.19,USD,pre-market,3379000000,13437000000,0.0906,0.217,0.12,3.113,8906000000,11820000000,1498000000,42000000,77.41,87.86,4.386,50200000000,19126000000,15143000000,32258000000,31074000000,17115000000,23950000000,17796000000,30.86,None,94.02,60.83
2025-12-28,AZN,3.01,58127000000.0,30.86,None,0.168,29.59,,None,4441000000,4441000000,,,,,,,,,362000000,2896000000,None,5356000000,5356000000,7150000000,None,None,None,None,None,1327000000,,3.13,0.0168,,,,0.78,0.05,6502000000,7829000000,1.14,2009-03-31,18.05,9855000000,48395002000.0,18594000000,6667000000,1943000000,12040000000,12040000000,None,500000000,None,1702000000,None,None,10006000000,None,None,4706000000,None,None,None,0.241,,12092000000,6502000000,9660000000,604000000,None,None,None,,,,,1.067,6.28,4.955,,,,,,,,0.162,,6820000000,2025-11-06,quarterly,1.19,USD,pre-market,3379000000,11022000000,0.0906,0.217,0.12,3.113,8906000000,11767000000,1628000000,49000000,77.41,87.86,4.386,46515000000,15852000000,14049000000,30986000000,30663000000,16937000000,23950000000,15383000000,30.86,None,94.02,60.83
2025-12-28,AZN,3.01,58127000000.0,30.86,None,0.168,29.59,,None,4286000000,4286000000,,,,,,,,,362000000,2894000000,None,5356000000,5356000000,7178000000,None,None,None,None,None,1327000000,,3.13,0.0168,,,,0.78,0.05,6502000000,7829000000,1.14,2008-12-31,18.05,9874000000,48395002000.0,18594000000,6667000000,1943000000,12323000000,12323000000,None,500000000,None,1636000000,None,None,10855000000,None,None,4706000000,None,None,None,0.241,,12092000000,6502000000,9842000000,600000000,None,None,None,,,,,1.067,6.28,4.955,,,,,,,,0.162,,7043000000,2025-11-06,quarterly,1.19,USD,pre-market,3379000000,11572000000,0.0906,0.217,0.12,3.113,8906000000,11848000000,993000000,388000000,77.41,87.86,4.386,46784000000,16152000000,13320000000,30724000000,30632000000,17404000000,23950000000,15912000000,30.86,None,94.02,60.83
2025-12-28,AZN,3.01,58127000000.0,30.86,None,0.168,29.59,,None,3541000000,3541000000,,,,,,,,,362000000,2894000000,None,5356000000,5356000000,6939000000,None,None,7181000000,None,None,1327000000,,3.13,0.0168,,,,0.78,0.05,6502000000,7829000000,1.14,2008-09-30,18.05,9870000000,48395002000.0,18594000000,6667000000,1943000000,13223000000,13223000000,None,500000000,None,2083000000,None,None,10826000000,None,None,4706000000,None,None,None,0.241,,12092000000,6502000000,2710000000,435000000,None,None,None,,,,,1.067,6.28,4.955,,,,,,,,0.162,,7830000000,2025-11-06,quarterly,1.19,USD,pre-market,3379000000,11823000000,0.0906,0.217,0.12,3.113,8906000000,13372000000,2546000000,55000000,77.41,87.86,4.386,48204000000,15570000000,14456000000,31972000000,32634000000,17516000000,23950000000,16105000000,30.86,None,94.02,60.83
2025-12-28,AZN,3.01,58127000000.0,30.86,None,0.168,29.59,,None,4340000000,4340000000,,,,,,,,,363000000,2914000000,None,5356000000,5356000000,7409000000,None,None,9809000000,None,None,1327000000,,3.13,0.0168,,,,0.78,0.05,6502000000,7829000000,1.14,2008-06-30,18.05,9903000000,48395002000.0,18594000000,6667000000,1943000000,13638000000,13638000000,None,500000000,None,2269000000,None,None,11032000000,None,None,4706000000,None,None,None,0.241,,12092000000,6502000000,9809000000,484000000,None,None,None,,,,,1.067,6.28,4.955,,,,,,,,0.162,,8479000000,2025-11-06,quarterly,1.19,USD,pre-market,3379000000,11801000000,0.0906,0.217,0.12,3.113,8906000000,14873000000,3841000000,58000000,77.41,87.86,4.386,50202000000,16476000000,15991000000,34107000000,33726000000,18116000000,23950000000,15974000000,30.86,None,94.02,60.83
2025-12-28,AZN,3.01,58127000000.0,30.86,None,0.168,29.59,,None,2920000000,2920000000,,,,,,,,,364000000,2914000000,None,5356000000,5356000000,7194000000,None,None,7054000000,None,None,1327000000,,3.13,0.0168,,,,0.78,0.05,6502000000,7829000000,1.14,2008-03-31,18.05,9906000000,48395002000.0,18594000000,6667000000,1943000000,13778000000,13778000000,None,500000000,None,2169000000,None,None,11116000000,None,None,4706000000,None,None,None,0.241,,12092000000,6502000000,2254000000,531000000,None,None,None,,,,,1.067,6.28,4.955,,,,,,,,0.162,,8486000000,2025-11-06,quarterly,1.19,USD,pre-market,3379000000,10585000000,0.0906,0.217,0.12,3.113,8906000000,15002000000,3886000000,55000000,77.41,87.86,4.386,48458000000,14452000000,15682000000,33591000000,34006000000,17909000000,23950000000,14720000000,30.86,None,94.02,60.83
2025-12-28,AZN,3.01,58127000000.0,30.86,None,0.168,29.59,,None,5867000000,5867000000,,,,,,,,,364000000,2914000000,None,5356000000,5356000000,3497000000,None,None,8919000000,None,None,1327000000,,3.13,0.0168,,,,0.78,0.05,6502000000,7829000000,1.14,2007-12-31,18.05,9884000000,48395002000.0,18594000000,6667000000,1943000000,11467000000,11467000000,None,500000000,None,2119000000,None,None,10876000000,None,None,4706000000,None,None,None,0.241,,12092000000,6502000000,9005000000,5238000000,None,None,None,,,,,1.067,6.28,4.955,,,,,,,,0.162,,8298000000,2025-11-06,quarterly,1.19,USD,pre-market,3379000000,10624000000,0.0906,0.217,0.12,3.113,8906000000,15156000000,4280000000,91000000,77.41,87.86,4.386,47957000000,17082000000,15187000000,33042000000,30875000000,17855000000,23950000000,14778000000,30.86,None,94.02,60.83
2025-12-28,AZN,3.01,58127000000.0,30.86,None,0.168,29.59,,None,3428000000,3428000000,,,,,,,,,369000000,2914000000,None,5356000000,5356000000,6632000000,None,None,6492000000,None,None,1327000000,,3.13,0.0168,,,,0.78,0.05,6502000000,7829000000,1.14,2007-09-30,18.05,9713000000,48395002000.0,18594000000,6667000000,1943000000,11682000000,11682000000,None,500000000,None,2558000000,None,None,8994000000,None,None,4706000000,None,None,None,0.241,,12092000000,6502000000,2111000000,100000000,None,None,None,,,,,1.067,6.28,4.955,,,,,,,,0.162,,8316000000,2025-11-06,quarterly,1.19,USD,pre-market,3379000000,10510000000,0.0906,0.217,0.12,3.113,8906000000,14397000000,5403000000,102000000,77.41,87.86,4.386,45950000000,14691000000,15528000000,31208000000,31259000000,15680000000,23950000000,14614000000,30.86,None,94.02,60.83
2025-12-28,AZN,3.01,58127000000.0,30.86,None,0.168,29.59,,None,4951000000,4951000000,,,,,,,,,374000000,3054000000,None,5356000000,5356000000,7025000000,None,None,8204000000,None,None,1327000000,,3.13,0.0168,,,,0.78,0.05,6502000000,7829000000,1.14,2007-06-30,18.05,9698000000,48395002000.0,18594000000,6667000000,1943000000,11723000000,11723000000,None,500000000,None,2563000000,None,None,1057000000,None,None,4706000000,None,None,None,0.241,,12092000000,6502000000,8204000000,154000000,None,None,None,,,,,1.067,6.28,4.955,,,,,,,,0.162,,8161000000,2025-11-06,quarterly,1.19,USD,pre-market,3379000000,10763000000,0.0906,0.217,0.12,3.113,8906000000,15399000000,14342000000,360000000,77.41,87.86,4.386,47600000000,16078000000,24933000000,32633000000,31522000000,7700000000,23950000000,14847000000,30.86,None,94.02,60.83
2025-12-28,AZN,3.01,58127000000.0,30.86,None,0.168,29.59,,None,5567000000,5567000000,,,,,,,,,378000000,3062000000,None,5356000000,5356000000,6913000000,None,None,6238000000,None,None,1327000000,,3.13,0.0168,,,,0.78,0.05,6502000000,7829000000,1.14,2007-03-31,18.05,1102000000,48395002000.0,18594000000,6667000000,1943000000,3345000000,3345000000,None,500000000,None,2294000000,None,None,1087000000,None,None,4706000000,None,None,None,0.241,,12092000000,6502000000,1338000000,99000000,None,None,None,,,,,1.067,6.28,4.955,,,,,,,,0.162,,7420000000,2025-11-06,quarterly,1.19,USD,pre-market,3379000000,9941000000,0.0906,0.217,0.12,3.113,8906000000,1146000000,59000000,849000000,77.41,87.86,4.386,29565000000,16286000000,10349000000,15543000000,13279000000,5194000000,23950000000,13907000000,30.86,None,94.02,60.83
2025-12-28,AZN,3.01,58127000000.0,30.86,None,0.168,29.59,,None,7103000000,7103000000,,,,,,,,,383000000,3054000000,None,5356000000,5356000000,3482000000,None,None,6926000000,None,None,1327000000,,3.13,0.0168,,,,0.78,0.05,6502000000,7829000000,1.14,2006-12-31,18.05,1097000000,48395002000.0,18594000000,6667000000,1943000000,3107000000,3107000000,None,500000000,None,2250000000,None,None,1087000000,None,None,4706000000,None,None,None,0.241,,12092000000,6502000000,7002000000,4624000000,None,None,None,,,,,1.067,6.28,4.955,,,,,,,,0.162,,7453000000,2025-11-06,quarterly,1.19,USD,pre-market,3379000000,11348000000,0.0906,0.217,0.12,3.113,8906000000,1223000000,136000000,581000000,77.41,87.86,4.386,29932000000,16936000000,9447000000,14516000000,12996000000,5069000000,23950000000,15304000000,30.86,None,94.02,60.83
2025-12-28,AZN,3.01,58127000000.0,30.86,None,0.168,29.59,,None,5756000000,5756000000,,,,,,,,,388000000,3054000000,None,5356000000,5356000000,5780000000,None,None,None,None,None,1327000000,,3.13,0.0168,,,,0.78,0.05,6502000000,7829000000,1.14,2006-09-30,18.05,None,48395002000.0,18594000000,6667000000,1943000000,4710000000,4710000000,None,500000000,None,2209000000,None,None,1089000000,None,None,4706000000,None,None,None,0.241,,12092000000,6502000000,6055000000,2195000000,None,None,None,,,,,1.067,6.28,4.955,,,,,,,,0.162,,7297000000,2025-11-06,quarterly,1.19,USD,pre-market,3379000000,10819000000,0.0906,0.217,0.12,3.113,8906000000,1202000000,113000000,413000000,77.41,87.86,4.386,28122000000,14433000000,8088000000,13339000000,13689000000,5251000000,23950000000,14683000000,30.86,None,94.02,60.83
2025-12-28,AZN,3.01,58127000000.0,30.86,None,0.168,29.59,,None,6076000000,6076000000,,,,,,,,,392000000,3158000000,None,5356000000,5356000000,6572000000,None,None,None,None,None,1327000000,,3.13,0.0168,,,,0.78,0.05,6502000000,7829000000,1.14,2006-06-30,18.05,None,48395002000.0,18594000000,6667000000,1943000000,4609000000,4609000000,None,500000000,None,2211000000,None,None,1046000000,None,None,4706000000,None,None,None,0.241,,12092000000,6502000000,5744000000,1748000000,None,None,None,,,,,1.067,6.28,4.955,,,,,,,,0.162,,7269000000,2025-11-06,quarterly,1.19,USD,pre-market,3379000000,11234000000,0.0906,0.217,0.12,3.113,8906000000,1131000000,85000000,1020000000,77.41,87.86,4.386,28459000000,15051000000,8405000000,13450000000,13408000000,5045000000,23950000000,14910000000,30.86,None,94.02,60.83
2025-12-28,AZN,3.01,58127000000.0,30.86,None,0.168,29.59,,None,7103000000,7103000000,,,,,,,,,383000000,1579000000,None,5356000000,5356000000,6334000000,None,None,5561000000,None,None,1327000000,,3.13,0.0168,,,,0.78,0.05,6502000000,7829000000,1.14,2006-03-31,18.05,None,48395002000.0,18594000000,6667000000,1943000000,4204000000,4204000000,None,500000000,None,2250000000,None,None,1078000000,None,None,4706000000,None,None,None,0.241,,12092000000,6502000000,1365000000,2977000000,None,None,None,,,,,1.067,6.28,4.955,,,,,,,,0.162,,7031000000,2025-11-06,quarterly,1.19,USD,pre-market,3379000000,11348000000,0.0906,0.217,0.12,3.113,8906000000,1223000000,136000000,657000000,77.41,87.86,4.386,29932000000,16936000000,9447000000,14516000000,12996000000,5069000000,23950000000,15304000000,30.86,None,94.02,60.83
2025-12-28,AZN,3.01,58127000000.0,30.86,None,0.168,29.59,,None,545000000,545000000,,,,,,,,,395000000,3158000000,None,5356000000,5356000000,5466000000,None,None,4961000000,None,None,1327000000,,3.13,0.0168,,,,0.78,0.05,6502000000,7829000000,1.14,2005-12-31,18.05,953000000,48395002000.0,18594000000,6667000000,1943000000,2712000000,2712000000,None,500000000,None,2206000000,None,None,1111000000,None,None,4706000000,None,None,None,0.241,,12092000000,6502000000,1624000000,1283000000,None,None,None,,,,,1.067,6.28,4.955,,,,,,,,0.162,,6985000000,2025-11-06,quarterly,1.19,USD,pre-market,3379000000,10679000000,0.0906,0.217,0.12,3.113,8906000000,1201000000,90000000,6058000000,77.41,87.86,4.386,24840000000,13770000000,6839000000,11149000000,11070000000,4310000000,23950000000,13597000000,30.86,None,94.02,60.83
2025-12-28,AZN,3.01,58127000000.0,30.86,None,0.168,29.59,,None,4400000000,4400000000,,,,,,,,,399000000,3158000000,None,5356000000,5356000000,5404000000,None,None,None,None,None,1327000000,,3.13,0.0168,,,,0.78,0.05,6502000000,7829000000,1.14,2005-09-30,18.05,None,48395002000.0,18594000000,6667000000,1943000000,2763000000,2763000000,None,500000000,None,2493000000,None,None,1122000000,None,None,4706000000,None,None,None,0.241,,12092000000,6502000000,4960000000,1215000000,None,None,None,,,,,1.067,6.28,4.955,,,,,,,,0.162,,7262000000,2025-11-06,quarterly,1.19,USD,pre-market,3379000000,10372000000,0.0906,0.217,0.12,3.113,8906000000,1244000000,122000000,1242000000,77.41,87.86,4.386,24527000000,13095000000,6741000000,11158000000,11432000000,4417000000,23950000000,13275000000,30.86,None,94.02,60.83
2025-12-28,AZN,3.01,58127000000.0,30.86,None,0.168,29.59,,1452000000,5488000000,5488000000,,,,,,,,,388000000,3126000000,None,5356000000,5356000000,3640000000,None,2156000000,11235000000,None,None,1327000000,,3.13,0.0168,,,,0.78,0.05,6502000000,7829000000,1.14,2024-12-31,18.05,21025000000,48395002000.0,18594000000,6667000000,1943000000,37177000000,37177000000,None,500000000,None,5288000000,None,None,26506000000,None,None,4706000000,None,None,None,0.241,,12092000000,6502000000,3779000000,19924000000,None,None,None,,,,,1.067,6.28,4.955,,,,,,,,0.162,,None,2025-11-06,annual,1.19,USD,pre-market,3379000000,3160000000,0.0906,0.217,0.12,3.113,8906000000,30114000000,2495000000,37000000,77.41,87.86,4.386,104035000000,25827000000,27866000000,63164000000,78208000000,35298000000,23950000000,40786000000,30.86,None,94.02,60.83
2025-12-28,AZN,3.01,58127000000.0,30.86,None,0.168,29.59,,1128000000,5840000000,5840000000,,,,,,,,,388000000,1562000000,None,5356000000,5356000000,3267000000,None,5129000000,8407000000,None,None,1327000000,,3.13,0.0168,,,,0.78,0.05,6502000000,7829000000,1.14,2023-12-31,18.05,20048000000,48395002000.0,18594000000,6667000000,1943000000,38089000000,38089000000,None,500000000,None,5424000000,None,None,22365000000,None,None,4706000000,None,None,None,0.241,,12092000000,6502000000,5363000000,19799000000,None,None,None,,,,,1.067,6.28,4.955,,,,,,,,0.162,,None,2025-11-06,annual,1.19,USD,pre-market,3379000000,4516000000,0.0906,0.217,0.12,3.113,8906000000,28622000000,5400000000,20000000,77.41,87.86,4.386,101119000000,25054000000,30542000000,61953000000,76065000000,31411000000,23950000000,39143000000,30.86,0,94.02,60.83
2025-12-28,AZN,3.01,58127000000.0,30.86,None,0.168,29.59,,953000000,6166000000,6166000000,,,,,,,,,387000000,3120000000,None,5356000000,5356000000,2550000000,None,5314000000,9192000000,None,None,1327000000,,3.13,0.0168,,,,0.78,0.05,6502000000,7829000000,1.14,2022-12-31,18.05,19820000000,48395002000.0,18594000000,6667000000,1943000000,39307000000,39307000000,None,500000000,None,4699000000,None,None,22965000000,None,None,4706000000,None,None,None,0.241,,12092000000,6502000000,2459000000,16926000000,None,None,None,,,,,1.067,6.28,4.955,,,,,,,,0.162,,9449000000,2025-11-06,annual,1.19,USD,pre-market,3379000000,-574000000,0.0906,0.217,0.12,3.113,8906000000,29143000000,5453000000,77000000,77.41,87.86,4.386,96483000000,22593000000,26293000000,59425000000,73890000000,33132000000,23950000000,37037000000,30.86,0,94.02,60.83
2025-12-28,AZN,3.01,58127000000.0,30.86,None,0.168,29.59,,987000000,6329000000,6329000000,,,,,,,,,387000000,2854000000,None,5356000000,5356000000,2824000000,None,1660000000,8132000000,None,None,1327000000,,3.13,0.0168,,,,0.78,0.05,6502000000,7829000000,1.14,2021-12-31,18.05,19997000000,48395002000.0,18594000000,6667000000,1943000000,42387000000,42387000000,None,500000000,None,8983000000,None,None,28134000000,None,None,4706000000,None,None,None,0.241,,12092000000,6502000000,2731000000,16591000000,None,None,None,,,,,1.067,6.28,4.955,,,,,,,,0.162,,10171000000,2025-11-06,annual,1.19,USD,pre-market,3379000000,1710000000,0.0906,0.217,0.12,3.113,8906000000,30688000000,1800000000,69000000,77.41,87.86,4.386,105363000000,26244000000,22594000000,66076000000,79119000000,43482000000,23950000000,39268000000,30.86,0,94.02,60.83
2025-12-28,AZN,3.01,58127000000.0,30.86,None,0.168,29.59,,681000000,7832000000,7832000000,,,,,,,,,328000000,2626000000,None,5356000000,5356000000,2350000000,None,2194000000,5651000000,None,None,1327000000,,3.13,0.0168,,,,0.78,0.05,6502000000,7829000000,1.14,2020-12-31,18.05,11845000000,48395002000.0,18594000000,6667000000,1943000000,20947000000,20947000000,None,500000000,None,4024000000,None,None,17505000000,None,None,4706000000,None,None,None,0.241,,12092000000,6502000000,1877000000,14054000000,None,None,None,,,,,1.067,6.28,4.955,,,,,,,,0.162,,8917000000,2025-11-06,annual,1.19,USD,pre-market,3379000000,5299000000,0.0906,0.217,0.12,3.113,8906000000,20380000000,2386000000,160000000,77.41,87.86,4.386,66729000000,19544000000,20307000000,51091000000,47185000000,30784000000,23950000000,15622000000,30.86,0,94.02,60.83
2025-12-28,AZN,3.01,58127000000.0,30.86,None,0.168,29.59,,675000000,5368000000,5368000000,,,,,,,,,328000000,2602000000,None,5356000000,5356000000,1774000000,None,1822000000,4896000000,None,None,1327000000,,3.13,0.0168,,,,0.78,0.05,6502000000,7829000000,1.14,2019-12-31,18.05,11668000000,48395002000.0,18594000000,6667000000,1943000000,20833000000,20833000000,None,500000000,None,3193000000,None,None,15730000000,None,1512000000,4706000000,None,None,None,0.241,,12092000000,6502000000,1257000000,12649000000,None,None,None,,,,,1.067,6.28,4.955,,,,,,,,0.162,,8335000000,2025-11-06,annual,1.19,USD,pre-market,3379000000,2812000000,0.0906,0.217,0.12,3.113,8906000000,18227000000,2010000000,849000000,77.41,87.86,4.386,61377000000,15563000000,18117000000,46781000000,45814000000,28664000000,23950000000,13127000000,30.86,0,94.02,60.83
2025-12-28,AZN,3.01,58127000000.0,30.86,None,0.168,29.59,,0,4831000000,4831000000,,,,,,,,,317000000,2534000000,None,5356000000,5356000000,1720000000,None,1754000000,2995000000,None,None,1327000000,,3.13,0.0168,,,,0.78,0.05,6502000000,7829000000,1.14,2018-12-31,18.05,11707000000,48395002000.0,18594000000,6667000000,1943000000,21959000000,21959000000,None,500000000,None,2890000000,None,None,17359000000,None,978000000,4706000000,None,None,None,0.241,,12092000000,6502000000,4026000000,11627000000,None,None,None,,,,,1.067,6.28,4.955,,,,,,,,0.162,,7421000000,2025-11-06,annual,1.19,USD,pre-market,3379000000,5683000000,0.0906,0.217,0.12,3.113,8906000000,19113000000,1781000000,849000000,77.41,87.86,4.386,60651000000,15591000000,16292000000,46607000000,45060000000,30315000000,23950000000,12468000000,30.86,0,94.02,60.83
2025-12-28,AZN,3.01,58127000000.0,30.86,None,0.168,29.59,,5000000,3324000000,3324000000,,,,,,,,,317000000,2534000000,None,5356000000,5356000000,2285000000,None,2242000000,2802000000,None,None,1327000000,,3.13,0.0168,,,,0.78,0.05,6502000000,7829000000,1.14,2017-12-31,18.05,11825000000,48395002000.0,18594000000,6667000000,1943000000,26188000000,26188000000,None,500000000,None,3035000000,None,None,15560000000,None,1120000000,4706000000,None,None,None,0.241,,12092000000,6502000000,2759000000,10477000000,None,None,None,,,,,1.067,6.28,4.955,,,,,,,,0.162,,7615000000,2025-11-06,annual,1.19,USD,pre-market,3379000000,8221000000,0.0906,0.217,0.12,3.113,8906000000,17807000000,2271000000,1230000000,77.41,87.86,4.386,63354000000,13150000000,16383000000,46712000000,50204000000,30329000000,23950000000,14960000000,30.86,0,94.02,60.83
2025-12-28,AZN,3.01,58127000000.0,30.86,None,0.168,29.59,,93000000,5018000000,5018000000,,,,,,,,,316000000,2532000000,None,5356000000,5356000000,1680000000,None,2220000000,2583000000,None,None,1327000000,,3.13,0.0168,,,,0.78,0.05,6502000000,7829000000,1.14,2016-12-31,18.05,11658000000,48395002000.0,18594000000,6667000000,1943000000,27586000000,27586000000,None,500000000,None,2334000000,None,None,14495000000,None,891000000,4706000000,None,None,None,0.241,,12092000000,6502000000,2424000000,9871000000,None,None,None,,,,,1.067,6.28,4.955,,,,,,,,0.162,,6848000000,2025-11-06,annual,1.19,USD,pre-market,3379000000,8140000000,0.0906,0.217,0.12,3.113,8906000000,16808000000,2325000000,884000000,77.41,87.86,4.386,62526000000,13262000000,15256000000,45857000000,49264000000,30601000000,23950000000,14854000000,30.86,0,94.02,60.83
2025-12-28,AZN,3.01,58127000000.0,30.86,None,0.168,29.59,,None,6240000000,6240000000,,,,,,,,,316000000,2530000000,None,5356000000,5356000000,3469000000,None,9000000,4633000000,None,None,1327000000,,3.13,0.0168,,,,0.78,0.05,6502000000,7829000000,1.14,2015-12-31,18.05,11868000000,48395002000.0,18594000000,6667000000,1943000000,22646000000,22646000000,None,500000000,None,2143000000,None,None,14109000000,None,669000000,4706000000,None,None,None,0.241,,12092000000,6502000000,2378000000,8992000000,None,None,None,,,,,1.067,6.28,4.955,,,,,,,,0.162,,6413000000,2025-11-06,annual,1.19,USD,pre-market,3379000000,11834000000,0.0906,0.217,0.12,3.113,8906000000,15053000000,925000000,613000000,77.41,87.86,4.386,60124000000,16007000000,14869000000,41615000000,44117000000,26746000000,23950000000,18490000000,30.86,0,94.02,60.83
2025-12-28,AZN,3.01,58127000000.0,30.86,None,0.168,29.59,,None,6360000000,6360000000,,,,,,,,,316000000,2528000000,None,5356000000,5356000000,3492000000,None,933000000,4762000000,None,None,1327000000,,3.13,0.0168,,,,0.78,0.05,6502000000,7829000000,1.14,2014-12-31,18.05,11550000000,48395002000.0,18594000000,6667000000,1943000000,20981000000,20981000000,None,500000000,None,1960000000,None,None,8397000000,None,722000000,4706000000,None,None,None,0.241,,12092000000,6502000000,3595000000,9017000000,None,None,None,,,,,1.067,6.28,4.955,,,,,,,,0.162,,6010000000,2025-11-06,annual,1.19,USD,pre-market,3379000000,13029000000,0.0906,0.217,0.12,3.113,8906000000,10843000000,2467000000,795000000,77.41,87.86,4.386,58595000000,16697000000,17330000000,38949000000,41898000000,21619000000,23950000000,19627000000,30.86,0,94.02,60.83
2025-12-28,AZN,3.01,58127000000.0,30.86,None,0.168,29.59,,None,9217000000,9217000000,,,,,,,,,315000000,2508000000,None,5356000000,5356000000,2499000000,None,10379000000,5514000000,None,None,1327000000,,3.13,0.0168,,,,0.78,0.05,6502000000,7829000000,1.14,2013-12-31,18.05,9981000000,48395002000.0,18594000000,6667000000,1943000000,16047000000,16047000000,None,500000000,None,1909000000,None,None,8588000000,None,281000000,4706000000,None,None,None,0.241,,12092000000,6502000000,3634000000,8686000000,None,None,None,,,,,1.067,6.28,4.955,,,,,,,,0.162,,5818000000,2025-11-06,annual,1.19,USD,pre-market,3379000000,16960000000,0.0906,0.217,0.12,3.113,8906000000,10376000000,1790000000,796000000,77.41,87.86,4.386,55899000000,20335000000,16051000000,32646000000,35564000000,16595000000,23950000000,23224000000,30.86,0,94.02,60.83
2025-12-28,AZN,3.01,58127000000.0,30.86,None,0.168,29.59,,None,7701000000,7701000000,,,,,,,,,312000000,2528000000,None,5356000000,5356000000,2449000000,None,None,7629000000,None,None,1327000000,,3.13,0.0168,,,,0.78,0.05,6502000000,7829000000,1.14,2012-12-31,18.05,9898000000,48395002000.0,18594000000,6667000000,1943000000,16448000000,16448000000,None,500000000,None,2061000000,None,None,9409000000,None,None,4706000000,None,None,None,0.241,,12092000000,6502000000,8764000000,7691000000,None,None,None,,,,,1.067,6.28,4.955,,,,,,,,0.162,,6089000000,2025-11-06,annual,1.19,USD,pre-market,3379000000,17961000000,0.0906,0.217,0.12,3.113,8906000000,10310000000,901000000,823000000,77.41,87.86,4.386,53534000000,19048000000,13903000000,29582000000,34486000000,15679000000,23950000000,23737000000,30.86,0,94.02,60.83
2025-12-28,AZN,3.01,58127000000.0,30.86,None,0.168,29.59,,None,7571000000,7571000000,,,,,,,,,323000000,2734000000,None,5356000000,5356000000,8975000000,None,None,8754000000,None,None,1327000000,,3.13,0.0168,,,,0.78,0.05,6502000000,7829000000,1.14,2011-12-31,18.05,9862000000,48395002000.0,18594000000,6667000000,1943000000,10980000000,10980000000,None,500000000,None,1852000000,None,None,7338000000,None,None,4706000000,None,None,None,0.241,,12092000000,6502000000,1081000000,1397000000,None,None,None,,,,,1.067,6.28,4.955,,,,,,,,0.162,,6425000000,2025-11-06,annual,1.19,USD,pre-market,3379000000,17894000000,0.0906,0.217,0.12,3.113,8906000000,9328000000,1990000000,4248000000,77.41,87.86,4.386,52830000000,23506000000,15752000000,29358000000,29324000000,13606000000,23950000000,23246000000,30.86,None,94.02,60.83
2025-12-28,AZN,3.01,58127000000.0,30.86,None,0.168,29.59,,None,11068000000,11068000000,,,,,,,,,352000000,2892000000,None,5356000000,5356000000,2257000000,None,None,10890000000,None,None,1327000000,,3.13,0.0168,,,,0.78,0.05,6502000000,7829000000,1.14,2010-12-31,18.05,9871000000,48395002000.0,18594000000,6667000000,1943000000,12158000000,12158000000,None,500000000,None,1682000000,None,None,9097000000,None,None,4706000000,None,None,None,0.241,,12092000000,6502000000,11624000000,7507000000,None,None,None,,,,,1.067,6.28,4.955,,,,,,,,0.162,,6957000000,2025-11-06,annual,1.19,USD,pre-market,3379000000,18272000000,0.0906,0.217,0.12,3.113,8906000000,9595000000,125000000,1482000000,77.41,87.86,4.386,56127000000,25131000000,16787000000,32717000000,30996000000,15930000000,23950000000,23213000000,30.86,None,94.02,60.83
2025-12-28,AZN,3.01,58127000000.0,30.86,None,0.168,29.59,,None,9918000000,9918000000,,,,,,,,,363000000,2900000000,None,5356000000,5356000000,2658000000,None,None,-24000000,None,None,1327000000,,3.13,0.0168,,,,0.78,0.05,6502000000,7829000000,1.14,2009-12-31,18.05,9889000000,48395002000.0,18594000000,6667000000,1943000000,12226000000,12226000000,None,500000000,None,1750000000,None,None,9137000000,None,None,4706000000,None,None,None,0.241,,12092000000,6502000000,10608000000,7328000000,None,None,None,,,,,1.067,6.28,4.955,,,,,,,,0.162,,7307000000,2025-11-06,annual,1.19,USD,pre-market,3379000000,16198000000,0.0906,0.217,0.12,3.113,8906000000,11307000000,1926000000,1508000000,77.41,87.86,4.386,54920000000,23760000000,17640000000,34099000000,31160000000,16459000000,23950000000,20660000000,30.86,None,94.02,60.83
2025-12-28,AZN,3.01,58127000000.0,30.86,None,0.168,29.59,,None,4286000000,4286000000,,,,,,,,,362000000,2906000000,None,5356000000,5356000000,7178000000,None,None,10864000000,None,None,1327000000,,3.13,0.0168,,,,0.78,0.05,6502000000,7829000000,1.14,2008-12-31,18.05,9874000000,48395002000.0,18594000000,6667000000,1943000000,12323000000,12323000000,None,500000000,None,1636000000,None,None,10855000000,None,None,4706000000,None,None,None,0.241,,12092000000,6502000000,9842000000,695000000,None,None,None,,,,,1.067,6.28,4.955,,,,,,,,0.162,,7043000000,2025-11-06,annual,1.19,USD,pre-market,3379000000,11572000000,0.0906,0.217,0.12,3.113,8906000000,11848000000,993000000,105000000,77.41,87.86,4.386,46950000000,15869000000,13415000000,30890000000,31081000000,17475000000,23950000000,15912000000,30.86,None,94.02,60.83
2025-12-28,AZN,3.01,58127000000.0,30.86,None,0.168,29.59,,None,5867000000,5867000000,,,,,,,,,364000000,2996000000,None,5356000000,5356000000,3497000000,None,None,6668000000,None,None,1327000000,,3.13,0.0168,,,,0.78,0.05,6502000000,7829000000,1.14,2007-12-31,18.05,9884000000,48395002000.0,18594000000,6667000000,1943000000,11467000000,11467000000,None,500000000,None,2119000000,None,None,10876000000,None,None,4706000000,None,None,None,0.241,,12092000000,6502000000,9005000000,3858000000,None,None,None,,,,,1.067,6.28,4.955,,,,,,,,0.162,,8298000000,2025-11-06,annual,1.19,USD,pre-market,3379000000,10624000000,0.0906,0.217,0.12,3.113,8906000000,15156000000,4280000000,177000000,77.41,87.86,4.386,47957000000,17082000000,15187000000,33042000000,30875000000,17855000000,23950000000,14778000000,30.86,None,94.02,60.83
2025-12-28,AZN,3.01,58127000000.0,30.86,None,0.168,29.59,,None,7103000000,7103000000,,,,,,,,,383000000,3140000000,None,5356000000,5356000000,3482000000,None,None,5561000000,None,None,1327000000,,3.13,0.0168,,,,0.78,0.05,6502000000,7829000000,1.14,2006-12-31,18.05,1097000000,48395002000.0,18594000000,6667000000,1943000000,3107000000,3107000000,None,500000000,None,2250000000,None,None,1087000000,None,None,4706000000,None,None,None,0.241,,12092000000,6502000000,7002000000,2852000000,None,None,None,,,,,1.067,6.28,4.955,,,,,,,,0.162,,7453000000,2025-11-06,annual,1.19,USD,pre-market,3379000000,11348000000,0.0906,0.217,0.12,3.113,8906000000,1223000000,136000000,657000000,77.41,87.86,4.386,29932000000,16936000000,9447000000,14516000000,12996000000,5069000000,23950000000,15304000000,30.86,None,94.02,60.83
2025-12-28,AZN,3.01,58127000000.0,30.86,None,0.168,29.59,,None,4979000000,4979000000,,,,,,,,,395000000,3236000000,None,5356000000,5356000000,5466000000,None,None,4961000000,None,None,1327000000,,3.13,0.0168,,,,0.78,0.05,6502000000,7829000000,1.14,2005-12-31,18.05,953000000,48395002000.0,18594000000,6667000000,1943000000,2712000000,2712000000,None,500000000,None,2206000000,None,None,1111000000,None,None,4706000000,None,None,None,0.241,,12092000000,6502000000,1624000000,2689000000,None,None,None,,,,,1.067,6.28,4.955,,,,,,,,0.162,,6985000000,2025-11-06,annual,1.19,USD,pre-market,3379000000,10679000000,0.0906,0.217,0.12,3.113,8906000000,1201000000,90000000,1624000000,77.41,87.86,4.386,24840000000,13770000000,6839000000,11149000000,11070000000,4310000000,23950000000,13597000000,30.86,None,94.02,60.83
2025-12-28,AZN,3.01,58127000000.0,30.86,None,0.168,29.59,686000000,None,4979000000,4979000000,-2073000000,-2001000000,None,None,None,None,None,None,395000000,3236000000,None,5356000000,5356000000,5466000000,None,None,4961000000,None,None,1327000000,1549000000,3.13,0.0168,1611000000,1611000000,None,0.78,0.05,6502000000,7829000000,1.14,2025-09-30,18.05,953000000,48395002000.0,18594000000,6667000000,1943000000,2712000000,2712000000,None,500000000,None,2206000000,None,None,1111000000,None,None,2533000000,None,None,None,0.241,5134000000,12092000000,6502000000,1624000000,2689000000,None,None,None,None,None,None,None,1.067,6.28,4.955,None,None,None,None,None,-19000000,None,0.162,None,6985000000,2025-11-06,quarterly,1.19,USD,pre-market,3379000000,10679000000,0.0906,0.217,0.12,3.113,8906000000,1201000000,90000000,1624000000,77.41,87.86,4.386,24840000000,13770000000,6839000000,11149000000,11070000000,4310000000,23950000000,13597000000,30.86,None,94.02,60.83
2025-12-28,AZN,3.01,58127000000.0,30.86,None,0.168,29.59,1923000000,None,4979000000,4979000000,518000000,-2108000000,None,None,None,None,None,None,395000000,3236000000,None,5356000000,5356000000,5466000000,None,None,4961000000,None,None,1327000000,1389000000,3.13,0.0168,10000000,10000000,None,0.78,0.05,6502000000,7829000000,1.14,2025-06-30,18.05,953000000,48395002000.0,18594000000,6667000000,1943000000,2712000000,2712000000,None,500000000,None,2206000000,None,None,1111000000,None,None,3127000000,None,None,None,0.241,3386000000,12092000000,6502000000,1624000000,2689000000,None,None,None,None,None,None,None,1.067,6.28,4.955,None,None,None,None,None,-7203000,None,0.162,None,6985000000,2025-11-06,quarterly,1.19,USD,pre-market,3379000000,10679000000,0.0906,0.217,0.12,3.113,8906000000,1201000000,90000000,1624000000,77.41,87.86,4.386,24840000000,13770000000,6839000000,11149000000,11070000000,4310000000,23950000000,13597000000,30.86,None,94.02,60.83
2025-12-28,AZN,3.01,58127000000.0,30.86,None,0.168,29.59,429000000,None,4979000000,4979000000,-2707000000,-1253000000,None,None,None,None,None,None,395000000,3236000000,None,5356000000,5356000000,5466000000,None,None,4961000000,None,None,1327000000,1284000000,3.13,0.0168,3347000000,3347000000,None,0.78,0.05,6502000000,7829000000,1.14,2025-03-31,18.05,953000000,48395002000.0,18594000000,6667000000,1943000000,2712000000,2712000000,None,500000000,None,2206000000,None,None,1111000000,None,None,2916000000,None,None,None,0.241,3713000000,12092000000,6502000000,1624000000,2689000000,None,None,None,None,None,None,None,1.067,6.28,4.955,None,None,None,None,None,-486000000,None,0.162,None,6985000000,2025-11-06,quarterly,1.19,USD,pre-market,3379000000,10679000000,0.0906,0.217,0.12,3.113,8906000000,1201000000,90000000,1624000000,77.41,87.86,4.386,24840000000,13770000000,6839000000,11149000000,11070000000,4310000000,23950000000,13597000000,30.86,None,94.02,60.83
2025-12-28,AZN,3.01,58127000000.0,30.86,None,0.168,29.59,955000000,None,4979000000,4979000000,-671000000,-1181000000,None,None,None,None,None,None,395000000,3236000000,None,5356000000,5356000000,5466000000,None,None,4961000000,None,None,1327000000,714000000,3.13,0.0168,3000000,3000000,None,0.78,0.05,6502000000,7829000000,1.14,2024-12-31,18.05,953000000,48395002000.0,18594000000,6667000000,1943000000,2712000000,2712000000,None,500000000,None,2206000000,None,None,1111000000,None,None,1666000000,None,None,None,0.241,2907000000,12092000000,6502000000,1624000000,2689000000,None,None,None,None,None,None,None,1.067,6.28,4.955,None,None,None,None,None,None,None,0.162,None,6985000000,2025-11-06,quarterly,1.19,USD,pre-market,3379000000,10679000000,0.0906,0.217,0.12,3.113,8906000000,1201000000,90000000,1624000000,77.41,87.86,4.386,24840000000,13770000000,6839000000,11149000000,11070000000,4310000000,23950000000,13597000000,30.86,None,94.02,60.83
2025-12-28,AZN,3.01,58127000000.0,30.86,None,0.168,29.59,1358000000,None,4979000000,4979000000,-4131000000,-1514000000,None,None,None,None,None,None,395000000,3236000000,None,5356000000,5356000000,5466000000,None,None,4961000000,None,None,1327000000,1817000000,3.13,0.0168,1576000000,1576000000,None,0.78,0.05,6502000000,7829000000,1.14,2024-09-30,18.05,953000000,48395002000.0,18594000000,6667000000,1943000000,2712000000,2712000000,None,500000000,None,2206000000,None,None,1111000000,None,None,1828000000,None,None,None,0.241,3383000000,12092000000,6502000000,1624000000,2689000000,None,None,None,None,None,None,None,1.067,6.28,4.955,None,None,None,None,None,None,None,0.162,None,6985000000,2025-11-06,quarterly,1.19,USD,pre-market,3379000000,10679000000,0.0906,0.217,0.12,3.113,8906000000,1201000000,90000000,1624000000,77.41,87.86,4.386,24840000000,13770000000,6839000000,11149000000,11070000000,4310000000,23950000000,13597000000,30.86,None,94.02,60.83
2025-12-28,AZN,3.01,58127000000.0,30.86,None,0.168,29.59,668000000,None,4979000000,4979000000,-1222000000,-2872000000,None,None,None,None,None,None,395000000,3236000000,None,5356000000,5356000000,5466000000,None,None,4961000000,None,None,1327000000,1279000000,3.13,0.0168,17000000,17000000,None,0.78,0.05,6502000000,7829000000,1.14,2024-06-30,18.05,953000000,48395002000.0,18594000000,6667000000,1943000000,2712000000,2712000000,None,500000000,None,2206000000,None,None,1111000000,None,None,2397000000,None,None,None,0.241,3085000000,12092000000,6502000000,1624000000,2689000000,None,None,None,None,None,None,None,1.067,6.28,4.955,None,None,None,None,None,-833000000,None,0.162,None,6985000000,2025-11-06,quarterly,1.19,USD,pre-market,3379000000,10679000000,0.0906,0.217,0.12,3.113,8906000000,1201000000,90000000,1624000000,77.41,87.86,4.386,24840000000,13770000000,6839000000,11149000000,11070000000,4310000000,23950000000,13597000000,30.86,None,94.02,60.83
2025-12-28,AZN,3.01,58127000000.0,30.86,None,0.168,29.59,1605000000,None,4979000000,4979000000,2028000000,-2413000000,None,None,None,None,None,None,395000000,3236000000,None,5356000000,5356000000,5466000000,None,None,4961000000,None,None,1327000000,1255000000,3.13,0.0168,3033000000,3033000000,None,0.78,0.05,6502000000,7829000000,1.14,2024-03-31,18.05,953000000,48395002000.0,18594000000,6667000000,1943000000,2712000000,2712000000,None,500000000,None,2206000000,None,None,1111000000,None,None,2800000000,None,None,None,0.241,2486000000,12092000000,6502000000,1624000000,2689000000,None,None,None,None,None,None,None,1.067,6.28,4.955,None,None,None,None,None,-833000000,None,0.162,None,6985000000,2025-11-06,quarterly,1.19,USD,pre-market,3379000000,10679000000,0.0906,0.217,0.12,3.113,8906000000,1201000000,90000000,1624000000,77.41,87.86,4.386,24840000000,13770000000,6839000000,11149000000,11070000000,4310000000,23950000000,13597000000,30.86,None,94.02,60.83
2025-12-28,AZN,3.01,58127000000.0,30.86,None,0.168,29.59,946000000,None,4979000000,4979000000,-291000000,-1077000000,None,None,-669000000,None,None,None,395000000,3236000000,None,5356000000,5356000000,5466000000,None,None,4961000000,None,None,1327000000,874000000,3.13,0.0168,2000000,2000000,None,0.78,0.05,6502000000,7829000000,1.14,2023-12-31,18.05,953000000,48395002000.0,18594000000,6667000000,1943000000,2712000000,2712000000,None,500000000,None,2206000000,None,None,1111000000,None,None,897000000,None,None,None,0.241,2380000000,12092000000,6502000000,1624000000,2689000000,None,None,None,None,None,None,None,1.067,6.28,4.955,None,None,None,None,None,-833000000,None,0.162,None,6985000000,2025-11-06,quarterly,1.19,USD,pre-market,3379000000,10679000000,0.0906,0.217,0.12,3.113,8906000000,1201000000,90000000,1624000000,77.41,87.86,4.386,24840000000,13770000000,6839000000,11149000000,11070000000,4310000000,23950000000,13597000000,30.86,None,94.02,60.83
2025-12-28,AZN,3.01,58127000000.0,30.86,None,0.168,29.59,879000000,None,4979000000,4979000000,-2726000000,-1221000000,None,None,-669000000,None,None,None,395000000,3236000000,None,5356000000,5356000000,5466000000,None,None,4961000000,None,None,1327000000,1282000000,3.13,0.0168,1410000000,1410000000,None,0.78,0.05,6502000000,7829000000,1.14,2023-09-30,18.05,953000000,48395002000.0,18594000000,6667000000,1943000000,2712000000,2712000000,None,500000000,None,2206000000,None,None,1111000000,None,None,1652000000,None,None,None,0.241,3114000000,12092000000,6502000000,1624000000,2689000000,None,None,None,None,None,None,None,1.067,6.28,4.955,None,None,None,None,None,840000000,None,0.162,None,6985000000,2025-11-06,quarterly,1.19,USD,pre-market,3379000000,10679000000,0.0906,0.217,0.12,3.113,8906000000,1201000000,90000000,1624000000,77.41,87.86,4.386,24840000000,13770000000,6839000000,11149000000,11070000000,4310000000,23950000000,13597000000,30.86,None,94.02,60.83
2025-12-28,AZN,3.01,58127000000.0,30.86,None,0.168,29.59,483000000,None,4979000000,4979000000,-1519000000,-520000000,None,None,None,None,None,None,395000000,3236000000,None,5356000000,5356000000,5466000000,None,None,4961000000,None,None,1327000000,1276000000,3.13,0.0168,22000000,22000000,None,0.78,0.05,6502000000,7829000000,1.14,2023-06-30,18.05,953000000,48395002000.0,18594000000,6667000000,1943000000,2712000000,2712000000,None,500000000,None,2206000000,None,None,1111000000,None,None,2088000000,None,None,None,0.241,1718000000,12092000000,6502000000,1624000000,2689000000,None,None,None,None,None,None,None,1.067,6.28,4.955,None,None,None,None,None,0,None,0.162,None,6985000000,2025-11-06,quarterly,1.19,USD,pre-market,3379000000,10679000000,0.0906,0.217,0.12,3.113,8906000000,1201000000,90000000,1624000000,77.41,87.86,4.386,24840000000,13770000000,6839000000,11149000000,11070000000,4310000000,23950000000,13597000000,30.86,None,94.02,60.83
2025-12-28,AZN,3.01,58127000000.0,30.86,None,0.168,29.59,1470000000,None,4979000000,4979000000,-2031000000,-1246000000,None,None,None,None,None,None,395000000,3236000000,None,5356000000,5356000000,5466000000,None,None,4961000000,None,None,1327000000,1502000000,3.13,0.0168,3047000000,3047000000,None,0.78,0.05,6502000000,7829000000,1.14,2023-03-31,18.05,953000000,48395002000.0,18594000000,6667000000,1943000000,2712000000,2712000000,None,500000000,None,2206000000,None,None,1111000000,None,None,2262000000,None,None,None,0.241,3133000000,12092000000,6502000000,1624000000,2689000000,None,None,None,None,None,None,None,1.067,6.28,4.955,None,None,None,None,None,-867000000,None,0.162,None,6985000000,2025-11-06,quarterly,1.19,USD,pre-market,3379000000,10679000000,0.0906,0.217,0.12,3.113,8906000000,1201000000,90000000,1624000000,77.41,87.86,4.386,24840000000,13770000000,6839000000,11149000000,11070000000,4310000000,23950000000,13597000000,30.86,None,94.02,60.83
2025-12-28,AZN,3.01,58127000000.0,30.86,None,0.168,29.59,554000000,None,4979000000,4979000000,-358000000,-249000000,None,None,3941000000,None,None,None,395000000,3236000000,None,5356000000,5356000000,5466000000,None,None,4961000000,None,None,1327000000,1480000000,3.13,0.0168,3047000000,3047000000,None,0.78,0.05,6502000000,7829000000,1.14,2022-12-31,18.05,953000000,48395002000.0,18594000000,6667000000,1943000000,2712000000,2712000000,None,500000000,None,2206000000,None,None,1111000000,None,None,778000000,None,None,None,0.241,2398000000,12092000000,6502000000,1624000000,2689000000,None,None,None,None,None,None,None,1.067,6.28,4.955,None,None,None,None,None,0,None,0.162,None,6985000000,2025-11-06,quarterly,1.19,USD,pre-market,3379000000,10679000000,0.0906,0.217,0.12,3.113,8906000000,1201000000,90000000,1624000000,77.41,87.86,4.386,24840000000,13770000000,6839000000,11149000000,11070000000,4310000000,23950000000,13597000000,30.86,None,94.02,60.83
2025-12-28,AZN,3.01,58127000000.0,30.86,None,0.168,29.59,1111000000,None,4979000000,4979000000,-1430000000,-1743000000,None,None,3941000000,None,None,None,395000000,3236000000,None,5356000000,5356000000,5466000000,None,None,4961000000,None,None,1327000000,1334000000,3.13,0.0168,1393000000,1393000000,None,0.78,0.05,6502000000,7829000000,1.14,2022-09-30,18.05,953000000,48395002000.0,18594000000,6667000000,1943000000,2712000000,2712000000,None,500000000,None,2206000000,None,None,1111000000,None,None,923000000,None,None,None,0.241,2930000000,12092000000,6502000000,1624000000,2689000000,None,None,None,None,None,None,None,1.067,6.28,4.955,None,None,None,None,None,0,None,0.162,None,6985000000,2025-11-06,quarterly,1.19,USD,pre-market,3379000000,10679000000,0.0906,0.217,0.12,3.113,8906000000,1201000000,90000000,1624000000,77.41,87.86,4.386,24840000000,13770000000,6839000000,11149000000,11070000000,4310000000,23950000000,13597000000,30.86,None,94.02,60.83
2025-12-28,AZN,3.01,58127000000.0,30.86,None,0.168,29.59,543000000,None,4979000000,4979000000,-1295000000,-800000000,None,None,None,None,None,None,395000000,3236000000,None,5356000000,5356000000,5466000000,None,None,4961000000,None,None,1327000000,1357000000,3.13,0.0168,1393000000,1393000000,None,0.78,0.05,6502000000,7829000000,1.14,2022-06-30,18.05,953000000,48395002000.0,18594000000,6667000000,1943000000,2712000000,2712000000,None,500000000,None,2206000000,None,None,1111000000,None,None,247000000,None,None,None,0.241,1248000000,12092000000,6502000000,1624000000,2689000000,None,None,None,None,None,None,None,1.067,6.28,4.955,None,None,None,None,None,0,None,0.162,None,6985000000,2025-11-06,quarterly,1.19,USD,pre-market,3379000000,10679000000,0.0906,0.217,0.12,3.113,8906000000,1201000000,90000000,1624000000,77.41,87.86,4.386,24840000000,13770000000,6839000000,11149000000,11070000000,4310000000,23950000000,13597000000,30.86,None,94.02,60.83
2025-12-28,AZN,3.01,58127000000.0,30.86,None,0.168,29.59,363000000,None,4979000000,4979000000,-3740000000,-168000000,None,None,None,None,None,None,395000000,3236000000,None,5356000000,5356000000,5466000000,None,None,4961000000,None,None,1327000000,1309000000,3.13,0.0168,2971000000,2971000000,None,0.78,0.05,6502000000,7829000000,1.14,2022-03-31,18.05,953000000,48395002000.0,18594000000,6667000000,1943000000,2712000000,2712000000,None,500000000,None,2206000000,None,None,1111000000,None,None,553000000,None,None,None,0.241,3232000000,12092000000,6502000000,1624000000,2689000000,None,None,None,None,None,None,None,1.067,6.28,4.955,None,None,None,None,None,-920000000,None,0.162,None,6985000000,2025-11-06,quarterly,1.19,USD,pre-market,3379000000,10679000000,0.0906,0.217,0.12,3.113,8906000000,1201000000,90000000,1624000000,77.41,87.86,4.386,24840000000,13770000000,6839000000,11149000000,11070000000,4310000000,23950000000,13597000000,30.86,None,94.02,60.83
2025-12-28,AZN,3.01,58127000000.0,30.86,None,0.168,29.59,718000000,None,4979000000,4979000000,-1051000000,-913000000,None,None,1577000000,None,None,None,395000000,3236000000,None,5356000000,5356000000,5466000000,None,None,4961000000,None,None,1327000000,2192000000,3.13,0.0168,2971000000,2971000000,None,0.78,0.05,6502000000,7829000000,1.14,2021-12-31,18.05,953000000,48395002000.0,18594000000,6667000000,1943000000,2712000000,2712000000,None,500000000,None,2206000000,None,None,1111000000,None,None,-636000000,None,None,None,0.241,1418000000,12092000000,6502000000,1624000000,2689000000,None,None,None,None,None,None,None,1.067,6.28,4.955,None,None,None,None,None,None,None,0.162,None,6985000000,2025-11-06,quarterly,1.19,USD,pre-market,3379000000,10679000000,0.0906,0.217,0.12,3.113,8906000000,1201000000,90000000,1624000000,77.41,87.86,4.386,24840000000,13770000000,6839000000,11149000000,11070000000,4310000000,23950000000,13597000000,30.86,None,94.02,60.83
2025-12-28,AZN,3.01,58127000000.0,30.86,None,0.168,29.59,660000000,None,4979000000,4979000000,142000000,-10464000000,None,None,1577000000,None,None,None,395000000,3236000000,None,5356000000,5356000000,5466000000,None,None,4961000000,None,None,1327000000,2788000000,3.13,0.0168,1387000000,1387000000,None,0.78,0.05,6502000000,7829000000,1.14,2021-09-30,18.05,953000000,48395002000.0,18594000000,6667000000,1943000000,2712000000,2712000000,None,500000000,None,2206000000,None,None,1111000000,None,None,-2001000000,None,None,None,0.241,1719000000,12092000000,6502000000,1624000000,2689000000,None,None,None,None,None,None,None,1.067,6.28,4.955,None,None,None,None,None,3857000000,None,0.162,None,6985000000,2025-11-06,quarterly,1.19,USD,pre-market,3379000000,10679000000,0.0906,0.217,0.12,3.113,8906000000,1201000000,90000000,1624000000,77.41,87.86,4.386,24840000000,13770000000,6839000000,11149000000,11070000000,4310000000,23950000000,13597000000,30.86,None,94.02,60.83
2025-12-28,AZN,3.01,58127000000.0,30.86,None,0.168,29.59,288000000,None,4979000000,4979000000,7289000000,-236000000,None,None,1577000000,None,None,None,395000000,3236000000,None,5356000000,5356000000,5466000000,None,None,4961000000,None,None,1327000000,753000000,3.13,0.0168,1387000000,1387000000,None,0.78,0.05,6502000000,7829000000,1.14,2021-06-30,18.05,953000000,48395002000.0,18594000000,6667000000,1943000000,2712000000,2712000000,None,500000000,None,2206000000,None,None,1111000000,None,None,550000000,None,None,None,0.241,892000000,12092000000,6502000000,1624000000,2689000000,None,None,None,None,None,None,None,1.067,6.28,4.955,None,None,None,None,None,None,None,0.162,None,6985000000,2025-11-06,quarterly,1.19,USD,pre-market,3379000000,10679000000,0.0906,0.217,0.12,3.113,8906000000,1201000000,90000000,1624000000,77.41,87.86,4.386,24840000000,13770000000,6839000000,11149000000,11070000000,4310000000,23950000000,13597000000,30.86,None,94.02,60.83
2025-12-28,AZN,3.01,58127000000.0,30.86,None,0.168,29.59,469000000,None,4979000000,4979000000,-2731000000,555000000,None,None,1577000000,None,None,None,395000000,3236000000,None,5356000000,5356000000,5466000000,None,None,4961000000,None,None,1327000000,797000000,3.13,0.0168,2469000000,2469000000,None,0.78,0.05,6502000000,7829000000,1.14,2021-03-31,18.05,953000000,48395002000.0,18594000000,6667000000,1943000000,2712000000,2712000000,None,500000000,None,2206000000,None,None,1111000000,None,None,1608000000,None,None,None,0.241,1934000000,12092000000,6502000000,1624000000,2689000000,None,None,None,None,None,None,None,1.067,6.28,4.955,None,None,None,None,None,-50000000,None,0.162,None,6985000000,2025-11-06,quarterly,1.19,USD,pre-market,3379000000,10679000000,0.0906,0.217,0.12,3.113,8906000000,1201000000,90000000,1624000000,77.41,87.86,4.386,24840000000,13770000000,6839000000,11149000000,11070000000,4310000000,23950000000,13597000000,30.86,None,94.02,60.83
2025-12-28,AZN,3.01,58127000000.0,30.86,None,0.168,29.59,548000000,None,4979000000,4979000000,-2210000000,138000000,None,None,-621000000,None,None,None,395000000,3236000000,None,5356000000,5356000000,5466000000,None,None,4961000000,None,None,1327000000,544000000,3.13,0.0168,2469000000,2469000000,None,0.78,0.05,6502000000,7829000000,1.14,2020-12-31,18.05,953000000,48395002000.0,18594000000,6667000000,1943000000,2712000000,2712000000,None,500000000,None,2206000000,None,None,1111000000,None,None,1012000000,None,None,None,0.241,1798000000,12092000000,6502000000,1624000000,2689000000,None,None,None,None,None,None,None,1.067,6.28,4.955,None,None,None,None,None,None,None,0.162,None,6985000000,2025-11-06,quarterly,1.19,USD,pre-market,3379000000,10679000000,0.0906,0.217,0.12,3.113,8906000000,1201000000,90000000,1624000000,77.41,87.86,4.386,24840000000,13770000000,6839000000,11149000000,11070000000,4310000000,23950000000,13597000000,30.86,None,94.02,60.83
2025-12-28,AZN,3.01,58127000000.0,30.86,None,0.168,29.59,705000000,None,4979000000,4979000000,1243000000,-580000000,None,None,-621000000,None,None,None,395000000,3236000000,None,5356000000,5356000000,5466000000,None,None,4961000000,None,None,1327000000,801000000,3.13,0.0168,1174000000,1174000000,None,0.78,0.05,6502000000,7829000000,1.14,2020-09-30,18.05,953000000,48395002000.0,18594000000,6667000000,1943000000,2712000000,2712000000,None,500000000,None,2206000000,None,None,1111000000,None,None,853000000,None,None,None,0.241,1822000000,12092000000,6502000000,1624000000,2689000000,None,None,None,None,None,None,None,1.067,6.28,4.955,None,None,None,None,None,None,None,0.162,None,6985000000,2025-11-06,quarterly,1.19,USD,pre-market,3379000000,10679000000,0.0906,0.217,0.12,3.113,8906000000,1201000000,90000000,1624000000,77.41,87.86,4.386,24840000000,13770000000,6839000000,11149000000,11070000000,4310000000,23950000000,13597000000,30.86,None,94.02,60.83
2025-12-28,AZN,3.01,58127000000.0,30.86,None,0.168,29.59,977000000,None,4979000000,4979000000,1126000000,148000000,None,None,-621000000,None,None,None,395000000,3236000000,None,5356000000,5356000000,5466000000,None,None,4961000000,None,None,1327000000,710000000,3.13,0.0168,2398000000,2398000000,None,0.78,0.05,6502000000,7829000000,1.14,2020-06-30,18.05,953000000,48395002000.0,18594000000,6667000000,1943000000,2712000000,2712000000,None,500000000,None,2206000000,None,None,1111000000,None,None,961000000,None,None,None,0.241,1040000000,12092000000,6502000000,1624000000,2689000000,None,None,None,None,None,None,None,1.067,6.28,4.955,None,None,None,None,None,9000000,None,0.162,None,6985000000,2025-11-06,quarterly,1.19,USD,pre-market,3379000000,10679000000,0.0906,0.217,0.12,3.113,8906000000,1201000000,90000000,1624000000,77.41,87.86,4.386,24840000000,13770000000,6839000000,11149000000,11070000000,4310000000,23950000000,13597000000,30.86,None,94.02,60.83
2025-12-28,AZN,3.01,58127000000.0,30.86,None,0.168,29.59,376000000,None,4979000000,4979000000,-2362000000,9000000,None,None,-621000000,None,None,None,395000000,3236000000,None,5356000000,5356000000,5466000000,None,None,4961000000,None,None,1327000000,841000000,3.13,0.0168,2398000000,2398000000,None,0.78,0.05,6502000000,7829000000,1.14,2020-03-31,18.05,953000000,48395002000.0,18594000000,6667000000,1943000000,2712000000,2712000000,None,500000000,None,2206000000,None,None,1111000000,None,None,935000000,None,None,None,0.241,139000000,12092000000,6502000000,1624000000,2689000000,None,None,None,None,None,None,None,1.067,6.28,4.955,None,None,None,None,None,6000000,None,0.162,None,6985000000,2025-11-06,quarterly,1.19,USD,pre-market,3379000000,10679000000,0.0906,0.217,0.12,3.113,8906000000,1201000000,90000000,1624000000,77.41,87.86,4.386,24840000000,13770000000,6839000000,11149000000,11070000000,4310000000,23950000000,13597000000,30.86,None,94.02,60.83
2025-12-28,AZN,3.01,58127000000.0,30.86,None,0.168,29.59,385000000,None,4979000000,4979000000,6000000,58000000,None,None,-316000000,None,None,None,395000000,3236000000,None,5356000000,5356000000,5466000000,None,None,4961000000,None,None,1327000000,1643000000,3.13,0.0168,3592000000,3592000000,None,0.78,0.05,6502000000,7829000000,1.14,2019-12-31,18.05,953000000,48395002000.0,18594000000,6667000000,1943000000,2712000000,2712000000,None,500000000,None,2206000000,None,None,1111000000,None,None,240000000,None,None,None,0.241,1375000000,12092000000,6502000000,1624000000,2689000000,None,None,None,None,None,None,None,1.067,6.28,4.955,None,None,None,None,None,3525000000,None,0.162,None,6985000000,2025-11-06,quarterly,1.19,USD,pre-market,3379000000,10679000000,0.0906,0.217,0.12,3.113,8906000000,1201000000,90000000,1624000000,77.41,87.86,4.386,24840000000,13770000000,6839000000,11149000000,11070000000,4310000000,23950000000,13597000000,30.86,None,94.02,60.83
2025-12-28,AZN,3.01,58127000000.0,30.86,None,0.168,29.59,341000000,None,4979000000,4979000000,-2712000000,74000000,None,None,-316000000,None,None,None,395000000,3236000000,None,5356000000,5356000000,5466000000,None,None,4961000000,None,None,1327000000,716000000,3.13,0.0168,1160000000,1160000000,None,0.78,0.05,6502000000,7829000000,1.14,2019-09-30,18.05,953000000,48395002000.0,18594000000,6667000000,1943000000,2712000000,2712000000,None,500000000,None,2206000000,None,None,1111000000,None,None,409000000,None,None,None,0.241,1103000000,12092000000,6502000000,1624000000,2689000000,None,None,None,None,None,None,None,1.067,6.28,4.955,None,None,None,None,None,-47000000,None,0.162,None,6985000000,2025-11-06,quarterly,1.19,USD,pre-market,3379000000,10679000000,0.0906,0.217,0.12,3.113,8906000000,1201000000,90000000,1624000000,77.41,87.86,4.386,24840000000,13770000000,6839000000,11149000000,11070000000,4310000000,23950000000,13597000000,30.86,None,94.02,60.83
2025-12-28,AZN,3.01,58127000000.0,30.86,None,0.168,29.59,974000000,None,4979000000,4979000000,1639000000,-1117000000,None,None,-316000000,None,None,None,395000000,3236000000,None,5356000000,5356000000,5466000000,None,None,4961000000,None,None,1327000000,727000000,3.13,0.0168,2432000000,2432000000,None,0.78,0.05,6502000000,7829000000,1.14,2019-06-30,18.05,953000000,48395002000.0,18594000000,6667000000,1943000000,2712000000,2712000000,None,500000000,None,2206000000,None,None,1111000000,None,None,141000000,None,None,None,0.241,878000000,12092000000,6502000000,1624000000,2689000000,None,None,None,None,None,None,None,1.067,6.28,4.955,None,None,None,None,None,3495000000,None,0.162,None,6985000000,2025-11-06,quarterly,1.19,USD,pre-market,3379000000,10679000000,0.0906,0.217,0.12,3.113,8906000000,1201000000,90000000,1624000000,77.41,87.86,4.386,24840000000,13770000000,6839000000,11149000000,11070000000,4310000000,23950000000,13597000000,30.86,None,94.02,60.83
2025-12-28,AZN,3.01,58127000000.0,30.86,None,0.168,29.59,760000000,None,4979000000,4979000000,-698000000,328000000,None,None,-316000000,None,None,None,395000000,3236000000,None,5356000000,5356000000,5466000000,None,None,4961000000,None,None,1327000000,676000000,3.13,0.0168,2432000000,2432000000,None,0.78,0.05,6502000000,7829000000,1.14,2019-03-31,18.05,953000000,48395002000.0,18594000000,6667000000,1943000000,2712000000,2712000000,None,500000000,None,2206000000,None,None,1111000000,None,None,758000000,None,None,None,0.241,-387000000,12092000000,6502000000,1624000000,2689000000,None,None,None,None,None,None,None,1.067,6.28,4.955,None,None,None,None,None,11000000,None,0.162,None,6985000000,2025-11-06,quarterly,1.19,USD,pre-market,3379000000,10679000000,0.0906,0.217,0.12,3.113,8906000000,1201000000,90000000,1624000000,77.41,87.86,4.386,24840000000,13770000000,6839000000,11149000000,11070000000,4310000000,23950000000,13597000000,30.86,None,94.02,60.83
2025-12-28,AZN,3.01,58127000000.0,30.86,None,0.168,29.59,409000000,None,4979000000,4979000000,-1732000000,927000000,None,None,-13000000,None,None,None,395000000,3236000000,None,5356000000,5356000000,5466000000,None,None,4961000000,None,None,1327000000,1662000000,3.13,0.0168,2432000000,2432000000,None,0.78,0.05,6502000000,7829000000,1.14,2018-12-31,18.05,953000000,48395002000.0,18594000000,6667000000,1943000000,2712000000,2712000000,None,500000000,None,2206000000,None,None,1111000000,None,None,730000000,None,None,None,0.241,2224000000,12092000000,6502000000,1624000000,2689000000,None,None,None,None,None,None,None,1.067,6.28,4.955,None,None,None,None,None,34000000,None,0.162,None,6985000000,2025-11-06,quarterly,1.19,USD,pre-market,3379000000,10679000000,0.0906,0.217,0.12,3.113,8906000000,1201000000,90000000,1624000000,77.41,87.86,4.386,24840000000,13770000000,6839000000,11149000000,11070000000,4310000000,23950000000,13597000000,30.86,None,94.02,60.83
2025-12-28,AZN,3.01,58127000000.0,30.86,None,0.168,29.59,269000000,None,4979000000,4979000000,169000000,-141000000,None,None,-13000000,None,None,None,395000000,3236000000,None,5356000000,5356000000,5466000000,None,None,4961000000,None,None,1327000000,698000000,3.13,0.0168,1121000000,1121000000,None,0.78,0.05,6502000000,7829000000,1.14,2018-09-30,18.05,953000000,48395002000.0,18594000000,6667000000,1943000000,2712000000,2712000000,None,500000000,None,2206000000,None,None,1111000000,None,None,477000000,None,None,None,0.241,469000000,12092000000,6502000000,1624000000,2689000000,None,None,None,None,None,None,None,1.067,6.28,4.955,None,None,None,None,None,None,None,0.162,None,6985000000,2025-11-06,quarterly,1.19,USD,pre-market,3379000000,10679000000,0.0906,0.217,0.12,3.113,8906000000,1201000000,90000000,1624000000,77.41,87.86,4.386,24840000000,13770000000,6839000000,11149000000,11070000000,4310000000,23950000000,13597000000,30.86,None,94.02,60.83
2025-12-28,AZN,3.01,58127000000.0,30.86,None,0.168,29.59,359000000,None,4979000000,4979000000,182000000,-96000000,None,None,-13000000,None,None,None,395000000,3236000000,None,5356000000,5356000000,5466000000,None,None,4961000000,None,None,1327000000,684000000,3.13,0.0168,1121000000,1121000000,None,0.78,0.05,6502000000,7829000000,1.14,2018-06-30,18.05,953000000,48395002000.0,18594000000,6667000000,1943000000,2712000000,2712000000,None,500000000,None,2206000000,None,None,1111000000,None,None,412000000,None,None,None,0.241,65000000,12092000000,6502000000,1624000000,2689000000,None,None,None,None,None,None,None,1.067,6.28,4.955,None,None,None,None,None,2000000,None,0.162,None,6985000000,2025-11-06,quarterly,1.19,USD,pre-market,3379000000,10679000000,0.0906,0.217,0.12,3.113,8906000000,1201000000,90000000,1624000000,77.41,87.86,4.386,24840000000,13770000000,6839000000,11149000000,11070000000,4310000000,23950000000,13597000000,30.86,None,94.02,60.83
2025-12-28,AZN,3.01,58127000000.0,30.86,None,0.168,29.59,334000000,None,4979000000,4979000000,-663000000,273000000,None,None,-993000000,None,None,None,395000000,3236000000,None,5356000000,5356000000,5466000000,None,None,4961000000,None,None,1327000000,709000000,3.13,0.0168,2363000000,2363000000,None,0.78,0.05,6502000000,7829000000,1.14,2018-03-31,18.05,953000000,48395002000.0,18594000000,6667000000,1943000000,2712000000,2712000000,None,500000000,None,2206000000,None,None,1111000000,None,None,374000000,None,None,None,0.241,-140000000,12092000000,6502000000,1624000000,2689000000,None,None,None,None,None,None,None,1.067,6.28,4.955,None,None,None,None,None,14000000,None,0.162,None,6985000000,2025-11-06,quarterly,1.19,USD,pre-market,3379000000,10679000000,0.0906,0.217,0.12,3.113,8906000000,1201000000,90000000,1624000000,77.41,87.86,4.386,24840000000,13770000000,6839000000,11149000000,11070000000,4310000000,23950000000,13597000000,30.86,None,94.02,60.83
2025-12-28,AZN,3.01,58127000000.0,30.86,None,0.168,29.59,551000000,None,4979000000,4979000000,-12000000,-1642000000,None,None,-548000000,None,None,None,395000000,3236000000,None,5356000000,5356000000,5466000000,None,None,4961000000,None,None,1327000000,1107000000,3.13,0.0168,3519000000,3519000000,None,0.78,0.05,6502000000,7829000000,1.14,2017-12-31,18.05,953000000,48395002000.0,18594000000,6667000000,1943000000,2712000000,2712000000,None,500000000,None,2206000000,None,None,1111000000,None,None,407000000,None,None,None,0.241,997000000,12092000000,6502000000,1624000000,2689000000,None,None,None,None,None,None,None,1.067,6.28,4.955,None,None,None,None,None,43000000,None,0.162,None,6985000000,2025-11-06,quarterly,1.19,USD,pre-market,3379000000,10679000000,0.0906,0.217,0.12,3.113,8906000000,1201000000,90000000,1624000000,77.41,87.86,4.386,24840000000,13770000000,6839000000,11149000000,11070000000,4310000000,23950000000,13597000000,30.86,None,94.02,60.83
2025-12-28,AZN,3.01,58127000000.0,30.86,None,0.168,29.59,353000000,None,4979000000,4979000000,-3070000000,-335000000,None,None,-548000000,None,None,None,395000000,3236000000,None,5356000000,5356000000,5466000000,None,None,4961000000,None,None,1327000000,655000000,3.13,0.0168,1151000000,1151000000,None,0.78,0.05,6502000000,7829000000,1.14,2017-09-30,18.05,953000000,48395002000.0,18594000000,6667000000,1943000000,2712000000,2712000000,None,500000000,None,2206000000,None,None,1111000000,None,None,746000000,None,None,None,0.241,2243000000,12092000000,6502000000,1624000000,2689000000,None,None,None,None,None,None,None,1.067,6.28,4.955,None,None,None,None,None,-188000000,None,0.162,None,6985000000,2025-11-06,quarterly,1.19,USD,pre-market,3379000000,10679000000,0.0906,0.217,0.12,3.113,8906000000,1201000000,90000000,1624000000,77.41,87.86,4.386,24840000000,13770000000,6839000000,11149000000,11070000000,4310000000,23950000000,13597000000,30.86,None,94.02,60.83
2025-12-28,AZN,3.01,58127000000.0,30.86,None,0.168,29.59,331000000,None,4979000000,4979000000,2188000000,-205000000,None,None,-548000000,None,None,None,395000000,3236000000,None,5356000000,5356000000,5466000000,None,None,4961000000,None,None,1327000000,616000000,3.13,0.0168,2368000000,2368000000,None,0.78,0.05,6502000000,7829000000,1.14,2017-06-30,18.05,953000000,48395002000.0,18594000000,6667000000,1943000000,2712000000,2712000000,None,500000000,None,2206000000,None,None,1111000000,None,None,492000000,None,None,None,0.241,250000000,12092000000,6502000000,1624000000,2689000000,None,None,None,None,None,None,None,1.067,6.28,4.955,None,None,None,None,None,6000000,None,0.162,None,6985000000,2025-11-06,quarterly,1.19,USD,pre-market,3379000000,10679000000,0.0906,0.217,0.12,3.113,8906000000,1201000000,90000000,1624000000,77.41,87.86,4.386,24840000000,13770000000,6839000000,11149000000,11070000000,4310000000,23950000000,13597000000,30.86,None,94.02,60.83
2025-12-28,AZN,3.01,58127000000.0,30.86,None,0.168,29.59,385000000,None,4979000000,4979000000,-2042000000,-146000000,None,None,-887000000,None,None,None,395000000,3236000000,None,5356000000,5356000000,5466000000,None,None,4961000000,None,None,1327000000,658000000,3.13,0.0168,2368000000,2368000000,None,0.78,0.05,6502000000,7829000000,1.14,2017-03-31,18.05,953000000,48395002000.0,18594000000,6667000000,1943000000,2712000000,2712000000,None,500000000,None,2206000000,None,None,1111000000,None,None,582000000,None,None,None,0.241,88000000,12092000000,6502000000,1624000000,2689000000,None,None,None,None,None,None,None,1.067,6.28,4.955,None,None,None,None,None,17000000,None,0.162,None,6985000000,2025-11-06,quarterly,1.19,USD,pre-market,3379000000,10679000000,0.0906,0.217,0.12,3.113,8906000000,1201000000,90000000,1624000000,77.41,87.86,4.386,24840000000,13770000000,6839000000,11149000000,11070000000,4310000000,23950000000,13597000000,30.86,None,94.02,60.83
2025-12-28,AZN,3.01,58127000000.0,30.86,None,0.168,29.59,641000000,None,4979000000,4979000000,-304000000,603000000,None,None,-343000000,None,None,None,395000000,3236000000,None,5356000000,5356000000,5466000000,None,None,4961000000,None,None,1327000000,590000000,3.13,0.0168,3561000000,3561000000,None,0.78,0.05,6502000000,7829000000,1.14,2016-12-31,18.05,953000000,48395002000.0,18594000000,6667000000,1943000000,2712000000,2712000000,None,500000000,None,2206000000,None,None,1111000000,None,None,2183000000,None,None,None,0.241,1960000000,12092000000,6502000000,1624000000,2689000000,None,None,None,None,None,None,None,1.067,6.28,4.955,None,None,None,None,None,47000000,None,0.162,None,6985000000,2025-11-06,quarterly,1.19,USD,pre-market,3379000000,10679000000,0.0906,0.217,0.12,3.113,8906000000,1201000000,90000000,1624000000,77.41,87.86,4.386,24840000000,13770000000,6839000000,11149000000,11070000000,4310000000,23950000000,13597000000,30.86,None,94.02,60.83
2025-12-28,AZN,3.01,58127000000.0,30.86,None,0.168,29.59,366000000,None,4979000000,4979000000,-1014000000,-624000000,None,None,-343000000,None,None,None,395000000,3236000000,None,5356000000,5356000000,5466000000,None,None,4961000000,None,None,1327000000,611000000,3.13,0.0168,1152000000,1152000000,None,0.78,0.05,6502000000,7829000000,1.14,2016-09-30,18.05,953000000,48395002000.0,18594000000,6667000000,1943000000,2712000000,2712000000,None,500000000,None,2206000000,None,None,1111000000,None,None,676000000,None,None,None,0.241,811000000,12092000000,6502000000,1624000000,2689000000,None,None,None,None,None,None,None,1.067,6.28,4.955,None,None,None,None,None,None,None,0.162,None,6985000000,2025-11-06,quarterly,1.19,USD,pre-market,3379000000,10679000000,0.0906,0.217,0.12,3.113,8906000000,1201000000,90000000,1624000000,77.41,87.86,4.386,24840000000,13770000000,6839000000,11149000000,11070000000,4310000000,23950000000,13597000000,30.86,None,94.02,60.83
2025-12-28,AZN,3.01,58127000000.0,30.86,None,0.168,29.59,1001000000,None,4979000000,4979000000,1355000000,-1061000000,None,None,-343000000,None,None,None,395000000,3236000000,None,5356000000,5356000000,5466000000,None,None,4961000000,None,None,1327000000,587000000,3.13,0.0168,2409000000,2409000000,None,0.78,0.05,6502000000,7829000000,1.14,2016-06-30,18.05,953000000,48395002000.0,18594000000,6667000000,1943000000,2712000000,2712000000,None,500000000,None,2206000000,None,None,1111000000,None,None,-30000000,None,None,None,0.241,181000000,12092000000,6502000000,1624000000,2689000000,None,None,None,None,None,None,None,1.067,6.28,4.955,None,None,None,None,None,None,None,0.162,None,6985000000,2025-11-06,quarterly,1.19,USD,pre-market,3379000000,10679000000,0.0906,0.217,0.12,3.113,8906000000,1201000000,90000000,1624000000,77.41,87.86,4.386,24840000000,13770000000,6839000000,11149000000,11070000000,4310000000,23950000000,13597000000,30.86,None,94.02,60.83
2025-12-28,AZN,3.01,58127000000.0,30.86,None,0.168,29.59,306000000,None,4979000000,4979000000,-1361000000,-2887000000,None,None,None,None,None,None,395000000,3236000000,None,5356000000,5356000000,5466000000,None,None,4961000000,None,None,1327000000,569000000,3.13,0.0168,2409000000,2409000000,None,0.78,0.05,6502000000,7829000000,1.14,2016-03-31,18.05,953000000,48395002000.0,18594000000,6667000000,1943000000,2712000000,2712000000,None,500000000,None,2206000000,None,None,1111000000,None,None,723000000,None,None,None,0.241,1193000000,12092000000,6502000000,1624000000,2689000000,None,None,None,None,None,None,None,1.067,6.28,4.955,None,None,None,None,None,None,None,0.162,None,6985000000,2025-11-06,quarterly,1.19,USD,pre-market,3379000000,10679000000,0.0906,0.217,0.12,3.113,8906000000,1201000000,90000000,1624000000,77.41,87.86,4.386,24840000000,13770000000,6839000000,11149000000,11070000000,4310000000,23950000000,13597000000,30.86,None,94.02,60.83
2025-12-28,AZN,3.01,58127000000.0,30.86,None,0.168,29.59,535000000,None,4979000000,4979000000,4284000000,-2585000000,None,None,-315000000,None,None,None,395000000,3236000000,None,5356000000,5356000000,5466000000,None,None,4961000000,None,None,1327000000,716000000,3.13,0.0168,3486000000,3486000000,None,0.78,0.05,6502000000,7829000000,1.14,2015-12-31,18.05,953000000,48395002000.0,18594000000,6667000000,1943000000,2712000000,2712000000,None,500000000,None,2206000000,None,None,1111000000,None,None,802000000,None,None,None,0.241,571000000,12092000000,6502000000,1624000000,2689000000,None,None,None,None,None,None,None,1.067,6.28,4.955,None,None,None,None,None,3486000000,None,0.162,None,6985000000,2025-11-06,quarterly,1.19,USD,pre-market,3379000000,10679000000,0.0906,0.217,0.12,3.113,8906000000,1201000000,90000000,1624000000,77.41,87.86,4.386,24840000000,13770000000,6839000000,11149000000,11070000000,4310000000,23950000000,13597000000,30.86,None,94.02,60.83
2025-12-28,AZN,3.01,58127000000.0,30.86,None,0.168,29.59,534000000,None,4979000000,4979000000,-1018000000,-420000000,None,None,None,None,None,None,395000000,3236000000,None,5356000000,5356000000,5466000000,None,None,4961000000,None,None,1327000000,571000000,3.13,0.0168,1129000000,1129000000,None,0.78,0.05,6502000000,7829000000,1.14,2015-09-30,18.05,953000000,48395002000.0,18594000000,6667000000,1943000000,2712000000,2712000000,None,500000000,None,2206000000,None,None,1111000000,None,None,931000000,None,None,None,0.241,1745000000,12092000000,6502000000,1624000000,2689000000,None,None,None,None,None,None,None,1.067,6.28,4.955,None,None,None,None,None,None,None,0.162,None,6985000000,2025-11-06,quarterly,1.19,USD,pre-market,3379000000,10679000000,0.0906,0.217,0.12,3.113,8906000000,1201000000,90000000,1624000000,77.41,87.86,4.386,24840000000,13770000000,6839000000,11149000000,11070000000,4310000000,23950000000,13597000000,30.86,None,94.02,60.83
2025-12-28,AZN,3.01,58127000000.0,30.86,None,0.168,29.59,644000000,None,4979000000,4979000000,181000000,-678000000,None,None,None,None,None,None,395000000,3236000000,None,5356000000,5356000000,5466000000,None,None,4961000000,None,None,1327000000,716000000,3.13,0.0168,2357000000,2357000000,None,0.78,0.05,6502000000,7829000000,1.14,2015-06-30,18.05,953000000,48395002000.0,18594000000,6667000000,1943000000,2712000000,2712000000,None,500000000,None,2206000000,None,None,1111000000,None,None,658000000,None,None,None,0.241,1080000000,12092000000,6502000000,1624000000,2689000000,None,None,None,None,None,None,None,1.067,6.28,4.955,None,None,None,None,None,None,None,0.162,None,6985000000,2025-11-06,quarterly,1.19,USD,pre-market,3379000000,10679000000,0.0906,0.217,0.12,3.113,8906000000,1201000000,90000000,1624000000,77.41,87.86,4.386,24840000000,13770000000,6839000000,11149000000,11070000000,4310000000,23950000000,13597000000,30.86,None,94.02,60.83
2025-12-28,AZN,3.01,58127000000.0,30.86,None,0.168,29.59,1075000000,None,4979000000,4979000000,-2569000000,-556000000,None,None,None,None,None,None,395000000,3236000000,None,5356000000,5356000000,5466000000,None,None,4961000000,None,None,1327000000,849000000,3.13,0.0168,2357000000,2357000000,None,0.78,0.05,6502000000,7829000000,1.14,2015-03-31,18.05,953000000,48395002000.0,18594000000,6667000000,1943000000,2712000000,2712000000,None,500000000,None,2206000000,None,None,1111000000,None,None,678000000,None,None,None,0.241,-72000000,12092000000,6502000000,1624000000,2689000000,None,None,None,None,None,None,None,1.067,6.28,4.955,None,None,None,None,None,-10000000,None,0.162,None,6985000000,2025-11-06,quarterly,1.19,USD,pre-market,3379000000,10679000000,0.0906,0.217,0.12,3.113,8906000000,1201000000,90000000,1624000000,77.41,87.86,4.386,24840000000,13770000000,6839000000,11149000000,11070000000,4310000000,23950000000,13597000000,30.86,None,94.02,60.83
2025-12-28,AZN,3.01,58127000000.0,30.86,None,0.168,29.59,469000000,None,4979000000,4979000000,1151000000,-1516000000,None,None,108000000,None,None,None,395000000,3236000000,None,5356000000,5356000000,5466000000,None,None,4961000000,None,None,1327000000,1021000000,3.13,0.0168,3521000000,3521000000,None,0.78,0.05,6502000000,7829000000,1.14,2014-12-31,18.05,953000000,48395002000.0,18594000000,6667000000,1943000000,2712000000,2712000000,None,500000000,None,2206000000,None,None,1111000000,None,None,-580000000,None,None,None,0.241,1842000000,12092000000,6502000000,1624000000,2689000000,None,None,None,None,None,None,None,1.067,6.28,4.955,None,None,None,None,None,279000000,None,0.162,None,6985000000,2025-11-06,quarterly,1.19,USD,pre-market,3379000000,10679000000,0.0906,0.217,0.12,3.113,8906000000,1201000000,90000000,1624000000,77.41,87.86,4.386,24840000000,13770000000,6839000000,11149000000,11070000000,4310000000,23950000000,13597000000,30.86,None,94.02,60.83
2025-12-28,AZN,3.01,58127000000.0,30.86,None,0.168,29.59,415000000,None,4979000000,4979000000,-1286000000,-561000000,None,None,None,None,None,None,395000000,3236000000,None,5356000000,5356000000,5466000000,None,None,4961000000,None,None,1327000000,851000000,3.13,0.0168,1096000000,1096000000,None,0.78,0.05,6502000000,7829000000,1.14,2014-09-30,18.05,953000000,48395002000.0,18594000000,6667000000,1943000000,2712000000,2712000000,None,500000000,None,2206000000,None,None,1111000000,None,None,322000000,None,None,None,0.241,1950000000,12092000000,6502000000,1624000000,2689000000,None,None,None,None,None,None,None,1.067,6.28,4.955,None,None,None,None,None,None,None,0.162,None,6985000000,2025-11-06,quarterly,1.19,USD,pre-market,3379000000,10679000000,0.0906,0.217,0.12,3.113,8906000000,1201000000,90000000,1624000000,77.41,87.86,4.386,24840000000,13770000000,6839000000,11149000000,11070000000,4310000000,23950000000,13597000000,30.86,None,94.02,60.83
2025-12-28,AZN,3.01,58127000000.0,30.86,None,0.168,29.59,1140000000,None,4979000000,4979000000,-358000000,-1178000000,None,None,None,None,None,None,395000000,3236000000,None,5356000000,5356000000,5466000000,None,None,4961000000,None,None,1327000000,698000000,3.13,0.0168,2425000000,2425000000,None,0.78,0.05,6502000000,7829000000,1.14,2014-06-30,18.05,953000000,48395002000.0,18594000000,6667000000,1943000000,2712000000,2712000000,None,500000000,None,2206000000,None,None,1111000000,None,None,866000000,None,None,None,0.241,2079000000,12092000000,6502000000,1624000000,2689000000,None,None,None,None,None,None,None,1.067,6.28,4.955,None,None,None,None,None,None,None,0.162,None,6985000000,2025-11-06,quarterly,1.19,USD,pre-market,3379000000,10679000000,0.0906,0.217,0.12,3.113,8906000000,1201000000,90000000,1624000000,77.41,87.86,4.386,24840000000,13770000000,6839000000,11149000000,11070000000,4310000000,23950000000,13597000000,30.86,None,94.02,60.83
2025-12-28,AZN,3.01,58127000000.0,30.86,None,0.168,29.59,728000000,None,4979000000,4979000000,-2212000000,-3777000000,None,None,None,None,None,None,395000000,3236000000,None,5356000000,5356000000,5466000000,None,None,4961000000,None,None,1327000000,712000000,3.13,0.0168,2425000000,2425000000,None,0.78,0.05,6502000000,7829000000,1.14,2014-03-31,18.05,953000000,48395002000.0,18594000000,6667000000,1943000000,2712000000,2712000000,None,500000000,None,2206000000,None,None,1111000000,None,None,638000000,None,None,None,0.241,1187000000,12092000000,6502000000,1624000000,2689000000,None,None,None,None,None,None,None,1.067,6.28,4.955,None,None,None,None,None,None,None,0.162,None,6985000000,2025-11-06,quarterly,1.19,USD,pre-market,3379000000,10679000000,0.0906,0.217,0.12,3.113,8906000000,1201000000,90000000,1624000000,77.41,87.86,4.386,24840000000,13770000000,6839000000,11149000000,11070000000,4310000000,23950000000,13597000000,30.86,None,94.02,60.83
2025-12-28,AZN,3.01,58127000000.0,30.86,None,0.168,29.59,786000000,None,4979000000,4979000000,201000000,-1004000000,None,None,135000000,None,None,None,395000000,3236000000,None,5356000000,5356000000,5466000000,None,None,4961000000,None,None,1327000000,2605000000,3.13,0.0168,3461000000,3461000000,None,0.78,0.05,6502000000,7829000000,1.14,2013-12-31,18.05,953000000,48395002000.0,18594000000,6667000000,1943000000,2712000000,2712000000,None,500000000,None,2206000000,None,None,1111000000,None,None,-715000000,None,None,None,0.241,2478000000,12092000000,6502000000,1624000000,2689000000,None,None,None,None,None,None,None,1.067,6.28,4.955,None,None,None,None,None,482000000,None,0.162,None,6985000000,2025-11-06,quarterly,1.19,USD,pre-market,3379000000,10679000000,0.0906,0.217,0.12,3.113,8906000000,1201000000,90000000,1624000000,77.41,87.86,4.386,24840000000,13770000000,6839000000,11149000000,11070000000,4310000000,23950000000,13597000000,30.86,None,94.02,60.83
2025-12-28,AZN,3.01,58127000000.0,30.86,None,0.168,29.59,474000000,None,4979000000,4979000000,-1112000000,-647000000,None,None,None,None,None,None,395000000,3236000000,None,5356000000,5356000000,5466000000,None,None,4961000000,None,None,1327000000,388000000,3.13,0.0168,1165000000,1165000000,None,0.78,0.05,6502000000,7829000000,1.14,2013-09-30,18.05,953000000,48395002000.0,18594000000,6667000000,1943000000,2712000000,2712000000,None,500000000,None,2206000000,None,None,1111000000,None,None,1592000000,None,None,None,0.241,1118000000,12092000000,6502000000,1624000000,2689000000,None,None,None,None,None,None,None,1.067,6.28,4.955,None,None,None,None,None,None,None,0.162,None,6985000000,2025-11-06,quarterly,1.19,USD,pre-market,3379000000,10679000000,0.0906,0.217,0.12,3.113,8906000000,1201000000,90000000,1624000000,77.41,87.86,4.386,24840000000,13770000000,6839000000,11149000000,11070000000,4310000000,23950000000,13597000000,30.86,None,94.02,60.83
2025-12-28,AZN,3.01,58127000000.0,30.86,None,0.168,29.59,384000000,None,4979000000,4979000000,96000000,-874000000,None,None,None,None,None,None,395000000,3236000000,None,5356000000,5356000000,5466000000,None,None,4961000000,None,None,1327000000,939000000,3.13,0.0168,2296000000,2296000000,None,0.78,0.05,6502000000,7829000000,1.14,2013-06-30,18.05,953000000,48395002000.0,18594000000,6667000000,1943000000,2712000000,2712000000,None,500000000,None,2206000000,None,None,1111000000,None,None,1086000000,None,None,None,0.241,1606000000,12092000000,6502000000,1624000000,2689000000,None,None,None,None,None,None,None,1.067,6.28,4.955,None,None,None,None,None,None,None,0.162,None,6985000000,2025-11-06,quarterly,1.19,USD,pre-market,3379000000,10679000000,0.0906,0.217,0.12,3.113,8906000000,1201000000,90000000,1624000000,77.41,87.86,4.386,24840000000,13770000000,6839000000,11149000000,11070000000,4310000000,23950000000,13597000000,30.86,None,94.02,60.83
2025-12-28,AZN,3.01,58127000000.0,30.86,None,0.168,29.59,414000000,None,4979000000,4979000000,-2232000000,-364000000,None,None,None,None,None,None,395000000,3236000000,None,5356000000,5356000000,5466000000,None,None,4961000000,None,None,1327000000,651000000,3.13,0.0168,2296000000,2296000000,None,0.78,0.05,6502000000,7829000000,1.14,2013-03-31,18.05,953000000,48395002000.0,18594000000,6667000000,1943000000,2712000000,2712000000,None,500000000,None,2206000000,None,None,1111000000,None,None,1304000000,None,None,None,0.241,2198000000,12092000000,6502000000,1624000000,2689000000,None,None,None,None,None,None,None,1.067,6.28,4.955,None,None,None,None,None,None,None,0.162,None,6985000000,2025-11-06,quarterly,1.19,USD,pre-market,3379000000,10679000000,0.0906,0.217,0.12,3.113,8906000000,1201000000,90000000,1624000000,77.41,87.86,4.386,24840000000,13770000000,6839000000,11149000000,11070000000,4310000000,23950000000,13597000000,30.86,None,94.02,60.83
2025-12-28,AZN,3.01,58127000000.0,30.86,None,0.168,29.59,564000000,None,4979000000,4979000000,-525000000,-514000000,None,None,-150000000,None,None,None,395000000,3236000000,None,5356000000,5356000000,5466000000,None,None,4961000000,None,None,1327000000,764000000,3.13,0.0168,3665000000,3665000000,None,0.78,0.05,6502000000,7829000000,1.14,2012-12-31,18.05,953000000,48395002000.0,18594000000,6667000000,1943000000,2712000000,2712000000,None,500000000,None,2206000000,None,None,1111000000,None,None,1854000000,None,None,None,0.241,2848000000,12092000000,6502000000,1624000000,2689000000,None,None,None,None,None,None,None,1.067,6.28,4.955,None,None,None,None,None,2635000000,None,0.162,None,6985000000,2025-11-06,quarterly,1.19,USD,pre-market,3379000000,10679000000,0.0906,0.217,0.12,3.113,8906000000,1201000000,90000000,1624000000,77.41,87.86,4.386,24840000000,13770000000,6839000000,11149000000,11070000000,4310000000,23950000000,13597000000,30.86,None,94.02,60.83
2025-12-28,AZN,3.01,58127000000.0,30.86,None,0.168,29.59,3572000000,None,4979000000,4979000000,-242000000,-2698000000,None,None,None,None,None,None,395000000,3236000000,None,5356000000,5356000000,5466000000,None,None,4961000000,None,None,1327000000,745000000,3.13,0.0168,1160000000,1160000000,None,0.78,0.05,6502000000,7829000000,1.14,2012-09-30,18.05,953000000,48395002000.0,18594000000,6667000000,1943000000,2712000000,2712000000,None,500000000,None,2206000000,None,None,1111000000,None,None,2048000000,None,None,None,0.241,1309000000,12092000000,6502000000,1624000000,2689000000,None,None,None,None,None,None,None,1.067,6.28,4.955,None,None,None,None,None,-781000000,None,0.162,None,6985000000,2025-11-06,quarterly,1.19,USD,pre-market,3379000000,10679000000,0.0906,0.217,0.12,3.113,8906000000,1201000000,90000000,1624000000,77.41,87.86,4.386,24840000000,13770000000,6839000000,11149000000,11070000000,4310000000,23950000000,13597000000,30.86,None,94.02,60.83
2025-12-28,AZN,3.01,58127000000.0,30.86,None,0.168,29.59,281000000,None,4979000000,4979000000,-752000000,794000000,None,None,None,None,None,None,395000000,3236000000,None,5356000000,5356000000,5466000000,None,None,4961000000,None,None,1327000000,510000000,3.13,0.0168,2505000000,2505000000,None,0.78,0.05,6502000000,7829000000,1.14,2012-06-30,18.05,953000000,48395002000.0,18594000000,6667000000,1943000000,2712000000,2712000000,None,500000000,None,2206000000,None,None,1111000000,None,None,1656000000,None,None,None,0.241,1251000000,12092000000,6502000000,1624000000,2689000000,None,None,None,None,None,None,None,1.067,6.28,4.955,None,None,None,None,None,-799000000,None,0.162,None,6985000000,2025-11-06,quarterly,1.19,USD,pre-market,3379000000,10679000000,0.0906,0.217,0.12,3.113,8906000000,1201000000,90000000,1624000000,77.41,87.86,4.386,24840000000,13770000000,6839000000,11149000000,11070000000,4310000000,23950000000,13597000000,30.86,None,94.02,60.83
2025-12-28,AZN,3.01,58127000000.0,30.86,None,0.168,29.59,202000000,None,4979000000,4979000000,-3438000000,593000000,None,None,None,None,None,None,395000000,3236000000,None,5356000000,5356000000,5466000000,None,None,4961000000,None,None,1327000000,499000000,3.13,0.0168,2505000000,2505000000,None,0.78,0.05,6502000000,7829000000,1.14,2012-03-31,18.05,953000000,48395002000.0,18594000000,6667000000,1943000000,2712000000,2712000000,None,500000000,None,2206000000,None,None,1111000000,None,None,2053000000,None,None,None,0.241,1540000000,12092000000,6502000000,1624000000,2689000000,None,None,None,None,None,None,None,1.067,6.28,4.955,None,None,None,None,None,-1055000000,None,0.162,None,6985000000,2025-11-06,quarterly,1.19,USD,pre-market,3379000000,10679000000,0.0906,0.217,0.12,3.113,8906000000,1201000000,90000000,1624000000,77.41,87.86,4.386,24840000000,13770000000,6839000000,11149000000,11070000000,4310000000,23950000000,13597000000,30.86,None,94.02,60.83
2025-12-28,AZN,3.01,58127000000.0,30.86,None,0.168,29.59,378000000,None,4979000000,4979000000,-1681000000,-3580000000,None,None,None,None,None,None,395000000,3236000000,None,5356000000,5356000000,5466000000,None,None,4961000000,None,None,1327000000,970000000,3.13,0.0168,2000000,2000000,None,0.78,0.05,6502000000,7829000000,1.14,2011-12-31,18.05,953000000,48395002000.0,18594000000,6667000000,1943000000,2712000000,2712000000,None,500000000,None,2206000000,None,None,1111000000,None,None,1486000000,None,None,None,0.241,3069000000,12092000000,6502000000,1624000000,2689000000,None,None,None,None,None,None,None,1.067,6.28,4.955,None,None,None,None,None,-1759000000,None,0.162,None,6985000000,2025-11-06,quarterly,1.19,USD,pre-market,3379000000,10679000000,0.0906,0.217,0.12,3.113,8906000000,1201000000,90000000,1624000000,77.41,87.86,4.386,24840000000,13770000000,6839000000,11149000000,11070000000,4310000000,23950000000,13597000000,30.86,None,94.02,60.83
2025-12-28,AZN,3.01,58127000000.0,30.86,None,0.168,29.59,244000000,None,4979000000,4979000000,-2850000000,1272000000,None,None,None,None,None,None,395000000,3236000000,None,5356000000,5356000000,5466000000,None,None,4961000000,None,None,1327000000,543000000,3.13,0.0168,1118000000,1118000000,None,0.78,0.05,6502000000,7829000000,1.14,2011-09-30,18.05,953000000,48395002000.0,18594000000,6667000000,1943000000,2712000000,2712000000,None,500000000,None,2206000000,None,None,1111000000,None,None,3477000000,None,None,None,0.241,1923000000,12092000000,6502000000,1624000000,2689000000,None,None,None,None,None,None,None,1.067,6.28,4.955,None,None,None,None,None,-1712000000,None,0.162,None,6985000000,2025-11-06,quarterly,1.19,USD,pre-market,3379000000,10679000000,0.0906,0.217,0.12,3.113,8906000000,1201000000,90000000,1624000000,77.41,87.86,4.386,24840000000,13770000000,6839000000,11149000000,11070000000,4310000000,23950000000,13597000000,30.86,None,94.02,60.83
2025-12-28,AZN,3.01,58127000000.0,30.86,None,0.168,29.59,404000000,None,4979000000,4979000000,-983000000,186000000,None,None,None,None,None,None,395000000,3236000000,None,5356000000,5356000000,5466000000,None,None,4961000000,None,None,1327000000,511000000,3.13,0.0168,38000000,38000000,None,0.78,0.05,6502000000,7829000000,1.14,2011-06-30,18.05,953000000,48395002000.0,18594000000,6667000000,1943000000,2712000000,2712000000,None,500000000,None,2206000000,None,None,1111000000,None,None,2113000000,None,None,None,0.241,939000000,12092000000,6502000000,1624000000,2689000000,None,None,None,None,None,None,None,1.067,6.28,4.955,None,None,None,None,None,-1243000000,None,0.162,None,6985000000,2025-11-06,quarterly,1.19,USD,pre-market,3379000000,10679000000,0.0906,0.217,0.12,3.113,8906000000,1201000000,90000000,1624000000,77.41,87.86,4.386,24840000000,13770000000,6839000000,11149000000,11070000000,4310000000,23950000000,13597000000,30.86,None,94.02,60.83
2025-12-28,AZN,3.01,58127000000.0,30.86,None,0.168,29.59,271000000,None,4979000000,4979000000,-3807000000,100000000,None,None,None,None,None,None,395000000,3236000000,None,5356000000,5356000000,5466000000,None,None,4961000000,None,None,1327000000,526000000,3.13,0.0168,2646000000,2646000000,None,0.78,0.05,6502000000,7829000000,1.14,2011-03-31,18.05,953000000,48395002000.0,18594000000,6667000000,1943000000,2712000000,2712000000,None,500000000,None,2206000000,None,None,1111000000,None,None,2907000000,None,None,None,0.241,1890000000,12092000000,6502000000,1624000000,2689000000,None,None,None,None,None,None,None,1.067,6.28,4.955,None,None,None,None,None,-1301000000,None,0.162,None,6985000000,2025-11-06,quarterly,1.19,USD,pre-market,3379000000,10679000000,0.0906,0.217,0.12,3.113,8906000000,1201000000,90000000,1624000000,77.41,87.86,4.386,24840000000,13770000000,6839000000,11149000000,11070000000,4310000000,23950000000,13597000000,30.86,None,94.02,60.83
2025-12-28,AZN,3.01,58127000000.0,30.86,None,0.168,29.59,273000000,None,4979000000,4979000000,-1820000000,-452000000,None,None,88000000,None,None,None,395000000,3236000000,None,5356000000,5356000000,5466000000,None,None,4961000000,None,None,1327000000,1307000000,3.13,0.0168,3361000000,3361000000,None,0.78,0.05,6502000000,7829000000,1.14,2010-12-31,18.05,953000000,48395002000.0,18594000000,6667000000,1943000000,2712000000,2712000000,None,500000000,None,2206000000,None,None,1111000000,None,None,1621000000,None,None,None,0.241,3560000000,12092000000,6502000000,1624000000,2689000000,None,None,None,None,None,None,None,1.067,6.28,4.955,None,None,None,None,None,-862000000,None,0.162,None,6985000000,2025-11-06,quarterly,1.19,USD,pre-market,3379000000,10679000000,0.0906,0.217,0.12,3.113,8906000000,1201000000,90000000,1624000000,77.41,87.86,4.386,24840000000,13770000000,6839000000,11149000000,11070000000,4310000000,23950000000,13597000000,30.86,None,94.02,60.83
2025-12-28,AZN,3.01,58127000000.0,30.86,None,0.168,29.59,285000000,None,4979000000,4979000000,-1773000000,300000000,None,None,None,None,None,None,395000000,3236000000,None,5356000000,5356000000,5466000000,None,None,4961000000,None,None,1327000000,602000000,3.13,0.0168,994000000,994000000,None,0.78,0.05,6502000000,7829000000,1.14,2010-09-30,18.05,953000000,48395002000.0,18594000000,6667000000,1943000000,2712000000,2712000000,None,500000000,None,2206000000,None,None,1111000000,None,None,1548000000,None,None,None,0.241,2353000000,12092000000,6502000000,1624000000,2689000000,None,None,None,None,None,None,None,1.067,6.28,4.955,None,None,None,None,None,-1033000000,None,0.162,None,6985000000,2025-11-06,quarterly,1.19,USD,pre-market,3379000000,10679000000,0.0906,0.217,0.12,3.113,8906000000,1201000000,90000000,1624000000,77.41,87.86,4.386,24840000000,13770000000,6839000000,11149000000,11070000000,4310000000,23950000000,13597000000,30.86,None,94.02,60.83
2025-12-28,AZN,3.01,58127000000.0,30.86,None,0.168,29.59,965000000,None,4979000000,4979000000,-445000000,-925000000,None,None,None,None,None,None,395000000,3236000000,None,5356000000,5356000000,5466000000,None,None,4961000000,None,None,1327000000,431000000,3.13,0.0168,2367000000,2367000000,None,0.78,0.05,6502000000,7829000000,1.14,2010-06-30,18.05,953000000,48395002000.0,18594000000,6667000000,1943000000,2712000000,2712000000,None,500000000,None,2206000000,None,None,1111000000,None,None,2107000000,None,None,None,0.241,3028000000,12092000000,6502000000,1624000000,2689000000,None,None,None,None,None,None,None,1.067,6.28,4.955,None,None,None,None,None,-495000000,None,0.162,None,6985000000,2025-11-06,quarterly,1.19,USD,pre-market,3379000000,10679000000,0.0906,0.217,0.12,3.113,8906000000,1201000000,90000000,1624000000,77.41,87.86,4.386,24840000000,13770000000,6839000000,11149000000,11070000000,4310000000,23950000000,13597000000,30.86,None,94.02,60.83
2025-12-28,AZN,3.01,58127000000.0,30.86,None,0.168,29.59,1159000000,None,4979000000,4979000000,-3182000000,-1263000000,None,None,None,None,None,None,395000000,3236000000,None,5356000000,5356000000,5466000000,None,None,4961000000,None,None,1327000000,401000000,3.13,0.0168,2367000000,2367000000,None,0.78,0.05,6502000000,7829000000,1.14,2010-03-31,18.05,953000000,48395002000.0,18594000000,6667000000,1943000000,2712000000,2712000000,None,500000000,None,2206000000,None,None,1111000000,None,None,3519000000,None,None,None,0.241,1739000000,12092000000,6502000000,1624000000,2689000000,None,None,None,None,None,None,None,1.067,6.28,4.955,None,None,None,None,None,-214000000,None,0.162,None,6985000000,2025-11-06,quarterly,1.19,USD,pre-market,3379000000,10679000000,0.0906,0.217,0.12,3.113,8906000000,1201000000,90000000,1624000000,77.41,87.86,4.386,24840000000,13770000000,6839000000,11149000000,11070000000,4310000000,23950000000,13597000000,30.86,None,94.02,60.83
2025-12-28,AZN,3.01,58127000000.0,30.86,None,0.168,29.59,1957000000,None,4979000000,4979000000,64000000,-1904000000,None,None,6000000,None,None,None,395000000,3236000000,None,5356000000,5356000000,5466000000,None,None,4961000000,None,None,1327000000,775000000,3.13,0.0168,2977000000,2977000000,None,0.78,0.05,6502000000,7829000000,1.14,2009-12-31,18.05,953000000,48395002000.0,18594000000,6667000000,1943000000,2712000000,2712000000,None,500000000,None,2206000000,None,None,1111000000,None,None,1553000000,None,None,None,0.241,4082000000,12092000000,6502000000,1624000000,2689000000,None,None,None,None,None,None,None,1.067,6.28,4.955,None,None,None,None,None,None,None,0.162,None,6985000000,2025-11-06,quarterly,1.19,USD,pre-market,3379000000,10679000000,0.0906,0.217,0.12,3.113,8906000000,1201000000,90000000,1624000000,77.41,87.86,4.386,24840000000,13770000000,6839000000,11149000000,11070000000,4310000000,23950000000,13597000000,30.86,None,94.02,60.83
2025-12-28,AZN,3.01,58127000000.0,30.86,None,0.168,29.59,456000000,None,4979000000,4979000000,-1470000000,-410000000,None,None,None,None,None,None,395000000,3236000000,None,5356000000,5356000000,5466000000,None,None,4961000000,None,None,1327000000,463000000,3.13,0.0168,874000000,874000000,None,0.78,0.05,6502000000,7829000000,1.14,2009-09-30,18.05,953000000,48395002000.0,18594000000,6667000000,1943000000,2712000000,2712000000,None,500000000,None,2206000000,None,None,1111000000,None,None,2115000000,None,None,None,0.241,2323000000,12092000000,6502000000,1624000000,2689000000,None,None,None,None,None,None,None,1.067,6.28,4.955,None,None,None,None,None,None,None,0.162,None,6985000000,2025-11-06,quarterly,1.19,USD,pre-market,3379000000,10679000000,0.0906,0.217,0.12,3.113,8906000000,1201000000,90000000,1624000000,77.41,87.86,4.386,24840000000,13770000000,6839000000,11149000000,11070000000,4310000000,23950000000,13597000000,30.86,None,94.02,60.83
2025-12-28,AZN,3.01,58127000000.0,30.86,None,0.168,29.59,260000000,None,4979000000,4979000000,31000000,-236000000,None,None,None,None,None,None,395000000,3236000000,None,5356000000,5356000000,5466000000,None,None,4961000000,None,None,1327000000,464000000,3.13,0.0168,2103000000,2103000000,None,0.78,0.05,6502000000,7829000000,1.14,2009-06-30,18.05,953000000,48395002000.0,18594000000,6667000000,1943000000,2712000000,2712000000,None,500000000,None,2206000000,None,None,1111000000,None,None,1707000000,None,None,None,0.241,3107000000,12092000000,6502000000,1624000000,2689000000,None,None,None,None,None,None,None,1.067,6.28,4.955,None,None,None,None,None,None,None,0.162,None,6985000000,2025-11-06,quarterly,1.19,USD,pre-market,3379000000,10679000000,0.0906,0.217,0.12,3.113,8906000000,1201000000,90000000,1624000000,77.41,87.86,4.386,24840000000,13770000000,6839000000,11149000000,11070000000,4310000000,23950000000,13597000000,30.86,None,94.02,60.83
2025-12-28,AZN,3.01,58127000000.0,30.86,None,0.168,29.59,284000000,None,4979000000,4979000000,-2254000000,74000000,None,None,None,None,None,None,395000000,3236000000,None,5356000000,5356000000,5466000000,None,None,4961000000,None,None,1327000000,385000000,3.13,0.0168,2103000000,2103000000,None,0.78,0.05,6502000000,7829000000,1.14,2009-03-31,18.05,953000000,48395002000.0,18594000000,6667000000,1943000000,2712000000,2712000000,None,500000000,None,2206000000,None,None,1111000000,None,None,2144000000,None,None,None,0.241,2227000000,12092000000,6502000000,1624000000,2689000000,None,None,None,None,None,None,None,1.067,6.28,4.955,None,None,None,None,None,None,None,0.162,None,6985000000,2025-11-06,quarterly,1.19,USD,pre-market,3379000000,10679000000,0.0906,0.217,0.12,3.113,8906000000,1201000000,90000000,1624000000,77.41,87.86,4.386,24840000000,13770000000,6839000000,11149000000,11070000000,4310000000,23950000000,13597000000,30.86,None,94.02,60.83
2025-12-28,AZN,3.01,58127000000.0,30.86,None,0.168,29.59,493000000,None,4979000000,4979000000,-1463000000,-509000000,None,None,185000000,None,None,None,395000000,3236000000,None,5356000000,5356000000,5466000000,None,None,4961000000,None,None,1327000000,927000000,3.13,0.0168,2739000000,2739000000,None,0.78,0.05,6502000000,7829000000,1.14,2008-12-31,18.05,953000000,48395002000.0,18594000000,6667000000,1943000000,2712000000,2712000000,None,500000000,None,2206000000,None,None,1111000000,None,None,1429000000,None,None,None,0.241,2791000000,12092000000,6502000000,1624000000,2689000000,None,None,None,None,None,None,None,1.067,6.28,4.955,None,None,None,None,None,-7000000,None,0.162,None,6985000000,2025-11-06,quarterly,1.19,USD,pre-market,3379000000,10679000000,0.0906,0.217,0.12,3.113,8906000000,1201000000,90000000,1624000000,77.41,87.86,4.386,24840000000,13770000000,6839000000,11149000000,11070000000,4310000000,23950000000,13597000000,30.86,None,94.02,60.83
2025-12-28,AZN,3.01,58127000000.0,30.86,None,0.168,29.59,301000000,None,4979000000,4979000000,-2345000000,-188000000,None,None,None,None,None,None,395000000,3236000000,None,5356000000,5356000000,5466000000,None,None,4961000000,None,None,1327000000,530000000,3.13,0.0168,732000000,732000000,None,0.78,0.05,6502000000,7829000000,1.14,2008-09-30,18.05,953000000,48395002000.0,18594000000,6667000000,1943000000,2712000000,2712000000,None,500000000,None,2206000000,None,None,1111000000,None,None,2522000000,None,None,None,0.241,1659000000,12092000000,6502000000,1624000000,2689000000,None,None,None,None,None,None,None,1.067,6.28,4.955,None,None,None,None,None,-395000000,None,0.162,None,6985000000,2025-11-06,quarterly,1.19,USD,pre-market,3379000000,10679000000,0.0906,0.217,0.12,3.113,8906000000,1201000000,90000000,1624000000,77.41,87.86,4.386,24840000000,13770000000,6839000000,11149000000,11070000000,4310000000,23950000000,13597000000,30.86,None,94.02,60.83
2025-12-28,AZN,3.01,58127000000.0,30.86,None,0.168,29.59,307000000,None,4979000000,4979000000,-159000000,-276000000,None,None,None,None,None,None,395000000,3236000000,None,5356000000,5356000000,5466000000,None,None,4961000000,None,None,1327000000,461000000,3.13,0.0168,2007000000,2007000000,None,0.78,0.05,6502000000,7829000000,1.14,2008-06-30,18.05,953000000,48395002000.0,18594000000,6667000000,1943000000,2712000000,2712000000,None,500000000,None,2206000000,None,None,1111000000,None,None,2473000000,None,None,None,0.241,1901000000,12092000000,6502000000,1624000000,2689000000,None,None,None,None,None,None,None,1.067,6.28,4.955,None,None,None,None,None,None,None,0.162,None,6985000000,2025-11-06,quarterly,1.19,USD,pre-market,3379000000,10679000000,0.0906,0.217,0.12,3.113,8906000000,1201000000,90000000,1624000000,77.41,87.86,4.386,24840000000,13770000000,6839000000,11149000000,11070000000,4310000000,23950000000,13597000000,30.86,None,94.02,60.83
2025-12-28,AZN,3.01,58127000000.0,30.86,None,0.168,29.59,2938000000,None,4979000000,4979000000,-2395000000,-2923000000,None,None,None,None,None,None,395000000,3236000000,None,5356000000,5356000000,5466000000,None,None,4961000000,None,None,1327000000,702000000,3.13,0.0168,2007000000,2007000000,None,0.78,0.05,6502000000,7829000000,1.14,2008-03-31,18.05,953000000,48395002000.0,18594000000,6667000000,1943000000,2712000000,2712000000,None,500000000,None,2206000000,None,None,1111000000,None,None,2257000000,None,None,None,0.241,2391000000,12092000000,6502000000,1624000000,2689000000,None,None,None,None,None,None,None,1.067,6.28,4.955,None,None,None,None,None,None,None,0.162,None,6985000000,2025-11-06,quarterly,1.19,USD,pre-market,3379000000,10679000000,0.0906,0.217,0.12,3.113,8906000000,1201000000,90000000,1624000000,77.41,87.86,4.386,24840000000,13770000000,6839000000,11149000000,11070000000,4310000000,23950000000,13597000000,30.86,None,94.02,60.83
2025-12-28,AZN,3.01,58127000000.0,30.86,None,0.168,29.59,471000000,None,4979000000,4979000000,-194000000,-436000000,None,None,442000000,None,None,None,395000000,3236000000,None,5356000000,5356000000,5466000000,None,None,4961000000,None,None,1327000000,552000000,3.13,0.0168,2641000000,2641000000,None,0.78,0.05,6502000000,7829000000,1.14,2007-12-31,18.05,953000000,48395002000.0,18594000000,6667000000,1943000000,2712000000,2712000000,None,500000000,None,2206000000,None,None,1111000000,None,None,1818000000,None,None,None,0.241,2998000000,12092000000,6502000000,1624000000,2689000000,None,None,None,None,None,None,None,1.067,6.28,4.955,None,None,None,None,None,-876000000,None,0.162,None,6985000000,2025-11-06,quarterly,1.19,USD,pre-market,3379000000,10679000000,0.0906,0.217,0.12,3.113,8906000000,1201000000,90000000,1624000000,77.41,87.86,4.386,24840000000,13770000000,6839000000,11149000000,11070000000,4310000000,23950000000,13597000000,30.86,None,94.02,60.83
2025-12-28,AZN,3.01,58127000000.0,30.86,None,0.168,29.59,453000000,None,4979000000,4979000000,-2920000000,42000000,None,None,None,None,None,None,395000000,3236000000,None,5356000000,5356000000,5466000000,None,None,4961000000,None,None,1327000000,565000000,3.13,0.0168,763000000,763000000,None,0.78,0.05,6502000000,7829000000,1.14,2007-09-30,18.05,953000000,48395002000.0,18594000000,6667000000,1943000000,2712000000,2712000000,None,500000000,None,2206000000,None,None,1111000000,None,None,2022000000,None,None,None,0.241,1328000000,12092000000,6502000000,1624000000,2689000000,None,None,None,None,None,None,None,1.067,6.28,4.955,None,None,None,None,None,-1134000000,None,0.162,None,6985000000,2025-11-06,quarterly,1.19,USD,pre-market,3379000000,10679000000,0.0906,0.217,0.12,3.113,8906000000,1201000000,90000000,1624000000,77.41,87.86,4.386,24840000000,13770000000,6839000000,11149000000,11070000000,4310000000,23950000000,13597000000,30.86,None,94.02,60.83
2025-12-28,AZN,3.01,58127000000.0,30.86,None,0.168,29.59,350000000,None,4979000000,4979000000,12205000000,-13878000000,None,None,None,None,None,None,395000000,3236000000,None,5356000000,5356000000,5466000000,None,None,4961000000,None,None,1327000000,369000000,3.13,0.0168,1878000000,1878000000,None,0.78,0.05,6502000000,7829000000,1.14,2007-06-30,18.05,953000000,48395002000.0,18594000000,6667000000,1943000000,2712000000,2712000000,None,500000000,None,2206000000,None,None,1111000000,None,None,1973000000,None,None,None,0.241,997000000,12092000000,6502000000,1624000000,2689000000,None,None,None,None,None,None,None,1.067,6.28,4.955,None,None,None,None,None,-976000000,None,0.162,None,6985000000,2025-11-06,quarterly,1.19,USD,pre-market,3379000000,10679000000,0.0906,0.217,0.12,3.113,8906000000,1201000000,90000000,1624000000,77.41,87.86,4.386,24840000000,13770000000,6839000000,11149000000,11070000000,4310000000,23950000000,13597000000,30.86,None,94.02,60.83
2025-12-28,AZN,3.01,58127000000.0,30.86,None,0.168,29.59,405000000,None,4979000000,4979000000,-3040000000,-615000000,None,None,None,None,None,None,395000000,3236000000,None,5356000000,5356000000,5466000000,None,None,4961000000,None,None,1327000000,370000000,3.13,0.0168,1878000000,1878000000,None,0.78,0.05,6502000000,7829000000,1.14,2007-03-31,18.05,953000000,48395002000.0,18594000000,6667000000,1943000000,2712000000,2712000000,None,500000000,None,2206000000,None,None,1111000000,None,None,2170000000,None,None,None,0.241,2187000000,12092000000,6502000000,1624000000,2689000000,None,None,None,None,None,None,None,1.067,6.28,4.955,None,None,None,None,None,-1184000000,None,0.162,None,6985000000,2025-11-06,quarterly,1.19,USD,pre-market,3379000000,10679000000,0.0906,0.217,0.12,3.113,8906000000,1201000000,90000000,1624000000,77.41,87.86,4.386,24840000000,13770000000,6839000000,11149000000,11070000000,4310000000,23950000000,13597000000,30.86,None,94.02,60.83
2025-12-28,AZN,3.01,58127000000.0,30.86,None,0.168,29.59,285000000,None,4979000000,4979000000,-1154000000,281000000,None,None,158000000,None,None,None,395000000,3236000000,None,5356000000,5356000000,5466000000,None,None,4961000000,None,None,1327000000,428000000,3.13,0.0168,2220000000,2220000000,None,0.78,0.05,6502000000,7829000000,1.14,2006-12-31,18.05,953000000,48395002000.0,18594000000,6667000000,1943000000,2712000000,2712000000,None,500000000,None,2206000000,None,None,1111000000,None,None,2330000000,None,None,None,0.241,2160000000,12092000000,6502000000,1624000000,2689000000,None,None,None,None,None,None,None,1.067,6.28,4.955,None,None,None,None,None,-1189000000,None,0.162,None,6985000000,2025-11-06,quarterly,1.19,USD,pre-market,3379000000,10679000000,0.0906,0.217,0.12,3.113,8906000000,1201000000,90000000,1624000000,77.41,87.86,4.386,24840000000,13770000000,6839000000,11149000000,11070000000,4310000000,23950000000,13597000000,30.86,None,94.02,60.83
2025-12-28,AZN,3.01,58127000000.0,30.86,None,0.168,29.59,350000000,None,4979000000,4979000000,-1889000000,-542000000,None,None,None,None,None,None,395000000,3236000000,None,5356000000,5356000000,5466000000,None,None,4961000000,None,None,1327000000,329000000,3.13,0.0168,778000000,778000000,None,0.78,0.05,6502000000,7829000000,1.14,2006-09-30,18.05,953000000,48395002000.0,18594000000,6667000000,1943000000,2712000000,2712000000,None,500000000,None,2206000000,None,None,1111000000,None,None,1960000000,None,None,None,0.241,2112000000,12092000000,6502000000,1624000000,2689000000,None,None,None,None,None,None,None,1.067,6.28,4.955,None,None,None,None,None,-1331000000,None,0.162,None,6985000000,2025-11-06,quarterly,1.19,USD,pre-market,3379000000,10679000000,0.0906,0.217,0.12,3.113,8906000000,1201000000,90000000,1624000000,77.41,87.86,4.386,24840000000,13770000000,6839000000,11149000000,11070000000,4310000000,23950000000,13597000000,30.86,None,94.02,60.83
2025-12-28,AZN,3.01,58127000000.0,30.86,None,0.168,29.59,415000000,None,4979000000,4979000000,-677000000,1888000000,None,None,None,None,None,None,395000000,3236000000,None,5356000000,5356000000,5466000000,None,None,4961000000,None,None,1327000000,306000000,3.13,0.0168,1442000000,1442000000,None,0.78,0.05,6502000000,7829000000,1.14,2006-06-30,18.05,953000000,48395002000.0,18594000000,6667000000,1943000000,2712000000,2712000000,None,500000000,None,2206000000,None,None,1111000000,None,None,2277000000,None,None,None,0.241,1909000000,12092000000,6502000000,1624000000,2689000000,None,None,None,None,None,None,None,1.067,6.28,4.955,None,None,None,None,None,-1063000000,None,0.162,None,6985000000,2025-11-06,quarterly,1.19,USD,pre-market,3379000000,10679000000,0.0906,0.217,0.12,3.113,8906000000,1201000000,90000000,1624000000,77.41,87.86,4.386,24840000000,13770000000,6839000000,11149000000,11070000000,4310000000,23950000000,13597000000,30.86,None,94.02,60.83
2025-12-28,AZN,3.01,58127000000.0,30.86,None,0.168,29.59,289000000,None,4979000000,4979000000,-1646000000,-1899000000,None,None,None,None,None,None,395000000,3236000000,None,5356000000,5356000000,5466000000,None,None,4961000000,None,None,1327000000,282000000,3.13,0.0168,1442000000,1442000000,None,0.78,0.05,6502000000,7829000000,1.14,2006-03-31,18.05,953000000,48395002000.0,18594000000,6667000000,1943000000,2712000000,2712000000,None,500000000,None,2206000000,None,None,1111000000,None,None,1976000000,None,None,None,0.241,1512000000,12092000000,6502000000,1624000000,2689000000,None,None,None,None,None,None,None,1.067,6.28,4.955,None,None,None,None,None,-564000000,None,0.162,None,6985000000,2025-11-06,quarterly,1.19,USD,pre-market,3379000000,10679000000,0.0906,0.217,0.12,3.113,8906000000,1201000000,90000000,1624000000,77.41,87.86,4.386,24840000000,13770000000,6839000000,11149000000,11070000000,4310000000,23950000000,13597000000,30.86,None,94.02,60.83
2025-12-28,AZN,3.01,58127000000.0,30.86,None,0.168,29.59,87000000,None,4979000000,4979000000,-752000000,-566000000,None,None,596000000,None,None,None,395000000,3236000000,None,5356000000,5356000000,5466000000,None,None,4961000000,None,None,1327000000,394000000,3.13,0.0168,1717000000,1717000000,None,0.78,0.05,6502000000,7829000000,1.14,2005-12-31,18.05,953000000,48395002000.0,18594000000,6667000000,1943000000,2712000000,2712000000,None,500000000,None,2206000000,None,None,1111000000,None,None,1801000000,None,None,None,0.241,1929000000,12092000000,6502000000,1624000000,2689000000,None,None,None,None,None,None,None,1.067,6.28,4.955,None,None,None,None,None,-819000000,None,0.162,None,6985000000,2025-11-06,quarterly,1.19,USD,pre-market,3379000000,10679000000,0.0906,0.217,0.12,3.113,8906000000,1201000000,90000000,1624000000,77.41,87.86,4.386,24840000000,13770000000,6839000000,11149000000,11070000000,4310000000,23950000000,13597000000,30.86,None,94.02,60.83
2025-12-28,AZN,3.01,58127000000.0,30.86,None,0.168,29.59,274000000,None,4979000000,4979000000,-1603000000,-1093000000,None,None,None,None,None,None,395000000,3236000000,None,5356000000,5356000000,5466000000,None,None,4961000000,None,None,1327000000,303000000,3.13,0.0168,638000000,638000000,None,0.78,0.05,6502000000,7829000000,1.14,2005-09-30,18.05,953000000,48395002000.0,18594000000,6667000000,1943000000,2712000000,2712000000,None,500000000,None,2206000000,None,None,1111000000,None,None,1631000000,None,None,None,0.241,1660000000,12092000000,6502000000,1624000000,2689000000,None,None,None,None,None,None,None,1.067,6.28,4.955,None,None,None,None,None,-1000000000,None,0.162,None,6985000000,2025-11-06,quarterly,1.19,USD,pre-market,3379000000,10679000000,0.0906,0.217,0.12,3.113,8906000000,1201000000,90000000,1624000000,77.41,87.86,4.386,24840000000,13770000000,6839000000,11149000000,11070000000,4310000000,23950000000,13597000000,30.86,None,94.02,60.83
2025-12-28,AZN,3.01,58127000000.0,30.86,None,0.168,29.59,4586000000,None,4979000000,4979000000,-3996000000,-7980000000,None,None,-131000000,None,None,None,395000000,3236000000,None,5356000000,5356000000,5466000000,None,None,4961000000,None,None,1327000000,5065000000,3.13,0.0168,4629000000,4629000000,None,0.78,0.05,6502000000,7829000000,1.14,2024-12-31,18.05,953000000,48395002000.0,18594000000,6667000000,1943000000,2712000000,2712000000,None,500000000,None,2206000000,None,None,1111000000,None,None,8691000000,None,None,None,0.241,11861000000,12092000000,6502000000,1624000000,2689000000,None,None,None,None,None,None,None,1.067,6.28,4.955,None,None,None,None,None,-81000000,None,0.162,None,6985000000,2025-11-06,annual,1.19,USD,pre-market,3379000000,10679000000,0.0906,0.217,0.12,3.113,8906000000,1201000000,90000000,1624000000,77.41,87.86,4.386,24840000000,13770000000,6839000000,11149000000,11070000000,4310000000,23950000000,13597000000,30.86,None,94.02,60.83
2025-12-28,AZN,3.01,58127000000.0,30.86,None,0.168,29.59,3778000000,None,4979000000,4979000000,-6567000000,-4064000000,None,None,-669000000,None,None,None,395000000,3236000000,None,5356000000,5356000000,5466000000,None,None,4961000000,None,None,1327000000,4934000000,3.13,0.0168,4481000000,4481000000,None,0.78,0.05,6502000000,7829000000,1.14,2023-12-31,18.05,953000000,48395002000.0,18594000000,6667000000,1943000000,2712000000,2712000000,None,500000000,None,2206000000,None,None,1111000000,None,None,6899000000,None,None,None,0.241,10345000000,12092000000,6502000000,1624000000,2689000000,None,None,None,None,None,None,None,1.067,6.28,4.955,None,None,None,None,None,3709000000,None,0.162,None,6985000000,2025-11-06,annual,1.19,USD,pre-market,3379000000,10679000000,0.0906,0.217,0.12,3.113,8906000000,1201000000,90000000,1624000000,77.41,87.86,4.386,24840000000,13770000000,6839000000,11149000000,11070000000,4310000000,23950000000,13597000000,30.86,None,94.02,60.83
2025-12-28,AZN,3.01,58127000000.0,30.86,None,0.168,29.59,2571000000,None,4979000000,4979000000,-6823000000,-2960000000,None,None,3941000000,None,None,None,395000000,3236000000,None,5356000000,5356000000,5466000000,None,None,4961000000,None,None,1327000000,5480000000,3.13,0.0168,4364000000,4364000000,None,0.78,0.05,6502000000,7829000000,1.14,2022-12-31,18.05,953000000,48395002000.0,18594000000,6667000000,1943000000,2712000000,2712000000,None,500000000,None,2206000000,None,None,1111000000,None,None,2501000000,None,None,None,0.241,9808000000,12092000000,6502000000,1624000000,2689000000,None,None,None,None,None,None,None,1.067,6.28,4.955,None,None,None,None,None,-920000000,None,0.162,None,6985000000,2025-11-06,annual,1.19,USD,pre-market,3379000000,10679000000,0.0906,0.217,0.12,3.113,8906000000,1201000000,90000000,1624000000,77.41,87.86,4.386,24840000000,13770000000,6839000000,11149000000,11070000000,4310000000,23950000000,13597000000,30.86,None,94.02,60.83
2025-12-28,AZN,3.01,58127000000.0,30.86,None,0.168,29.59,2200000000,None,4979000000,4979000000,3649000000,-11058000000,None,None,1577000000,None,None,None,395000000,3236000000,None,5356000000,5356000000,5466000000,None,None,4961000000,None,None,1327000000,6530000000,3.13,0.0168,3856000000,3856000000,None,0.78,0.05,6502000000,7829000000,1.14,2021-12-31,18.05,953000000,48395002000.0,18594000000,6667000000,1943000000,2712000000,2712000000,None,500000000,None,2206000000,None,None,1111000000,None,None,-265000000,None,None,None,0.241,5963000000,12092000000,6502000000,1624000000,2689000000,None,None,None,None,None,None,None,1.067,6.28,4.955,None,None,None,None,None,12413000000,None,0.162,None,6985000000,2025-11-06,annual,1.19,USD,pre-market,3379000000,10679000000,0.0906,0.217,0.12,3.113,8906000000,1201000000,90000000,1624000000,77.41,87.86,4.386,24840000000,13770000000,6839000000,11149000000,11070000000,4310000000,23950000000,13597000000,30.86,None,94.02,60.83
2025-12-28,AZN,3.01,58127000000.0,30.86,None,0.168,29.59,2606000000,None,4979000000,4979000000,-2203000000,-285000000,None,None,-621000000,None,None,None,395000000,3236000000,None,5356000000,5356000000,5466000000,None,None,4961000000,None,None,1327000000,3149000000,3.13,0.0168,3572000000,3572000000,None,0.78,0.05,6502000000,7829000000,1.14,2020-12-31,18.05,953000000,48395002000.0,18594000000,6667000000,1943000000,2712000000,2712000000,None,500000000,None,2206000000,None,None,1111000000,None,None,3916000000,None,None,None,0.241,4799000000,12092000000,6502000000,1624000000,2689000000,None,None,None,None,None,None,None,1.067,6.28,4.955,None,None,None,None,None,3049000000,None,0.162,None,6985000000,2025-11-06,annual,1.19,USD,pre-market,3379000000,10679000000,0.0906,0.217,0.12,3.113,8906000000,1201000000,90000000,1624000000,77.41,87.86,4.386,24840000000,13770000000,6839000000,11149000000,11070000000,4310000000,23950000000,13597000000,30.86,None,94.02,60.83
2025-12-28,AZN,3.01,58127000000.0,30.86,None,0.168,29.59,2460000000,None,4979000000,4979000000,-1765000000,-657000000,None,None,-316000000,None,None,None,395000000,3236000000,None,5356000000,5356000000,5466000000,None,None,4961000000,None,None,1327000000,3762000000,3.13,0.0168,3592000000,3592000000,None,0.78,0.05,6502000000,7829000000,1.14,2019-12-31,18.05,953000000,48395002000.0,18594000000,6667000000,1943000000,2712000000,2712000000,None,500000000,None,2206000000,None,None,1111000000,None,None,1548000000,None,None,None,0.241,2969000000,12092000000,6502000000,1624000000,2689000000,None,None,None,None,None,None,None,1.067,6.28,4.955,None,None,None,None,None,314000000,None,0.162,None,6985000000,2025-11-06,annual,1.19,USD,pre-market,3379000000,10679000000,0.0906,0.217,0.12,3.113,8906000000,1201000000,90000000,1624000000,77.41,87.86,4.386,24840000000,13770000000,6839000000,11149000000,11070000000,4310000000,23950000000,13597000000,30.86,None,94.02,60.83
2025-12-28,AZN,3.01,58127000000.0,30.86,None,0.168,29.59,1371000000,None,4979000000,4979000000,-2044000000,963000000,None,None,-13000000,None,None,None,395000000,3236000000,None,5356000000,5356000000,5466000000,None,None,4961000000,None,None,1327000000,3753000000,3.13,0.0168,3484000000,3484000000,None,0.78,0.05,6502000000,7829000000,1.14,2018-12-31,18.05,953000000,48395002000.0,18594000000,6667000000,1943000000,2712000000,2712000000,None,500000000,None,2206000000,None,None,1111000000,None,None,1993000000,None,None,None,0.241,2618000000,12092000000,6502000000,1624000000,2689000000,None,None,None,None,None,None,None,1.067,6.28,4.955,None,None,None,None,None,2971000000,None,0.162,None,6985000000,2025-11-06,annual,1.19,USD,pre-market,3379000000,10679000000,0.0906,0.217,0.12,3.113,8906000000,1201000000,90000000,1624000000,77.41,87.86,4.386,24840000000,13770000000,6839000000,11149000000,11070000000,4310000000,23950000000,13597000000,30.86,None,94.02,60.83
2025-12-28,AZN,3.01,58127000000.0,30.86,None,0.168,29.59,1620000000,None,4979000000,4979000000,-2936000000,-2328000000,None,None,-548000000,None,None,None,395000000,3236000000,None,5356000000,5356000000,5466000000,None,None,4961000000,None,None,1327000000,3036000000,3.13,0.0168,3519000000,3519000000,None,0.78,0.05,6502000000,7829000000,1.14,2017-12-31,18.05,953000000,48395002000.0,18594000000,6667000000,1943000000,2712000000,2712000000,None,500000000,None,2206000000,None,None,1111000000,None,None,2227000000,None,None,None,0.241,3578000000,12092000000,6502000000,1624000000,2689000000,None,None,None,None,None,None,None,1.067,6.28,4.955,None,None,None,None,None,2310000000,None,0.162,None,6985000000,2025-11-06,annual,1.19,USD,pre-market,3379000000,10679000000,0.0906,0.217,0.12,3.113,8906000000,1201000000,90000000,1624000000,77.41,87.86,4.386,24840000000,13770000000,6839000000,11149000000,11070000000,4310000000,23950000000,13597000000,30.86,None,94.02,60.83
2025-12-28,AZN,3.01,58127000000.0,30.86,None,0.168,29.59,2314000000,None,4979000000,4979000000,-1324000000,-3969000000,None,None,-343000000,None,None,None,395000000,3236000000,None,5356000000,5356000000,5466000000,None,None,4961000000,None,None,1327000000,2357000000,3.13,0.0168,3561000000,3561000000,None,0.78,0.05,6502000000,7829000000,1.14,2016-12-31,18.05,953000000,48395002000.0,18594000000,6667000000,1943000000,2712000000,2712000000,None,500000000,None,2206000000,None,None,1111000000,None,None,3552000000,None,None,None,0.241,4145000000,12092000000,6502000000,1624000000,2689000000,None,None,None,None,None,None,None,1.067,6.28,4.955,None,None,None,None,None,2778000000,None,0.162,None,6985000000,2025-11-06,annual,1.19,USD,pre-market,3379000000,10679000000,0.0906,0.217,0.12,3.113,8906000000,1201000000,90000000,1624000000,77.41,87.86,4.386,24840000000,13770000000,6839000000,11149000000,11070000000,4310000000,23950000000,13597000000,30.86,None,94.02,60.83
2025-12-28,AZN,3.01,58127000000.0,30.86,None,0.168,29.59,2788000000,None,4979000000,4979000000,878000000,-4239000000,None,None,-315000000,None,None,None,395000000,3236000000,None,5356000000,5356000000,5466000000,None,None,4961000000,None,None,1327000000,2852000000,3.13,0.0168,3486000000,3486000000,None,0.78,0.05,6502000000,7829000000,1.14,2015-12-31,18.05,953000000,48395002000.0,18594000000,6667000000,1943000000,2712000000,2712000000,None,500000000,None,2206000000,None,None,1111000000,None,None,3069000000,None,None,None,0.241,3324000000,12092000000,6502000000,1624000000,2689000000,None,None,None,None,None,None,None,1.067,6.28,4.955,None,None,None,None,None,5886000000,None,0.162,None,6985000000,2025-11-06,annual,1.19,USD,pre-market,3379000000,10679000000,0.0906,0.217,0.12,3.113,8906000000,1201000000,90000000,1624000000,77.41,87.86,4.386,24840000000,13770000000,6839000000,11149000000,11070000000,4310000000,23950000000,13597000000,30.86,None,94.02,60.83
2025-12-28,AZN,3.01,58127000000.0,30.86,None,0.168,29.59,2752000000,None,4979000000,4979000000,-2705000000,-7032000000,None,None,108000000,None,None,None,395000000,3236000000,None,5356000000,5356000000,5466000000,None,None,4961000000,None,None,1327000000,3282000000,3.13,0.0168,3521000000,3521000000,None,0.78,0.05,6502000000,7829000000,1.14,2014-12-31,18.05,953000000,48395002000.0,18594000000,6667000000,1943000000,2712000000,2712000000,None,500000000,None,2206000000,None,None,1111000000,None,None,1246000000,None,None,None,0.241,7058000000,12092000000,6502000000,1624000000,2689000000,None,None,None,None,None,None,None,1.067,6.28,4.955,None,None,None,None,None,1403000000,None,0.162,None,6985000000,2025-11-06,annual,1.19,USD,pre-market,3379000000,10679000000,0.0906,0.217,0.12,3.113,8906000000,1201000000,90000000,1624000000,77.41,87.86,4.386,24840000000,13770000000,6839000000,11149000000,11070000000,4310000000,23950000000,13597000000,30.86,None,94.02,60.83
2025-12-28,AZN,3.01,58127000000.0,30.86,None,0.168,29.59,2058000000,None,4979000000,4979000000,-3047000000,-2889000000,None,None,135000000,None,None,None,395000000,3236000000,None,5356000000,5356000000,5466000000,None,None,4961000000,None,None,1327000000,4583000000,3.13,0.0168,3461000000,3461000000,None,0.78,0.05,6502000000,7829000000,1.14,2013-12-31,18.05,953000000,48395002000.0,18594000000,6667000000,1943000000,2712000000,2712000000,None,500000000,None,2206000000,None,None,1111000000,None,None,3267000000,None,None,None,0.241,7400000000,12092000000,6502000000,1624000000,2689000000,None,None,None,None,None,None,None,1.067,6.28,4.955,None,None,None,None,None,-27000000,None,0.162,None,6985000000,2025-11-06,annual,1.19,USD,pre-market,3379000000,10679000000,0.0906,0.217,0.12,3.113,8906000000,1201000000,90000000,1624000000,77.41,87.86,4.386,24840000000,13770000000,6839000000,11149000000,11070000000,4310000000,23950000000,13597000000,30.86,None,94.02,60.83
2025-12-28,AZN,3.01,58127000000.0,30.86,None,0.168,29.59,4619000000,None,4979000000,4979000000,-4923000000,-1859000000,None,None,-150000000,None,None,None,395000000,3236000000,None,5356000000,5356000000,5466000000,None,None,4961000000,None,None,1327000000,2518000000,3.13,0.0168,3665000000,3665000000,None,0.78,0.05,6502000000,7829000000,1.14,2012-12-31,18.05,953000000,48395002000.0,18594000000,6667000000,1943000000,2712000000,2712000000,None,500000000,None,2206000000,None,None,1111000000,None,None,7718000000,None,None,None,0.241,6948000000,12092000000,6502000000,1624000000,2689000000,None,None,None,None,None,None,None,1.067,6.28,4.955,None,None,None,None,None,-2635000000,None,0.162,None,6985000000,2025-11-06,annual,1.19,USD,pre-market,3379000000,10679000000,0.0906,0.217,0.12,3.113,8906000000,1201000000,90000000,1624000000,77.41,87.86,4.386,24840000000,13770000000,6839000000,11149000000,11070000000,4310000000,23950000000,13597000000,30.86,None,94.02,60.83
2025-12-28,AZN,3.01,58127000000.0,30.86,None,0.168,29.59,1297000000,None,4979000000,4979000000,-9321000000,-2022000000,None,None,-256000000,None,None,None,395000000,3236000000,None,5356000000,5356000000,5466000000,None,None,4961000000,None,None,1327000000,2550000000,3.13,0.0168,3764000000,3764000000,None,0.78,0.05,6502000000,7829000000,1.14,2011-12-31,18.05,953000000,48395002000.0,18594000000,6667000000,1943000000,2712000000,2712000000,None,500000000,None,2206000000,None,None,1111000000,None,None,12367000000,None,None,None,0.241,7821000000,12092000000,6502000000,1624000000,2689000000,None,None,None,None,None,None,None,1.067,6.28,4.955,None,None,None,None,None,-6015000000,None,0.162,None,6985000000,2025-11-06,annual,1.19,USD,pre-market,3379000000,10679000000,0.0906,0.217,0.12,3.113,8906000000,1201000000,90000000,1624000000,77.41,87.86,4.386,24840000000,13770000000,6839000000,11149000000,11070000000,4310000000,23950000000,13597000000,30.86,None,94.02,60.83
2025-12-28,AZN,3.01,58127000000.0,30.86,None,0.168,29.59,2420000000,None,4979000000,4979000000,-7220000000,-2340000000,None,None,88000000,None,None,None,395000000,3236000000,None,5356000000,5356000000,5466000000,None,None,4961000000,None,None,1327000000,2741000000,3.13,0.0168,3361000000,3361000000,None,0.78,0.05,6502000000,7829000000,1.14,2010-12-31,18.05,953000000,48395002000.0,18594000000,6667000000,1943000000,2712000000,2712000000,None,500000000,None,2206000000,None,None,1111000000,None,None,10977000000,None,None,None,0.241,10680000000,12092000000,6502000000,1624000000,2689000000,None,None,None,None,None,None,None,1.067,6.28,4.955,None,None,None,None,None,-2604000000,None,0.162,None,6985000000,2025-11-06,annual,1.19,USD,pre-market,3379000000,10679000000,0.0906,0.217,0.12,3.113,8906000000,1201000000,90000000,1624000000,77.41,87.86,4.386,24840000000,13770000000,6839000000,11149000000,11070000000,4310000000,23950000000,13597000000,30.86,None,94.02,60.83
2025-12-28,AZN,3.01,58127000000.0,30.86,None,0.168,29.59,2957000000,None,4979000000,4979000000,-3629000000,-2476000000,None,None,6000000,None,None,None,395000000,3236000000,None,5356000000,5356000000,5466000000,None,None,4961000000,None,None,1327000000,2087000000,3.13,0.0168,2977000000,2977000000,None,0.78,0.05,6502000000,7829000000,1.14,2009-12-31,18.05,953000000,48395002000.0,18594000000,6667000000,1943000000,2712000000,2712000000,None,500000000,None,2206000000,None,None,1111000000,None,None,7521000000,None,None,None,0.241,11739000000,12092000000,6502000000,1624000000,2689000000,None,None,None,None,None,None,None,1.067,6.28,4.955,None,None,None,None,None,None,None,0.162,None,6985000000,2025-11-06,annual,1.19,USD,pre-market,3379000000,10679000000,0.0906,0.217,0.12,3.113,8906000000,1201000000,90000000,1624000000,77.41,87.86,4.386,24840000000,13770000000,6839000000,11149000000,11070000000,4310000000,23950000000,13597000000,30.86,None,94.02,60.83
2025-12-28,AZN,3.01,58127000000.0,30.86,None,0.168,29.59,4039000000,None,4979000000,4979000000,-2440000000,-7818000000,None,None,185000000,None,None,None,395000000,3236000000,None,5356000000,5356000000,5466000000,None,None,4961000000,None,None,1327000000,2620000000,3.13,0.0168,2739000000,2739000000,None,0.78,0.05,6502000000,7829000000,1.14,2008-12-31,18.05,953000000,48395002000.0,18594000000,6667000000,1943000000,2712000000,2712000000,None,500000000,None,2206000000,None,None,1111000000,None,None,9144000000,None,None,None,0.241,8742000000,12092000000,6502000000,1624000000,2689000000,None,None,None,None,None,None,None,1.067,6.28,4.955,None,None,None,None,None,-610000000,None,0.162,None,6985000000,2025-11-06,annual,1.19,USD,pre-market,3379000000,10679000000,0.0906,0.217,0.12,3.113,8906000000,1201000000,90000000,1624000000,77.41,87.86,4.386,24840000000,13770000000,6839000000,11149000000,11070000000,4310000000,23950000000,13597000000,30.86,None,94.02,60.83
2025-12-28,AZN,3.01,58127000000.0,30.86,None,0.168,29.59,1679000000,None,4979000000,4979000000,1925000000,-10761000000,None,None,442000000,None,None,None,395000000,3236000000,None,5356000000,5356000000,5466000000,None,None,4961000000,None,None,1327000000,1856000000,3.13,0.0168,2641000000,2641000000,None,0.78,0.05,6502000000,7829000000,1.14,2007-12-31,18.05,953000000,48395002000.0,18594000000,6667000000,1943000000,2712000000,2712000000,None,500000000,None,2206000000,None,None,1111000000,None,None,8094000000,None,None,None,0.241,7510000000,12092000000,6502000000,1624000000,2689000000,None,None,None,None,None,None,None,1.067,6.28,4.955,None,None,None,None,None,-4170000000,None,0.162,None,6985000000,2025-11-06,annual,1.19,USD,pre-market,3379000000,10679000000,0.0906,0.217,0.12,3.113,8906000000,1201000000,90000000,1624000000,77.41,87.86,4.386,24840000000,13770000000,6839000000,11149000000,11070000000,4310000000,23950000000,13597000000,30.86,None,94.02,60.83
2025-12-28,AZN,3.01,58127000000.0,30.86,None,0.168,29.59,1339000000,None,4979000000,4979000000,-5386000000,-252000000,None,None,158000000,None,None,None,395000000,3236000000,None,5356000000,5356000000,5466000000,None,None,4961000000,None,None,1327000000,1345000000,3.13,0.0168,2220000000,2220000000,None,0.78,0.05,6502000000,7829000000,1.14,2006-12-31,18.05,953000000,48395002000.0,18594000000,6667000000,1943000000,2712000000,2712000000,None,500000000,None,2206000000,None,None,1111000000,None,None,8216000000,None,None,None,0.241,7693000000,12092000000,6502000000,1624000000,2689000000,None,None,None,None,None,None,None,1.067,6.28,4.955,None,None,None,None,None,-4147000000,None,0.162,None,6985000000,2025-11-06,annual,1.19,USD,pre-market,3379000000,10679000000,0.0906,0.217,0.12,3.113,8906000000,1201000000,90000000,1624000000,77.41,87.86,4.386,24840000000,13770000000,6839000000,11149000000,11070000000,4310000000,23950000000,13597000000,30.86,None,94.02,60.83
2025-12-28,AZN,3.01,58127000000.0,30.86,None,0.168,29.59,979000000,None,4979000000,4979000000,-4572000000,-1182000000,None,None,596000000,None,None,None,395000000,3236000000,None,5356000000,5356000000,5466000000,None,None,4961000000,None,None,1327000000,1327000000,3.13,0.0168,1717000000,1717000000,None,0.78,0.05,6502000000,7829000000,1.14,2005-12-31,18.05,953000000,48395002000.0,18594000000,6667000000,1943000000,2712000000,2712000000,None,500000000,None,2206000000,None,None,1111000000,None,None,6502000000,None,None,None,0.241,6743000000,12092000000,6502000000,1624000000,2689000000,None,None,None,None,None,None,None,1.067,6.28,4.955,None,None,None,None,None,-3001000000,None,0.162,None,6985000000,2025-11-06,annual,1.19,USD,pre-market,3379000000,10679000000,0.0906,0.217,0.12,3.113,8906000000,1201000000,90000000,1624000000,77.41,87.86,4.386,24840000000,13770000000,6839000000,11149000000,11070000000,4310000000,23950000000,13597000000,30.86,None,94.02,60.83
