date,symbol,eps,revenue_ttm,pe_ratio,accumulateddepreciationamortizationppe,beta,book_value,capitalexpenditures,capitalleaseobligations,cashandcashequivalentsatcarryingvalue,cashandshortterminvestments,cashflowfromfinancing,cashflowfrominvestment,changeincashandcashequivalents,changeinexchangerate,changeininventory,changeinoperatingassets,changeinoperatingliabilities,changeinreceivables,commonstock,commonstocksharesoutstanding,comprehensiveincomenetoftax,costofgoodsandservicessold,costofrevenue,currentaccountspayable,currentdebt,currentlongtermdebt,currentnetreceivables,deferredrevenue,depreciation,depreciationandamortization,depreciationdepletionandamortization,dividend_per_share,dividend_yield,dividendpayout,dividendpayoutcommonstock,dividendpayoutpreferredstock,earnings_growth_yoy,earnings_surprise,ebit,ebitda,estimated_eps,fiscaldateending,goodwill,gross_profit_ttm,grossprofit,incomebeforetax,incometaxexpense,intangibleassets,intangibleassetsexcludinggoodwill,interestanddebtexpense,interestexpense,interestincome,inventory,investmentincomenet,investments,longtermdebt,longtermdebtnoncurrent,longterminvestments,netincome,netincomefromcontinuingoperations,netinterestincome,noninterestincome,operating_margin_ttm,operatingcashflow,operatingexpenses,operatingincome,othercurrentassets,othercurrentliabilities,othernoncurrentassets,othernoncurrentliabilities,othernonoperatingincome,paymentsforoperatingactivities,paymentsforrepurchaseofcommonstock,paymentsforrepurchaseofequity,paymentsforrepurchaseofpreferredstock,peg_ratio,price_to_book,price_to_sales_ttm,proceedsfromissuanceofcommonstock,proceedsfromissuanceoflongtermdebtandcapitalsecuritiesnet,proceedsfromissuanceofpreferredstock,proceedsfromoperatingactivities,proceedsfromrepaymentsofshorttermdebt,proceedsfromrepurchaseofequity,proceedsfromsaleoftreasurystock,profit_margin,profitloss,propertyplantequipment,report_date,report_type,reported_eps,reportedcurrency,reporttime,researchanddevelopment,retainedearnings,return_on_assets_ttm,return_on_equity_ttm,revenue_growth_yoy,revenue_per_share_ttm,sellinggeneralandadministrative,shortlongtermdebttotal,shorttermdebt,shortterminvestments,sma_200,sma_50,surprise_pct,totalassets,totalcurrentassets,totalcurrentliabilities,totalliabilities,totalnoncurrentassets,totalnoncurrentliabilities,totalrevenue,totalshareholderequity,trailing_pe,treasurystock,week_52_high,week_52_low
1996-03-31,BHE,,,,,,,,,,,,,,,,,,,,,,,,,,,,,,,,,,,,,,0.0,,,0.1,,,,,,,,,,,,,,,,,,,,,,,,,,,,,,,,,,,,,,,,,,,,,,,,1996-04-18,,0.1,,pre-market,,,,,,,,,,,,,0.0,,,,,,,,,,,,
1996-06-30,BHE,,,,,,,,,,,,,,,,,,,,,,,,,,,,,,,,,,,,,,0.0,,,0.11,,,,,,,,,,,,,,,,,,,,,,,,,,,,,,,,,,,,,,,,,,,,,,,,1996-07-17,,0.11,,pre-market,,,,,,,,,,,,,0.0,,,,,,,,,,,,
1996-09-30,BHE,,,,,,,,,,,,,,,,,,,,,,,,,,,,,,,,,,,,,,0.0,,,0.11,,,,,,,,,,,,,,,,,,,,,,,,,,,,,,,,,,,,,,,,,,,,,,,,1996-10-09,,0.11,,pre-market,,,,,,,,,,,,,0.0,,,,,,,,,,,,
1996-12-31,BHE,,,,,,,,,,,,,,,,,,,,,,,,,,,,,,,,,,,,,,0.0,,,0.11,,,,,,,,,,,,,,,,,,,,,,,,,,,,,,,,,,,,,,,,,,,,,,,,1997-01-22,,0.11,,pre-market,,,,,,,,,,,,,0.0,,,,,,,,,,,,
1997-03-31,BHE,,,,,,,,,,,,,,,,,,,,,,,,,,,,,,,,,,,,,,0.0,,,0.12,,,,,,,,,,,,,,,,,,,,,,,,,,,,,,,,,,,,,,,,,,,,,,,,1997-04-15,,0.12,,pre-market,,,,,,,,,,,,,0.0,,,,,,,,,,,,
1997-06-30,BHE,,,,,,,,,,,,,,,,,,,,,,,,,,,,,,,,,,,,,,0.0,,,0.13,,,,,,,,,,,,,,,,,,,,,,,,,,,,,,,,,,,,,,,,,,,,,,,,1997-07-14,,0.13,,pre-market,,,,,,,,,,,,,0.0,,,,,,,,,,,,
1997-09-30,BHE,,,,,,,,,,,,,,,,,,,,,,,,,,,,,,,,,,,,,,0.01,,,0.14,,,,,,,,,,,,,,,,,,,,,,,,,,,,,,,,,,,,,,,,,,,,,,,,1997-10-14,,0.15,,pre-market,,,,,,,,,,,,,7.1429,,,,,,,,,,,,
1997-12-31,BHE,,,,,,,,,,,,,,,,,,,,,,,,,,,,,,,,,,,,,,0.01,,,0.15,,,,,,,,,,,,,,,,,,,,,,,,,,,,,,,,,,,,,,,,,,,,,,,,1998-01-20,,0.16,,pre-market,,,,,,,,,,,,,6.6667,,,,,,,,,,,,
1998-03-31,BHE,,,,,,,,,,,,,,,,,,,,,,,,,,,,,,,,,,,,,,0.0,,,0.14,,,,,,,,,,,,,,,,,,,,,,,,,,,,,,,,,,,,,,,,,,,,,,,,1998-04-14,,0.14,,pre-market,,,,,,,,,,,,,0.0,,,,,,,,,,,,
1998-06-30,BHE,,,,,,,,,,,,,,,,,,,,,,,,,,,,,,,,,,,,,,0.0,,,0.14,,,,,,,,,,,,,,,,,,,,,,,,,,,,,,,,,,,,,,,,,,,,,,,,1998-07-15,,0.14,,pre-market,,,,,,,,,,,,,0.0,,,,,,,,,,,,
1998-09-30,BHE,,,,,,,,,,,,,,,,,,,,,,,,,,,,,,,,,,,,,,0.01,,,0.15,,,,,,,,,,,,,,,,,,,,,,,,,,,,,,,,,,,,,,,,,,,,,,,,1998-10-15,,0.16,,pre-market,,,,,,,,,,,,,6.6667,,,,,,,,,,,,
1998-12-31,BHE,,,,,,,,,,,,,,,,,,,,,,,,,,,,,,,,,,,,,,0.0,,,0.17,,,,,,,,,,,,,,,,,,,,,,,,,,,,,,,,,,,,,,,,,,,,,,,,1999-01-22,,0.17,,pre-market,,,,,,,,,,,,,0.0,,,,,,,,,,,,
1999-03-31,BHE,,,,,,,,,,,,,,,,,,,,,,,,,,,,,,,,,,,,,,0.01,,,0.18,,,,,,,,,,,,,,,,,,,,,,,,,,,,,,,,,,,,,,,,,,,,,,,,1999-04-15,,0.19,,pre-market,,,,,,,,,,,,,5.5556,,,,,,,,,,,,
1999-06-30,BHE,,,,,,,,,,,,,,,,,,,,,,,,,,,,,,,,,,,,,,0.0,,,0.18,,,,,,,,,,,,,,,,,,,,,,,,,,,,,,,,,,,,,,,,,,,,,,,,1999-07-15,,0.18,,pre-market,,,,,,,,,,,,,0.0,,,,,,,,,,,,
1999-09-30,BHE,,,,,,,,,,,,,,,,,,,,,,,,,,,,,,,,,,,,,,-0.12,,,0.16,,,,,,,,,,,,,,,,,,,,,,,,,,,,,,,,,,,,,,,,,,,,,,,,1999-10-22,,0.04,,pre-market,,,,,,,,,,,,,-75.0,,,,,,,,,,,,
1999-12-31,BHE,,,,,,,,,,,,,,,,,,,,,,,,,,,,,,,,,,,,,,0.0,,,0.04,,,,,,,,,,,,,,,,,,,,,,,,,,,,,,,,,,,,,,,,,,,,,,,,2000-02-08,,0.04,,pre-market,,,,,,,,,,,,,0.0,,,,,,,,,,,,
2000-03-31,BHE,,,,,,,,,,,,,,,,,,,,,,,,,,,,,,,,,,,,,,-0.01,,,0.06,,,,,,,,,,,,,,,,,,,,,,,,,,,,,,,,,,,,,,,,,,,,,,,,2000-04-24,,0.05,,pre-market,,,,,,,,,,,,,-16.6667,,,,,,,,,,,,
2000-06-30,BHE,,,,,,,,,,,,,,,,,,,,,,,,,,,,,,,,,,,,,,0.0,,,0.09,,,,,,,,,,,,,,,,,,,,,,,,,,,,,,,,,,,,,,,,,,,,,,,,2000-07-24,,0.09,,pre-market,,,,,,,,,,,,,0.0,,,,,,,,,,,,
2000-09-30,BHE,,,,,,,,,,,,,,,,,,,,,,,,,,,,,,,,,,,,,,0.0,,,0.14,,,,,,,,,,,,,,,,,,,,,,,,,,,,,,,,,,,,,,,,,,,,,,,,2000-10-25,,0.14,,pre-market,,,,,,,,,,,,,0.0,,,,,,,,,,,,
2000-12-31,BHE,,,,,,,,,,,,,,,,,,,,,,,,,,,,,,,,,,,,,,0.0,,,0.18,,,,,,,,,,,,,,,,,,,,,,,,,,,,,,,,,,,,,,,,,,,,,,,,2001-02-07,,0.18,,pre-market,,,,,,,,,,,,,0.0,,,,,,,,,,,,
2001-03-31,BHE,,,,,,,,,,,,,,,,,,,,,,,,,,,,,,,,,,,,,,-0.02,,,0.15,,,,,,,,,,,,,,,,,,,,,,,,,,,,,,,,,,,,,,,,,,,,,,,,2001-04-19,,0.13,,pre-market,,,,,,,,,,,,,-13.3333,,,,,,,,,,,,
2001-06-30,BHE,,,,,,,,,,,,,,,,,,,,,,,,,,,,,,,,,,,,,,0.0,,,0.05,,,,,,,,,,,,,,,,,,,,,,,,,,,,,,,,,,,,,,,,,,,,,,,,2001-07-19,,0.05,,pre-market,,,,,,,,,,,,,0.0,,,,,,,,,,,,
2001-09-30,BHE,,,,,,,,,,,,,,,,,,,,,,,,,,,,,,,,,,,,,,0.0,,,0.05,,,,,,,,,,,,,,,,,,,,,,,,,,,,,,,,,,,,,,,,,,,,,,,,2001-10-23,,0.05,,pre-market,,,,,,,,,,,,,0.0,,,,,,,,,,,,
2001-12-31,BHE,,,,,,,,,,,,,,,,,,,,,,,,,,,,,,,,,,,,,,-0.02,,,0.05,,,,,,,,,,,,,,,,,,,,,,,,,,,,,,,,,,,,,,,,,,,,,,,,2002-02-05,,0.03,,pre-market,,,,,,,,,,,,,-40.0,,,,,,,,,,,,
2002-03-31,BHE,,,,,,,,,,,,,,,,,,,,,,,,,,,,,,,,,,,,,,0.02,,,0.1,,,,,,,,,,,,,,,,,,,,,,,,,,,,,,,,,,,,,,,,,,,,,,,,2002-04-17,,0.12,,pre-market,,,,,,,,,,,,,20.0,,,,,,,,,,,,
2002-06-30,BHE,,,,,,,,,,,,,,,,,,,,,,,,,,,,,,,,,,,,,,0.02,,,0.13,,,,,,,,,,,,,,,,,,,,,,,,,,,,,,,,,,,,,,,,,,,,,,,,2002-07-18,,0.15,,pre-market,,,,,,,,,,,,,15.3846,,,,,,,,,,,,
2002-09-30,BHE,,,,,,,,,,,,,,,,,,,,,,,,,,,,,,,,,,,,,,0.01,,,0.16,,,,,,,,,,,,,,,,,,,,,,,,,,,,,,,,,,,,,,,,,,,,,,,,2002-10-22,,0.17,,pre-market,,,,,,,,,,,,,6.25,,,,,,,,,,,,
2002-12-31,BHE,,,,,,,,,,,,,,,,,,,,,,,,,,,,,,,,,,,,,,0.03,,,0.19,,,,,,,,,,,,,,,,,,,,,,,,,,,,,,,,,,,,,,,,,,,,,,,,2003-02-05,,0.22,,pre-market,,,,,,,,,,,,,15.7895,,,,,,,,,,,,
2003-03-31,BHE,,,,,,,,,,,,,,,,,,,,,,,,,,,,,,,,,,,,,,0.0,,,0.2,,,,,,,,,,,,,,,,,,,,,,,,,,,,,,,,,,,,,,,,,,,,,,,,2003-04-22,,0.2,,pre-market,,,,,,,,,,,,,0.0,,,,,,,,,,,,
2003-06-30,BHE,,,,,,,,,,,,,,,,,,,,,,,,,,,,,,,,,,,,,,0.0,,,0.2,,,,,,,,,,,,,,,,,,,,,,,,,,,,,,,,,,,,,,,,,,,,,,,,2003-07-24,,0.2,,pre-market,,,,,,,,,,,,,0.0,,,,,,,,,,,,
2003-09-30,BHE,,,,,,,,,,,,,,,,,,,,,,,,,,,,,,,,,,,,,,0.0,,,0.21,,,,,,,,,,,,,,,,,,,,,,,,,,,,,,,,,,,,,,,,,,,,,,,,2003-10-23,,0.21,,pre-market,,,,,,,,,,,,,0.0,,,,,,,,,,,,
2003-12-31,BHE,,,,,,,,,,,,,,,,,,,,,,,,,,,,,,,,,,,,,,0.02,,,0.22,,,,,,,,,,,,,,,,,,,,,,,,,,,,,,,,,,,,,,,,,,,,,,,,2004-02-05,,0.24,,pre-market,,,,,,,,,,,,,9.0909,,,,,,,,,,,,
2004-03-31,BHE,,,,,,,,,,,,,,,,,,,,,,,,,,,,,,,,,,,,,,0.0,,,0.24,,,,,,,,,,,,,,,,,,,,,,,,,,,,,,,,,,,,,,,,,,,,,,,,2004-04-22,,0.24,,pre-market,,,,,,,,,,,,,0.0,,,,,,,,,,,,
2004-06-30,BHE,,,,,,,,,,,,,,,,,,,,,,,,,,,,,,,,,,,,,,0.03,,,0.25,,,,,,,,,,,,,,,,,,,,,,,,,,,,,,,,,,,,,,,,,,,,,,,,2004-07-22,,0.28,,pre-market,,,,,,,,,,,,,12.0,,,,,,,,,,,,
2004-09-30,BHE,,,,,,,,,,,,,,,,,,,,,,,,,,,,,,,,,,,,,,0.02,,,0.27,,,,,,,,,,,,,,,,,,,,,,,,,,,,,,,,,,,,,,,,,,,,,,,,2004-10-21,,0.29,,pre-market,,,,,,,,,,,,,7.4074,,,,,,,,,,,,
2004-12-31,BHE,,,,,,,,,,,,,,,,,,,,,,,,,,,,,,,,,,,,,,0.02,,,0.29,,,,,,,,,,,,,,,,,,,,,,,,,,,,,,,,,,,,,,,,,,,,,,,,2005-02-08,,0.31,,pre-market,,,,,,,,,,,,,6.8966,,,,,,,,,,,,
2005-03-31,BHE,,,,,,,,,,,,,,,,,,,,,,,,,,,,,,,,,,,,,,-0.01,,,0.28,,,,,,,,,,,,,,,,,,,,,,,,,,,,,,,,,,,,,,,,,,,,,,,,2005-04-21,,0.27,,pre-market,,,,,,,,,,,,,-3.5714,,,,,,,,,,,,
2005-06-30,BHE,,,,,,,,,,,,,,,,,,,,,,,,,,,,,,,,,,,,,,0.0,,,0.29,,,,,,,,,,,,,,,,,,,,,,,,,,,,,,,,,,,,,,,,,,,,,,,,2005-07-21,,0.29,,pre-market,,,,,,,,,,,,,0.0,,,,,,,,,,,,
2005-09-30,BHE,,,,,,,,,,,,,,,,,,,,,,,,,,,,,,,,,,,,,,0.0,,,0.31,,,,,,,,,,,,,,,,,,,,,,,,,,,,,,,,,,,,,,,,,,,,,,,,2005-10-20,,0.31,,pre-market,,,,,,,,,,,,,0.0,,,,,,,,,,,,
2005-12-31,BHE,,,,,,,,,,,,,,,,,,,,,,,,,,,,,,,,,,,,,,0.03,,,0.35,,,,,,,,,,,,,,,,,,,,,,,,,,,,,,,,,,,,,,,,,,,,,,,,2006-02-07,,0.38,,pre-market,,,,,,,,,,,,,8.5714,,,,,,,,,,,,
2006-03-31,BHE,,,,,,,,,,,,,,,,,,,,,,,,,,,,,,,,,,,,,,0.03,,,0.35,,,,,,,,,,,,,,,,,,,,,,,,,,,,,,,,,,,,,,,,,,,,,,,,2006-04-20,,0.38,,pre-market,,,,,,,,,,,,,8.5714,,,,,,,,,,,,
2006-06-30,BHE,,,,,,,,,,,,,,,,,,,,,,,,,,,,,,,,,,,,,,0.06,,,0.38,,,,,,,,,,,,,,,,,,,,,,,,,,,,,,,,,,,,,,,,,,,,,,,,2006-07-20,,0.44,,pre-market,,,,,,,,,,,,,15.7895,,,,,,,,,,,,
2006-09-30,BHE,,,,,,,,,,,,,,,,,,,,,,,,,,,,,,,,,,,,,,0.02,,,0.43,,,,,,,,,,,,,,,,,,,,,,,,,,,,,,,,,,,,,,,,,,,,,,,,2006-10-19,,0.45,,pre-market,,,,,,,,,,,,,4.6512,,,,,,,,,,,,
2006-12-31,BHE,,,,,,,,,,,,,,,,,,,,,,,,,,,,,,,,,,,,,,0.01,,,0.43,,,,,,,,,,,,,,,,,,,,,,,,,,,,,,,,,,,,,,,,,,,,,,,,2007-02-06,,0.44,,pre-market,,,,,,,,,,,,,2.3256,,,,,,,,,,,,
2007-03-31,BHE,,,,,,,,,,,,,,,,,,,,,,,,,,,,,,,,,,,,,,-0.01,,,0.39,,,,,,,,,,,,,,,,,,,,,,,,,,,,,,,,,,,,,,,,,,,,,,,,2007-04-24,,0.38,,pre-market,,,,,,,,,,,,,-2.5641,,,,,,,,,,,,
2007-06-30,BHE,,,,,,,,,,,,,,,,,,,,,,,,,,,,,,,,,,,,,,0.0,,,0.38,,,,,,,,,,,,,,,,,,,,,,,,,,,,,,,,,,,,,,,,,,,,,,,,2007-07-26,,0.38,,pre-market,,,,,,,,,,,,,0.0,,,,,,,,,,,,
2007-09-30,BHE,,,,,,,,,,,,,,,,,,,,,,,,,,,,,,,,,,,,,,-0.04,,,0.27,,,,,,,,,,,,,,,,,,,,,,,,,,,,,,,,,,,,,,,,,,,,,,,,2007-10-25,,0.23,,pre-market,,,,,,,,,,,,,-14.8148,,,,,,,,,,,,
2007-12-31,BHE,,,,,,,,,,,,,,,,,,,,,,,,,,,,,,,,,,,,,,0.01,,,0.33,,,,,,,,,,,,,,,,,,,,,,,,,,,,,,,,,,,,,,,,,,,,,,,,2008-02-05,,0.34,,pre-market,,,,,,,,,,,,,3.0303,,,,,,,,,,,,
2008-03-31,BHE,,,,,,,,,,,,,,,,,,,,,,,,,,,,,,,,,,,,,,-0.01,,,0.34,,,,,,,,,,,,,,,,,,,,,,,,,,,,,,,,,,,,,,,,,,,,,,,,2008-04-24,,0.33,,pre-market,,,,,,,,,,,,,-2.9412,,,,,,,,,,,,
2008-06-30,BHE,,,,,,,,,,,,,,,,,,,,,,,,,,,,,,,,,,,,,,-0.03,,,0.36,,,,,,,,,,,,,,,,,,,,,,,,,,,,,,,,,,,,,,,,,,,,,,,,2008-07-24,,0.33,,pre-market,,,,,,,,,,,,,-8.3333,,,,,,,,,,,,
2008-09-30,BHE,,,,,,,,,,,,,,,,,,,,,,,,,,,,,,,,,,,,,,0.01,,,0.31,,,,,,,,,,,,,,,,,,,,,,,,,,,,,,,,,,,,,,,,,,,,,,,,2008-10-23,,0.32,,pre-market,,,,,,,,,,,,,3.2258,,,,,,,,,,,,
2008-12-31,BHE,,,,,,,,,,,,,,,,,,,,,,,,,,,,,,,,,,,,,,0.01,,,0.26,,,,,,,,,,,,,,,,,,,,,,,,,,,,,,,,,,,,,,,,,,,,,,,,2009-02-05,,0.27,,pre-market,,,,,,,,,,,,,3.8462,,,,,,,,,,,,
2009-03-31,BHE,,,,,,,,,,,,,,,,,,,,,,,,,,,,,,,,,,,,,,-0.04,,,0.2,,,,,,,,,,,,,,,,,,,,,,,,,,,,,,,,,,,,,,,,,,,,,,,,2009-04-23,,0.16,,pre-market,,,,,,,,,,,,,-20.0,,,,,,,,,,,,
2009-06-30,BHE,,,,,,,,,,,,,,,,,,,,,,,,,,,,,,,,,,,,,,0.03,,,0.16,,,,,,,,,,,,,,,,,,,,,,,,,,,,,,,,,,,,,,,,,,,,,,,,2009-07-29,,0.19,,pre-market,,,,,,,,,,,,,18.75,,,,,,,,,,,,
2009-09-30,BHE,,,,,,,,,,,,,,,,,,,,,,,,,,,,,,,,,,,,,,0.07,,,0.2,,,,,,,,,,,,,,,,,,,,,,,,,,,,,,,,,,,,,,,,,,,,,,,,2009-10-27,,0.27,,pre-market,,,,,,,,,,,,,35.0,,,,,,,,,,,,
2009-12-31,BHE,,,,,,,,,,,,,,,,,,,,,,,,,,,,,,,,,,,,,,0.03,,,0.26,,,,,,,,,,,,,,,,,,,,,,,,,,,,,,,,,,,,,,,,,,,,,,,,2010-02-04,,0.29,,pre-market,,,,,,,,,,,,,11.5385,,,,,,,,,,,,
2010-03-31,BHE,,,,,,,,,,,,,,,,,,,,,,,,,,,,,,,,,,,,,,0.0,,,0.3,,,,,,,,,,,,,,,,,,,,,,,,,,,,,,,,,,,,,,,,,,,,,,,,2010-04-29,,0.3,,pre-market,,,,,,,,,,,,,0.0,,,,,,,,,,,,
2010-06-30,BHE,,,,,,,,,,,,,,,,,,,,,,,,,,,,,,,,,,,,,,0.0,,,0.33,,,,,,,,,,,,,,,,,,,,,,,,,,,,,,,,,,,,,,,,,,,,,,,,2010-07-29,,0.33,,pre-market,,,,,,,,,,,,,0.0,,,,,,,,,,,,
2010-09-30,BHE,,,,,,,,,,,,,,,,,,,,,,,,,,,,,,,,,,,,,,0.03,,,0.35,,,,,,,,,,,,,,,,,,,,,,,,,,,,,,,,,,,,,,,,,,,,,,,,2010-10-26,,0.38,,pre-market,,,,,,,,,,,,,8.5714,,,,,,,,,,,,
2010-12-31,BHE,,,,,,,,,,,,,,,,,,,,,,,,,,,,,,,,,,,,,,0.02,,,0.35,,,,,,,,,,,,,,,,,,,,,,,,,,,,,,,,,,,,,,,,,,,,,,,,2011-02-03,,0.37,,pre-market,,,,,,,,,,,,,5.7143,,,,,,,,,,,,
2011-03-31,BHE,,,,,,,,,,,,,,,,,,,,,,,,,,,,,,,,,,,,,,-0.04,,,0.29,,,,,,,,,,,,,,,,,,,,,,,,,,,,,,,,,,,,,,,,,,,,,,,,2011-04-28,,0.25,,pre-market,,,,,,,,,,,,,-13.7931,,,,,,,,,,,,
2011-06-30,BHE,,,,,,,,,,,,,,,,,,,,,,,,,,,,,,,,,,,,,,-0.06,,,0.31,,,,,,,,,,,,,,,,,,,,,,,,,,,,,,,,,,,,,,,,,,,,,,,,2011-07-28,,0.25,,pre-market,,,,,,,,,,,,,-19.3548,,,,,,,,,,,,
2011-09-30,BHE,,,,,,,,,,,,,,,,,,,,,,,,,,,,,,,,,,,,,,-0.13,,,0.31,,,,,,,,,,,,,,,,,,,,,,,,,,,,,,,,,,,,,,,,,,,,,,,,2011-10-27,,0.18,,pre-market,,,,,,,,,,,,,-41.9355,,,,,,,,,,,,
2011-12-31,BHE,,,,,,,,,,,,,,,,,,,,,,,,,,,,,,,,,,,,,,0.09,,,0.08,,,,,,,,,,,,,,,,,,,,,,,,,,,,,,,,,,,,,,,,,,,,,,,,2012-02-02,,0.17,,pre-market,,,,,,,,,,,,,112.5,,,,,,,,,,,,
2012-03-31,BHE,,,,,,,,,,,,,,,,,,,,,,,,,,,,,,,,,,,,,,0.05,,,0.2,,,,,,,,,,,,,,,,,,,,,,,,,,,,,,,,,,,,,,,,,,,,,,,,2012-04-26,,0.25,,pre-market,,,,,,,,,,,,,25.0,,,,,,,,,,,,
2012-06-30,BHE,,,,,,,,,,,,,,,,,,,,,,,,,,,,,,,,,,,,,,0.05,,,0.27,,,,,,,,,,,,,,,,,,,,,,,,,,,,,,,,,,,,,,,,,,,,,,,,2012-07-26,,0.32,,pre-market,,,,,,,,,,,,,18.5185,,,,,,,,,,,,
2012-09-30,BHE,,,,,,,,,,,,,,,,,,,,,,,,,,,,,,,,,,,,,,0.01,,,0.3,,,,,,,,,,,,,,,,,,,,,,,,,,,,,,,,,,,,,,,,,,,,,,,,2012-10-25,,0.31,,pre-market,,,,,,,,,,,,,3.3333,,,,,,,,,,,,
2012-12-31,BHE,,,,,,,,,,,,,,,,,,,,,,,,,,,,,,,,,,,,,,0.04,,,0.29,,,,,,,,,,,,,,,,,,,,,,,,,,,,,,,,,,,,,,,,,,,,,,,,2013-02-04,,0.33,,pre-market,,,,,,,,,,,,,13.7931,,,,,,,,,,,,
2013-03-31,BHE,,,,,,,,,,,,,,,,,,,,,,,,,,,,,,,,,,,,,,0.02,,,0.2,,,,,,,,,,,,,,,,,,,,,,,,,,,,,,,,,,,,,,,,,,,,,,,,2013-04-25,,0.22,,pre-market,,,,,,,,,,,,,10.0,,,,,,,,,,,,
2013-06-30,BHE,,,,,,,,,,,,,,,,,,,,,,,,,,,,,,,,,,,,,,0.04,,,0.27,,,,,,,,,,,,,,,,,,,,,,,,,,,,,,,,,,,,,,,,,,,,,,,,2013-07-25,,0.31,,pre-market,,,,,,,,,,,,,14.8148,,,,,,,,,,,,
2013-09-30,BHE,,,,,,,,,,,,,,,,,,,,,,,,,,,,,,,,,,,,,,0.0,,,0.31,,,,,,,,,,,,,,,,,,,,,,,,,,,,,,,,,,,,,,,,,,,,,,,,2013-10-24,,0.31,,pre-market,,,,,,,,,,,,,0.0,,,,,,,,,,,,
2013-12-31,BHE,,,,,,,,,,,,,,,,,,,,,,,,,,,,,,,,,,,,,,0.07,,,0.36,,,,,,,,,,,,,,,,,,,,,,,,,,,,,,,,,,,,,,,,,,,,,,,,2014-02-04,,0.43,,pre-market,,,,,,,,,,,,,19.4444,,,,,,,,,,,,
2014-03-31,BHE,,,,,,,,,,,,,,,,,,,,,,,,,,,,,,,,,,,,,,0.04,,,0.31,,,,,,,,,,,,,,,,,,,,,,,,,,,,,,,,,,,,,,,,,,,,,,,,2014-04-24,,0.35,,pre-market,,,,,,,,,,,,,12.9032,,,,,,,,,,,,
2014-06-30,BHE,,,,,,,,,,,,,,,,,,,,,,,,,,,,,,,,,,,,,,0.05,,,0.38,,,,,,,,,,,,,,,,,,,,,,,,,,,,,,,,,,,,,,,,,,,,,,,,2014-07-24,,0.43,,pre-market,,,,,,,,,,,,,13.1579,,,,,,,,,,,,
2014-09-30,BHE,,,,,,,,,,,,,,,,,,,,,,,,,,,,,,,,,,,,,,0.02,,,0.41,,,,,,,,,,,,,,,,,,,,,,,,,,,,,,,,,,,,,,,,,,,,,,,,2014-10-23,,0.43,,pre-market,,,,,,,,,,,,,4.878,,,,,,,,,,,,
2014-12-31,BHE,,,,,,,,,,,,,,,,,,,,,,,,,,,,,,,,,,,,,,0.0,,,0.43,,,,,,,,,,,,,,,,,,,,,,,,,,,,,,,,,,,,,,,,,,,,,,,,2015-02-03,,0.43,,pre-market,,,,,,,,,,,,,0.0,,,,,,,,,,,,
2015-03-31,BHE,,,,,,,,,,,,,,,,,,,,,,,,,,,,,,,,,,,,,,0.02,,,0.32,,,,,,,,,,,,,,,,,,,,,,,,,,,,,,,,,,,,,,,,,,,,,,,,2015-04-23,,0.34,,pre-market,,,,,,,,,,,,,6.25,,,,,,,,,,,,
2015-06-30,BHE,,,,,,,,,,,,,,,,,,,,,,,,,,,,,,,,,,,,,,0.04,,,0.38,,,,,,,,,,,,,,,,,,,,,,,,,,,,,,,,,,,,,,,,,,,,,,,,2015-07-23,,0.42,,pre-market,,,,,,,,,,,,,10.5263,,,,,,,,,,,,
2015-09-30,BHE,,,,,,,,,,,,,,,,,,,,,,,,,,,,,,,,,,,,,,0.01,,,0.4,,,,,,,,,,,,,,,,,,,,,,,,,,,,,,,,,,,,,,,,,,,,,,,,2015-10-22,,0.41,,pre-market,,,,,,,,,,,,,2.5,,,,,,,,,,,,
2015-12-31,BHE,,,,,,,,,,,,,,,,,,,,,,,,,,,,,,,,,,,,,,0.04,,,0.41,,,,,,,,,,,,,,,,,,,,,,,,,,,,,,,,,,,,,,,,,,,,,,,,2016-02-09,,0.45,,pre-market,,,,,,,,,,,,,9.7561,,,,,,,,,,,,
2016-03-31,BHE,,,,,,,,,,,,,,,,,,,,,,,,,,,,,,,,,,,,,,-0.06,,,0.32,,,,,,,,,,,,,,,,,,,,,,,,,,,,,,,,,,,,,,,,,,,,,,,,2016-04-21,,0.26,,pre-market,,,,,,,,,,,,,-18.75,,,,,,,,,,,,
2016-06-30,BHE,,,,,,,,,,,,,,,,,,,,,,,,,,,,,,,,,,,,,,-0.01,,,0.32,,,,,,,,,,,,,,,,,,,,,,,,,,,,,,,,,,,,,,,,,,,,,,,,2016-07-21,,0.31,,pre-market,,,,,,,,,,,,,-3.125,,,,,,,,,,,,
2016-09-30,BHE,,,,,,,,,,,,,,,,,,,,,,,,,,,,,,,,,,,,,,0.01,,,0.35,,,,,,,,,,,,,,,,,,,,,,,,,,,,,,,,,,,,,,,,,,,,,,,,2016-10-20,,0.36,,post-market,,,,,,,,,,,,,2.8571,,,,,,,,,,,,
2016-12-31,BHE,,,,,,,,,,,,,,,,,,,,,,,,,,,,,,,,,,,,,,0.04,,,0.41,,,,,,,,,,,,,,,,,,,,,,,,,,,,,,,,,,,,,,,,,,,,,,,,2017-02-08,,0.45,,pre-market,,,,,,,,,,,,,9.7561,,,,,,,,,,,,
2017-03-31,BHE,,,,,,,,,,,,,,,,,,,,,,,,,,,,,,,,,,,,,,0.08,,,0.26,,,,,,,,,,,,,,,,,,,,,,,,,,,,,,,,,,,,,,,,,,,,,,,,2017-04-19,,0.34,,post-market,,,,,,,,,,,,,30.7692,,,,,,,,,,,,
2017-06-30,BHE,,,,,,,,,,,,,,,,,,,,,,,,,,,,,,,,,,,,,,0.04,,,0.34,,,,,,,,,,,,,,,,,,,,,,,,,,,,,,,,,,,,,,,,,,,,,,,,2017-07-19,,0.38,,post-market,,,,,,,,,,,,,11.7647,,,,,,,,,,,,
2017-09-30,BHE,,,,,,,,,,,,,,,,,,,,,,,,,,,,,,,,,,,,,,0.05,,,0.34,,,,,,,,,,,,,,,,,,,,,,,,,,,,,,,,,,,,,,,,,,,,,,,,2017-10-18,,0.39,,post-market,,,,,,,,,,,,,14.7059,,,,,,,,,,,,
2017-12-31,BHE,,,,,,,,,,,,,,,,,,,,,,,,,,,,,,,,,,,,,,0.12,,,0.37,,,,,,,,,,,,,,,,,,,,,,,,,,,,,,,,,,,,,,,,,,,,,,,,2018-02-07,,0.49,,post-market,,,,,,,,,,,,,32.4324,,,,,,,,,,,,
2018-03-31,BHE,,,,,,,,,,,,,,,,,,,,,,,,,,,,,,,,,,,,,,0.05,,,0.36,,,,,,,,,,,,,,,,,,,,,,,,,,,,,,,,,,,,,,,,,,,,,,,,2018-04-25,,0.41,,post-market,,,,,,,,,,,,,13.8889,,,,,,,,,,,,
2018-06-30,BHE,,,,,,,,,,,,,,,,,,,,,,,,,,,,,,,,,,,,,,0.0,,,0.3,,,,,,,,,,,,,,,,,,,,,,,,,,,,,,,,,,,,,,,,,,,,,,,,2018-07-24,,0.3,,post-market,,,,,,,,,,,,,0.0,,,,,,,,,,,,
2018-09-30,BHE,,,,,,,,,,,,,,,,,,,,,,,,,,,,,,,,,,,,,,0.02,,,0.31,,,,,,,,,,,,,,,,,,,,,,,,,,,,,,,,,,,,,,,,,,,,,,,,2018-10-30,,0.33,,post-market,,,,,,,,,,,,,6.4516,,,,,,,,,,,,
2018-12-31,BHE,,,,,,,,,,,,,,,,,,,,,,,,,,,,,,,,,,,,,,0.06,,,0.35,,,,,,,,,,,,,,,,,,,,,,,,,,,,,,,,,,,,,,,,,,,,,,,,2019-02-07,,0.41,,post-market,,,,,,,,,,,,,17.1429,,,,,,,,,,,,
2019-03-31,BHE,,,,,,,,,,,,,,,,,,,,,,,,,,,,,,,,,,,,,,0.0,,,0.33,,,,,,,,,,,,,,,,,,,,,,,,,,,,,,,,,,,,,,,,,,,,,,,,2019-04-24,,0.33,,post-market,,,,,,,,,,,,,0.0,,,,,,,,,,,,
2019-06-30,BHE,,,,,,,,,,,,,,,,,,,,,,,,,,,,,,,,,,,,,,0.04,,,0.32,,,,,,,,,,,,,,,,,,,,,,,,,,,,,,,,,,,,,,,,,,,,,,,,2019-07-24,,0.36,,post-market,,,,,,,,,,,,,12.5,,,,,,,,,,,,
2019-09-30,BHE,,,,,,,,,,,,,,,,,,,,,,,,,,,,,,,,,,,,,,0.02,,,0.34,,,,,,,,,,,,,,,,,,,,,,,,,,,,,,,,,,,,,,,,,,,,,,,,2019-10-24,,0.36,,post-market,,,,,,,,,,,,,5.8824,,,,,,,,,,,,
2019-12-31,BHE,,,,,,,,,,,,,,,,,,,,,,,,,,,,,,,,,,,,,,-0.02,,,0.29,,,,,,,,,,,,,,,,,,,,,,,,,,,,,,,,,,,,,,,,,,,,,,,,2020-02-06,,0.27,,post-market,,,,,,,,,,,,,-6.8966,,,,,,,,,,,,
2020-03-31,BHE,,,,,,,,,,,,,,,,,,,,,,,,,,,,,,,,,,,,,,0.06,,,0.16,,,,,,,,,,,,,,,,,,,,,,,,,,,,,,,,,,,,,,,,,,,,,,,,2020-04-29,,0.22,,post-market,,,,,,,,,,,,,37.5,,,,,,,,,,,,
2020-06-30,BHE,,,,,,,,,,,,,,,,,,,,,,,,,,,,,,,,,,,,,,-0.02,,,0.09,,,,,,,,,,,,,,,,,,,,,,,,,,,,,,,,,,,,,,,,,,,,,,,,2020-07-29,,0.07,,post-market,,,,,,,,,,,,,-22.2222,,,,,,,,,,,,
2020-09-30,BHE,,,,,,,,,,,,,,,,,,,,,,,,,,,,,,,,,,,,,,0.04,,,0.28,,,,,,,,,,,,,,,,,,,,,,,,,,,,,,,,,,,,,,,,,,,,,,,,2020-10-28,,0.32,,post-market,,,,,,,,,,,,,14.2857,,,,,,,,,,,,
2020-12-31,BHE,,,,,,,,,,,,,,,,,,,,,,,,,,,,,,,,,,,,,,0.01,,,0.33,,,,,,,,,,,,,,,,,,,,,,,,,,,,,,,,,,,,,,,,,,,,,,,,2021-02-04,,0.34,,post-market,,,,,,,,,,,,,3.0303,,,,,,,,,,,,
2021-03-31,BHE,,,,,,,,,,,,,,,,,,,,,,,,,,,,,,,,,,,,,,0.01,,,0.2,,,,,,,,,,,,,,,,,,,,,,,,,,,,,,,,,,,,,,,,,,,,,,,,2021-04-28,,0.21,,post-market,,,,,,,,,,,,,5.0,,,,,,,,,,,,
2021-06-30,BHE,,,,,,,,,,,,,,,,,,,,,,,,,,,,,,,,,,,,,,0.01,,,0.26,,,,,,,,,,,,,,,,,,,,,,,,,,,,,,,,,,,,,,,,,,,,,,,,2021-07-28,,0.27,,post-market,,,,,,,,,,,,,3.8462,,,,,,,,,,,,
2021-09-30,BHE,,,,,,,,,,,,,,,,,,,,,,,,,,,,,,,,,,,,,,0.01,,,0.38,,,,,,,,,,,,,,,,,,,,,,,,,,,,,,,,,,,,,,,,,,,,,,,,2021-10-27,,0.39,,post-market,,,,,,,,,,,,,2.6316,,,,,,,,,,,,
2021-12-31,BHE,,,,,,,,,,,,,,,,,,,,,,,,,,,,,,,,,,,,,,0.07,,,0.41,,,,,,,,,,,,,,,,,,,,,,,,,,,,,,,,,,,,,,,,,,,,,,,,2022-02-03,,0.48,,post-market,,,,,,,,,,,,,17.0732,,,,,,,,,,,,
2022-03-31,BHE,,,,,,,,,,,,,,,,,,,,,,,,,,,,,,,,,,,,,,0.1,,,0.34,,,,,,,,,,,,,,,,,,,,,,,,,,,,,,,,,,,,,,,,,,,,,,,,2022-04-26,,0.44,,post-market,,,,,,,,,,,,,29.4118,,,,,,,,,,,,
2022-06-30,BHE,,,,,,,,,,,,,,,,,,,,,,,,,,,,,,,,,,,,,,0.09,,,0.41,,,,,,,,,,,,,,,,,,,,,,,,,,,,,,,,,,,,,,,,,,,,,,,,2022-08-03,,0.5,,post-market,,,,,,,,,,,,,21.9512,,,,,,,,,,,,
2022-09-30,BHE,,,,,,,,,,,,,,,,,,,,,,,,,,,,,,,,,,,,,,0.05,,,0.52,,,,,,,,,,,,,,,,,,,,,,,,,,,,,,,,,,,,,,,,,,,,,,,,2022-10-26,,0.57,,post-market,,,,,,,,,,,,,9.6154,,,,,,,,,,,,
2022-12-31,BHE,,,,,,,,,,,,,,,,,,,,,,,,,,,,,,,,,,,,,,0.01,,,0.59,,,,,,,,,,,,,,,,,,,,,,,,,,,,,,,,,,,,,,,,,,,,,,,,2023-02-01,,0.6,,post-market,,,,,,,,,,,,,1.6949,,,,,,,,,,,,
2023-03-31,BHE,,,,,,,,,,,,,,,,,,,,,,,,,,,,,,,,,,,,,,0.0,,,0.42,,,,,,,,,,,,,,,,,,,,,,,,,,,,,,,,,,,,,,,,,,,,,,,,2023-05-03,,0.42,,post-market,,,,,,,,,,,,,0.0,,,,,,,,,,,,
2023-06-30,BHE,,,,,,,,,,,,,,,,,,,,,,,,,,,,,,,,,,,,,,0.01,,,0.47,,,,,,,,,,,,,,,,,,,,,,,,,,,,,,,,,,,,,,,,,,,,,,,,2023-07-31,,0.48,,post-market,,,,,,,,,,,,,2.1277,,,,,,,,,,,,
2023-09-30,BHE,,,,,,,,,,,,,,,,,,,,,,,,,,,,,,,,,,,,,,0.05,,,0.52,,,,,,,,,,,,,,,,,,,,,,,,,,,,,,,,,,,,,,,,,,,,,,,,2023-10-25,,0.57,,post-market,,,,,,,,,,,,,9.6154,,,,,,,,,,,,
2023-12-31,BHE,,,,,,,,,,,,,,,,,,,,,,,,,,,,,,,,,,,,,,0.02,,,0.56,,,,,,,,,,,,,,,,,,,,,,,,,,,,,,,,,,,,,,,,,,,,,,,,2024-01-31,,0.58,,post-market,,,,,,,,,,,,,3.5714,,,,,,,,,,,,
2024-03-31,BHE,,,,,,,,,,,,,,,,,,,,,,,,,,,,,,,,,,,,,,0.09,,,0.46,,,,,,,,,,,,,,,,,,,,,,,,,,,,,,,,,,,,,,,,,,,,,,,,2024-05-01,,0.55,,post-market,,,,,,,,,,,,,19.5652,,,,,,,,,,,,
2024-06-30,BHE,,,,,,,,,,,,,,,,,,,,,,,,,,,,,,,,,,,,,,0.06,,,0.51,,,,,,,,,,,,,,,,,,,,,,,,,,,,,,,,,,,,,,,,,,,,,,,,2024-07-30,,0.57,,post-market,,,,,,,,,,,,,11.7647,,,,,,,,,,,,
2024-09-30,BHE,,,,,,,,,,,,,,,,,,,,,,,,,,,,,,,,,,,,,,0.03,,,0.54,,,,,,,,,,,,,,,,,,,,,,,,,,,,,,,,,,,,,,,,,,,,,,,,2024-10-30,,0.57,,post-market,,,,,,,,,,,,,5.5556,,,,,,,,,,,,
2024-12-31,BHE,,,,,,,,,,,,,,,,,,,,,,,,,,,,,,,,,,,,,,0.05,,,0.56,,,,,,,,,,,,,,,,,,,,,,,,,,,,,,,,,,,,,,,,,,,,,,,,2025-01-29,,0.61,,post-market,,,,,,,,,,,,,8.9286,,,,,,,,,,,,
2025-03-31,BHE,,,,,,,,,,,,,,,,,,,,,,,,,,,,,,,,,,,,,,0.02,,,0.5,,,,,,,,,,,,,,,,,,,,,,,,,,,,,,,,,,,,,,,,,,,,,,,,2025-04-29,,0.52,,post-market,,,,,,,,,,,,,4.0,,,,,,,,,,,,
2025-06-30,BHE,,,,,,,,,,,,,,,,,,,,,,,,,,,,,,,,,,,,,,0.01,,,0.54,,,,,,,,,,,,,,,,,,,,,,,,,,,,,,,,,,,,,,,,,,,,,,,,2025-07-30,,0.55,,post-market,,,,,,,,,,,,,1.8519,,,,,,,,,,,,
2025-09-30,BHE,,,,,,,,,,,,,,,,,,,,,,,,,,,,,,,,,,,,,,0.05,,,0.57,,,,,,,,,,,,,,,,,,,,,,,,,,,,,,,,,,,,,,,,,,,,,,,,2025-10-29,,0.62,,post-market,,,,,,,,,,,,,8.7719,,,,,,,,,,,,
2025-12-28,BHE,1.01,2611664000.0,44.33,,1.051,31.09,,,,,,,,,,,,,,,,,,,,,,,,,,0.68,0.0152,,,,-0.071,0.05,,,0.57,,,263820000.0,,,,,,,,,,,,,,,,,,,0.037,,,,,,,,,,,,,1.91,1.444,0.616,,,,,,,,0.0143,,,2025-10-29,,0.62,,post-market,,,0.0298,0.0337,0.035,72.64,,,,,39.76,44.39,8.7719,,,,,,,,,44.33,,49.89,30.46
2025-12-28,BHE,1.01,2611664000.0,44.33,,1.051,31.09,,,,,,,,,,,,,,,None,613340000,613340000,,,,,,None,11703000,,0.68,0.0152,,,,-0.071,0.05,25008000,36711000,0.57,2025-09-30,,263820000.0,67338000,20590000,6327000,,,None,4418000,1955000,,None,,,,,14263000,14263000,-2463000,None,0.037,,41520000,25818000,,,,,None,,,,,1.91,1.444,0.616,,,,,,,,0.0143,,,2025-10-29,quarterly,0.62,USD,post-market,None,,0.0298,0.0337,0.035,72.64,41520000,,,,39.76,44.39,8.7719,,,,,,,680678000,,44.33,,49.89,30.46
2025-12-28,BHE,1.01,2611664000.0,44.33,,1.051,31.09,,,,,,,,,,,,,,,None,577563000,577563000,,,,,,None,12017000,,0.68,0.0152,,,,-0.071,0.05,22955000,34972000,0.57,2025-06-30,,263820000.0,64772000,16607000,15635000,,,None,6348000,3135000,,None,,,,,972000,972000,-3213000,None,0.037,,44286000,20486000,,,,,None,,,,,1.91,1.444,0.616,,,,,,,,0.0143,,,2025-10-29,quarterly,0.62,USD,post-market,None,,0.0298,0.0337,0.035,72.64,40569000,,,,39.76,44.39,8.7719,,,,,,,642335000,,44.33,,49.89,30.46
2025-12-28,BHE,1.01,2611664000.0,44.33,,1.051,31.09,,,,,,,,,,,,,,,None,568584000,568584000,,,,,,None,11768000,,0.68,0.0152,,,,-0.071,0.05,13689000,25457000,0.57,2025-03-31,,263820000.0,63180000,8394000,4750000,,,None,5295000,2732000,,None,,,,,3644000,3644000,-2563000,None,0.037,,51421000,11759000,,,,,None,,,,,1.91,1.444,0.616,,,,,,,,0.0143,,,2025-10-29,quarterly,0.62,USD,post-market,None,,0.0298,0.0337,0.035,72.64,38800000,,,,39.76,44.39,8.7719,,,,,,,631764000,,44.33,,49.89,30.46
2025-12-28,BHE,1.01,2611664000.0,44.33,,1.051,31.09,,,,,,,,,,,,,,,None,588962000,588962000,,,,,,None,11566000,,0.68,0.0152,,,,-0.071,0.05,30053000,41619000,0.57,2024-12-31,,263820000.0,67925000,23878000,5455000,,,None,6175000,2879000,,None,,,,,18423000,18423000,-3296000,None,0.037,,39401000,28524000,,,,,None,,,,,1.91,1.444,0.616,,,,,,,,0.0143,,,2025-10-29,quarterly,0.62,USD,post-market,None,,0.0298,0.0337,0.035,72.64,37470000,,,,39.76,44.39,8.7719,,,,,,,656887000,,44.33,,49.89,30.46
2025-12-28,BHE,1.01,2611664000.0,44.33,,1.051,31.09,,,,,,,,,,,,,,,None,591006000,591006000,,,,,,None,11552000,,0.68,0.0152,,,,-0.071,0.05,26964000,38516000,0.57,2024-09-30,,263820000.0,66741000,20395000,5021000,,,None,6569000,2811000,,None,,,,,15374000,15374000,-3758000,None,0.037,,38636000,28105000,,,,,None,,,,,1.91,1.444,0.616,,,,,,,,0.0143,,,2025-10-29,quarterly,0.62,USD,post-market,None,,0.0298,0.0337,0.035,72.64,36636000,,,,39.76,44.39,8.7719,,,,,,,657747000,,44.33,,49.89,30.46
2025-12-28,BHE,1.01,2611664000.0,44.33,,1.051,31.09,,,,,,,,,,,,,,,None,597946000,597946000,,,,,,None,11432000,,0.68,0.0152,,,,-0.071,0.05,27456000,38888000,0.57,2024-06-30,,263820000.0,67950000,20523000,4995000,,,None,6933000,2526000,,None,,,,,15528000,15528000,-4407000,None,0.037,,40697000,27253000,,,,,None,,,,,1.91,1.444,0.616,,,,,,,,0.0143,,,2025-10-29,quarterly,0.62,USD,post-market,None,,0.0298,0.0337,0.035,72.64,38022000,,,,39.76,44.39,8.7719,,,,,,,665896000,,44.33,,49.89,30.46
2025-12-28,BHE,1.01,2611664000.0,44.33,,1.051,31.09,,,,,,,,,,,,,,,None,608167000,608167000,,,,,,None,11594000,,0.68,0.0152,,,,-0.071,0.05,26344000,37938000,0.57,2024-03-31,,263820000.0,67408000,19099000,5097000,,,None,7245000,1992000,,None,,,,,14002000,14002000,-5253000,None,0.037,,41879000,25529000,,,,,None,,,,,1.91,1.444,0.616,,,,,,,,0.0143,,,2025-10-29,quarterly,0.62,USD,post-market,None,,0.0298,0.0337,0.035,72.64,37332000,,,,39.76,44.39,8.7719,,,,,,,675575000,,44.33,,49.89,30.46
2025-12-28,BHE,1.01,2611664000.0,44.33,,1.051,31.09,,,,,,,,,,,,,,,None,620350000,620350000,,,,,,None,11307000,,0.68,0.0152,,,,-0.071,0.05,31028000,42335000,0.57,2023-12-31,,263820000.0,71004000,22336000,4784000,,,None,8692000,2033000,,None,,,,,17552000,17552000,-6659000,None,0.037,,38904000,32100000,,,,,None,,,,,1.91,1.444,0.616,,,,,,,,0.0143,,,2025-10-29,quarterly,0.62,USD,post-market,None,,0.0298,0.0337,0.035,72.64,35646000,,,,39.76,44.39,8.7719,,,,,,,691354000,,44.33,,49.89,30.46
2025-12-28,BHE,1.01,2611664000.0,44.33,,1.051,31.09,,,,,,,,,,,,,,,None,650618000,650618000,,,,,,None,11554000,,0.68,0.0152,,,,-0.071,0.05,34068000,45622000,0.57,2023-09-30,,263820000.0,69077000,25593000,5181000,,,None,8475000,1343000,,None,,,,,20412000,20412000,-7132000,None,0.037,,38736000,30341000,,,,,None,,,,,1.91,1.444,0.616,,,,,,,,0.0143,,,2025-10-29,quarterly,0.62,USD,post-market,None,,0.0298,0.0337,0.035,72.64,35509000,,,,39.76,44.39,8.7719,,,,,,,719695000,,44.33,,49.89,30.46
2025-12-28,BHE,1.01,2611664000.0,44.33,,1.051,31.09,,,,,,,,,,,,,,,None,666201000,666201000,,,,,,None,11449000,,0.68,0.0152,,,,-0.071,0.05,26164000,37613000,0.57,2023-06-30,,263820000.0,67031000,17906000,3915000,,,None,8258000,1622000,,None,,,,,13991000,13991000,-6636000,None,0.037,,42550000,24481000,,,,,None,,,,,1.91,1.444,0.616,,,,,,,,0.0143,,,2025-10-29,quarterly,0.62,USD,post-market,None,,0.0298,0.0337,0.035,72.64,37672000,,,,39.76,44.39,8.7719,,,,,,,733232000,,44.33,,49.89,30.46
2025-12-28,BHE,1.01,2611664000.0,44.33,,1.051,31.09,,,,,,,,,,,,,,,None,630737000,630737000,,,,,,None,11100000,,0.68,0.0152,,,,-0.071,0.05,21835000,32935000,0.57,2023-03-31,,263820000.0,63958000,15385000,3025000,,,None,6450000,1258000,,None,,,,,12360000,12360000,-5192000,None,0.037,,41216000,22742000,,,,,-907000,,,,,1.91,1.444,0.616,,,,,,,,0.0143,,,2025-10-29,quarterly,0.62,USD,post-market,None,,0.0298,0.0337,0.035,72.64,4950000,,,,39.76,44.39,8.7719,,,,,,,694695000,,44.33,,49.89,30.46
2025-12-28,BHE,1.01,2611664000.0,44.33,,1.051,31.09,,,,,,,,,,,,,,,None,678517000,678517000,,,,,,None,11265000,,0.68,0.0152,,,,-0.071,0.05,31693000,42958000,0.57,2022-12-31,,263820000.0,72127000,26227000,5008000,,,None,5466000,887000,,None,,,,,21219000,21219000,-4579000,None,0.037,,45181000,26946000,,,,,4747000,,,,,1.91,1.444,0.616,,,,,,,,0.0143,,,2025-10-29,quarterly,0.62,USD,post-market,None,,0.0298,0.0337,0.035,72.64,4950000,,,,39.76,44.39,8.7719,,,,,,,750644000,,44.33,,49.89,30.46
2025-12-28,BHE,1.01,2611664000.0,44.33,,1.051,31.09,,,,,,,,,,,,,,,None,704825000,704825000,,,,,,None,11125000,,0.68,0.0152,,,,-0.071,0.05,26823000,37948000,0.57,2022-09-30,,263820000.0,66750000,23330000,4501000,,,None,3493000,3041000,,None,,,,,18829000,18829000,-3041000,None,0.037,,41466000,25284000,,,,,1539000,,,,,1.91,1.444,0.616,,,,,,,,0.0143,,,2025-10-29,quarterly,0.62,USD,post-market,None,,0.0298,0.0337,0.035,72.64,4950000,,,,39.76,44.39,8.7719,,,,,,,771575000,,44.33,,49.89,30.46
2025-12-28,BHE,1.01,2611664000.0,44.33,,1.051,31.09,,,,,,,,,,,,,,,None,669273000,669273000,,,,,,None,10965000,,0.68,0.0152,,,,-0.071,0.05,23477000,34442000,0.57,2022-06-30,,263820000.0,58756000,21292000,4071000,,,None,2185000,261000,,None,,,,,17221000,17221000,-1924000,None,0.037,,36324000,22432000,,,,,1045000,,,,,1.91,1.444,0.616,,,,,,,,0.0143,,,2025-10-29,quarterly,0.62,USD,post-market,None,,0.0298,0.0337,0.035,72.64,4950000,,,,39.76,44.39,8.7719,,,,,,,728029000,,44.33,,49.89,30.46
2025-12-28,BHE,1.01,2611664000.0,44.33,,1.051,31.09,,,,,,,,,,,,,,,None,578481000,578481000,,,,,,None,10897000,,0.68,0.0152,,,,-0.071,0.05,15243000,26140000,0.57,2022-03-31,,263820000.0,57602000,13493000,2533000,,,None,1750000,130000,,None,,,,,10960000,10960000,-1620000,None,0.037,,42195000,15407000,,,,,-164000,,,,,1.91,1.444,0.616,,,,,,,,0.0143,,,2025-10-29,quarterly,0.62,USD,post-market,None,,0.0298,0.0337,0.035,72.64,36289000,,,,39.76,44.39,8.7719,,,,,,,636083000,,44.33,,49.89,30.46
2025-12-28,BHE,1.01,2611664000.0,44.33,,1.051,31.09,,,,,,,,,,,,,,,None,570998000,570998000,,,,,,None,11189000,,0.68,0.0152,,,,-0.071,0.05,18337000,29526000,0.57,2021-12-31,,263820000.0,62056000,16080000,3661000,,,None,2257000,89000,,None,,,,,12419000,12419000,-2168000,None,0.037,,43421000,18635000,,,,,-298000,,,,,1.91,1.444,0.616,,,,,,,,0.0143,,,2025-10-29,quarterly,0.62,USD,post-market,None,,0.0298,0.0337,0.035,72.64,37731000,,,,39.76,44.39,8.7719,,,,,,,633054000,,44.33,,49.89,30.46
2025-12-28,BHE,1.01,2611664000.0,44.33,,1.051,31.09,,,,,,,,,,,,,,,None,518177000,518177000,,,,,,None,10969000,,0.68,0.0152,,,,-0.071,0.05,12416000,23385000,0.57,2021-09-30,,263820000.0,53705000,10429000,2364000,,,None,1987000,1865000,,None,,,,,8065000,8065000,-1865000,None,0.037,,41911000,11794000,,,,,622000,,,,,1.91,1.444,0.616,,,,,,,,0.0143,,,2025-10-29,quarterly,0.62,USD,post-market,None,,0.0298,0.0337,0.035,72.64,34387000,,,,39.76,44.39,8.7719,,,,,,,571882000,,44.33,,49.89,30.46
2025-12-28,BHE,1.01,2611664000.0,44.33,,1.051,31.09,,,,,,,,,,,,,,,None,496749000,496749000,,,,,,None,10939000,,0.68,0.0152,,,,-0.071,0.05,11303000,22242000,0.57,2021-06-30,,263820000.0,47913000,9224000,1855000,,,None,2079000,164000,,None,,,,,7369000,7369000,-1915000,None,0.037,,37214000,10699000,,,,,604000,,,,,1.91,1.444,0.616,,,,,,,,0.0143,,,2025-10-29,quarterly,0.62,USD,post-market,None,,0.0298,0.0337,0.035,72.64,34034000,,,,39.76,44.39,8.7719,,,,,,,544662000,,44.33,,49.89,30.46
2025-12-28,BHE,1.01,2611664000.0,44.33,,1.051,31.09,,,,,,,,,,,,,,,None,463494000,463494000,,,,,,None,11055000,,0.68,0.0152,,,,-0.071,0.05,11823000,22878000,0.57,2021-03-31,,263820000.0,42227000,9674000,1757000,,,None,2149000,165000,,None,,,,,7917000,7917000,-1984000,None,0.037,,30293000,11934000,,,,,-111000,,,,,1.91,1.444,0.616,,,,,,,,0.0143,,,2025-10-29,quarterly,0.62,USD,post-market,None,,0.0298,0.0337,0.035,72.64,30548000,,,,39.76,44.39,8.7719,,,,,,,505721000,,44.33,,49.89,30.46
2025-12-28,BHE,1.01,2611664000.0,44.33,,1.051,31.09,,,,,,,,,,,,,,,None,470589000,470589000,,,,,,None,11853000,,0.68,0.0152,,,,-0.071,0.05,11531000,23384000,0.57,2020-12-31,,263820000.0,50661000,9356000,1661000,,,None,2175000,156000,,None,,,,,7695000,7695000,-2019000,None,0.037,,38804000,11857000,,,,,-326000,,,,,1.91,1.444,0.616,,,,,,,,0.0143,,,2025-10-29,quarterly,0.62,USD,post-market,None,,0.0298,0.0337,0.035,72.64,32380000,,,,39.76,44.39,8.7719,,,,,,,521250000,,44.33,,49.89,30.46
2025-12-28,BHE,1.01,2611664000.0,44.33,,1.051,31.09,,,,,,,,,,,,,,,None,479597000,479597000,,,,,,None,12408000,,0.68,0.0152,,,,-0.071,0.05,9252000,21660000,0.57,2020-09-30,,263820000.0,46354000,7116000,1201000,,,None,2136000,1982000,,None,,,,,5915000,5915000,-1982000,None,0.037,,37695000,8659000,,,,,593000,,,,,1.91,1.444,0.616,,,,,,,,0.0143,,,2025-10-29,quarterly,0.62,USD,post-market,None,,0.0298,0.0337,0.035,72.64,29724000,,,,39.76,44.39,8.7719,,,,,,,525951000,,44.33,,49.89,30.46
2025-12-28,BHE,1.01,2611664000.0,44.33,,1.051,31.09,,,,,,,,,,,,,,,None,456294000,456294000,,,,,,None,12339000,,0.68,0.0152,,,,-0.071,0.05,-1553000,10786000,0.57,2020-06-30,,263820000.0,34672000,-3904000,-497000,,,None,2351000,287000,,None,,,,,-3407000,-3407000,-2064000,None,0.037,,36544000,-1872000,,,,,319000,,,,,1.91,1.444,0.616,,,,,,,,0.0143,,,2025-10-29,quarterly,0.62,USD,post-market,None,,0.0298,0.0337,0.035,72.64,28516000,,,,39.76,44.39,8.7719,,,,,,,490966000,,44.33,,49.89,30.46
2025-12-28,BHE,1.01,2611664000.0,44.33,,1.051,31.09,,,,,,,,,,,,,,,None,471603000,471603000,,,,,,None,12192000,,0.68,0.0152,,,,-0.071,0.05,6427000,18619000,0.57,2020-03-31,,263820000.0,43361000,4725000,873000,,,None,1702000,599000,,None,,,,,3852000,3852000,-1103000,None,0.037,,36871000,6490000,,,,,-63000,,,,,1.91,1.444,0.616,,,,,,,,0.0143,,,2025-10-29,quarterly,0.62,USD,post-market,None,,0.0298,0.0337,0.035,72.64,31575000,,,,39.76,44.39,8.7719,,,,,,,514964000,,44.33,,49.89,30.46
2025-12-28,BHE,1.01,2611664000.0,44.33,,1.051,31.09,,,,,,,,,,,,,,,None,467719000,467719000,,,,,,None,12038000,,0.68,0.0152,,,,-0.071,0.05,-9253000,2785000,0.57,2019-12-31,,263820000.0,40725000,-10903000,-3972000,,,None,1650000,745000,,None,,,,,-6931000,-6931000,-905000,None,0.037,,50006000,-9281000,,,,,28000,,,,,1.91,1.444,0.616,,,,,,,,0.0143,,,2025-10-29,quarterly,0.62,USD,post-market,None,,0.0298,0.0337,0.035,72.64,37691000,,,,39.76,44.39,8.7719,,,,,,,508444000,,44.33,,49.89,30.46
2025-12-28,BHE,1.01,2611664000.0,44.33,,1.051,31.09,,,,,,,,,,,,,,,None,502346000,502346000,,,,,,None,12264000,,0.68,0.0152,,,,-0.071,0.05,10396000,22660000,0.57,2019-09-30,,263820000.0,52883000,8709000,1573000,,,None,1687000,734000,,None,,,,,7136000,7136000,-953000,None,0.037,,37242000,9798000,,,,,598000,,,,,1.91,1.444,0.616,,,,,,,,0.0143,,,2025-10-29,quarterly,0.62,USD,post-market,None,,0.0298,0.0337,0.035,72.64,34875000,,,,39.76,44.39,8.7719,,,,,,,555229000,,44.33,,49.89,30.46
2025-12-28,BHE,1.01,2611664000.0,44.33,,1.051,31.09,,,,,,,,,,,,,,,None,548604000,548604000,,,,,,None,11953000,,0.68,0.0152,,,,-0.071,0.05,13802000,25755000,0.57,2019-06-30,,263820000.0,52998000,12084000,2637000,,,None,1718000,1053000,,None,,,,,9447000,9447000,-665000,None,0.037,,37643000,11941000,,,,,1861000,,,,,1.91,1.444,0.616,,,,,,,,0.0143,,,2025-10-29,quarterly,0.62,USD,post-market,None,,0.0298,0.0337,0.035,72.64,35282000,,,,39.76,44.39,8.7719,,,,,,,601602000,,44.33,,49.89,30.46
2025-12-28,BHE,1.01,2611664000.0,44.33,,1.051,31.09,,,,,,,,,,,,,,,None,549020000,549020000,,,,,,None,12172000,,0.68,0.0152,,,,-0.071,0.05,18873000,31045000,0.57,2019-03-31,,263820000.0,53800000,17379000,3606000,,,None,1609000,1297000,,None,,,,,13773000,13773000,-312000,None,0.037,,36137000,16087000,,,,,2901000,,,,,1.91,1.444,0.616,,,,,,,,0.0143,,,2025-10-29,quarterly,0.62,USD,post-market,None,,0.0298,0.0337,0.035,72.64,33770000,,,,39.76,44.39,8.7719,,,,,,,602820000,,44.33,,49.89,30.46
2025-12-28,BHE,1.01,2611664000.0,44.33,,1.051,31.09,,,,,,,,,,,,,,,None,601851000,601851000,,,,,,None,12196000,,0.68,0.0152,,,,-0.071,0.05,16602000,28798000,0.57,2018-12-31,,263820000.0,55199000,14787000,-12929000,,,None,1930000,None,,None,,,,,27716000,27716000,None,None,0.037,,36407000,15265000,,,,,1452000,,,,,1.91,1.444,0.616,,,,,,,,0.0143,,,2025-10-29,quarterly,0.62,USD,post-market,0,,0.0298,0.0337,0.035,72.64,34023000,,,,39.76,44.39,8.7719,,,,,,,657050000,,44.33,,49.89,30.46
2025-12-28,BHE,1.01,2611664000.0,44.33,,1.051,31.09,,,,,,,,,,,,,,,None,587911000,587911000,,,,,,None,14560000,,0.68,0.0152,,,,-0.071,0.05,11550000,26110000,0.57,2018-09-30,,263820000.0,52777000,9893000,2094000,,,None,3822000,None,,None,,,,,7799000,7799000,None,None,0.037,,39975000,10957000,,,,,2758000,,,,,1.91,1.444,0.616,,,,,,,,0.0143,,,2025-10-29,quarterly,0.62,USD,post-market,0,,0.0298,0.0337,0.035,72.64,37607000,,,,39.76,44.39,8.7719,,,,,,,640688000,,44.33,,49.89,30.46
2025-12-28,BHE,1.01,2611664000.0,44.33,,1.051,31.09,,,,,,,,,,,,,,,None,606292000,606292000,,,,,,None,12699000,,0.68,0.0152,,,,-0.071,0.05,15420000,28119000,0.57,2018-06-30,,263820000.0,54299000,13346000,2403000,,,None,2293000,None,,None,,,,,10943000,10943000,None,None,0.037,,38192000,14349000,,,,,1290000,,,,,1.91,1.444,0.616,,,,,,,,0.0143,,,2025-10-29,quarterly,0.62,USD,post-market,0,,0.0298,0.0337,0.035,72.64,35825000,,,,39.76,44.39,8.7719,,,,,,,660591000,,44.33,,49.89,30.46
2025-12-28,BHE,1.01,2611664000.0,44.33,,1.051,31.09,,,,,,,,,,,,,,,None,549818000,549818000,,,,,,None,12384000,,0.68,0.0152,,,,-0.071,0.05,19725000,32109000,0.57,2018-03-31,,263820000.0,58318000,17515000,41156000,,,None,2428000,None,,None,,,,,-23641000,-23641000,None,None,0.037,,38116000,17967000,,,,,1976000,,,,,1.91,1.444,0.616,,,,,,,,0.0143,,,2025-10-29,quarterly,0.62,USD,post-market,0,,0.0298,0.0337,0.035,72.64,35750000,,,,39.76,44.39,8.7719,,,,,,,608136000,,44.33,,49.89,30.46
2025-12-28,BHE,1.01,2611664000.0,44.33,,1.051,31.09,,,,,,,,,,,,,,,None,617961000,617961000,,,,,,None,12081000,,0.68,0.0152,,,,-0.071,0.05,24194000,36275000,0.57,2017-12-31,,263820000.0,61895000,21868000,98208000,,,None,2544000,None,,None,,,,,-76340000,-76340000,None,None,0.037,,35689000,23144000,,,,,1268000,,,,,1.91,1.444,0.616,,,,,,,,0.0143,,,2025-10-29,quarterly,0.62,USD,post-market,0,,0.0298,0.0337,0.035,72.64,33322000,,,,39.76,44.39,8.7719,,,,,,,679856000,,44.33,,49.89,30.46
2025-12-28,BHE,1.01,2611664000.0,44.33,,1.051,31.09,,,,,,,,,,,,,,,None,545395000,545395000,,,,,,None,12274000,,0.68,0.0152,,,,-0.071,0.05,21537000,33811000,0.57,2017-09-30,,263820000.0,58155000,19431000,1919000,,,None,2324000,None,,None,,,,,17831000,17512000,None,None,0.037,,34829000,20815000,,,,,940000,,,,,1.91,1.444,0.616,,,,,,,,0.0143,,,2025-10-29,quarterly,0.62,USD,post-market,0,,0.0298,0.0337,0.035,72.64,32093000,,,,39.76,44.39,8.7719,,,,,,,603550000,,44.33,,49.89,30.46
2025-12-28,BHE,1.01,2611664000.0,44.33,,1.051,31.09,,,,,,,,,,,,,,,None,558317000,558317000,,,,,,None,12044000,,0.68,0.0152,,,,-0.071,0.05,22381000,34425000,0.57,2017-06-30,,263820000.0,58587000,20298000,3122000,,,None,2312000,None,,None,,,,,18074000,17176000,None,None,0.037,,34816000,22227000,,,,,383000,,,,,1.91,1.444,0.616,,,,,,,,0.0143,,,2025-10-29,quarterly,0.62,USD,post-market,0,,0.0298,0.0337,0.035,72.64,32335000,,,,39.76,44.39,8.7719,,,,,,,616904000,,44.33,,49.89,30.46
2025-12-28,BHE,1.01,2611664000.0,44.33,,1.051,31.09,,,,,,,,,,,,,,,None,517441000,517441000,,,,,,None,12273000,,0.68,0.0152,,,,-0.071,0.05,13214000,25487000,0.57,2017-03-31,,263820000.0,49060000,11185000,1498000,,,None,2225000,None,,None,,,,,8555000,9687000,None,None,0.037,,35132000,12417000,,,,,993000,,,,,1.91,1.444,0.616,,,,,,,,0.0143,,,2025-10-29,quarterly,0.62,USD,post-market,0,,0.0298,0.0337,0.035,72.64,32651000,,,,39.76,44.39,8.7719,,,,,,,566501000,,44.33,,49.89,30.46
2025-12-28,BHE,1.01,2611664000.0,44.33,,1.051,31.09,,,,,,,,,,,,,,,None,550037000,550037000,,,,,,None,13137000,,0.68,0.0152,,,,-0.071,0.05,24767000,37904000,0.57,2016-12-31,,263820000.0,57470000,22398000,3830000,,,None,2369000,None,,None,,,,,18568000,18568000,None,None,0.037,,31259000,23548000,,,,,1219000,,,,,1.91,1.444,0.616,,,,,,,,0.0143,,,2025-10-29,quarterly,0.62,USD,post-market,0,,0.0298,0.0337,0.035,72.64,28366000,,,,39.76,44.39,8.7719,,,,,,,607507000,,44.33,,49.89,30.46
2025-12-28,BHE,1.01,2611664000.0,44.33,,1.051,31.09,,,,,,,,,,,,,,,None,521519000,521519000,,,,,,None,14102000,,0.68,0.0152,,,,-0.071,0.05,18276000,32378000,0.57,2016-09-30,,263820000.0,52822000,15974000,-5768000,,,None,2302000,None,,None,,,,,21742000,21742000,None,None,0.037,,31255000,18082000,,,,,194000,,,,,1.91,1.444,0.616,,,,,,,,0.0143,,,2025-10-29,quarterly,0.62,USD,post-market,0,,0.0298,0.0337,0.035,72.64,28085000,,,,39.76,44.39,8.7719,,,,,,,574341000,,44.33,,49.89,30.46
2025-12-28,BHE,1.01,2611664000.0,44.33,,1.051,31.09,,,,,,,,,,,,,,,None,526658000,526658000,,,,,,None,13993000,,0.68,0.0152,,,,-0.071,0.05,18140000,32133000,0.57,2016-06-30,,263820000.0,52684000,15841000,3156000,,,None,2299000,None,,None,,,,,12685000,12685000,None,None,0.037,,31342000,17740000,,,,,400000,,,,,1.91,1.444,0.616,,,,,,,,0.0143,,,2025-10-29,quarterly,0.62,USD,post-market,0,,0.0298,0.0337,0.035,72.64,31342000,,,,39.76,44.39,8.7719,,,,,,,579342000,,44.33,,49.89,30.46
2025-12-28,BHE,1.01,2611664000.0,44.33,,1.051,31.09,,,,,,,,,,,,,,,None,498915000,498915000,,,,,,None,13907000,,0.68,0.0152,,,,-0.071,0.05,16309000,30216000,0.57,2016-03-31,,263820000.0,50310000,13975000,2923000,,,None,2334000,None,,None,,,,,11052000,11052000,None,None,0.037,,31253000,16268000,,,,,41000,,,,,1.91,1.444,0.616,,,,,,,,0.0143,,,2025-10-29,quarterly,0.62,USD,post-market,0,,0.0298,0.0337,0.035,72.64,31253000,,,,39.76,44.39,8.7719,,,,,,,549225000,,44.33,,49.89,30.46
2025-12-28,BHE,1.01,2611664000.0,44.33,,1.051,31.09,,,,,,,,,,,,,,,None,568924000,568924000,,,,,,None,13182000,,0.68,0.0152,,,,-0.071,0.05,22582000,35764000,0.57,2015-12-31,,263820000.0,56795000,21013000,-18408000,,,None,1569000,None,,None,,,,,39421000,39421000,None,None,0.037,,28582000,21905000,,,,,677000,,,,,1.91,1.444,0.616,,,,,,,,0.0143,,,2025-10-29,quarterly,0.62,USD,post-market,0,,0.0298,0.0337,0.035,72.64,28582000,,,,39.76,44.39,8.7719,,,,,,,625719000,,44.33,,49.89,30.46
2025-12-28,BHE,1.01,2611664000.0,44.33,,1.051,31.09,,,,,,,,,,,,,,,None,575907000,575907000,,,,,,None,12010000,,0.68,0.0152,,,,-0.071,0.05,25273000,37283000,0.57,2015-09-30,,263820000.0,54284000,24778000,4213000,,,None,495000,None,,None,,,,,20565000,20565000,None,None,0.037,,27040000,26148000,,,,,-875000,,,,,1.91,1.444,0.616,,,,,,,,0.0143,,,2025-10-29,quarterly,0.62,USD,post-market,0,,0.0298,0.0337,0.035,72.64,27040000,,,,39.76,44.39,8.7719,,,,,,,630191000,,44.33,,49.89,30.46
2025-12-28,BHE,1.01,2611664000.0,44.33,,1.051,31.09,,,,,,,,,,,,,,,None,608322000,608322000,,,,,,None,12342000,,0.68,0.0152,,,,-0.071,0.05,27097000,39439000,0.57,2015-06-30,,263820000.0,55716000,26600000,5390000,,,None,497000,None,,None,,,,,21210000,21210000,None,None,0.037,,27920000,26208000,,,,,889000,,,,,1.91,1.444,0.616,,,,,,,,0.0143,,,2025-10-29,quarterly,0.62,USD,post-market,0,,0.0298,0.0337,0.035,72.64,27920000,,,,39.76,44.39,8.7719,,,,,,,664038000,,44.33,,49.89,30.46
2025-12-28,BHE,1.01,2611664000.0,44.33,,1.051,31.09,,,,,,,,,,,,,,,None,569146000,569146000,,,,,,None,12138000,,0.68,0.0152,,,,-0.071,0.05,23577000,35715000,0.57,2015-03-31,,263820000.0,51779000,17648000,3443000,,,None,435000,None,,None,,,,,14205000,14205000,None,None,0.037,,28202000,18708000,,,,,-625000,,,,,1.91,1.444,0.616,,,,,,,,0.0143,,,2025-10-29,quarterly,0.62,USD,post-market,0,,0.0298,0.0337,0.035,72.64,28202000,,,,39.76,44.39,8.7719,,,,,,,620925000,,44.33,,49.89,30.46
2025-12-28,BHE,1.01,2611664000.0,44.33,,1.051,31.09,,,,,,,,,,,,,,,None,653858000,653858000,,,,,,None,12464000,,0.68,0.0152,,,,-0.071,0.05,29511000,41975000,0.57,2014-12-31,,263820000.0,55689000,29064000,5053000,,,None,447000,None,,None,,,,,24011000,24011000,None,None,0.037,,27628000,28653000,,,,,858000,,,,,1.91,1.444,0.616,,,,,,,,0.0143,,,2025-10-29,quarterly,0.62,USD,post-market,0,,0.0298,0.0337,0.035,72.64,27628000,,,,39.76,44.39,8.7719,,,,,,,709547000,,44.33,,49.89,30.46
2025-12-28,BHE,1.01,2611664000.0,44.33,,1.051,31.09,,,,,,,,,,,,,,,None,676008000,676008000,,,,,,None,11786000,,0.68,0.0152,,,,-0.071,0.05,21091000,32877000,0.57,2014-09-30,,263820000.0,55294000,20851000,3695000,,,None,494000,None,,None,,,,,16906000,17156000,None,None,0.037,,31219000,21915000,,,,,-570000,,,,,1.91,1.444,0.616,,,,,,,,0.0143,,,2025-10-29,quarterly,0.62,USD,post-market,0,,0.0298,0.0337,0.035,72.64,31219000,,,,39.76,44.39,8.7719,,,,,,,731302000,,44.33,,49.89,30.46
2025-12-28,BHE,1.01,2611664000.0,44.33,,1.051,31.09,,,,,,,,,,,,,,,None,659117000,659117000,,,,,,None,11401000,,0.68,0.0152,,,,-0.071,0.05,29051000,40452000,0.57,2014-06-30,,263820000.0,57751000,27438000,5288000,,,None,473000,None,,None,,,,,22150000,22150000,None,None,0.037,,28700000,27144000,,,,,767000,,,,,1.91,1.444,0.616,,,,,,,,0.0143,,,2025-10-29,quarterly,0.62,USD,post-market,0,,0.0298,0.0337,0.035,72.64,28700000,,,,39.76,44.39,8.7719,,,,,,,716868000,,44.33,,49.89,30.46
2025-12-28,BHE,1.01,2611664000.0,44.33,,1.051,31.09,,,,,,,,,,,,,,,None,588221000,588221000,,,,,,None,10798000,,0.68,0.0152,,,,-0.071,0.05,22970000,33768000,0.57,2014-03-31,,263820000.0,51123000,22497000,3372000,,,None,476000,None,,None,,,,,19125000,19125000,None,None,0.037,,28153000,22432000,,,,,541000,,,,,1.91,1.444,0.616,,,,,,,,0.0143,,,2025-10-29,quarterly,0.62,USD,post-market,0,,0.0298,0.0337,0.035,72.64,28153000,,,,39.76,44.39,8.7719,,,,,,,639344000,,44.33,,49.89,30.46
2025-12-28,BHE,1.01,2611664000.0,44.33,,1.051,31.09,,,,,,,,,,,,,,,None,697000000,697000000,,,,,,None,11307000,,0.68,0.0152,,,,-0.071,0.05,29523000,40830000,0.57,2013-12-31,,263820000.0,59843000,59774000,-7715000,,,None,531000,None,,None,,,,,67489000,67489000,None,None,0.037,,29120000,60275000,,,,,30000,,,,,1.91,1.444,0.616,,,,,,,,0.0143,,,2025-10-29,quarterly,0.62,USD,post-market,0,,0.0298,0.0337,0.035,72.64,29120000,,,,39.76,44.39,8.7719,,,,,,,756843000,,44.33,,49.89,30.46
2025-12-28,BHE,1.01,2611664000.0,44.33,,1.051,31.09,,,,,,,,,,,,,,,None,554218000,554218000,,,,,,None,10060000,,0.68,0.0152,,,,-0.071,0.05,20939000,30999000,0.57,2013-09-30,,263820000.0,45440000,30029000,6303000,,,None,481000,None,,None,,,,,23726000,23726000,None,None,0.037,,24501000,29473000,,,,,1037000,,,,,1.91,1.444,0.616,,,,,,,,0.0143,,,2025-10-29,quarterly,0.62,USD,post-market,0,,0.0298,0.0337,0.035,72.64,24501000,,,,39.76,44.39,8.7719,,,,,,,599658000,,44.33,,49.89,30.46
2025-12-28,BHE,1.01,2611664000.0,44.33,,1.051,31.09,,,,,,,,,,,,,,,None,563155000,563155000,,,,,,None,9949000,,0.68,0.0152,,,,-0.071,0.05,12573000,22522000,0.57,2013-06-30,,263820000.0,44367000,12110000,3653000,,,None,463000,None,,None,,,,,8457000,8457000,None,None,0.037,,23311000,12783000,,,,,-210000,,,,,1.91,1.444,0.616,,,,,,,,0.0143,,,2025-10-29,quarterly,0.62,USD,post-market,0,,0.0298,0.0337,0.035,72.64,23311000,,,,39.76,44.39,8.7719,,,,,,,607522000,,44.33,,49.89,30.46
2025-12-28,BHE,1.01,2611664000.0,44.33,,1.051,31.09,,,,,,,,,,,,,,,None,505610000,505610000,,,,,,None,9626000,,0.68,0.0152,,,,-0.071,0.05,14723000,24349000,0.57,2013-03-31,,263820000.0,36834000,14264000,2777000,,,None,459000,None,,None,,,,,11487000,11487000,None,None,0.037,,22399000,13993000,,,,,730000,,,,,1.91,1.444,0.616,,,,,,,,0.0143,,,2025-10-29,quarterly,0.62,USD,post-market,0,,0.0298,0.0337,0.035,72.64,22399000,,,,39.76,44.39,8.7719,,,,,,,542444000,,44.33,,49.89,30.46
2025-12-28,BHE,1.01,2611664000.0,44.33,,1.051,31.09,,,,,,,,,,,,,,,None,588474000,588474000,,,,,,None,9254000,,0.68,0.0152,,,,-0.071,0.05,25013000,34267000,0.57,2012-12-31,,263820000.0,45459000,24523000,6408000,,,None,490000,None,,None,,,,,18115000,18115000,None,None,0.037,,22218000,24584000,,,,,429000,,,,,1.91,1.444,0.616,,,,,,,,0.0143,,,2025-10-29,quarterly,0.62,USD,post-market,0,,0.0298,0.0337,0.035,72.64,22218000,,,,39.76,44.39,8.7719,,,,,,,633933000,,44.33,,49.89,30.46
2025-12-28,BHE,1.01,2611664000.0,44.33,,1.051,31.09,,,,,,,,,,,,,,,None,565989000,565989000,,,,,,None,9016000,,0.68,0.0152,,,,-0.071,0.05,25386000,34402000,0.57,2012-09-30,,263820000.0,44780000,24943000,5629000,,,None,443000,None,,None,,,,,19314000,19314000,None,None,0.037,,22453000,24882000,,,,,504000,,,,,1.91,1.444,0.616,,,,,,,,0.0143,,,2025-10-29,quarterly,0.62,USD,post-market,0,,0.0298,0.0337,0.035,72.64,22453000,,,,39.76,44.39,8.7719,,,,,,,610769000,,44.33,,49.89,30.46
2025-12-28,BHE,1.01,2611664000.0,44.33,,1.051,31.09,,,,,,,,,,,,,,,None,584040000,584040000,,,,,,None,8988000,,0.68,0.0152,,,,-0.071,0.05,18051000,27039000,0.57,2012-06-30,,263820000.0,45991000,17729000,4149000,,,None,322000,None,,None,,,,,13580000,13580000,None,None,0.037,,22779000,18268000,,,,,-217000,,,,,1.91,1.444,0.616,,,,,,,,0.0143,,,2025-10-29,quarterly,0.62,USD,post-market,0,,0.0298,0.0337,0.035,72.64,22779000,,,,39.76,44.39,8.7719,,,,,,,630031000,,44.33,,49.89,30.46
2025-12-28,BHE,1.01,2611664000.0,44.33,,1.051,31.09,,,,,,,,,,,,,,,None,552909000,552909000,,,,,,None,8455000,,0.68,0.0152,,,,-0.071,0.05,8569000,17024000,0.57,2012-03-31,,263820000.0,40508000,8244000,2646000,,,None,325000,None,,None,,,,,5598000,5598000,None,None,0.037,,32719000,7825000,,,,,744000,,,,,1.91,1.444,0.616,,,,,,,,0.0143,,,2025-10-29,quarterly,0.62,USD,post-market,0,,0.0298,0.0337,0.035,72.64,22501000,,,,39.76,44.39,8.7719,,,,,,,593417000,,44.33,,49.89,30.46
2025-12-28,BHE,1.01,2611664000.0,44.33,,1.051,31.09,,,,,,,,,,,,,,,None,530261000,530261000,,,,,,None,9330000,,0.68,0.0152,,,,-0.071,0.05,-491000,8839000,0.57,2011-12-31,,263820000.0,28825000,-821000,-3699000,,,None,330000,None,,None,,,,,2878000,2043000,None,None,0.037,,25205000,-270000,,,,,-221000,,,,,1.91,1.444,0.616,,,,,,,,0.0143,,,2025-10-29,quarterly,0.62,USD,post-market,0,,0.0298,0.0337,0.035,72.64,25205000,,,,39.76,44.39,8.7719,,,,,,,559086000,,44.33,,49.89,30.46
2025-12-28,BHE,1.01,2611664000.0,44.33,,1.051,31.09,,,,,,,,,,,,,,,None,535448000,535448000,,,,,,None,8767000,,0.68,0.0152,,,,-0.071,0.05,11860000,20627000,0.57,2011-09-30,,263820000.0,34635000,11526000,-8341000,,,None,334000,None,,None,,,,,19867000,19867000,None,None,0.037,,22874000,11616000,,,,,244000,,,,,1.91,1.444,0.616,,,,,,,,0.0143,,,2025-10-29,quarterly,0.62,USD,post-market,0,,0.0298,0.0337,0.035,72.64,22874000,,,,39.76,44.39,8.7719,,,,,,,570083000,,44.33,,49.89,30.46
2025-12-28,BHE,1.01,2611664000.0,44.33,,1.051,31.09,,,,,,,,,,,,,,,None,547798000,547798000,,,,,,None,8958000,,0.68,0.0152,,,,-0.071,0.05,15340000,24298000,0.57,2011-06-30,,263820000.0,37751000,15009000,308000,,,None,331000,None,,None,,,,,14701000,14701000,None,None,0.037,,23105000,14166000,,,,,1174000,,,,,1.91,1.444,0.616,,,,,,,,0.0143,,,2025-10-29,quarterly,0.62,USD,post-market,0,,0.0298,0.0337,0.035,72.64,23105000,,,,39.76,44.39,8.7719,,,,,,,585549000,,44.33,,49.89,30.46
2025-12-28,BHE,1.01,2611664000.0,44.33,,1.051,31.09,,,,,,,,,,,,,,,None,499853000,499853000,,,,,,None,8429000,,0.68,0.0152,,,,-0.071,0.05,15750000,24179000,0.57,2011-03-31,,263820000.0,38459000,16253000,905000,,,None,332000,None,,None,,,,,14513000,15348000,None,None,0.037,,21843000,16616000,,,,,-31000,,,,,1.91,1.444,0.616,,,,,,,,0.0143,,,2025-10-29,quarterly,0.62,USD,post-market,0,,0.0298,0.0337,0.035,72.64,21843000,,,,39.76,44.39,8.7719,,,,,,,538312000,,44.33,,49.89,30.46
2025-12-28,BHE,1.01,2611664000.0,44.33,,1.051,31.09,,,,,,,,,,,,,,,None,578193000,578193000,,,,,,None,9614000,,0.68,0.0152,,,,-0.071,0.05,19401000,29015000,0.57,2010-12-31,,263820000.0,48732000,19061000,51000,,,None,340000,None,,None,,,,,19010000,0,None,None,0.037,,23318000,20839000,,,,,None,,,,,1.91,1.444,0.616,,,,,,,,0.0143,,,2025-10-29,quarterly,0.62,USD,post-market,0,,0.0298,0.0337,0.035,72.64,23318000,,,,39.76,44.39,8.7719,,,,,,,626925000,,44.33,,49.89,30.46
2025-12-28,BHE,1.01,2611664000.0,44.33,,1.051,31.09,,,,,,,,,,,,,,,None,566143000,566143000,,,,,,None,9798000,,0.68,0.0152,,,,-0.071,0.05,24967000,34765000,0.57,2010-09-30,,263820000.0,47721000,25153000,2155000,,,None,343000,None,,None,,,,,22469000,22998000,None,None,0.037,,23379000,23890000,,,,,1606000,,,,,1.91,1.444,0.616,,,,,,,,0.0143,,,2025-10-29,quarterly,0.62,USD,post-market,0,,0.0298,0.0337,0.035,72.64,23379000,,,,39.76,44.39,8.7719,,,,,,,613864000,,44.33,,49.89,30.46
2025-12-28,BHE,1.01,2611664000.0,44.33,,1.051,31.09,,,,,,,,,,,,,,,None,542555000,542555000,,,,,,None,10127000,,0.68,0.0152,,,,-0.071,0.05,22990000,33117000,0.57,2010-06-30,,263820000.0,46894000,23290000,2513000,,,None,340000,None,,None,,,,,20137000,20777000,None,None,0.037,,23032000,23862000,,,,,-232000,,,,,1.91,1.444,0.616,,,,,,,,0.0143,,,2025-10-29,quarterly,0.62,USD,post-market,0,,0.0298,0.0337,0.035,72.64,23032000,,,,39.76,44.39,8.7719,,,,,,,589449000,,44.33,,49.89,30.46
2025-12-28,BHE,1.01,2611664000.0,44.33,,1.051,31.09,,,,,,,,,,,,,,,None,526560000,526560000,,,,,,None,10291000,,0.68,0.0152,,,,-0.071,0.05,21128000,31419000,0.57,2010-03-31,,263820000.0,45345000,20789000,2539000,,,None,339000,None,,None,,,,,18250000,0,None,None,0.037,,22516000,21132000,,,,,None,,,,,1.91,1.444,0.616,,,,,,,,0.0143,,,2025-10-29,quarterly,0.62,USD,post-market,0,,0.0298,0.0337,0.035,72.64,22516000,,,,39.76,44.39,8.7719,,,,,,,571905000,,44.33,,49.89,30.46
2025-12-28,BHE,1.01,2611664000.0,44.33,,1.051,31.09,,,,,,,,,,,,,,,None,556647000,556647000,,,,,,None,10125000,,0.68,0.0152,,,,-0.071,0.05,18381000,28506000,0.57,2009-12-31,,263820000.0,43576000,18033000,1347000,,,None,348000,None,,None,,,,,16686000,0,None,None,0.037,,22597000,18616000,,,,,None,,,,,1.91,1.444,0.616,,,,,,,,0.0143,,,2025-10-29,quarterly,0.62,USD,post-market,0,,0.0298,0.0337,0.035,72.64,22597000,,,,39.76,44.39,8.7719,,,,,,,600223000,,44.33,,49.89,30.46
2025-12-28,BHE,1.01,2611664000.0,44.33,,1.051,31.09,,,,,,,,,,,,,,,None,473648000,473648000,,,,,,None,10201000,,0.68,0.0152,,,,-0.071,0.05,11481000,21682000,0.57,2009-09-30,,263820000.0,36813000,11131000,-5285000,,,None,350000,None,,None,,,,,16416000,0,None,None,0.037,,21385000,11674000,,,,,None,,,,,1.91,1.444,0.616,,,,,,,,0.0143,,,2025-10-29,quarterly,0.62,USD,post-market,0,,0.0298,0.0337,0.035,72.64,21385000,,,,39.76,44.39,8.7719,,,,,,,510461000,,44.33,,49.89,30.46
2025-12-28,BHE,1.01,2611664000.0,44.33,,1.051,31.09,,,,,,,,,,,,,,,None,447248000,447248000,,,,,,None,9820000,,0.68,0.0152,,,,-0.071,0.05,12843000,22663000,0.57,2009-06-30,,263820000.0,34554000,12493000,938000,,,None,350000,None,,None,,,,,11555000,0,None,None,0.037,,21184000,12353000,,,,,None,,,,,1.91,1.444,0.616,,,,,,,,0.0143,,,2025-10-29,quarterly,0.62,USD,post-market,0,,0.0298,0.0337,0.035,72.64,21184000,,,,39.76,44.39,8.7719,,,,,,,481802000,,44.33,,49.89,30.46
2025-12-28,BHE,1.01,2611664000.0,44.33,,1.051,31.09,,,,,,,,,,,,,,,None,465131000,465131000,,,,,,None,9661000,,0.68,0.0152,,,,-0.071,0.05,10615000,20276000,0.57,2009-03-31,,263820000.0,31636000,10264000,1026000,,,None,351000,None,,None,,,,,9238000,0,None,None,0.037,,20334000,10172000,,,,,None,,,,,1.91,1.444,0.616,,,,,,,,0.0143,,,2025-10-29,quarterly,0.62,USD,post-market,0,,0.0298,0.0337,0.035,72.64,20334000,,,,39.76,44.39,8.7719,,,,,,,496767000,,44.33,,49.89,30.46
2025-12-28,BHE,1.01,2611664000.0,44.33,,1.051,31.09,,,,,,,,,,,,,,,None,541372000,541372000,,,,,,None,10339000,,0.68,0.0152,,,,-0.071,0.05,-230632000,-220293000,0.57,2008-12-31,,263820000.0,40398000,-231521000,-26913000,,,None,1455000,None,,None,,,,,-204608000,0,None,None,0.037,,271030000,-233159000,,,,,None,,,,,1.91,1.444,0.616,,,,,,,,0.0143,,,2025-10-29,quarterly,0.62,USD,post-market,0,,0.0298,0.0337,0.035,72.64,23106000,,,,39.76,44.39,8.7719,,,,,,,581770000,,44.33,,49.89,30.46
2025-12-28,BHE,1.01,2611664000.0,44.33,,1.051,31.09,,,,,,,,,,,,,,,None,597376000,597376000,,,,,,None,10122000,,0.68,0.0152,,,,-0.071,0.05,22521000,32643000,0.57,2008-09-30,,263820000.0,44296000,22780000,-1145000,,,None,378000,None,,None,,,,,23925000,0,None,None,0.037,,21775000,22268000,,,,,None,,,,,1.91,1.444,0.616,,,,,,,,0.0143,,,2025-10-29,quarterly,0.62,USD,post-market,0,,0.0298,0.0337,0.035,72.64,21329000,,,,39.76,44.39,8.7719,,,,,,,641672000,,44.33,,49.89,30.46
2025-12-28,BHE,1.01,2611664000.0,44.33,,1.051,31.09,,,,,,,,,,,,,,,None,636389000,636389000,,,,,,None,10116000,,0.68,0.0152,,,,-0.071,0.05,12802000,22918000,0.57,2008-06-30,,263820000.0,46027000,25254000,2822000,,,None,359000,None,,None,,,,,22432000,0,None,None,0.037,,23109000,22918000,,,,,None,,,,,1.91,1.444,0.616,,,,,,,,0.0143,,,2025-10-29,quarterly,0.62,USD,post-market,0,,0.0298,0.0337,0.035,72.64,22662000,,,,39.76,44.39,8.7719,,,,,,,682416000,,44.33,,49.89,30.46
2025-12-28,BHE,1.01,2611664000.0,44.33,,1.051,31.09,,,,,,,,,,,,,,,None,639094000,639094000,,,,,,None,10091000,,0.68,0.0152,,,,-0.071,0.05,11402000,21493000,0.57,2008-03-31,,263820000.0,45215000,25999000,3380000,,,None,365000,None,,None,,,,,22619000,0,None,None,0.037,,23722000,21493000,,,,,None,,,,,1.91,1.444,0.616,,,,,,,,0.0143,,,2025-10-29,quarterly,0.62,USD,post-market,0,,0.0298,0.0337,0.035,72.64,23275000,,,,39.76,44.39,8.7719,,,,,,,684309000,,44.33,,49.89,30.46
2025-12-28,BHE,1.01,2611664000.0,44.33,,1.051,31.09,,,,,,,,,,,,,,,None,683373000,683373000,,,,,,None,11129000,,0.68,0.0152,,,,-0.071,0.05,26261000,37390000,0.57,2007-12-31,,263820000.0,51174000,24061000,3185000,,,None,2183000,None,,None,,,,,20876000,0,None,None,0.037,,24913000,21681000,,,,,None,,,,,1.91,1.444,0.616,,,,,,,,0.0143,,,2025-10-29,quarterly,0.62,USD,post-market,0,,0.0298,0.0337,0.035,72.64,24466000,,,,39.76,44.39,8.7719,,,,,,,734547000,,44.33,,49.89,30.46
2025-12-28,BHE,1.01,2611664000.0,44.33,,1.051,31.09,,,,,,,,,,,,,,,None,633818000,633818000,,,,,,None,11232000,,0.68,0.0152,,,,-0.071,0.05,16331000,27563000,0.57,2007-09-30,,263820000.0,38777000,18300000,-3709000,,,None,411000,None,,None,,,,,22009000,0,None,None,0.037,,22446000,14880000,,,,,None,,,,,1.91,1.444,0.616,,,,,,,,0.0143,,,2025-10-29,quarterly,0.62,USD,post-market,0,,0.0298,0.0337,0.035,72.64,21999000,,,,39.76,44.39,8.7719,,,,,,,672595000,,44.33,,49.89,30.46
2025-12-28,BHE,1.01,2611664000.0,44.33,,1.051,31.09,,,,,,,,,,,,,,,None,701800000,701800000,,,,,,None,10142000,,0.68,0.0152,,,,-0.071,0.05,29829000,39971000,0.57,2007-06-30,,263820000.0,54495000,30647000,4726000,,,None,564000,None,,None,,,,,25921000,0,None,None,0.037,,24666000,27624000,,,,,None,,,,,1.91,1.444,0.616,,,,,,,,0.0143,,,2025-10-29,quarterly,0.62,USD,post-market,0,,0.0298,0.0337,0.035,72.64,24219000,,,,39.76,44.39,8.7719,,,,,,,756295000,,44.33,,49.89,30.46
2025-12-28,BHE,1.01,2611664000.0,44.33,,1.051,31.09,,,,,,,,,,,,,,,None,697994000,697994000,,,,,,None,10629000,,0.68,0.0152,,,,-0.071,0.05,30793000,41422000,0.57,2007-03-31,,263820000.0,54488000,28352000,3876000,,,None,811000,None,,None,,,,,24476000,0,None,None,0.037,,23695000,27448000,,,,,None,,,,,1.91,1.444,0.616,,,,,,,,0.0143,,,2025-10-29,quarterly,0.62,USD,post-market,0,,0.0298,0.0337,0.035,72.64,23248000,,,,39.76,44.39,8.7719,,,,,,,752482000,,44.33,,49.89,30.46
2025-12-28,BHE,1.01,2611664000.0,44.33,,1.051,31.09,,,,,,,,,,,,,,,None,687742000,687742000,,,,,,None,7419000,,0.68,0.0152,,,,-0.071,0.05,32286000,39705000,0.57,2006-12-31,,263820000.0,49598000,33057000,4762000,,,None,354000,None,,None,,,,,28295000,0,None,None,0.037,,17312000,32041000,,,,,None,,,,,1.91,1.444,0.616,,,,,,,,0.0143,,,2025-10-29,quarterly,0.62,USD,post-market,0,,0.0298,0.0337,0.035,72.64,17312000,,,,39.76,44.39,8.7719,,,,,,,737340000,,44.33,,49.89,30.46
2025-12-28,BHE,1.01,2611664000.0,44.33,,1.051,31.09,,,,,,,,,,,,,,,None,717290000,717290000,,,,,,None,6979000,,0.68,0.0152,,,,-0.071,0.05,35051000,42030000,0.57,2006-09-30,,263820000.0,52259000,36356000,7020000,,,None,85000,None,,None,,,,,29336000,0,None,None,0.037,,17208000,34603000,,,,,None,,,,,1.91,1.444,0.616,,,,,,,,0.0143,,,2025-10-29,quarterly,0.62,USD,post-market,0,,0.0298,0.0337,0.035,72.64,17208000,,,,39.76,44.39,8.7719,,,,,,,769549000,,44.33,,49.89,30.46
2025-12-28,BHE,1.01,2611664000.0,44.33,,1.051,31.09,,,,,,,,,,,,,,,None,696871000,696871000,,,,,,None,6577000,,0.68,0.0152,,,,-0.071,0.05,33891000,40468000,0.57,2006-06-30,,263820000.0,52300000,34514000,6990000,,,None,97000,None,,None,,,,,27524000,0,None,None,0.037,,18409000,32630000,,,,,None,,,,,1.91,1.444,0.616,,,,,,,,0.0143,,,2025-10-29,quarterly,0.62,USD,post-market,0,,0.0298,0.0337,0.035,72.64,18409000,,,,39.76,44.39,8.7719,,,,,,,749171000,,44.33,,49.89,30.46
2025-12-28,BHE,1.01,2611664000.0,44.33,,1.051,31.09,,,,,,,,,,,,,,,None,605878000,605878000,,,,,,None,6403000,,0.68,0.0152,,,,-0.071,0.05,28996000,35399000,0.57,2006-03-31,,263820000.0,45366000,27830000,1308000,,,None,86000,None,,None,,,,,26522000,0,None,None,0.037,,16370000,26227000,,,,,None,,,,,1.91,1.444,0.616,,,,,,,,0.0143,,,2025-10-29,quarterly,0.62,USD,post-market,0,,0.0298,0.0337,0.035,72.64,16370000,,,,39.76,44.39,8.7719,,,,,,,651244000,,44.33,,49.89,30.46
2025-12-28,BHE,1.01,2611664000.0,44.33,,1.051,31.09,,,,,,,,,,,,,,,None,580307000,580307000,,,,,,None,6508000,,0.68,0.0152,,,,-0.071,0.05,29052000,35560000,0.57,2005-12-31,,263820000.0,45067000,31136000,6481000,,,None,330000,None,,None,,,,,24655000,0,None,None,0.037,,16015000,29052000,,,,,None,,,,,1.91,1.444,0.616,,,,,,,,0.0143,,,2025-10-29,quarterly,0.62,USD,post-market,0,,0.0298,0.0337,0.035,72.64,16015000,,,,39.76,44.39,8.7719,,,,,,,625374000,,44.33,,49.89,30.46
2025-12-28,BHE,1.01,2611664000.0,44.33,,1.051,31.09,,,,,,,,,,,,,,,None,521148000,521148000,,,,,,None,6526000,,0.68,0.0152,,,,-0.071,0.05,18161000,24687000,0.57,2005-09-30,,263820000.0,40304000,26663000,6356000,,,None,86000,None,,None,,,,,20307000,0,None,None,0.037,,15617000,24687000,,,,,None,,,,,1.91,1.444,0.616,,,,,,,,0.0143,,,2025-10-29,quarterly,0.62,USD,post-market,0,,0.0298,0.0337,0.035,72.64,15617000,,,,39.76,44.39,8.7719,,,,,,,561452000,,44.33,,49.89,30.46
2025-12-28,BHE,1.01,2611664000.0,44.33,,1.051,31.09,,,,,,,,,,,,,,,None,2386081000,2386081000,,,,,,None,46144000,,0.68,0.0152,,,,-0.071,0.05,110817000,156961000,0.57,2024-12-31,,263820000.0,270024000,83895000,20568000,,,None,26922000,10208000,,None,,,,,63327000,63327000,-16714000,None,0.037,,160613000,109411000,,,,,None,,,,,1.91,1.444,0.616,,,,,,,,0.0143,,,2025-10-29,annual,0.62,USD,post-market,None,,0.0298,0.0337,0.035,72.64,149460000,,,,39.76,44.39,8.7719,,,,,,,2656105000,,44.33,,49.89,30.46
2025-12-28,BHE,1.01,2611664000.0,44.33,,1.051,31.09,,,,,,,,,,,,,,,None,5135812000,5135812000,,,,,,None,45410000,,0.68,0.0152,,,,-0.071,0.05,109664000,109664000,0.57,2023-12-31,,263820000.0,271070000,81220000,16905000,,,None,31875000,5110000,,None,,,,,64315000,67982000,-23539000,None,0.037,,147025000,109664000,,,,,None,,,,,1.91,1.444,0.616,,,,,,,,0.0143,,,2025-10-29,annual,0.62,USD,post-market,None,,0.0298,0.0337,0.035,72.64,150919000,,,,39.76,44.39,8.7719,,,,,,,2838976000,,44.33,,49.89,30.46
2025-12-28,BHE,1.01,2611664000.0,44.33,,1.051,31.09,,,,,,,,,,,,,,,None,2631096000,2631096000,,,,,,None,44252000,,0.68,0.0152,,,,-0.071,0.05,97236000,141488000,0.57,2022-12-31,,263820000.0,255235000,84342000,16113000,,,None,12894000,1730000,,None,,,,,68229000,68229000,-11164000,None,0.037,,165166000,90069000,,,,,7167000,,,,,1.91,1.444,0.616,,,,,,,,0.0143,,,2025-10-29,annual,0.62,USD,post-market,None,,0.0298,0.0337,0.035,72.64,150215000,,,,39.76,44.39,8.7719,,,,,,,2886331000,,44.33,,49.89,30.46
2025-12-28,BHE,1.01,2611664000.0,44.33,,1.051,31.09,,,,,,,,,,,,,,,None,2049418000,2049418000,,,,,,None,44152000,,0.68,0.0152,,,,-0.071,0.05,53879000,98031000,0.57,2021-12-31,,263820000.0,205901000,45407000,9637000,,,None,8472000,540000,,None,,,,,35770000,35770000,-7932000,None,0.037,,152839000,53062000,,,,,817000,,,,,1.91,1.444,0.616,,,,,,,,0.0143,,,2025-10-29,annual,0.62,USD,post-market,None,,0.0298,0.0337,0.035,72.64,136700000,,,,39.76,44.39,8.7719,,,,,,,2255319000,,44.33,,49.89,30.46
2025-12-28,BHE,1.01,2611664000.0,44.33,,1.051,31.09,,,,,,,,,,,,,,,None,1878083000,1878083000,,,,,,None,48792000,,0.68,0.0152,,,,-0.071,0.05,25657000,74449000,0.57,2020-12-31,,263820000.0,175048000,17293000,3238000,,,None,8364000,1196000,,None,,,,,14055000,14055000,-7168000,None,0.037,,149914000,25134000,,,,,523000,,,,,1.91,1.444,0.616,,,,,,,,0.0143,,,2025-10-29,annual,0.62,USD,post-market,None,,0.0298,0.0337,0.035,72.64,122195000,,,,39.76,44.39,8.7719,,,,,,,2053131000,,44.33,,49.89,30.46
2025-12-28,BHE,1.01,2611664000.0,44.33,,1.051,31.09,,,,,,,,,,,,,,,None,2082567000,2082567000,,,,,,None,48427000,,0.68,0.0152,,,,-0.071,0.05,33933000,82360000,0.57,2019-12-31,,263820000.0,185528000,27269000,3844000,,,None,6664000,3829000,,None,,,,,23425000,23425000,-2835000,None,0.037,,156983000,28545000,,,,,5388000,,,,,1.91,1.444,0.616,,,,,,,,0.0143,,,2025-10-29,annual,0.62,USD,post-market,None,,0.0298,0.0337,0.035,72.64,141618000,,,,39.76,44.39,8.7719,,,,,,,2268095000,,44.33,,49.89,30.46
2025-12-28,BHE,1.01,2611664000.0,44.33,,1.051,31.09,,,,,,,,,,,,,,,None,2345872000,2345872000,,,,,,None,49122000,,0.68,0.0152,,,,-0.071,0.05,66014000,115136000,0.57,2018-12-31,,263820000.0,220593000,55541000,32724000,,,None,10473000,6848000,,None,,,,,22817000,22817000,-3625000,None,0.037,,152690000,58538000,,,,,7476000,,,,,1.91,1.444,0.616,,,,,,,,0.0143,,,2025-10-29,annual,0.62,USD,post-market,0,,0.0298,0.0337,0.035,72.64,143205000,,,,39.76,44.39,8.7719,,,,,,,2566465000,,44.33,,49.89,30.46
2025-12-28,BHE,1.01,2611664000.0,44.33,,1.051,31.09,,,,,,,,,,,,,,,None,2239114000,2239114000,,,,,,None,47811000,,0.68,0.0152,,,,-0.071,0.05,80410000,128221000,0.57,2017-12-31,,263820000.0,227697000,72782000,104747000,,,None,9405000,5370000,,None,,,,,-31965000,-31965000,-4035000,None,0.037,,140466000,78603000,,,,,3584000,,,,,1.91,1.444,0.616,,,,,,,,0.0143,,,2025-10-29,annual,0.62,USD,post-market,0,,0.0298,0.0337,0.035,72.64,130401000,,,,39.76,44.39,8.7719,,,,,,,2466811000,,44.33,,49.89,30.46
2025-12-28,BHE,1.01,2611664000.0,44.33,,1.051,31.09,,,,,,,,,,,,,,,None,2096952000,2096952000,,,,,,None,54383000,,0.68,0.0152,,,,-0.071,0.05,77492000,131875000,0.57,2016-12-31,,263820000.0,213463000,68188000,4141000,,,None,9304000,2136000,,None,,,,,64047000,64047000,-7168000,None,0.037,,125286000,75638000,,,,,1854000,,,,,1.91,1.444,0.616,,,,,,,,0.0143,,,2025-10-29,annual,0.62,USD,post-market,0,,0.0298,0.0337,0.035,72.64,113448000,,,,39.76,44.39,8.7719,,,,,,,2310415000,,44.33,,49.89,30.46
2025-12-28,BHE,1.01,2611664000.0,44.33,,1.051,31.09,,,,,,,,,,,,,,,None,2322299000,2322299000,,,,,,None,49672000,,0.68,0.0152,,,,-0.071,0.05,92485000,142157000,0.57,2015-12-31,,263820000.0,218574000,90039000,-5362000,,,None,2996000,1789000,,None,,,,,95401000,95401000,None,None,0.037,,111744000,92969000,,,,,66000,,,,,1.91,1.444,0.616,,,,,,,,0.0143,,,2025-10-29,annual,0.62,USD,post-market,0,,0.0298,0.0337,0.035,72.64,111744000,,,,39.76,44.39,8.7719,,,,,,,2540873000,,44.33,,49.89,30.46
2025-12-28,BHE,1.01,2611664000.0,44.33,,1.051,31.09,,,,,,,,,,,,,,,None,2577204000,2577204000,,,,,,None,46449000,,0.68,0.0152,,,,-0.071,0.05,101740000,148189000,0.57,2014-12-31,,263820000.0,219857000,99850000,17408000,,,None,1890000,None,,None,,,,,82442000,81241000,None,None,0.037,,115700000,100144000,,,,,1596000,,,,,1.91,1.444,0.616,,,,,,,,0.0143,,,2025-10-29,annual,0.62,USD,post-market,0,,0.0298,0.0337,0.035,72.64,115700000,,,,39.76,44.39,8.7719,,,,,,,2797061000,,44.33,,49.89,30.46
2025-12-28,BHE,1.01,2611664000.0,44.33,,1.051,31.09,,,,,,,,,,,,,,,None,2319983000,2319983000,,,,,,None,40942000,,0.68,0.0152,,,,-0.071,0.05,87147000,128089000,0.57,2013-12-31,,263820000.0,186484000,116177000,5018000,,,None,1934000,None,,None,,,,,111159000,111159000,None,None,0.037,,99331000,116524000,,,,,1587000,,,,,1.91,1.444,0.616,,,,,,,,0.0143,,,2025-10-29,annual,0.62,USD,post-market,0,,0.0298,0.0337,0.035,72.64,99331000,,,,39.76,44.39,8.7719,,,,,,,2506467000,,44.33,,49.89,30.46
2025-12-28,BHE,1.01,2611664000.0,44.33,,1.051,31.09,,,,,,,,,,,,,,,None,2291412000,2291412000,,,,,,None,35713000,,0.68,0.0152,,,,-0.071,0.05,77019000,112732000,0.57,2012-12-31,,263820000.0,176738000,75439000,18832000,,,None,1580000,None,,None,,,,,56607000,56607000,None,None,0.037,,89951000,75559000,,,,,1460000,,,,,1.91,1.444,0.616,,,,,,,,0.0143,,,2025-10-29,annual,0.62,USD,post-market,0,,0.0298,0.0337,0.035,72.64,89951000,,,,39.76,44.39,8.7719,,,,,,,2468150000,,44.33,,49.89,30.46
2025-12-28,BHE,1.01,2611664000.0,44.33,,1.051,31.09,,,,,,,,,,,,,,,None,2114195000,2114195000,,,,,,None,35484000,,0.68,0.0152,,,,-0.071,0.05,42459000,77943000,0.57,2011-12-31,,263820000.0,138835000,41132000,-10827000,,,None,1327000,None,,None,,,,,51959000,51959000,None,None,0.037,,93027000,41293000,,,,,1166000,,,,,1.91,1.444,0.616,,,,,,,,0.0143,,,2025-10-29,annual,0.62,USD,post-market,0,,0.0298,0.0337,0.035,72.64,93027000,,,,39.76,44.39,8.7719,,,,,,,2253030000,,44.33,,49.89,30.46
2025-12-28,BHE,1.01,2611664000.0,44.33,,1.051,31.09,,,,,,,,,,,,,,,None,2213451000,2213451000,,,,,,None,39830000,,0.68,0.0152,,,,-0.071,0.05,89655000,129485000,0.57,2010-12-31,,263820000.0,188692000,88293000,7258000,,,None,1362000,None,,None,,,,,81035000,81035000,None,None,0.037,,92245000,89723000,,,,,-68000,,,,,1.91,1.444,0.616,,,,,,,,0.0143,,,2025-10-29,annual,0.62,USD,post-market,0,,0.0298,0.0337,0.035,72.64,92245000,,,,39.76,44.39,8.7719,,,,,,,2402143000,,44.33,,49.89,30.46
2025-12-28,BHE,1.01,2611664000.0,44.33,,1.051,31.09,,,,,,,,,,,,,,,None,1942674000,1942674000,,,,,,None,39807000,,0.68,0.0152,,,,-0.071,0.05,53320000,93127000,0.57,2009-12-31,,263820000.0,146579000,51921000,-1974000,,,None,1399000,None,,None,,,,,53895000,None,None,None,0.037,,85500000,52815000,,,,,None,,,,,1.91,1.444,0.616,,,,,,,,0.0143,,,2025-10-29,annual,0.62,USD,post-market,None,,0.0298,0.0337,0.035,72.64,85500000,,,,39.76,44.39,8.7719,,,,,,,2089253000,,44.33,,49.89,30.46
2025-12-28,BHE,1.01,2611664000.0,44.33,,1.051,31.09,,,,,,,,,,,,,,,None,2414231000,2414231000,,,,,,None,40668000,,0.68,0.0152,,,,-0.071,0.05,-156033000,-115365000,0.57,2008-12-31,,263820000.0,175936000,-157488000,-21856000,,,None,1455000,None,,None,,,,,-135632000,None,None,None,0.037,,339636000,-166480000,,,,,None,,,,,1.91,1.444,0.616,,,,,,,,0.0143,,,2025-10-29,annual,0.62,USD,post-market,None,,0.0298,0.0337,0.035,72.64,90372000,,,,39.76,44.39,8.7719,,,,,,,2590167000,,44.33,,49.89,30.46
2025-12-28,BHE,1.01,2611664000.0,44.33,,1.051,31.09,,,,,,,,,,,,,,,None,2716985000,2716985000,,,,,,None,43132000,,0.68,0.0152,,,,-0.071,0.05,103543000,146675000,0.57,2007-12-31,,263820000.0,198934000,101360000,8078000,,,None,2183000,None,,None,,,,,93282000,None,None,None,0.037,,95720000,91633000,,,,,None,,,,,1.91,1.444,0.616,,,,,,,,0.0143,,,2025-10-29,annual,0.62,USD,post-market,None,,0.0298,0.0337,0.035,72.64,93932000,,,,39.76,44.39,8.7719,,,,,,,2915919000,,44.33,,49.89,30.46
2025-12-28,BHE,1.01,2611664000.0,44.33,,1.051,31.09,,,,,,,,,,,,,,,None,2707781000,2707781000,,,,,,None,27378000,,0.68,0.0152,,,,-0.071,0.05,129051000,156429000,0.57,2006-12-31,,263820000.0,199523000,131757000,20080000,,,None,354000,None,,None,,,,,111677000,None,None,None,0.037,,69299000,125501000,,,,,None,,,,,1.91,1.444,0.616,,,,,,,,0.0143,,,2025-10-29,annual,0.62,USD,post-market,None,,0.0298,0.0337,0.035,72.64,69299000,,,,39.76,44.39,8.7719,,,,,,,2907304000,,44.33,,49.89,30.46
2025-12-28,BHE,1.01,2611664000.0,44.33,,1.051,31.09,,,,,,,,,,,,,,,None,2095623000,2095623000,,,,,,None,26168000,,0.68,0.0152,,,,-0.071,0.05,99280000,125448000,0.57,2005-12-31,,263820000.0,161602000,105814000,25225000,,,None,330000,None,,None,,,,,80589000,None,None,None,0.037,,62322000,99280000,,,,,None,,,,,1.91,1.444,0.616,,,,,,,,0.0143,,,2025-10-29,annual,0.62,USD,post-market,None,,0.0298,0.0337,0.035,72.64,62322000,,,,39.76,44.39,8.7719,,,,,,,2257225000,,44.33,,49.89,30.46
2025-12-28,BHE,1.01,2611664000.0,44.33,None,1.051,31.09,,101801000,285419000,285419000,,,,,,,,,3568000,36182000,None,2095623000,2095623000,382660000,None,3782000,576985000,None,None,26168000,,0.68,0.0152,,,,-0.071,0.05,99280000,125448000,0.57,2025-09-30,192116000,263820000.0,161602000,105814000,25225000,40776000,40776000,None,330000,None,509005000,None,None,212622000,None,None,80589000,None,None,None,0.037,,62322000,99280000,64005000,108327000,None,21839000,None,,,,,1.91,1.444,0.616,,,,,,,,0.0143,,332670000,2025-10-29,quarterly,0.62,USD,post-market,None,577629000,0.0298,0.0337,0.035,72.64,62322000,318205000,3782000,None,39.76,44.39,8.7719,2067349000,1435414000,618933000,958089000,631935000,339156000,2257225000,1109260000,44.33,None,49.89,30.46
2025-12-28,BHE,1.01,2611664000.0,44.33,None,1.051,31.09,,104896000,264647000,264647000,,,,,,,,,3591000,36258000,None,2095623000,2095623000,354715000,None,3830000,544347000,None,None,26168000,,0.68,0.0152,,,,-0.071,0.05,99280000,125448000,0.57,2025-06-30,192116000,263820000.0,161602000,105814000,25225000,41013000,41013000,None,330000,None,531986000,None,None,203418000,None,None,80589000,None,None,None,0.037,,62322000,99280000,56010000,100985000,None,20617000,None,,,,,1.91,1.444,0.616,,,,,,,,0.0143,,334580000,2025-10-29,quarterly,0.62,USD,post-market,None,577185000,0.0298,0.0337,0.035,72.64,62322000,312144000,3830000,None,39.76,44.39,8.7719,2030845000,1396990000,592150000,923975000,633855000,331825000,2257225000,1106870000,44.33,None,49.89,30.46
2025-12-28,BHE,1.01,2611664000.0,44.33,None,1.051,31.09,,106438000,355340000,355340000,,,,,,,,,3610000,36605000,None,2095623000,2095623000,384460000,None,6690000,546096000,None,None,26168000,,0.68,0.0152,,,,-0.071,0.05,99280000,125448000,0.57,2025-03-31,192116000,263820000.0,161602000,105814000,25225000,43208000,43208000,None,330000,None,560285000,None,None,268946000,None,None,80589000,None,None,None,0.037,,62322000,99280000,43571000,94590000,None,19116000,None,,,,,1.91,1.444,0.616,,,,,,,,0.0143,,338399000,2025-10-29,quarterly,0.62,USD,post-market,None,587794000,0.0298,0.0337,0.035,72.64,62322000,382074000,6690000,None,39.76,44.39,8.7719,2135619000,1505292000,636421000,1030921000,630327000,394500000,2257225000,1104698000,44.33,None,49.89,30.46
2025-12-28,BHE,1.01,2611664000.0,44.33,None,1.051,31.09,,108997000,315152000,315152000,,,,,,,,,3599000,36659000,None,2095623000,2095623000,354218000,None,6737000,580036000,None,None,26168000,,0.68,0.0152,,,,-0.071,0.05,99280000,125448000,0.57,2024-12-31,192116000,263820000.0,161602000,105814000,25225000,44397000,44397000,None,330000,None,553654000,None,None,250457000,None,None,80589000,None,None,None,0.037,,62322000,99280000,55387000,122411000,None,17598000,None,,,,,1.91,1.444,0.616,,,,,,,,0.0143,,343092000,2025-10-29,quarterly,0.62,USD,post-market,None,596010000,0.0298,0.0337,0.035,72.64,62322000,366191000,6737000,None,39.76,44.39,8.7719,2139464000,1504229000,649099000,1026151000,635235000,377052000,2257225000,1113313000,44.33,None,49.89,30.46
2025-12-28,BHE,1.01,2611664000.0,44.33,None,1.051,31.09,,114181000,324423000,324423000,,,,,,,,,3597000,36629000,None,2095623000,2095623000,356038000,None,6751000,558814000,None,None,26168000,,0.68,0.0152,,,,-0.071,0.05,99280000,125448000,0.57,2024-09-30,192116000,263820000.0,161602000,105814000,25225000,46543000,46543000,None,330000,None,581901000,None,None,272000000,None,None,80589000,None,None,None,0.037,,62322000,99280000,43569000,107127000,None,21009000,None,,,,,1.91,1.444,0.616,,,,,,,,0.0143,,346281000,2025-10-29,quarterly,0.62,USD,post-market,None,583737000,0.0298,0.0337,0.035,72.64,62322000,392932000,6751000,None,39.76,44.39,8.7719,2148997000,1508707000,639131000,1046321000,640290000,407190000,2257225000,1102676000,44.33,None,49.89,30.46
2025-12-28,BHE,1.01,2611664000.0,44.33,None,1.051,31.09,,116637000,309287000,309287000,,,,,,,,,3608000,36497000,None,2095623000,2095623000,346153000,None,5928000,558658000,None,None,26168000,,0.68,0.0152,,,,-0.071,0.05,99280000,125448000,0.57,2024-06-30,192116000,263820000.0,161602000,105814000,25225000,48946000,48946000,None,330000,None,599842000,None,None,283559000,None,None,80589000,None,None,None,0.037,,62322000,99280000,42864000,106560000,None,16379000,None,,,,,1.91,1.444,0.616,,,,,,,,0.0143,,None,2025-10-29,quarterly,0.62,USD,post-market,None,578162000,0.0298,0.0337,0.035,72.64,62322000,406124000,5928000,None,39.76,44.39,8.7719,2154739000,1510651000,643060000,1059635000,644088000,416575000,2257225000,1095104000,44.33,None,49.89,30.46
2025-12-28,BHE,1.01,2611664000.0,44.33,None,1.051,31.09,,119958000,296055000,296055000,,,,,,,,,3601000,36401000,None,2095623000,2095623000,348374000,None,5105000,598210000,None,None,26168000,,0.68,0.0152,,,,-0.071,0.05,99280000,125448000,0.57,2024-03-31,192116000,263820000.0,161602000,105814000,25225000,50473000,50473000,None,330000,None,637675000,None,None,310117000,None,None,80589000,None,None,None,0.037,,62322000,99280000,46673000,100787000,None,29749000,None,,,,,1.91,1.444,0.616,,,,,,,,0.0143,,None,2025-10-29,quarterly,0.62,USD,post-market,None,568590000,0.0298,0.0337,0.035,72.64,62322000,435180000,5105000,None,39.76,44.39,8.7719,2212810000,1578613000,667819000,1127643000,634197000,459824000,2257225000,1085167000,44.33,None,49.89,30.46
2025-12-28,BHE,1.01,2611664000.0,44.33,None,1.051,31.09,,123385000,277391000,277391000,,,,,,,,,3566000,35956000,None,2095623000,2095623000,367480000,None,4283000,624383000,None,None,26168000,,0.68,0.0152,,,,-0.071,0.05,99280000,125448000,0.57,2023-12-31,192116000,263820000.0,161602000,105814000,25225000,51022000,51022000,None,330000,None,683801000,None,None,326674000,None,None,80589000,None,None,None,0.037,,62322000,99280000,50172000,114676000,None,32064000,None,,,,,1.91,1.444,0.616,,,,,,,,0.0143,,None,2025-10-29,quarterly,0.62,USD,post-market,None,560537000,0.0298,0.0337,0.035,72.64,62322000,454342000,4283000,None,39.76,44.39,8.7719,2274755000,1635747000,713547000,1195670000,639008000,482123000,2257225000,1079085000,44.33,None,49.89,30.46
2025-12-28,BHE,1.01,2611664000.0,44.33,None,1.051,31.09,,114279000,259542000,259542000,,,,,,,,,3565000,35876000,None,2095623000,2095623000,382170000,None,4281000,669122000,None,None,26168000,,0.68,0.0152,,,,-0.071,0.05,99280000,125448000,0.57,2023-09-30,192116000,263820000.0,161602000,105814000,25225000,52154000,52154000,None,330000,None,725349000,None,None,428231000,None,None,80589000,None,None,None,0.037,,62322000,99280000,53056000,110772000,None,28482000,None,,,,,1.91,1.444,0.616,,,,,,,,0.0143,,353765000,2025-10-29,quarterly,0.62,USD,post-market,None,548874000,0.0298,0.0337,0.035,72.64,62322000,546791000,4281000,None,39.76,44.39,8.7719,2333145000,1707069000,699104000,1270096000,626076000,570992000,2257225000,1063049000,44.33,None,49.89,30.46
2025-12-28,BHE,1.01,2611664000.0,44.33,None,1.051,31.09,,85343000,244587000,244587000,,,,,,,,,3564000,35676000,None,2095623000,2095623000,417406000,None,3458000,670531000,None,None,26168000,,0.68,0.0152,,,,-0.071,0.05,99280000,125448000,0.57,2023-06-30,192116000,263820000.0,161602000,105814000,25225000,55061000,55061000,None,330000,None,756391000,None,None,423967000,None,None,80589000,None,None,None,0.037,,62322000,99280000,49552000,100553000,None,28503000,None,,,,,1.91,1.444,0.616,,,,,,,,0.0143,,314902000,2025-10-29,quarterly,0.62,USD,post-market,None,534470000,0.0298,0.0337,0.035,72.64,62322000,512768000,3458000,148000,39.76,44.39,8.7719,2307463000,1721061000,721921000,1259734000,586402000,537813000,2257225000,1047729000,44.33,None,49.89,30.46
2025-12-28,BHE,1.01,2611664000.0,44.33,None,1.051,31.09,,87561000,210893000,210893000,,,,,,,,,3559000,35592000,None,2095623000,2095623000,421746000,None,3456000,656045000,None,None,26168000,,0.68,0.0152,,,,-0.071,0.05,99280000,125448000,0.57,2023-03-31,192116000,263820000.0,161602000,105814000,25225000,58272000,58272000,None,330000,None,778137000,None,None,399924000,None,None,80589000,None,None,None,0.037,,62322000,99280000,45797000,88990000,None,44674000,None,,,,,1.91,1.444,0.616,,,,,,,,0.0143,,221016000,2025-10-29,quarterly,0.62,USD,post-market,None,526377000,0.0298,0.0337,0.035,72.64,62322000,490941000,3456000,507000,39.76,44.39,8.7719,2278648000,1690872000,711863000,1244022000,587776000,532159000,2257225000,1034626000,44.33,None,49.89,30.46
2025-12-28,BHE,1.01,2611664000.0,44.33,None,1.051,31.09,,86687000,207430000,207430000,,,,,,,,,3516000,35630000,None,2095623000,2095623000,424272000,None,4275000,675570000,None,None,26168000,,0.68,0.0152,,,,-0.071,0.05,99280000,125448000,0.57,2022-12-31,192116000,263820000.0,161602000,105814000,25225000,58186000,58186000,None,330000,None,727749000,None,None,320675000,None,None,80589000,None,None,None,0.037,,62322000,99280000,41400000,110416000,None,44417000,None,,,,,1.91,1.444,0.616,,,,,,,,0.0143,,304559000,2025-10-29,quarterly,0.62,USD,post-market,None,519895000,0.0298,0.0337,0.035,72.64,62322000,411637000,4275000,639000,39.76,44.39,8.7719,2227331000,1652149000,749136000,1200915000,575182000,451779000,2257225000,1026416000,44.33,None,49.89,30.46
2025-12-28,BHE,1.01,2611664000.0,44.33,None,1.051,31.09,,87983000,247298000,247298000,,,,,,,,,3515000,35348000,None,2095623000,2095623000,522499000,None,3452000,666937000,None,None,26168000,,0.68,0.0152,,,,-0.071,0.05,99280000,125448000,0.57,2022-09-30,192116000,263820000.0,161602000,105814000,25225000,60282000,60282000,None,330000,None,746920000,None,None,296425000,None,None,80589000,None,None,None,0.037,,62322000,99280000,47048000,99341000,None,42582000,None,,,,,1.91,1.444,0.616,,,,,,,,0.0143,,299687000,2025-10-29,quarterly,0.62,USD,post-market,None,504419000,0.0298,0.0337,0.035,72.64,62322000,387860000,3452000,976000,39.76,44.39,8.7719,2276507000,1708203000,848900000,1275890000,568304000,426990000,2257225000,1000617000,44.33,None,49.89,30.46
2025-12-28,BHE,1.01,2611664000.0,44.33,None,1.051,31.09,,90936000,262269000,262269000,,,,,,,,,3514000,35336000,None,2095623000,2095623000,500886000,None,2630000,625710000,None,None,26168000,,0.68,0.0152,,,,-0.071,0.05,99280000,125448000,0.57,2022-06-30,192116000,263820000.0,161602000,105814000,25225000,60852000,60852000,None,330000,None,666742000,None,None,262185000,None,None,80589000,None,None,None,0.037,,62322000,99280000,46551000,93396000,None,42813000,None,,,,,1.91,1.444,0.616,,,,,,,,0.0143,,297077000,2025-10-29,quarterly,0.62,USD,post-market,None,491379000,0.0298,0.0337,0.035,72.64,62322000,355751000,2630000,None,39.76,44.39,8.7719,2166785000,1601272000,785078000,1181012000,565513000,395934000,2257225000,985773000,44.33,None,49.89,30.46
2025-12-28,BHE,1.01,2611664000.0,44.33,None,1.051,31.09,,85024000,244935000,244935000,,,,,,,,,3526000,35470000,None,2095623000,2095623000,457252000,None,1808000,550675000,None,None,26168000,,0.68,0.0152,,,,-0.071,0.05,99280000,125448000,0.57,2022-03-31,192116000,263820000.0,161602000,105814000,25225000,62228000,62228000,None,330000,None,608347000,None,None,201510000,None,None,80589000,None,None,None,0.037,,62322000,99280000,47061000,89716000,None,55152000,None,,,,,1.91,1.444,0.616,,,,,,,,0.0143,,282949000,2025-10-29,quarterly,0.62,USD,post-market,None,482052000,0.0298,0.0337,0.035,72.64,62322000,288342000,1808000,None,39.76,44.39,8.7719,2002556000,1451018000,684465000,1026151000,551538000,341686000,2257225000,976405000,44.33,None,49.89,30.46
2025-12-28,BHE,1.01,2611664000.0,44.33,None,1.051,31.09,,90878000,271749000,271749000,,,,,,,,,3521000,35410000,None,2095623000,2095623000,426555000,None,985000,511467000,None,None,26168000,,0.68,0.0152,,,,-0.071,0.05,99280000,125448000,0.57,2021-12-31,192116000,263820000.0,161602000,105814000,25225000,64230999,64230999,None,330000,None,523240000,None,None,129289000,None,None,80589000,None,None,None,0.037,,62322000,99280000,41688000,102554000,None,55529000,None,,,,,1.91,1.444,0.616,,,,,,,,0.0143,,285824000,2025-10-29,quarterly,0.62,USD,post-market,None,479992000,0.0298,0.0337,0.035,72.64,62322000,221152000,985000,None,39.76,44.39,8.7719,1903880000,1348144000,654382000,930078000,555736000,275696000,2257225000,973802000,44.33,None,49.89,30.46
2025-12-28,BHE,1.01,2611664000.0,44.33,None,1.051,31.09,,94219000,288567000,288567000,,,,,,,,,3521000,35666000,None,2095623000,2095623000,401106000,None,7663000,473677000,None,None,26168000,,0.68,0.0152,,,,-0.071,0.05,99280000,125448000,0.57,2021-09-30,192116000,263820000.0,161602000,105814000,25225000,65878000,65878000,None,330000,None,478325000,None,None,123510000,None,None,80589000,None,None,None,0.037,,62322000,99280000,38440000,95560000,None,60132000,None,,,,,1.91,1.444,0.616,,,,,,,,0.0143,,291298000,2025-10-29,quarterly,0.62,USD,post-market,None,473385000,0.0298,0.0337,0.035,72.64,62322000,225392000,7663000,None,39.76,44.39,8.7719,1840366000,1279009000,600169000,878030000,561357000,277861000,2257225000,962336000,44.33,None,49.89,30.46
2025-12-28,BHE,1.01,2611664000.0,44.33,None,1.051,31.09,,80580000,369301000,369301000,,,,,,,,,3558000,36061000,None,2095623000,2095623000,380164000,None,9259000,444948000,None,None,26168000,,0.68,0.0152,,,,-0.071,0.05,99280000,125448000,0.57,2021-06-30,192116000,263820000.0,161602000,105814000,25225000,67884000,67884000,None,330000,None,415322000,None,None,126639000,None,None,80589000,None,None,None,0.037,,62322000,99280000,37406000,95970000,None,62885000,None,,,,,1.91,1.444,0.616,,,,,,,,0.0143,,277885000,2025-10-29,quarterly,0.62,USD,post-market,None,476855000,0.0298,0.0337,0.035,72.64,62322000,216478000,9259000,None,39.76,44.39,8.7719,1818791000,1266977000,581409000,851513000,551814000,270104000,2257225000,967278000,44.33,None,49.89,30.46
2025-12-28,BHE,1.01,2611664000.0,44.33,None,1.051,31.09,,79659000,400428000,400428000,,,,,,,,,3608000,36711000,None,2095623000,2095623000,325226000,None,9209000,425392000,None,None,26168000,,0.68,0.0152,,,,-0.071,0.05,99280000,125448000,0.57,2021-03-31,192116000,263820000.0,161602000,105814000,25225000,68663000,68663000,None,330000,None,355164000,None,None,128862000,None,None,80589000,None,None,None,0.037,,62322000,99280000,32456000,87171000,None,64948000,None,,,,,1.91,1.444,0.616,,,,,,,,0.0143,,183294000,2025-10-29,quarterly,0.62,USD,post-market,None,486267000,0.0298,0.0337,0.035,72.64,62322000,217730000,9209000,None,39.76,44.39,8.7719,1760753000,1213440000,505110000,783206000,547313000,278096000,2257225000,977547000,44.33,None,49.89,30.46
2025-12-28,BHE,1.01,2611664000.0,44.33,None,1.051,31.09,,72120000,390808000,390808000,,,,,,,,,3629000,36596000,None,2095623000,2095623000,282208000,None,9161000,452527000,None,None,26168000,,0.68,0.0152,,,,-0.071,0.05,99280000,125448000,0.57,2020-12-31,192116000,263820000.0,161602000,105814000,25225000,69977000,69977000,None,330000,None,327377000,None,None,131051000,None,None,80589000,None,None,None,0.037,,62322000,99280000,31639000,100073000,None,65552000,None,,,,,1.91,1.444,0.616,,,,,,,,0.0143,,185272000,2025-10-29,quarterly,0.62,USD,post-market,None,492205000,0.0298,0.0337,0.035,72.64,62322000,212332000,9161000,None,39.76,44.39,8.7719,1744235000,1202351000,481136000,754647000,541884000,273511000,2257225000,989588000,44.33,None,49.89,30.46
2025-12-28,BHE,1.01,2611664000.0,44.33,None,1.051,31.09,,74407000,329558000,329558000,,,,,,,,,3648000,36544000,None,2095623000,2095623000,282591000,None,8956000,468286000,None,None,26168000,,0.68,0.0152,,,,-0.071,0.05,99280000,125448000,0.57,2020-09-30,192116000,263820000.0,161602000,105814000,25225000,70574000,70574000,None,330000,None,352851000,None,None,144979000,None,None,80589000,None,None,None,0.037,,62322000,99280000,34532000,94935000,None,64725000,None,,,,,1.91,1.444,0.616,,,,,,,,0.0143,,190610000,2025-10-29,quarterly,0.62,USD,post-market,None,493524000,0.0298,0.0337,0.035,72.64,62322000,230885000,8956000,None,39.76,44.39,8.7719,1734507000,1185227000,449485000,744180000,549280000,294695000,2257225000,990327000,44.33,None,49.89,30.46
2025-12-28,BHE,1.01,2611664000.0,44.33,None,1.051,31.09,,64768000,351167000,351167000,,,,,,,,,3646000,36439000,None,2095623000,2095623000,304601000,None,8912000,456258000,None,None,26168000,,0.68,0.0152,,,,-0.071,0.05,99280000,125448000,0.57,2020-06-30,192116000,263820000.0,161602000,105814000,25225000,72176000,72176000,None,330000,None,363665000,None,None,164664000,None,None,80589000,None,None,None,0.037,,62322000,99280000,37029000,145900000,None,67848000,None,,,,,1.91,1.444,0.616,,,,,,,,0.0143,,198001000,2025-10-29,quarterly,0.62,USD,post-market,None,493451000,0.0298,0.0337,0.035,72.64,62322000,238344000,8912000,None,39.76,44.39,8.7719,1758035000,1208119000,464620000,773675000,549916000,309055000,2257225000,984360000,44.33,None,49.89,30.46
2025-12-28,BHE,1.01,2611664000.0,44.33,None,1.051,31.09,,67009000,411786000,411786000,,,,,,,,,3642000,37071000,None,2095623000,2095623000,315729000,None,8868000,478916000,None,None,26168000,,0.68,0.0152,,,,-0.071,0.05,99280000,125448000,0.57,2020-03-31,192116000,263820000.0,161602000,105814000,25225000,74041000,74041000,None,330000,None,338437000,None,None,231798000,None,None,80589000,None,None,None,0.037,,62322000,99280000,35863000,127205000,None,64367000,None,,,,,1.91,1.444,0.616,,,,,,,,0.0143,,201580000,2025-10-29,quarterly,0.62,USD,post-market,None,502692000,0.0298,0.0337,0.035,72.64,62322000,307675000,8868000,None,39.76,44.39,8.7719,1823382000,1265002000,459339000,833760000,558380000,374421000,2257225000,989622000,44.33,None,49.89,30.46
2025-12-28,BHE,1.01,2611664000.0,44.33,None,1.051,31.09,,67898000,347558000,347558000,,,,,,,,,3696000,36928000,None,2095623000,2095623000,302994000,None,8825000,486604000,None,None,26168000,,0.68,0.0152,,,,-0.071,0.05,99280000,125448000,0.57,2019-12-31,192116000,263820000.0,161602000,105814000,25225000,75793000,75793000,None,330000,None,314956000,None,None,138912000,None,None,80589000,None,None,None,0.037,,62322000,99280000,45964000,102020000,None,65483000,None,,,,,1.91,1.444,0.616,,,,,,,,0.0143,,205819000,2025-10-29,quarterly,0.62,USD,post-market,None,515876000,0.0298,0.0337,0.035,72.64,62322000,215635000,8825000,None,39.76,44.39,8.7719,1759874000,1195082000,459245000,745042000,564792000,285797000,2257225000,1014832000,44.33,None,49.89,30.46
2025-12-28,BHE,1.01,2611664000.0,44.33,None,1.051,31.09,,70167000,348042000,348042000,,,,,,,,,3704000,37645000,None,2095623000,2095623000,295693000,None,8784000,510221000,None,None,26168000,,0.68,0.0152,,,,-0.071,0.05,99280000,125448000,0.57,2019-09-30,192116000,263820000.0,161602000,105814000,25225000,78177000,78177000,None,330000,None,315835000,None,None,141017000,None,None,80589000,None,None,None,0.037,,62322000,99280000,25071000,127868000,None,64722000,None,,,,,1.91,1.444,0.616,,,,,,,,0.0143,,199256000,2025-10-29,quarterly,0.62,USD,post-market,None,530660000,0.0298,0.0337,0.035,72.64,62322000,219968000,8784000,None,39.76,44.39,8.7719,1758746000,1198115000,441237000,729974000,560631000,288737000,2257225000,1028772000,44.33,None,49.89,30.46
2025-12-28,BHE,1.01,2611664000.0,44.33,None,1.051,31.09,,73878000,396613000,396613000,,,,,,,,,3768000,38583000,None,2095623000,2095623000,372106000,None,8744000,519230000,None,None,26168000,,0.68,0.0152,,,,-0.071,0.05,99280000,125448000,0.57,2019-06-30,192116000,263820000.0,161602000,105814000,25225000,79962000,79962000,None,330000,None,316237000,None,None,143115000,None,None,80589000,None,None,None,0.037,,62322000,99280000,26533000,98916000,None,63696000,None,,,,,1.91,1.444,0.616,,,,,,,,0.0143,,202665000,2025-10-29,quarterly,0.62,USD,post-market,None,539743000,0.0298,0.0337,0.035,72.64,62322000,225737000,8744000,None,39.76,44.39,8.7719,1827878000,1257810000,487660000,782828000,570068000,295168000,2257225000,1045050000,44.33,None,49.89,30.46
2025-12-28,BHE,1.01,2611664000.0,44.33,None,1.051,31.09,,70859000,395316000,395316000,,,,,,,,,3917000,40853000,None,2095623000,2095623000,371732000,None,8706000,563043000,None,None,26168000,,0.68,0.0152,,,,-0.071,0.05,99280000,125448000,0.57,2019-03-31,192116000,263820000.0,161602000,105814000,25225000,82115000,82115000,None,330000,None,315563000,None,None,145205000,None,None,80589000,None,None,None,0.037,,62322000,99280000,24667000,98235000,None,69537000,None,,,,,1.91,1.444,0.616,,,,,,,,0.0143,,203796000,2025-10-29,quarterly,0.62,USD,post-market,None,557804000,0.0298,0.0337,0.035,72.64,62322000,224770000,8706000,None,39.76,44.39,8.7719,1868930000,1297929000,490236000,790205000,571001000,299969000,2257225000,1078725000,44.33,None,49.89,30.46
2025-12-28,BHE,1.01,2611664000.0,44.33,None,1.051,31.09,,None,458102000,458102000,,,,,,,,,4136000,43229000,None,2095623000,2095623000,422053000,None,5625000,608449000,None,None,26168000,,0.68,0.0152,,,,-0.071,0.05,99280000,125448000,0.57,2018-12-31,192116000,263820000.0,161602000,105814000,25225000,84105000,84105000,None,330000,None,309975000,None,None,142328000,None,None,80589000,None,None,None,0.037,,62322000,99280000,27230000,96710000,None,68799000,None,,,,,1.91,1.444,0.616,,,,,,,,0.0143,,210954000,2025-10-29,quarterly,0.62,USD,post-market,None,584274000,0.0298,0.0337,0.035,72.64,62322000,154070000,7961000,None,39.76,44.39,8.7719,1899783000,1403550000,537159000,767558000,496233000,230399000,2257225000,1132225000,44.33,None,49.89,30.46
2025-12-28,BHE,1.01,2611664000.0,44.33,None,1.051,31.09,,None,475713000,475713000,,,,,,,,,4513000,46455000,None,2095623000,2095623000,373879000,None,4880000,611907000,None,None,26168000,,0.68,0.0152,,,,-0.071,0.05,99280000,125448000,0.57,2018-09-30,192116000,263820000.0,161602000,105814000,25225000,85423000,85423000,None,330000,None,321194000,None,None,149341000,None,None,80589000,None,None,None,0.037,,62322000,99280000,35026000,92976000,None,90615000,None,,,,,1.91,1.444,0.616,,,,,,,,0.0143,,208495000,2025-10-29,quarterly,0.62,USD,post-market,None,609577000,0.0298,0.0337,0.035,72.64,62322000,154221000,4880000,0,39.76,44.39,8.7719,1940771000,1443802000,478173000,739089000,496969000,260916000,2257225000,1201682000,44.33,0,49.89,30.46
2025-12-28,BHE,1.01,2611664000.0,44.33,None,1.051,31.09,,None,595639000,595639000,,,,,,,,,4733000,47631000,None,2095623000,2095623000,383606000,None,21219000,593184000,None,None,26168000,,0.68,0.0152,,,,-0.071,0.05,99280000,125448000,0.57,2018-06-30,192116000,263820000.0,161602000,105814000,25225000,87246000,87246000,None,330000,None,318986000,None,None,181777000,None,None,80589000,None,None,None,0.037,,62322000,99280000,35277000,75368000,None,90262000,None,,,,,1.91,1.444,0.616,,,,,,,,0.0143,,203872000,2025-10-29,quarterly,0.62,USD,post-market,None,639779000,0.0298,0.0337,0.035,72.64,62322000,202996000,21219000,0,39.76,44.39,8.7719,2037185000,1543086000,500996000,793040000,494099000,292044000,2257225000,1244145000,44.33,0,49.89,30.46
2025-12-28,BHE,1.01,2611664000.0,44.33,None,1.051,31.09,,None,676327000,676327000,,,,,,,,,4757000,48517000,None,2095623000,2095623000,368625000,None,19746000,551456000,None,None,26168000,,0.68,0.0152,,,,-0.071,0.05,99280000,125448000,0.57,2018-03-31,191616000,263820000.0,161602000,105814000,25225000,89057000,89057000,None,330000,None,305980000,None,None,187601000,None,None,80589000,None,None,None,0.037,,62322000,99280000,31795000,83652000,None,90270000,None,,,,,1.91,1.444,0.616,,,,,,,,0.0143,,200422000,2025-10-29,quarterly,0.62,USD,post-market,None,640466000,0.0298,0.0337,0.035,72.64,62322000,207347000,19746000,0,39.76,44.39,8.7719,2058006000,1565492000,484831000,810675000,492514000,325844000,2257225000,1247331000,44.33,0,49.89,30.46
2025-12-28,BHE,1.01,2611664000.0,44.33,None,1.051,31.09,,None,742546000,742546000,,,,,,,,,4914000,49576000,None,2095623000,2095623000,362701000,None,17249000,583056000,None,None,26168000,,0.68,0.0152,,,,-0.071,0.05,99280000,125448000,0.57,2017-12-31,191616000,263820000.0,161602000,105814000,25225000,90864000,90864000,None,330000,None,397181000,None,None,193406000,None,None,80589000,None,None,None,0.037,,62322000,99280000,78281000,84654000,None,89749000,None,,,,,1.91,1.444,0.616,,,,,,,,0.0143,,186473000,2025-10-29,quarterly,0.62,USD,post-market,None,697862000,0.0298,0.0337,0.035,72.64,62322000,211680000,19299000,0,39.76,44.39,8.7719,2097317000,1618670000,478316000,768498000,478647000,290182000,2257225000,1328819000,44.33,0,49.89,30.46
2025-12-28,BHE,1.01,2611664000.0,44.33,None,1.051,31.09,,None,730146000,730146000,,,,,,,,,4982000,50330000,None,2095623000,2095623000,335315000,None,16804000,411749000,None,None,26168000,,0.68,0.0152,,,,-0.071,0.05,99280000,125448000,0.57,2017-09-30,191616000,263820000.0,161602000,105814000,25225000,90494000,90494000,None,330000,None,421858000,None,None,197766000,None,None,80589000,None,None,None,0.037,,62322000,99280000,42349000,90045000,None,8236000,None,,,,,1.91,1.444,0.616,,,,,,,,0.0143,,178122000,2025-10-29,quarterly,0.62,USD,post-market,None,788939000,0.0298,0.0337,0.035,72.64,62322000,214570000,16804000,0,39.76,44.39,8.7719,2076706000,1605903000,445793000,651795000,470803000,206002000,2257225000,1424911000,44.33,0,49.89,30.46
2025-12-28,BHE,1.01,2611664000.0,44.33,None,1.051,31.09,,None,749311000,749311000,,,,,,,,,4985000,50239000,None,2095623000,2095623000,343241000,None,217455000,393126000,None,None,26168000,,0.68,0.0152,,,,-0.071,0.05,99280000,125448000,0.57,2017-06-30,191616000,263820000.0,161602000,105814000,25225000,93148000,93148000,None,330000,None,416030000,None,None,202122000,None,None,80589000,None,None,None,0.037,,62322000,99280000,40473000,83684000,None,10359000,None,,,,,1.91,1.444,0.616,,,,,,,,0.0143,,172080000,2025-10-29,quarterly,0.62,USD,post-market,None,773943000,0.0298,0.0337,0.035,72.64,62322000,217455000,15333000,None,39.76,44.39,8.7719,2064440000,1597644000,446122000,658603000,466796000,212481000,2257225000,1405837000,44.33,None,49.89,30.46
2025-12-28,BHE,1.01,2611664000.0,44.33,None,1.051,31.09,,None,752477000,752477000,,,,,,,,,4971000,50080000,None,2095623000,2095623000,343796000,None,13865000,382359000,None,None,26168000,,0.68,0.0152,,,,-0.071,0.05,99280000,125448000,0.57,2017-03-31,191616000,263820000.0,161602000,105814000,25225000,94095000,94095000,None,330000,None,404023000,None,None,206463000,None,None,80589000,None,None,None,0.037,,62322000,99280000,35352000,75389000,None,10083000,None,,,,,1.91,1.444,0.616,,,,,,,,0.0143,,165080000,2025-10-29,quarterly,0.62,USD,post-market,None,757437000,0.0298,0.0337,0.035,72.64,62322000,220328000,13865000,0,39.76,44.39,8.7719,2035773000,1573052000,437168000,653714000,462721000,216546000,2257225000,1382059000,44.33,0,49.89,30.46
2025-12-28,BHE,1.01,2611664000.0,44.33,None,1.051,31.09,,None,681433000,681433000,,,,,,,,,4933000,49544000,None,2095623000,2095623000,326249000,None,11500000,440838000,None,None,26168000,,0.68,0.0152,,,,-0.071,0.05,99280000,125448000,0.57,2016-12-31,191616000,263820000.0,161602000,105814000,25225000,96286000,96286000,None,330000,None,381334000,None,None,211252000,None,None,80589000,None,None,None,0.037,,62322000,99280000,28203000,69306000,None,9570000,None,,,,,1.91,1.444,0.616,,,,,,,,0.0143,,166148000,2025-10-29,quarterly,0.62,USD,post-market,None,748615000,0.0298,0.0337,0.035,72.64,62322000,223648000,13292000,0,39.76,44.39,8.7719,1998668000,1531662000,412381000,633203000,467006000,220822000,2257225000,1365465000,44.33,0,49.89,30.46
2025-12-28,BHE,1.01,2611664000.0,44.33,None,1.051,31.09,,None,635683000,635683000,,,,,,,,,4875000,49414000,None,2095623000,2095623000,308859000,None,12365000,417705000,None,None,26168000,,0.68,0.0152,,,,-0.071,0.05,99280000,125448000,0.57,2016-09-30,191616000,263820000.0,161602000,105814000,25225000,98877000,98877000,None,330000,None,395948000,None,None,214171000,None,None,80589000,None,None,None,0.037,,62322000,99280000,31755000,74796000,None,9448000,None,,,,,1.91,1.444,0.616,,,,,,,,0.0143,,168806000,2025-10-29,quarterly,0.62,USD,post-market,None,730725000,0.0298,0.0337,0.035,72.64,62322000,226536000,12365000,0,39.76,44.39,8.7719,1959068000,1480711000,401132000,624751000,478357000,223619000,2257225000,1334317000,44.33,0,49.89,30.46
2025-12-28,BHE,1.01,2611664000.0,44.33,None,1.051,31.09,,None,573248000,573248000,,,,,,,,,4893000,49667000,None,2095623000,2095623000,272970000,None,12336000,422558000,None,None,26168000,,0.68,0.0152,,,,-0.071,0.05,99280000,125448000,0.57,2016-06-30,200035000,263820000.0,161602000,105814000,25225000,102108000,102108000,None,330000,None,375085000,None,None,217086000,None,None,80589000,None,None,None,0.037,,62322000,99280000,37207000,57832000,None,17604000,None,,,,,1.91,1.444,0.616,,,,,,,,0.0143,,170602000,2025-10-29,quarterly,0.62,USD,post-market,None,715195000,0.0298,0.0337,0.035,72.64,62322000,229422000,12336000,0,39.76,44.39,8.7719,1900149000,1408098000,347342000,582032000,492051000,234690000,2257225000,1318117000,44.33,0,49.89,30.46
2025-12-28,BHE,1.01,2611664000.0,44.33,None,1.051,31.09,,None,519167000,519167000,,,,,,,,,4966000,50287000,None,2095623000,2095623000,218237000,None,12306000,414220000,None,None,26168000,,0.68,0.0152,,,,-0.071,0.05,99280000,125448000,0.57,2016-03-31,199469000,263820000.0,161602000,105814000,25225000,104460000,104460000,None,330000,None,389919000,None,None,219998000,None,None,80589000,None,None,None,0.037,,62322000,99280000,37058000,66113000,None,17135000,None,,,,,1.91,1.444,0.616,,,,,,,,0.0143,,173969000,2025-10-29,quarterly,0.62,USD,post-market,None,709357000,0.0298,0.0337,0.035,72.64,62322000,232304000,12306000,0,39.76,44.39,8.7719,1857823000,1360364000,301670000,538803000,497459000,237133000,2257225000,1319020000,44.33,0,49.89,30.46
2025-12-28,BHE,1.01,2611664000.0,44.33,None,1.051,31.09,,None,465995000,465995000,,,,,,,,,5018000,50914000,None,2095623000,2095623000,251163000,None,11506000,479296000,None,None,26168000,,0.68,0.0152,,,,-0.071,0.05,99280000,125448000,0.57,2015-12-31,199290000,263820000.0,161602000,105814000,25225000,107408000,107408000,None,330000,None,411986000,None,None,222909000,None,None,80589000,None,None,None,0.037,,62322000,99280000,31351000,64578000,None,15971000,None,,,,,1.91,1.444,0.616,,,,,,,,0.0143,,178170000,2025-10-29,quarterly,0.62,USD,post-market,None,704905000,0.0298,0.0337,0.035,72.64,62322000,235193000,12284000,0,39.76,44.39,8.7719,1893878000,1388628000,333094000,571974000,505250000,238880000,2257225000,1321904000,44.33,0,49.89,30.46
2025-12-28,BHE,1.01,2611664000.0,44.33,None,1.051,31.09,,8270000,462094000,462094000,,,,,,,,,5092000,51588000,None,2095623000,2095623000,272274000,None,None,467241000,None,None,26168000,,0.68,0.0152,,,,-0.071,0.05,99280000,125448000,0.57,2015-09-30,45970000,263820000.0,161602000,105814000,25225000,16575000,16575000,None,330000,None,421532000,None,None,8270000,None,935000,80589000,None,None,None,0.037,,62322000,99280000,41294000,63982000,None,17266000,None,,,,,1.91,1.444,0.616,,,,,,,,0.0143,,181187000,2025-10-29,quarterly,0.62,USD,post-market,None,673040000,0.0298,0.0337,0.035,72.64,62322000,9021000,751000,0,39.76,44.39,8.7719,1667104000,1392161000,341159000,368801000,274943000,27642000,2257225000,1298303000,44.33,0,49.89,30.46
2025-12-28,BHE,1.01,2611664000.0,44.33,None,1.051,31.09,,8470000,409315000,409315000,,,,,,,,,5173000,52671000,None,2095623000,2095623000,286379000,None,None,500713000,None,None,26168000,,0.68,0.0152,,,,-0.071,0.05,99280000,125448000,0.57,2015-06-30,45970000,263820000.0,161602000,105814000,25225000,17677000,17677000,None,330000,None,444652000,None,None,8470000,None,924000,80589000,None,None,None,0.037,,62322000,99280000,44876000,68284000,None,17487000,None,,,,,1.91,1.444,0.616,,,,,,,,0.0143,,185535000,2025-10-29,quarterly,0.62,USD,post-market,None,662456000,0.0298,0.0337,0.035,72.64,62322000,9194000,724000,0,39.76,44.39,8.7719,1682501000,1399556000,360112000,388175000,282945000,28063000,2257225000,1294326000,44.33,0,49.89,30.46
2025-12-28,BHE,1.01,2611664000.0,44.33,None,1.051,31.09,,8665000,383596000,383596000,,,,,,,,,5248000,53045000,None,2095623000,2095623000,248563000,None,None,490686000,None,None,26168000,,0.68,0.0152,,,,-0.071,0.05,99280000,125448000,0.57,2015-03-31,45970000,263820000.0,161602000,105814000,25225000,18782000,18782000,None,330000,None,426837000,None,None,8665000,None,1012000,80589000,None,None,None,0.037,,62322000,99280000,41369000,58287000,None,17406000,None,,,,,1.91,1.444,0.616,,,,,,,,0.0143,,187049000,2025-10-29,quarterly,0.62,USD,post-market,None,651224000,0.0298,0.0337,0.035,72.64,62322000,9366000,701000,0,39.76,44.39,8.7719,1629407000,1342488000,312628000,340805000,286919000,28177000,2257225000,1288602000,44.33,0,49.89,30.46
2025-12-28,BHE,1.01,2611664000.0,44.33,None,1.051,31.09,,8845000,427376000,427376000,,,,,,,,,5300000,53609000,None,2095623000,2095623000,289786000,None,9521000,520961000,None,None,26168000,,0.68,0.0152,,,,-0.071,0.05,99280000,125448000,0.57,2014-12-31,45970000,263820000.0,161602000,105814000,25225000,22334000,22334000,None,330000,None,401261000,None,None,8845000,None,1008000,80589000,None,None,None,0.037,,62322000,99280000,38955000,62490000,None,17800000,None,,,,,1.91,1.444,0.616,,,,,,,,0.0143,,190180000,2025-10-29,quarterly,0.62,USD,post-market,None,645500000,0.0298,0.0337,0.035,72.64,62322000,9521000,1352000,0,39.76,44.39,8.7719,1678889000,1388553000,359098000,387849000,290336000,28751000,2257225000,1291040000,44.33,0,49.89,30.46
2025-12-28,BHE,1.01,2611664000.0,44.33,None,1.051,31.09,,9021000,420236000,420236000,,,,,,,,,5347000,54265000,None,2095623000,2095623000,341508000,None,None,534002000,None,None,26168000,,0.68,0.0152,,,,-0.071,0.05,99280000,125448000,0.57,2014-09-30,45970000,263820000.0,161602000,105814000,25225000,20889000,20889000,None,330000,None,434166000,None,None,9021000,None,1207000,80589000,None,None,None,0.037,,62322000,99280000,36382000,73452000,None,21126000,None,,,,,1.91,1.444,0.616,,,,,,,,0.0143,,190158000,2025-10-29,quarterly,0.62,USD,post-market,None,631353000,0.0298,0.0337,0.035,72.64,62322000,9672000,651000,0,39.76,44.39,8.7719,1727991000,1424786000,419319000,451537000,303205000,32218000,2257225000,1276454000,44.33,0,49.89,30.46
2025-12-28,BHE,1.01,2611664000.0,44.33,None,1.051,31.09,,9194000,401869000,401869000,,,,,,,,,5396000,54405000,None,2095623000,2095623000,298762000,None,None,499479000,None,None,26168000,,0.68,0.0152,,,,-0.071,0.05,99280000,125448000,0.57,2014-06-30,45970000,263820000.0,161602000,105814000,25225000,21748000,21748000,None,330000,None,421216000,None,None,9194000,None,9710000,80589000,None,None,None,0.037,,62322000,99280000,42667000,72731000,None,21680000,None,,,,,1.91,1.444,0.616,,,,,,,,0.0143,,190686000,2025-10-29,quarterly,0.62,USD,post-market,None,621377000,0.0298,0.0337,0.035,72.64,62322000,9822000,628000,0,39.76,44.39,8.7719,1681477000,1365231000,377674000,410619000,316246000,32945000,2257225000,1270858000,44.33,-272000,49.89,30.46
2025-12-28,BHE,1.01,2611664000.0,44.33,None,1.051,31.09,,9366000,394194000,394194000,,,,,,,,,5401000,54277000,None,2095623000,2095623000,299715000,None,None,464999000,None,None,26168000,,0.68,0.0152,,,,-0.071,0.05,99280000,125448000,0.57,2014-03-31,45970000,263820000.0,161602000,105814000,25225000,22589000,22589000,None,330000,None,443203000,None,None,9366000,None,9906000,80589000,None,None,None,0.037,,62322000,99280000,40222000,67646000,None,21599000,None,,,,,1.91,1.444,0.616,,,,,,,,0.0143,,187689000,2025-10-29,quarterly,0.62,USD,post-market,None,603147000,0.0298,0.0337,0.035,72.64,62322000,9971000,605000,0,39.76,44.39,8.7719,1657891000,1342618000,376181000,409217000,315273000,33036000,2257225000,1248674000,44.33,-272000,49.89,30.46
2025-12-28,BHE,1.01,2611664000.0,44.33,None,1.051,31.09,,9521000,345555000,345555000,,,,,,,,,5383000,54327000,None,2095623000,2095623000,320953000,None,None,559763000,None,None,26168000,,0.68,0.0152,,,,-0.071,0.05,99280000,125448000,0.57,2013-12-31,44691000,263820000.0,161602000,105814000,25225000,25951000,25951000,None,330000,None,396699000,None,None,9521000,None,9921000,80589000,None,None,None,0.037,,62322000,99280000,40816000,67272000,None,20369000,None,,,,,1.91,1.444,0.616,,,,,,,,0.0143,,185319000,2025-10-29,quarterly,0.62,USD,post-market,None,586422000,0.0298,0.0337,0.035,72.64,62322000,10103000,582000,0,39.76,44.39,8.7719,1657371000,1342833000,398377000,430338000,314538000,31961000,2257225000,1227033000,44.33,-272000,49.89,30.46
2025-12-28,BHE,1.01,2611664000.0,44.33,None,1.051,31.09,,9672000,426560000,426560000,,,,,,,,,5423000,54611000,None,2095623000,2095623000,300973000,None,None,433229000,None,None,26168000,,0.68,0.0152,,,,-0.071,0.05,99280000,125448000,0.57,2013-09-30,37912000,263820000.0,161602000,105814000,25225000,9026000,9026000,None,330000,None,394977000,None,None,9672000,None,10617000,80589000,None,None,None,0.037,,62322000,99280000,33560000,58584000,None,20660000,None,,,,,1.91,1.444,0.616,,,,,,,,0.0143,,173336000,2025-10-29,quarterly,0.62,USD,post-market,None,524399000,0.0298,0.0337,0.035,72.64,62322000,10232000,560000,0,39.76,44.39,8.7719,1563568000,1288326000,363674000,395815000,275242000,32141000,2257225000,1167753000,44.33,-272000,49.89,30.46
2025-12-28,BHE,1.01,2611664000.0,44.33,None,1.051,31.09,,9822000,398902000,398902000,,,,,,,,,5440000,54500000,None,2095623000,2095623000,294222000,None,None,475008000,None,None,26168000,,0.68,0.0152,,,,-0.071,0.05,99280000,125448000,0.57,2013-06-30,37912000,263820000.0,161602000,105814000,25225000,9914000,9914000,None,330000,None,350416000,None,None,9822000,None,10575000,80589000,None,None,None,0.037,,62322000,99280000,34195000,62837000,None,20673000,None,,,,,1.91,1.444,0.616,,,,,,,,0.0143,,173954000,2025-10-29,quarterly,0.62,USD,post-market,None,505403000,0.0298,0.0337,0.035,72.64,62322000,10360000,538000,0,39.76,44.39,8.7719,1538818000,1258521000,360237000,392541000,280297000,32304000,2257225000,1146277000,44.33,-272000,49.89,30.46
2025-12-28,BHE,1.01,2611664000.0,44.33,None,1.051,31.09,,9971000,416854000,416854000,,,,,,,,,5476000,55150000,None,2095623000,2095623000,251072000,None,None,418633000,None,None,26168000,,0.68,0.0152,,,,-0.071,0.05,99280000,125448000,0.57,2013-03-31,37912000,263820000.0,161602000,105814000,25225000,10640000,10640000,None,330000,None,320605000,None,None,9971000,None,10291000,80589000,None,None,None,0.037,,62322000,99280000,31508000,52333000,None,20271000,None,,,,,1.91,1.444,0.616,,,,,,,,0.0143,,173351000,2025-10-29,quarterly,0.62,USD,post-market,None,500461000,0.0298,0.0337,0.035,72.64,62322000,10488000,517000,0,39.76,44.39,8.7719,1482777000,1199634000,307699000,339697000,283143000,31998000,2257225000,1143080000,44.33,-272000,49.89,30.46
2025-12-28,BHE,1.01,2611664000.0,44.33,None,1.051,31.09,,10103000,384579000,384579000,,,,,,,,,5519000,55256000,None,2095623000,2095623000,260622000,None,None,459081000,None,None,26168000,,0.68,0.0152,,,,-0.071,0.05,99280000,125448000,0.57,2012-12-31,37912000,263820000.0,161602000,105814000,25225000,13137000,13137000,None,330000,None,324041000,None,None,10103000,None,10324000,80589000,None,None,None,0.037,,62322000,99280000,76029000,65568000,None,19578000,None,,,,,1.91,1.444,0.616,,,,,,,,0.0143,,176104000,2025-10-29,quarterly,0.62,USD,post-market,None,493666000,0.0298,0.0337,0.035,72.64,62322000,10600000,497000,0,39.76,44.39,8.7719,1501477000,1214191000,330515000,361952000,287286000,31437000,2257225000,1139525000,44.33,-272000,49.89,30.46
2025-12-28,BHE,1.01,2611664000.0,44.33,None,1.051,31.09,,10231000,325778000,325778000,,,,,,,,,5611000,56028000,None,2095623000,2095623000,269823000,None,None,464718000,None,None,26168000,,0.68,0.0152,,,,-0.071,0.05,99280000,125448000,0.57,2012-09-30,37912000,263820000.0,161602000,105814000,25225000,11749000,11749000,None,330000,None,375458000,None,None,10231000,None,13999000,80589000,None,None,None,0.037,,62322000,99280000,37631000,60286000,None,20903000,None,,,,,1.91,1.444,0.616,,,,,,,,0.0143,,174583000,2025-10-29,quarterly,0.62,USD,post-market,None,480107000,0.0298,0.0337,0.035,72.64,62322000,10709000,478000,0,39.76,44.39,8.7719,1497342000,1203585000,334602000,365736000,293757000,31134000,2257225000,1131606000,44.33,-272000,49.89,30.46
2025-12-28,BHE,1.01,2611664000.0,44.33,None,1.051,31.09,,10361000,280812000,280812000,,,,,,,,,5658000,57198000,None,2095623000,2095623000,277042000,None,None,467411000,None,None,26168000,,0.68,0.0152,,,,-0.071,0.05,99280000,125448000,0.57,2012-06-30,37912000,263820000.0,161602000,105814000,25225000,37912000,37912000,None,330000,None,387665000,None,None,10361000,None,15729000,80589000,None,None,None,0.037,,62322000,99280000,65280000,62400000,None,22169000,None,,,,,1.91,1.444,0.616,,,,,,,,0.0143,,168483000,2025-10-29,quarterly,0.62,USD,post-market,None,462597000,0.0298,0.0337,0.035,72.64,62322000,10819000,458000,0,39.76,44.39,8.7719,1492957000,1201168000,343988000,376518000,291789000,32530000,2257225000,1116439000,44.33,-272000,49.89,30.46
2025-12-28,BHE,1.01,2611664000.0,44.33,None,1.051,31.09,,10488000,256668000,256668000,,,,,,,,,5786000,57853000,None,2095623000,2095623000,301988000,None,None,486938000,None,None,26168000,,0.68,0.0152,,,,-0.071,0.05,99280000,125448000,0.57,2012-03-31,24554000,263820000.0,161602000,105814000,25225000,13358000,13358000,None,330000,None,403989000,None,None,10488000,None,25294000,80589000,None,None,None,0.037,,62322000,99280000,71053000,57223000,None,22142000,None,,,,,1.91,1.444,0.616,,,,,,,,0.0143,,167853000,2025-10-29,quarterly,0.62,USD,post-market,None,453627000,0.0298,0.0337,0.035,72.64,62322000,10925000,437000,0,39.76,44.39,8.7719,1521909000,1218648000,365467000,398097000,303261000,32630000,2257225000,1123812000,44.33,-272000,49.89,30.46
2025-12-28,BHE,1.01,2611664000.0,44.33,None,1.051,31.09,,10600000,283920000,283920000,,,,,,,,,5779000,59773000,None,2095623000,2095623000,285671000,None,None,432603000,None,None,26168000,,0.68,0.0152,,,,-0.071,0.05,99280000,125448000,0.57,2011-12-31,23989000,263820000.0,161602000,105814000,25225000,13923000,13923000,None,330000,None,391580000,None,None,10600000,None,24673000,80589000,None,None,None,0.037,,62322000,99280000,92898000,60636000,None,21700000,None,,,,,1.91,1.444,0.616,,,,,,,,0.0143,,163660000,2025-10-29,quarterly,0.62,USD,post-market,None,449193000,0.0298,0.0337,0.035,72.64,62322000,11019000,419000,0,39.76,44.39,8.7719,1499998000,1201001000,351950000,384250000,298997000,32300000,2257225000,1115748000,44.33,-272000,49.89,30.46
2025-12-28,BHE,1.01,2611664000.0,44.33,None,1.051,31.09,,10709000,253845000,253845000,,,,,,,,,5792000,58879000,None,2095623000,2095623000,277297000,None,None,473018000,None,None,26168000,,0.68,0.0152,,,,-0.071,0.05,99280000,125448000,0.57,2011-09-30,37912000,263820000.0,161602000,105814000,25225000,37912000,37912000,None,330000,None,429785000,None,None,10709000,None,24795000,80589000,None,None,None,0.037,,62322000,99280000,38704000,48694000,None,24860000,None,,,,,1.91,1.444,0.616,,,,,,,,0.0143,,156381000,2025-10-29,quarterly,0.62,USD,post-market,None,446937000,0.0298,0.0337,0.035,72.64,62322000,11110000,401000,0,39.76,44.39,8.7719,1491421000,1195352000,329848000,372473000,296069000,42625000,2257225000,1118948000,44.33,-272000,49.89,30.46
2025-12-28,BHE,1.01,2611664000.0,44.33,None,1.051,31.09,,10818000,306508000,306508000,,,,,,,,,5994000,60567000,None,2095623000,2095623000,255864000,None,None,460728000,None,None,26168000,,0.68,0.0152,,,,-0.071,0.05,99280000,125448000,0.57,2011-06-30,37912000,263820000.0,161602000,105814000,25225000,37912000,37912000,None,330000,None,396264000,None,None,10818000,None,28901000,80589000,None,None,None,0.037,,62322000,99280000,40574000,52218000,None,25235000,None,,,,,1.91,1.444,0.616,,,,,,,,0.0143,,151472000,2025-10-29,quarterly,0.62,USD,post-market,None,433502000,0.0298,0.0337,0.035,72.64,62322000,11202000,384000,0,39.76,44.39,8.7719,1481954000,1204074000,311200000,347253000,277880000,36053000,2257225000,1134701000,44.33,-272000,49.89,30.46
2025-12-28,BHE,1.01,2611664000.0,44.33,None,1.051,31.09,,10925000,333527000,333527000,,,,,,,,,6108000,61482000,None,2095623000,2095623000,245492000,None,None,421556000,None,None,26168000,,0.68,0.0152,,,,-0.071,0.05,99280000,125448000,0.57,2011-03-31,37912000,263820000.0,161602000,105814000,25225000,37912000,37912000,None,330000,None,395729000,None,None,10925000,None,33776000,80589000,None,None,None,0.037,,62322000,99280000,48336000,56135000,None,24576000,None,,,,,1.91,1.444,0.616,,,,,,,,0.0143,,147962000,2025-10-29,quarterly,0.62,USD,post-market,None,428590000,0.0298,0.0337,0.035,72.64,62322000,11302000,377000,0,39.76,44.39,8.7719,1477831000,1199148000,303647000,339148000,278683000,35501000,2257225000,1138683000,44.33,-272000,49.89,30.46
2025-12-28,BHE,1.01,2611664000.0,44.33,None,1.051,31.09,,11019000,346345000,346345000,,,,,,,,,6109000,62692000,None,2095623000,2095623000,257295000,None,None,458367000,None,None,26168000,,0.68,0.0152,,,,-0.071,0.05,99280000,125448000,0.57,2010-12-31,37912000,263820000.0,161602000,105814000,25225000,59084000,59084000,None,330000,None,362234000,None,None,11019000,None,35297000,80589000,None,None,None,0.037,,62322000,99280000,52069000,58844000,None,24350000,None,,,,,1.91,1.444,0.616,,,,,,,,0.0143,,127442000,2025-10-29,quarterly,0.62,USD,post-market,None,415003000,0.0298,0.0337,0.035,72.64,62322000,11381000,362000,0,39.76,44.39,8.7719,1477732000,1219015000,321347000,356716000,258717000,35369000,2257225000,1121016000,44.33,-272000,49.89,30.46
2025-12-28,BHE,1.01,2611664000.0,44.33,None,1.051,31.09,,11110000,346299000,346299000,,,,,,,,,6122000,62103000,None,2095623000,2095623000,264080000,None,None,430394000,None,None,26168000,,0.68,0.0152,,,,-0.071,0.05,99280000,125448000,0.57,2010-09-30,37912000,263820000.0,161602000,105814000,25225000,37912000,37912000,None,330000,None,380644000,None,None,11110000,None,36252000,80589000,None,None,None,0.037,,62322000,99280000,49720000,53211000,None,24064000,None,,,,,1.91,1.444,0.616,,,,,,,,0.0143,,129171000,2025-10-29,quarterly,0.62,USD,post-market,None,397840000,0.0298,0.0337,0.035,72.64,62322000,11458000,348000,0,39.76,44.39,8.7719,1470433000,1207057000,329632000,364806000,263376000,35174000,2257225000,1105627000,44.33,-272000,49.89,30.46
2025-12-28,BHE,1.01,2611664000.0,44.33,None,1.051,31.09,,11202000,351477000,351477000,,,,,,,,,6255000,63243000,None,2095623000,2095623000,281494000,None,None,416974000,None,None,26168000,,0.68,0.0152,,,,-0.071,0.05,99280000,125448000,0.57,2010-06-30,37912000,263820000.0,161602000,105814000,25225000,37912000,37912000,None,330000,None,389023000,None,None,11202000,None,45559000,80589000,None,None,None,0.037,,62322000,99280000,45146000,48586000,None,25168000,None,,,,,1.91,1.444,0.616,,,,,,,,0.0143,,127105000,2025-10-29,quarterly,0.62,USD,post-market,None,381237000,0.0298,0.0337,0.035,72.64,62322000,11535000,333000,0,39.76,44.39,8.7719,1471016000,1202620000,339224000,375594000,268396000,36370000,2257225000,1095422000,44.33,-272000,49.89,30.46
2025-12-28,BHE,1.01,2611664000.0,44.33,None,1.051,31.09,,None,400568000,400568000,,,,,,,,,6329000,63957000,None,2095623000,2095623000,296664000,None,None,411243000,None,None,26168000,,0.68,0.0152,,,,-0.071,0.05,99280000,125448000,0.57,2010-03-31,37912000,263820000.0,161602000,105814000,25225000,37912000,37912000,None,330000,None,361962000,None,None,11302000,None,None,80589000,None,None,None,0.037,,62322000,99280000,42979000,51858000,None,None,None,,,,,1.91,1.444,0.616,,,,,,,,0.0143,,126763000,2025-10-29,quarterly,0.62,USD,post-market,None,367009000,0.0298,0.0337,0.035,72.64,62322000,11616000,314000,None,39.76,44.39,8.7719,1484131000,1216752000,356695000,392227000,267379000,35532000,2257225000,1091904000,44.33,-272000,49.89,30.46
2025-12-28,BHE,1.01,2611664000.0,44.33,None,1.051,31.09,,None,421243000,421243000,,,,,,,,,6410000,65116000,None,2095623000,2095623000,275900000,None,None,420794000,None,None,26168000,,0.68,0.0152,,,,-0.071,0.05,99280000,125448000,0.57,2009-12-31,37912000,263820000.0,161602000,105814000,25225000,64824000,64824000,None,330000,None,315743000,None,None,11381000,None,None,80589000,None,None,None,0.037,,62322000,99280000,40895000,56916000,None,None,None,,,,,1.91,1.444,0.616,,,,,,,,0.0143,,126250000,2025-10-29,quarterly,0.62,USD,post-market,None,356802000,0.0298,0.0337,0.035,72.64,62322000,11681000,300000,None,39.76,44.39,8.7719,1465720000,1198675000,339580000,374817000,267045000,35237000,2257225000,1090903000,44.33,-272000,49.89,30.46
2025-12-28,BHE,1.01,2611664000.0,44.33,None,1.051,31.09,,None,438044000,438044000,,,,,,,,,6467000,65194000,None,2095623000,2095623000,239697000,None,None,378492000,None,None,26168000,,0.68,0.0152,,,,-0.071,0.05,99280000,125448000,0.57,2009-09-30,37912000,263820000.0,161602000,105814000,25225000,37912000,37912000,None,330000,None,293550000,None,None,11459000,None,None,80589000,None,None,None,0.037,,62322000,99280000,47499000,58349000,None,None,None,,,,,1.91,1.444,0.616,,,,,,,,0.0143,,127867000,2025-10-29,quarterly,0.62,USD,post-market,None,353292000,0.0298,0.0337,0.035,72.64,62322000,11744000,285000,None,39.76,44.39,8.7719,1431068000,1157585000,300378000,336491000,273483000,36113000,2257225000,1094577000,44.33,-272000,49.89,30.46
2025-12-28,BHE,1.01,2611664000.0,44.33,None,1.051,31.09,,None,403760000,403760000,,,,,,,,,6500000,65197000,None,2095623000,2095623000,229164000,None,None,350474000,None,None,26168000,,0.68,0.0152,,,,-0.071,0.05,99280000,125448000,0.57,2009-06-30,37912000,263820000.0,161602000,105814000,25225000,37912000,37912000,None,330000,None,322220000,None,None,11537000,None,None,80589000,None,None,None,0.037,,62322000,99280000,44717000,49476000,None,None,None,,,,,1.91,1.444,0.616,,,,,,,,0.0143,,132517000,2025-10-29,quarterly,0.62,USD,post-market,None,338984000,0.0298,0.0337,0.035,72.64,62322000,11810000,273000,None,39.76,44.39,8.7719,1403093000,1121171000,282647000,324140000,281922000,41493000,2257225000,1078953000,44.33,-272000,49.89,30.46
2025-12-28,BHE,1.01,2611664000.0,44.33,None,1.051,31.09,,None,406939000,406939000,,,,,,,,,6524000,65261000,None,2095623000,2095623000,255924000,None,None,337601000,None,None,26168000,,0.68,0.0152,,,,-0.071,0.05,99280000,125448000,0.57,2009-03-31,37912000,263820000.0,161602000,105814000,25225000,37912000,37912000,None,330000,None,344975000,None,None,11614000,None,None,80589000,None,None,None,0.037,,62322000,99280000,35077000,41359000,None,None,None,,,,,1.91,1.444,0.616,,,,,,,,0.0143,,130166000,2025-10-29,quarterly,0.62,USD,post-market,None,327814000,0.0298,0.0337,0.035,72.64,62322000,11879000,265000,None,39.76,44.39,8.7719,1404575000,1124592000,300654000,341796000,279983000,41142000,2257225000,1062779000,44.33,-272000,49.89,30.46
2025-12-28,BHE,1.01,2611664000.0,44.33,None,1.051,31.09,,None,359694000,359694000,,,,,,,,,6523000,67060000,None,2095623000,2095623000,288045000,None,None,422058000,None,None,26168000,,0.68,0.0152,,,,-0.071,0.05,99280000,125448000,0.57,2008-12-31,37912000,263820000.0,161602000,105814000,25225000,58192000,58192000,None,330000,None,343163000,None,None,11683000,None,None,80589000,None,None,None,0.037,,62322000,99280000,30492000,49229000,None,None,None,,,,,1.91,1.444,0.616,,,,,,,,0.0143,,134618000,2025-10-29,quarterly,0.62,USD,post-market,None,318576000,0.0298,0.0337,0.035,72.64,62322000,11939000,512000,None,39.76,44.39,8.7719,1438921000,1163949000,341531000,382466000,274972000,40935000,2257225000,1056455000,44.33,-272000,49.89,30.46
2025-12-28,BHE,1.01,2611664000.0,44.33,None,1.051,31.09,,None,341361000,341361000,,,,,,,,,6571000,66630000,None,2095623000,2095623000,289725000,None,None,415455000,None,None,26168000,,0.68,0.0152,,,,-0.071,0.05,99280000,125448000,0.57,2008-09-30,283194000,263820000.0,161602000,105814000,25225000,283194000,283194000,None,330000,None,362692000,None,None,11749000,None,None,80589000,None,None,None,0.037,,62322000,99280000,51204000,58621000,None,None,None,,,,,1.91,1.444,0.616,,,,,,,,0.0143,,141745000,2025-10-29,quarterly,0.62,USD,post-market,None,525222000,0.0298,0.0337,0.035,72.64,62322000,12022000,273000,None,39.76,44.39,8.7719,1669368000,1170712000,348695000,401945000,498656000,53250000,2257225000,1267423000,44.33,-272000,49.89,30.46
2025-12-28,BHE,1.01,2611664000.0,44.33,None,1.051,31.09,,None,288015000,288015000,,,,,,,,,6698000,67714000,None,2095623000,2095623000,339715000,None,None,472183000,None,None,26168000,,0.68,0.0152,,,,-0.071,0.05,99280000,125448000,0.57,2008-06-30,285125000,263820000.0,161602000,105814000,25225000,285125000,285125000,None,330000,None,393020000,None,None,12000000,None,None,80589000,None,None,None,0.037,,62322000,99280000,58818000,53746000,None,None,None,,,,,1.91,1.444,0.616,,,,,,,,0.0143,,145209000,2025-10-29,quarterly,0.62,USD,post-market,None,507482000,0.0298,0.0337,0.035,72.64,62322000,12333000,333000,1000000,39.76,44.39,8.7719,1726191000,1213036000,395099000,451604000,513155000,56505000,2257225000,1274587000,44.33,-272000,49.89,30.46
2025-12-28,BHE,1.01,2611664000.0,44.33,None,1.051,31.09,,None,300717000,300717000,,,,,,,,,6842000,69462000,None,2095623000,2095623000,355794000,None,None,452952000,None,None,26168000,,0.68,0.0152,,,,-0.071,0.05,99280000,125448000,0.57,2008-03-31,285027000,263820000.0,161602000,105814000,25225000,285027000,285027000,None,330000,None,397150000,None,None,12045000,None,None,80589000,None,None,None,0.037,,62322000,99280000,61156000,56242000,None,None,None,,,,,1.91,1.444,0.616,,,,,,,,0.0143,,143898000,2025-10-29,quarterly,0.62,USD,post-market,None,496591000,0.0298,0.0337,0.035,72.64,62322000,12420000,375000,1008000,39.76,44.39,8.7719,1747782000,1212983000,416597000,471724000,534799000,55127000,2257225000,1276058000,44.33,-272000,49.89,30.46
2025-12-28,BHE,1.01,2611664000.0,44.33,None,1.051,31.09,,None,199198000,199198000,,,,,,,,,7058000,72829000,None,2095623000,2095623000,359422000,None,None,485907000,None,None,26168000,,0.68,0.0152,,,,-0.071,0.05,99280000,125448000,0.57,2007-12-31,283725000,263820000.0,161602000,105814000,25225000,283725000,283725000,None,330000,None,361952000,None,None,12096000,None,None,80589000,None,None,None,0.037,,62322000,99280000,75409000,59509000,None,None,None,,,,,1.91,1.444,0.616,,,,,,,,0.0143,,144182000,2025-10-29,quarterly,0.62,USD,post-market,None,486848000,0.0298,0.0337,0.035,72.64,62322000,12526000,430000,182825000,39.76,44.39,8.7719,1762848000,1305291000,421060000,474326000,457557000,53266000,2257225000,1288522000,44.33,-272000,49.89,30.46
2025-12-28,BHE,1.01,2611664000.0,44.33,None,1.051,31.09,,None,163581000,163581000,,,,,,,,,7303000,73626000,None,2095623000,2095623000,344676000,None,None,453794000,None,None,26168000,,0.68,0.0152,,,,-0.071,0.05,99280000,125448000,0.57,2007-09-30,283386000,263820000.0,161602000,105814000,25225000,283386000,283386000,None,330000,None,382474000,None,None,12179000,None,None,80589000,None,None,None,0.037,,62322000,99280000,96637000,57930000,None,None,None,,,,,1.91,1.444,0.616,,,,,,,,0.0143,,150905000,2025-10-29,quarterly,0.62,USD,post-market,None,489467000,0.0298,0.0337,0.035,72.64,62322000,12779000,600000,215440000,39.76,44.39,8.7719,1775355000,1311926000,403206000,460103000,463429000,56897000,2257225000,1315252000,44.33,-272000,49.89,30.46
2025-12-28,BHE,1.01,2611664000.0,44.33,None,1.051,31.09,,None,161331000,161331000,,,,,,,,,7289000,73346000,None,2095623000,2095623000,369105000,None,None,500859000,None,None,26168000,,0.68,0.0152,,,,-0.071,0.05,99280000,125448000,0.57,2007-06-30,288875000,263820000.0,161602000,105814000,25225000,288875000,288875000,None,330000,None,384557000,None,None,12350000,None,None,80589000,None,None,None,0.037,,62322000,99280000,103020000,59090000,None,None,None,,,,,1.91,1.444,0.616,,,,,,,,0.0143,,154111000,2025-10-29,quarterly,0.62,USD,post-market,None,468681000,0.0298,0.0337,0.035,72.64,62322000,12969000,619000,157135000,39.76,44.39,8.7719,1778121000,1306902000,435343000,490104000,471219000,54761000,2257225000,1288017000,44.33,-272000,49.89,30.46
2025-12-28,BHE,1.01,2611664000.0,44.33,None,1.051,31.09,,None,151570000,151570000,,,,,,,,,7213000,72465000,None,2095623000,2095623000,416873000,None,None,512464000,None,None,26168000,,0.68,0.0152,,,,-0.071,0.05,99280000,125448000,0.57,2007-03-31,297778000,263820000.0,161602000,105814000,25225000,297778000,297778000,None,330000,None,463528000,None,None,12581000,None,None,80589000,None,None,None,0.037,,62322000,99280000,91851000,81248000,None,None,None,,,,,1.91,1.444,0.616,,,,,,,,0.0143,,163073000,2025-10-29,quarterly,0.62,USD,post-market,None,442760000,0.0298,0.0337,0.035,72.64,62322000,23397000,10816000,105660000,39.76,44.39,8.7719,1814216000,1325073000,513775000,566350000,489143000,52575000,2257225000,1247866000,44.33,-272000,49.89,30.46
2025-12-28,BHE,1.01,2611664000.0,44.33,None,1.051,31.09,,None,123872000,123872000,,,,,,,,,6475000,65121000,None,2095623000,2095623000,335470000,None,None,462953000,None,None,26168000,,0.68,0.0152,,,,-0.071,0.05,99280000,125448000,0.57,2006-12-31,112999000,263820000.0,161602000,105814000,25225000,112999000,112999000,None,330000,None,420347000,None,None,None,None,None,80589000,None,None,None,0.037,,62322000,99280000,62978000,42948000,None,None,None,,,,,1.91,1.444,0.616,,,,,,,,0.0143,,110912000,2025-10-29,quarterly,0.62,USD,post-market,None,398949000,0.0298,0.0337,0.035,72.64,62322000,None,None,100460000,39.76,44.39,8.7719,1406120000,1170610000,409718000,421098000,235510000,11380000,2257225000,985022000,44.33,-272000,49.89,30.46
2025-12-28,BHE,1.01,2611664000.0,44.33,None,1.051,31.09,,None,114040000,114040000,,,,,,,,,6464000,65492000,None,2095623000,2095623000,480805000,None,None,441525000,None,None,26168000,,0.68,0.0152,,,,-0.071,0.05,99280000,125448000,0.57,2006-09-30,112995000,263820000.0,161602000,105814000,25225000,112995000,112995000,None,330000,None,532110000,None,None,None,None,None,80589000,None,None,None,0.037,,62322000,99280000,57019000,43603000,None,None,None,,,,,1.91,1.444,0.616,,,,,,,,0.0143,,103503000,2025-10-29,quarterly,0.62,USD,post-market,None,370654000,0.0298,0.0337,0.035,72.64,62322000,None,None,150910000,39.76,44.39,8.7719,1519861000,1295604000,550160000,565932000,224257000,15772000,2257225000,953929000,44.33,-272000,49.89,30.46
2025-12-28,BHE,1.01,2611664000.0,44.33,None,1.051,31.09,,None,98911000,98911000,,,,,,,,,6444000,65273000,None,2095623000,2095623000,468427000,None,None,443264000,None,None,26168000,,0.68,0.0152,,,,-0.071,0.05,99280000,125448000,0.57,2006-06-30,112990000,263820000.0,161602000,105814000,25225000,112990000,112990000,None,330000,None,480662000,None,None,None,None,None,80589000,None,None,None,0.037,,62322000,99280000,43375000,40993000,None,None,None,,,,,1.91,1.444,0.616,,,,,,,,0.0143,,102030000,2025-10-29,quarterly,0.62,USD,post-market,None,341318000,0.0298,0.0337,0.035,72.64,62322000,None,None,183110000,39.76,44.39,8.7719,1472325000,1249322000,536926000,552042000,223003000,15116000,2257225000,920283000,44.33,-272000,49.89,30.46
2025-12-28,BHE,1.01,2611664000.0,44.33,None,1.051,31.09,,None,115645000,115645000,,,,,,,,,6411000,64825000,None,2095623000,2095623000,406342000,None,None,446622000,None,None,26168000,,0.68,0.0152,,,,-0.071,0.05,99280000,125448000,0.57,2006-03-31,112991000,263820000.0,161602000,105814000,25225000,112978000,112978000,None,330000,None,403161000,None,None,None,None,None,80589000,None,None,None,0.037,,62322000,99280000,29541000,49884000,None,None,None,,,,,1.91,1.444,0.616,,,,,,,,0.0143,,97694000,2025-10-29,quarterly,0.62,USD,post-market,None,313794000,0.0298,0.0337,0.035,72.64,62322000,None,None,172135000,39.76,44.39,8.7719,1384181000,1167104000,482746000,497551000,217077000,14805000,2257225000,886630000,44.33,-272000,49.89,30.46
2025-12-28,BHE,1.01,2611664000.0,44.33,None,1.051,31.09,,None,110845000,110845000,,,,,,,,,4217000,64279500,None,2095623000,2095623000,371887000,None,None,365568000,None,None,26168000,,0.68,0.0152,,,,-0.071,0.05,99280000,125448000,0.57,2005-12-31,112978000,263820000.0,161602000,105814000,25225000,112978000,112978000,None,330000,None,361554000,None,None,None,None,None,80589000,None,None,None,0.037,,62322000,99280000,30579000,36562000,None,None,None,,,,,1.91,1.444,0.616,,,,,,,,0.0143,,94140000,2025-10-29,quarterly,0.62,USD,post-market,None,287272000,0.0298,0.0337,0.035,72.64,62322000,None,None,215960000,39.76,44.39,8.7719,1298408000,1084506000,438143000,452289000,213902000,14146000,2257225000,846119000,44.33,-181000,49.89,30.46
2025-12-28,BHE,1.01,2611664000.0,44.33,None,1.051,31.09,,None,125756000,125756000,,,,,,,,,4187000,64155000,None,2095623000,2095623000,283115000,None,None,302254000,None,None,26168000,,0.68,0.0152,,,,-0.071,0.05,99280000,125448000,0.57,2005-09-30,112990000,263820000.0,161602000,105814000,25225000,112990000,112990000,None,330000,None,317568000,None,None,None,None,None,80589000,None,None,None,0.037,,62322000,99280000,36342000,38875000,None,None,None,,,,,1.91,1.444,0.616,,,,,,,,0.0143,,87897000,2025-10-29,quarterly,0.62,USD,post-market,None,262617000,0.0298,0.0337,0.035,72.64,62322000,None,None,195480000,39.76,44.39,8.7719,1184774000,977400000,358185000,367643000,207374000,9458000,2257225000,817131000,44.33,-181000,49.89,30.46
2025-12-28,BHE,1.01,2611664000.0,44.33,None,1.051,31.09,,108997000,315152000,315152000,,,,,,,,,3599000,36759000,None,2095623000,2095623000,354218000,None,6737000,580036000,None,None,26168000,,0.68,0.0152,,,,-0.071,0.05,99280000,125448000,0.57,2024-12-31,192116000,263820000.0,161602000,105814000,25225000,44397000,44397000,None,330000,None,553654000,None,None,250457000,None,None,80589000,None,None,None,0.037,,62322000,99280000,55387000,122411000,None,17598000,None,,,,,1.91,1.444,0.616,,,,,,,,0.0143,,343092000,2025-10-29,annual,0.62,USD,post-market,None,596010000,0.0298,0.0337,0.035,72.64,62322000,366191000,6737000,None,39.76,44.39,8.7719,2139464000,1504229000,649099000,1026151000,635235000,377052000,2257225000,1113313000,44.33,None,49.89,30.46
2025-12-28,BHE,1.01,2611664000.0,44.33,None,1.051,31.09,,123385000,277391000,277391000,,,,,,,,,3566000,35973000,None,2095623000,2095623000,367480000,None,4283000,624383000,None,None,26168000,,0.68,0.0152,,,,-0.071,0.05,99280000,125448000,0.57,2023-12-31,192116000,263820000.0,161602000,105814000,25225000,51022000,51022000,None,330000,None,683801000,None,None,326674000,None,None,80589000,None,None,None,0.037,,62322000,99280000,50172000,114676000,None,32064000,None,,,,,1.91,1.444,0.616,,,,,,,,0.0143,,358528000,2025-10-29,annual,0.62,USD,post-market,None,560537000,0.0298,0.0337,0.035,72.64,62322000,454342000,4283000,None,39.76,44.39,8.7719,2274755000,1635747000,713547000,1195670000,639008000,482123000,2257225000,1079085000,44.33,None,49.89,30.46
2025-12-28,BHE,1.01,2611664000.0,44.33,None,1.051,31.09,,86687000,207430000,207430000,,,,,,,,,3516000,35718000,None,2095623000,2095623000,424272000,None,4275000,675570000,None,None,26168000,,0.68,0.0152,,,,-0.071,0.05,99280000,125448000,0.57,2022-12-31,192116000,263820000.0,161602000,105814000,25225000,58186000,58186000,None,330000,None,727749000,None,None,320675000,None,None,80589000,None,None,None,0.037,,62322000,99280000,41400000,110416000,None,44417000,None,,,,,1.91,1.444,0.616,,,,,,,,0.0143,,304559000,2025-10-29,annual,0.62,USD,post-market,None,519895000,0.0298,0.0337,0.035,72.64,62322000,411637000,4275000,639000,39.76,44.39,8.7719,2227331000,1652149000,749136000,1200915000,575182000,451779000,2257225000,1026416000,44.33,None,49.89,30.46
2025-12-28,BHE,1.01,2611664000.0,44.33,None,1.051,31.09,,90878000,271749000,271749000,,,,,,,,,3521000,36101000,None,2095623000,2095623000,426555000,None,985000,511467000,None,None,26168000,,0.68,0.0152,,,,-0.071,0.05,99280000,125448000,0.57,2021-12-31,192116000,263820000.0,161602000,105814000,25225000,64230999,64230999,None,330000,None,523240000,None,None,129289000,None,None,80589000,None,None,None,0.037,,62322000,99280000,41688000,102554000,None,55529000,None,,,,,1.91,1.444,0.616,,,,,,,,0.0143,,285824000,2025-10-29,annual,0.62,USD,post-market,None,479992000,0.0298,0.0337,0.035,72.64,62322000,221152000,985000,None,39.76,44.39,8.7719,1903880000,1348144000,654382000,930078000,555736000,275696000,2257225000,973802000,44.33,None,49.89,30.46
2025-12-28,BHE,1.01,2611664000.0,44.33,None,1.051,31.09,,72120000,390808000,390808000,,,,,,,,,3629000,36817000,None,2095623000,2095623000,282208000,None,9161000,452527000,None,None,26168000,,0.68,0.0152,,,,-0.071,0.05,99280000,125448000,0.57,2020-12-31,192116000,263820000.0,161602000,105814000,25225000,69977000,69977000,None,330000,None,327377000,None,None,131051000,None,None,80589000,None,None,None,0.037,,62322000,99280000,31639000,100073000,None,65552000,None,,,,,1.91,1.444,0.616,,,,,,,,0.0143,,185272000,2025-10-29,annual,0.62,USD,post-market,None,492205000,0.0298,0.0337,0.035,72.64,62322000,212332000,9161000,None,39.76,44.39,8.7719,1744235000,1202351000,481136000,754647000,541884000,273511000,2257225000,989588000,44.33,None,49.89,30.46
2025-12-28,BHE,1.01,2611664000.0,44.33,None,1.051,31.09,,67898000,347558000,347558000,,,,,,,,,3696000,38763000,None,2095623000,2095623000,302994000,None,8825000,486604000,None,None,26168000,,0.68,0.0152,,,,-0.071,0.05,99280000,125448000,0.57,2019-12-31,192116000,263820000.0,161602000,105814000,25225000,75793000,75793000,None,330000,None,314956000,None,None,138912000,None,None,80589000,None,None,None,0.037,,62322000,99280000,45964000,102020000,None,65483000,None,,,,,1.91,1.444,0.616,,,,,,,,0.0143,,205819000,2025-10-29,annual,0.62,USD,post-market,None,515876000,0.0298,0.0337,0.035,72.64,62322000,215635000,8825000,None,39.76,44.39,8.7719,1759874000,1195082000,459245000,745042000,564792000,285797000,2257225000,1014832000,44.33,None,49.89,30.46
2025-12-28,BHE,1.01,2611664000.0,44.33,None,1.051,31.09,,154070000,458102000,458102000,,,,,,,,,4136000,46655000,None,2095623000,2095623000,422053000,None,5625000,608449000,None,None,26168000,,0.68,0.0152,,,,-0.071,0.05,99280000,125448000,0.57,2018-12-31,192116000,263820000.0,161602000,105814000,25225000,84105000,84105000,None,330000,None,309975000,None,None,147277000,None,None,80589000,None,None,None,0.037,,62322000,99280000,27230000,91085000,None,68799000,None,,,,,1.91,1.444,0.616,,,,,,,,0.0143,,210954000,2025-10-29,annual,0.62,USD,post-market,None,584274000,0.0298,0.0337,0.035,72.64,62322000,154070000,13586000,None,39.76,44.39,8.7719,1899783000,1403550000,537159000,767558000,496233000,230399000,2257225000,1132225000,44.33,None,49.89,30.46
2025-12-28,BHE,1.01,2611664000.0,44.33,None,1.051,31.09,,211680000,742546000,742546000,,,,,,,,,4914000,49680000,None,2095623000,2095623000,362701000,None,17249000,583176000,None,None,26168000,,0.68,0.0152,,,,-0.071,0.05,99280000,125448000,0.57,2017-12-31,191616000,263820000.0,161602000,105814000,25225000,90864000,90864000,None,330000,None,397181000,None,None,193406000,None,None,80589000,None,None,None,0.037,,62322000,99280000,36138000,84655000,None,89749000,None,,,,,1.91,1.444,0.616,,,,,,,,0.0143,,186473000,2025-10-29,annual,0.62,USD,post-market,None,697862000,0.0298,0.0337,0.035,72.64,62322000,211680000,19299000,0,39.76,44.39,8.7719,2097317000,1618670000,478316000,768498000,478647000,290182000,2257225000,1328819000,44.33,0,49.89,30.46
2025-12-28,BHE,1.01,2611664000.0,44.33,None,1.051,31.09,,None,681433000,681433000,,,,,,,,,4933000,49825000,None,2095623000,2095623000,326249000,None,12396000,440838000,None,None,26168000,,0.68,0.0152,,,,-0.071,0.05,99280000,125448000,0.57,2016-12-31,191616000,263820000.0,161602000,105814000,25225000,96286000,96286000,None,330000,None,381334000,None,None,211252000,None,None,80589000,None,None,None,0.037,,62322000,99280000,28203000,69306000,None,9570000,None,,,,,1.91,1.444,0.616,,,,,,,,0.0143,,166148000,2025-10-29,annual,0.62,USD,post-market,None,748615000,0.0298,0.0337,0.035,72.64,62322000,231716000,13292000,0,39.76,44.39,8.7719,1998668000,1531662000,412381000,633203000,467006000,220822000,2257225000,1365465000,44.33,0,49.89,30.46
2025-12-28,BHE,1.01,2611664000.0,44.33,None,1.051,31.09,,None,465995000,465995000,,,,,,,,,5018000,52088000,None,2095623000,2095623000,251163000,None,11506000,479296000,None,None,26168000,,0.68,0.0152,,,,-0.071,0.05,99280000,125448000,0.57,2015-12-31,199290000,263820000.0,161602000,105814000,25225000,107408000,107408000,None,330000,None,411986000,None,None,222909000,None,None,80589000,None,None,None,0.037,,62322000,99280000,31507000,64578000,None,15971000,None,,,,,1.91,1.444,0.616,,,,,,,,0.0143,,178170000,2025-10-29,annual,0.62,USD,post-market,None,704905000,0.0298,0.0337,0.035,72.64,62322000,235193000,12284000,0,39.76,44.39,8.7719,1893878000,1388628000,333094000,571974000,505250000,238880000,2257225000,1321904000,44.33,0,49.89,30.46
2025-12-28,BHE,1.01,2611664000.0,44.33,None,1.051,31.09,,None,427376000,427376000,,,,,,,,,5300000,54222000,None,2095623000,2095623000,289786000,None,9521000,520389000,None,None,26168000,,0.68,0.0152,,,,-0.071,0.05,99280000,125448000,0.57,2014-12-31,45970000,263820000.0,161602000,105814000,25225000,28161000,28161000,None,330000,None,401261000,None,None,8845000,None,None,80589000,None,None,None,0.037,,62322000,99280000,67973000,62490000,None,None,None,,,,,1.91,1.444,0.616,,,,,,,,0.0143,,190180000,2025-10-29,annual,0.62,USD,post-market,None,645500000,0.0298,0.0337,0.035,72.64,62322000,9521000,1352000,0,39.76,44.39,8.7719,1678889000,1388553000,359098000,387849000,290336000,28751000,2257225000,1291040000,44.33,0,49.89,30.46
2025-12-28,BHE,1.01,2611664000.0,44.33,None,1.051,31.09,,9521000,345555000,345555000,,,,,,,,,5383000,54779000,None,2095623000,2095623000,320953000,None,None,559763000,None,None,26168000,,0.68,0.0152,,,,-0.071,0.05,99280000,125448000,0.57,2013-12-31,44691000,263820000.0,161602000,105814000,25225000,25951000,25951000,None,330000,None,396699000,None,None,9521000,None,9921000,80589000,None,None,None,0.037,,62322000,99280000,40816000,66690000,None,20369000,None,,,,,1.91,1.444,0.616,,,,,,,,0.0143,,185319000,2025-10-29,annual,0.62,USD,post-market,None,586422000,0.0298,0.0337,0.035,72.64,62322000,10103000,1164000,0,39.76,44.39,8.7719,1657371000,1342833000,398377000,430338000,314538000,31961000,2257225000,1227033000,44.33,-272000,49.89,30.46
2025-12-28,BHE,1.01,2611664000.0,44.33,None,1.051,31.09,,None,384579000,384579000,,,,,,,,,5519000,56634000,None,2095623000,2095623000,260622000,None,None,459081000,None,None,26168000,,0.68,0.0152,,,,-0.071,0.05,99280000,125448000,0.57,2012-12-31,37912000,263820000.0,161602000,105814000,25225000,13137000,13137000,None,330000,None,324041000,None,None,10103000,None,None,80589000,None,None,None,0.037,,62322000,99280000,76029000,65071000,None,None,None,,,,,1.91,1.444,0.616,,,,,,,,0.0143,,176104000,2025-10-29,annual,0.62,USD,post-market,None,493666000,0.0298,0.0337,0.035,72.64,62322000,10600000,994000,0,39.76,44.39,8.7719,1501477000,1214191000,330515000,361952000,287286000,31437000,2257225000,1139525000,44.33,-272000,49.89,30.46
2025-12-28,BHE,1.01,2611664000.0,44.33,None,1.051,31.09,,10600000,283920000,283920000,,,,,,,,,5779000,59773000,None,2095623000,2095623000,285671000,None,None,432603000,None,None,26168000,,0.68,0.0152,,,,-0.071,0.05,99280000,125448000,0.57,2011-12-31,37912000,263820000.0,161602000,105814000,25225000,15823000,15823000,None,330000,None,391580000,None,None,10600000,None,24673000,80589000,None,None,None,0.037,,62322000,99280000,92898000,60217000,None,21700000,None,,,,,1.91,1.444,0.616,,,,,,,,0.0143,,163660000,2025-10-29,annual,0.62,USD,post-market,None,449193000,0.0298,0.0337,0.035,72.64,62322000,11019000,838000,0,39.76,44.39,8.7719,1500468000,1204568000,351950000,384250000,295900000,32300000,2257225000,1116218000,44.33,-272000,49.89,30.46
2025-12-28,BHE,1.01,2611664000.0,44.33,None,1.051,31.09,,11019000,346345000,346345000,,,,,,,,,6109000,62692000,None,2095623000,2095623000,257295000,None,None,458367000,None,None,26168000,,0.68,0.0152,,,,-0.071,0.05,99280000,125448000,0.57,2010-12-31,37912000,263820000.0,161602000,105814000,25225000,21172000,21172000,None,330000,None,362234000,None,None,11019000,None,35297000,80589000,None,None,None,0.037,,62322000,99280000,52069000,58482000,None,24350000,None,,,,,1.91,1.444,0.616,,,,,,,,0.0143,,127442000,2025-10-29,annual,0.62,USD,post-market,None,415003000,0.0298,0.0337,0.035,72.64,62322000,11381000,724000,0,39.76,44.39,8.7719,1477732000,1219015000,321347000,356716000,258717000,35369000,2257225000,1121016000,44.33,-272000,49.89,30.46
2025-12-28,BHE,1.01,2611664000.0,44.33,None,1.051,31.09,,None,421243000,421243000,,,,,,,,,6410000,65116000,None,2095623000,2095623000,275900000,None,None,420794000,None,None,26168000,,0.68,0.0152,,,,-0.071,0.05,99280000,125448000,0.57,2009-12-31,37912000,263820000.0,161602000,105814000,25225000,26912000,26912000,None,330000,None,315743000,None,None,11381000,None,None,80589000,None,None,None,0.037,,62322000,99280000,40895000,56616000,None,None,None,,,,,1.91,1.444,0.616,,,,,,,,0.0143,,126250000,2025-10-29,annual,0.62,USD,post-market,None,356802000,0.0298,0.0337,0.035,72.64,62322000,11681000,600000,None,39.76,44.39,8.7719,1468954000,1202911000,336933000,372170000,266043000,35237000,2257225000,1096784000,44.33,-272000,49.89,30.46
2025-12-28,BHE,1.01,2611664000.0,44.33,None,1.051,31.09,,None,359694000,359694000,,,,,,,,,6523000,67060000,None,2095623000,2095623000,288045000,None,None,422058000,None,None,26168000,,0.68,0.0152,,,,-0.071,0.05,99280000,125448000,0.57,2008-12-31,37912000,263820000.0,161602000,105814000,25225000,21030000,21030000,None,330000,None,343163000,None,None,11683000,None,None,80589000,None,None,None,0.037,,62322000,99280000,30492000,49229000,None,None,None,,,,,1.91,1.444,0.616,,,,,,,,0.0143,,134618000,2025-10-29,annual,0.62,USD,post-market,None,318576000,0.0298,0.0337,0.035,72.64,62322000,11939000,512000,None,39.76,44.39,8.7719,1438921000,1163949000,341531000,382466000,274972000,40935000,2257225000,1056455000,44.33,-272000,49.89,30.46
2025-12-28,BHE,1.01,2611664000.0,44.33,None,1.051,31.09,,None,199198000,199198000,,,,,,,,,7058000,72829000,None,2095623000,2095623000,359422000,None,None,485907000,None,None,26168000,,0.68,0.0152,,,,-0.071,0.05,99280000,125448000,0.57,2007-12-31,283725000,263820000.0,161602000,105814000,25225000,16100000,16100000,None,330000,None,361952000,None,None,12096000,None,None,80589000,None,None,None,0.037,,62322000,99280000,136256000,59509000,None,None,None,,,,,1.91,1.444,0.616,,,,,,,,0.0143,,144182000,2025-10-29,annual,0.62,USD,post-market,None,486848000,0.0298,0.0337,0.035,72.64,62322000,12526000,430000,182825000,39.76,44.39,8.7719,1762848000,1305291000,421060000,474326000,457557000,53266000,2257225000,1288522000,44.33,-272000,49.89,30.46
2025-12-28,BHE,1.01,2611664000.0,44.33,None,1.051,31.09,,None,123872000,123872000,,,,,,,,,6475000,65121000,None,2095623000,2095623000,335470000,None,None,462953000,None,None,26168000,,0.68,0.0152,,,,-0.071,0.05,99280000,125448000,0.57,2006-12-31,112999000,263820000.0,161602000,105814000,25225000,2300000,2300000,None,330000,None,420347000,None,None,None,None,None,80589000,None,None,None,0.037,,62322000,99280000,62978000,42948000,None,None,None,,,,,1.91,1.444,0.616,,,,,,,,0.0143,,110912000,2025-10-29,annual,0.62,USD,post-market,None,398949000,0.0298,0.0337,0.035,72.64,62322000,None,None,100460000,39.76,44.39,8.7719,1406120000,1170610000,409718000,421098000,235510000,11380000,2257225000,985022000,44.33,-272000,49.89,30.46
2025-12-28,BHE,1.01,2611664000.0,44.33,None,1.051,31.09,,None,110845000,110845000,,,,,,,,,4217000,64279000,None,2095623000,2095623000,371887000,None,None,365568000,None,None,26168000,,0.68,0.0152,,,,-0.071,0.05,99280000,125448000,0.57,2005-12-31,112978000,263820000.0,161602000,105814000,25225000,2000000,2000000,None,330000,None,361554000,None,None,None,None,None,80589000,None,None,None,0.037,,62322000,99280000,52831000,36562000,None,None,None,,,,,1.91,1.444,0.616,,,,,,,,0.0143,,94140000,2025-10-29,annual,0.62,USD,post-market,None,287272000,0.0298,0.0337,0.035,72.64,62322000,None,None,215960000,39.76,44.39,8.7719,1298408000,1084506000,438143000,452289000,213902000,14146000,2257225000,846119000,44.33,-181000,49.89,30.46
2025-12-28,BHE,1.01,2611664000.0,44.33,None,1.051,31.09,10788000,None,110845000,110845000,-7502000,-6412000,None,None,22460000,None,None,None,4217000,64279000,None,2095623000,2095623000,371887000,None,None,365568000,None,None,26168000,11703000,0.68,0.0152,6105000,6105000,None,-0.071,0.05,99280000,125448000,0.57,2025-09-30,112978000,263820000.0,161602000,105814000,25225000,2000000,2000000,None,330000,None,361554000,None,None,None,None,None,14263000,None,None,None,0.037,36608000,62322000,99280000,52831000,36562000,None,None,None,None,None,None,None,1.91,1.444,0.616,None,None,None,None,None,-9999000,None,0.0143,None,94140000,2025-10-29,quarterly,0.62,USD,post-market,None,287272000,0.0298,0.0337,0.035,72.64,62322000,None,None,215960000,39.76,44.39,8.7719,1298408000,1084506000,438143000,452289000,213902000,14146000,2257225000,846119000,44.33,-181000,49.89,30.46
2025-12-28,BHE,1.01,2611664000.0,44.33,None,1.051,31.09,12304000,None,110845000,110845000,-82946000,-12292000,None,None,31269000,None,None,None,4217000,64279000,None,2095623000,2095623000,371887000,None,None,365568000,None,None,26168000,12017000,0.68,0.0152,6136000,6136000,None,-0.071,0.05,99280000,125448000,0.57,2025-06-30,112978000,263820000.0,161602000,105814000,25225000,2000000,2000000,None,330000,None,361554000,None,None,None,None,None,972000,None,None,None,0.037,-2823000,62322000,99280000,52831000,36562000,None,None,None,None,None,None,None,1.91,1.444,0.616,None,None,None,None,None,-7999000,None,0.0143,None,94140000,2025-10-29,quarterly,0.62,USD,post-market,None,287272000,0.0298,0.0337,0.035,72.64,62322000,None,None,215960000,39.76,44.39,8.7719,1298408000,1084506000,438143000,452289000,213902000,14146000,2257225000,846119000,44.33,-181000,49.89,30.46
2025-12-28,BHE,1.01,2611664000.0,44.33,None,1.051,31.09,4156000,None,110845000,110845000,-2469000,-4106000,None,None,-5182000,None,None,None,4217000,64279000,None,2095623000,2095623000,371887000,None,None,365568000,None,None,26168000,11768000,0.68,0.0152,6119000,6119000,None,-0.071,0.05,99280000,125448000,0.57,2025-03-31,112978000,263820000.0,161602000,105814000,25225000,2000000,2000000,None,330000,None,361554000,None,None,None,None,None,3644000,None,None,None,0.037,31503000,62322000,99280000,52831000,36562000,None,None,None,None,None,None,None,1.91,1.444,0.616,None,None,None,None,None,-7996000,None,0.0143,None,94140000,2025-10-29,quarterly,0.62,USD,post-market,None,287272000,0.0298,0.0337,0.035,72.64,62322000,None,None,215960000,39.76,44.39,8.7719,1298408000,1084506000,438143000,452289000,213902000,14146000,2257225000,846119000,44.33,-181000,49.89,30.46
2025-12-28,BHE,1.01,2611664000.0,44.33,None,1.051,31.09,9032000,None,110845000,110845000,-27902000,-9029000,None,None,25300000,None,None,None,4217000,64279000,None,2095623000,2095623000,371887000,None,None,365568000,None,None,26168000,11566000,0.68,0.0152,6119000,6119000,None,-0.071,0.05,99280000,125448000,0.57,2024-12-31,112978000,263820000.0,161602000,105814000,25225000,2000000,2000000,None,330000,None,361554000,None,None,None,None,None,18423000,None,None,None,0.037,45916000,62322000,99280000,52831000,36562000,None,None,None,None,None,None,None,1.91,1.444,0.616,None,None,None,None,None,1000,None,0.0143,None,94140000,2025-10-29,quarterly,0.62,USD,post-market,None,287272000,0.0298,0.0337,0.035,72.64,62322000,None,None,215960000,39.76,44.39,8.7719,1298408000,1084506000,438143000,452289000,213902000,14146000,2257225000,846119000,44.33,-181000,49.89,30.46
2025-12-28,BHE,1.01,2611664000.0,44.33,None,1.051,31.09,9814000,None,110845000,110845000,-22312000,-7926000,None,None,19823000,None,None,None,4217000,64279000,None,2095623000,2095623000,371887000,None,None,365568000,None,None,26168000,11552000,0.68,0.0152,5958000,5958000,None,-0.071,0.05,99280000,125448000,0.57,2024-09-30,112978000,263820000.0,161602000,105814000,25225000,2000000,2000000,None,330000,None,361554000,None,None,None,None,None,15374000,None,None,None,0.037,39035000,62322000,99280000,52831000,36562000,None,None,None,None,None,None,None,1.91,1.444,0.616,None,None,None,None,None,-5101000,None,0.0143,None,94140000,2025-10-29,quarterly,0.62,USD,post-market,None,287272000,0.0298,0.0337,0.035,72.64,62322000,None,None,215960000,39.76,44.39,8.7719,1298408000,1084506000,438143000,452289000,213902000,14146000,2257225000,846119000,44.33,-181000,49.89,30.46
2025-12-28,BHE,1.01,2611664000.0,44.33,None,1.051,31.09,8504000,None,110845000,110845000,-31751000,-9658000,None,None,37495000,None,None,None,4217000,64279000,None,2095623000,2095623000,371887000,None,None,365568000,None,None,26168000,11432000,0.68,0.0152,5947000,5947000,None,-0.071,0.05,99280000,125448000,0.57,2024-06-30,112978000,263820000.0,161602000,105814000,25225000,2000000,2000000,None,330000,None,361554000,None,None,None,None,None,15528000,None,None,None,0.037,55817000,62322000,99280000,52831000,36562000,None,None,None,None,None,None,None,1.91,1.444,0.616,None,None,None,None,None,-37000,None,0.0143,None,94140000,2025-10-29,quarterly,0.62,USD,post-market,None,287272000,0.0298,0.0337,0.035,72.64,62322000,None,None,215960000,39.76,44.39,8.7719,1298408000,1084506000,438143000,452289000,213902000,14146000,2257225000,846119000,44.33,-181000,49.89,30.46
2025-12-28,BHE,1.01,2611664000.0,44.33,None,1.051,31.09,5903000,None,110845000,110845000,-27141000,-6154000,None,None,45222000,None,None,None,4217000,64279000,None,2095623000,2095623000,371887000,None,None,365568000,None,None,26168000,11594000,0.68,0.0152,5889000,5889000,None,-0.071,0.05,99280000,125448000,0.57,2024-03-31,112978000,263820000.0,161602000,105814000,25225000,2000000,2000000,None,330000,None,361554000,None,None,None,None,None,14002000,None,None,None,0.037,48457000,62322000,99280000,52831000,36562000,None,None,None,None,None,None,None,1.91,1.444,0.616,None,None,None,None,None,-5758000,None,0.0143,None,94140000,2025-10-29,quarterly,0.62,USD,post-market,None,287272000,0.0298,0.0337,0.035,72.64,62322000,None,None,215960000,39.76,44.39,8.7719,1298408000,1084506000,438143000,452289000,213902000,14146000,2257225000,846119000,44.33,-181000,49.89,30.46
2025-12-28,BHE,1.01,2611664000.0,44.33,None,1.051,31.09,11026000,None,110845000,110845000,-107466000,-11013000,None,None,43282000,None,None,None,4217000,64279000,None,2095623000,2095623000,371887000,None,None,365568000,None,None,26168000,10129000,0.68,0.0152,5885000,5885000,None,-0.071,0.05,99280000,125448000,0.57,2023-12-31,112978000,263820000.0,161602000,105814000,25225000,2000000,2000000,None,330000,None,361554000,None,None,None,None,None,17552000,None,None,None,0.037,137080000,62322000,99280000,52831000,36562000,None,None,None,None,None,None,None,1.91,1.444,0.616,None,None,None,None,None,43000,None,0.0143,None,94140000,2025-10-29,quarterly,0.62,USD,post-market,None,287272000,0.0298,0.0337,0.035,72.64,62322000,None,None,215960000,39.76,44.39,8.7719,1298408000,1084506000,438143000,452289000,213902000,14146000,2257225000,846119000,44.33,-181000,49.89,30.46
2025-12-28,BHE,1.01,2611664000.0,44.33,None,1.051,31.09,19664000,None,110845000,110845000,-1053000,-19661000,None,None,29885000,None,None,None,4217000,64279000,None,2095623000,2095623000,371887000,None,None,365568000,None,None,26168000,11554000,0.68,0.0152,5874000,5874000,None,-0.071,0.05,99280000,125448000,0.57,2023-09-30,112978000,263820000.0,161602000,105814000,25225000,2000000,2000000,None,330000,None,361554000,None,None,None,None,None,20412000,None,None,None,0.037,37582000,62322000,99280000,52831000,36562000,None,None,None,None,None,None,None,1.91,1.444,0.616,None,None,None,None,None,-136000,None,0.0143,None,94140000,2025-10-29,quarterly,0.62,USD,post-market,None,287272000,0.0298,0.0337,0.035,72.64,62322000,None,None,215960000,39.76,44.39,8.7719,1298408000,1084506000,438143000,452289000,213902000,14146000,2257225000,846119000,44.33,-181000,49.89,30.46
2025-12-28,BHE,1.01,2611664000.0,44.33,None,1.051,31.09,8318000,None,110845000,110845000,17917000,-46464000,None,None,21768000,None,None,None,4217000,64279000,None,2095623000,2095623000,371887000,None,None,365568000,None,None,26168000,11449000,0.68,0.0152,5890000,5890000,None,-0.071,0.05,99280000,125448000,0.57,2023-06-30,112978000,263820000.0,161602000,105814000,25225000,2000000,2000000,None,330000,None,361554000,None,None,None,None,None,13991000,None,None,None,0.037,24538000,62322000,99280000,52831000,36562000,None,None,None,None,None,None,None,1.91,1.444,0.616,None,None,None,None,None,68000,None,0.0143,None,94140000,2025-10-29,quarterly,0.62,USD,post-market,None,287272000,0.0298,0.0337,0.035,72.64,62322000,None,None,215960000,39.76,44.39,8.7719,1298408000,1084506000,438143000,452289000,213902000,14146000,2257225000,846119000,44.33,-181000,49.89,30.46
2025-12-28,BHE,1.01,2611664000.0,44.33,None,1.051,31.09,38731000,None,110845000,110845000,67024000,-38712000,3406000,None,-49864000,None,None,30407000,4217000,64279000,None,2095623000,2095623000,371887000,None,None,365568000,None,None,26168000,11100000,0.68,0.0152,5806000,5806000,None,-0.071,0.05,99280000,125448000,0.57,2023-03-31,112978000,263820000.0,161602000,105814000,25225000,2000000,2000000,None,330000,None,361554000,None,None,None,None,None,12360000,None,None,None,0.037,-24906000,62322000,99280000,52831000,36562000,None,None,None,None,None,None,None,1.91,1.444,0.616,None,None,None,None,None,68000,None,0.0143,None,94140000,2025-10-29,quarterly,0.62,USD,post-market,None,287272000,0.0298,0.0337,0.035,72.64,62322000,None,None,215960000,39.76,44.39,8.7719,1298408000,1084506000,438143000,452289000,213902000,14146000,2257225000,846119000,44.33,-181000,49.89,30.46
2025-12-28,BHE,1.01,2611664000.0,44.33,None,1.051,31.09,13180000,None,110845000,110845000,19444000,-41174000,-46552000,None,22254000,None,None,-11776000,4217000,64279000,None,2095623000,2095623000,371887000,None,None,365568000,None,None,26168000,11265000,0.68,0.0152,5742000,5742000,None,-0.071,0.05,99280000,125448000,0.57,2022-12-31,112978000,263820000.0,161602000,105814000,25225000,2000000,2000000,None,330000,None,361554000,None,None,None,None,None,21219000,None,None,None,0.037,-52749000,62322000,99280000,52831000,36562000,None,None,None,None,None,None,None,1.91,1.444,0.616,None,None,None,None,None,9391000,None,0.0143,None,94140000,2025-10-29,quarterly,0.62,USD,post-market,None,287272000,0.0298,0.0337,0.035,72.64,62322000,None,None,215960000,39.76,44.39,8.7719,1298408000,1084506000,438143000,452289000,213902000,14146000,2257225000,846119000,44.33,-181000,49.89,30.46
2025-12-28,BHE,1.01,2611664000.0,44.33,None,1.051,31.09,8623000,None,110845000,110845000,28996000,-8614000,-10825000,None,-82323000,None,None,-32568000,4217000,64279000,None,2095623000,2095623000,371887000,None,None,365568000,None,None,26168000,11125000,0.68,0.0152,5786000,5786000,None,-0.071,0.05,99280000,125448000,0.57,2022-09-30,112978000,263820000.0,161602000,105814000,25225000,2000000,2000000,None,330000,None,361554000,None,None,None,None,None,18829000,None,None,None,0.037,-31207000,62322000,99280000,52831000,36562000,None,None,None,None,None,None,None,1.91,1.444,0.616,None,None,None,None,None,-170000,None,0.0143,None,94140000,2025-10-29,quarterly,0.62,USD,post-market,None,287272000,0.0298,0.0337,0.035,72.64,62322000,None,None,215960000,39.76,44.39,8.7719,1298408000,1084506000,438143000,452289000,213902000,14146000,2257225000,846119000,44.33,-181000,49.89,30.46
2025-12-28,BHE,1.01,2611664000.0,44.33,None,1.051,31.09,5998000,None,110845000,110845000,51655000,-2669000,23501000,None,-60427000,None,None,-64916000,4217000,64279000,None,2095623000,2095623000,371887000,None,None,365568000,None,None,26168000,10872000,0.68,0.0152,5823000,5823000,None,-0.071,0.05,99280000,125448000,0.57,2022-06-30,112978000,263820000.0,161602000,105814000,25225000,2000000,2000000,None,330000,None,361554000,None,None,None,None,None,17221000,None,None,None,0.037,-25485000,62322000,99280000,52831000,36562000,None,None,None,None,None,None,None,1.91,1.444,0.616,None,None,None,None,None,-3909000,None,0.0143,None,94140000,2025-10-29,quarterly,0.62,USD,post-market,None,287272000,0.0298,0.0337,0.035,72.64,62322000,None,None,215960000,39.76,44.39,8.7719,1298408000,1084506000,438143000,452289000,213902000,14146000,2257225000,846119000,44.33,-181000,49.89,30.46
2025-12-28,BHE,1.01,2611664000.0,44.33,None,1.051,31.09,17203000,None,110845000,110845000,59134000,-16645000,-25536000,None,-85751000,None,None,-26754000,4217000,64279000,None,2095623000,2095623000,371887000,None,None,365568000,None,None,26168000,10812000,0.68,0.0152,5805000,5805000,None,-0.071,0.05,99280000,125448000,0.57,2022-03-31,112978000,263820000.0,161602000,105814000,25225000,2000000,2000000,None,330000,None,361554000,None,None,None,None,None,10960000,None,None,None,0.037,-68025000,62322000,99280000,52831000,36562000,None,None,None,None,None,None,None,1.91,1.444,0.616,None,None,None,None,None,-5482000,None,0.0143,None,94140000,2025-10-29,quarterly,0.62,USD,post-market,None,287272000,0.0298,0.0337,0.035,72.64,62322000,None,None,215960000,39.76,44.39,8.7719,1298408000,1084506000,438143000,452289000,213902000,14146000,2257225000,846119000,44.33,-181000,49.89,30.46
2025-12-28,BHE,1.01,2611664000.0,44.33,None,1.051,31.09,9740000,None,110845000,110845000,-7024000,-9732000,-18070000,None,-46349000,None,None,-44596000,4217000,64279000,None,2095623000,2095623000,371887000,None,None,365568000,None,None,26168000,11189000,0.68,0.0152,5812000,5812000,None,-0.071,0.05,99280000,125448000,0.57,2021-12-31,112978000,263820000.0,161602000,105814000,25225000,2000000,2000000,None,330000,None,361554000,None,None,None,None,None,12419000,None,None,None,0.037,-1314000,62322000,99280000,52831000,36562000,None,None,None,None,None,None,None,1.91,1.444,0.616,None,None,None,None,None,40216000,None,0.0143,None,94140000,2025-10-29,quarterly,0.62,USD,post-market,None,287272000,0.0298,0.0337,0.035,72.64,62322000,None,None,215960000,39.76,44.39,8.7719,1298408000,1084506000,438143000,452289000,213902000,14146000,2257225000,846119000,44.33,-181000,49.89,30.46
2025-12-28,BHE,1.01,2611664000.0,44.33,None,1.051,31.09,12816000,None,110845000,110845000,-17862000,-13712000,-73155000,None,-62884000,None,None,-21012000,4217000,64279000,None,2095623000,2095623000,371887000,None,None,365568000,None,None,26168000,10854000,0.68,0.0152,5871000,5871000,None,-0.071,0.05,99280000,125448000,0.57,2021-09-30,112978000,263820000.0,161602000,105814000,25225000,2000000,2000000,None,330000,None,361554000,None,None,None,None,None,8064999,None,None,None,0.037,-41581000,62322000,99280000,52831000,36562000,None,None,None,None,None,None,None,1.91,1.444,0.616,None,None,None,None,None,-9897000,None,0.0143,None,94140000,2025-10-29,quarterly,0.62,USD,post-market,None,287272000,0.0298,0.0337,0.035,72.64,62322000,None,None,215960000,39.76,44.39,8.7719,1298408000,1084506000,438143000,452289000,213902000,14146000,2257225000,846119000,44.33,-181000,49.89,30.46
2025-12-28,BHE,1.01,2611664000.0,44.33,None,1.051,31.09,10911000,None,110845000,110845000,-25306000,-12022000,-33668000,None,-59934000,None,None,-13479000,4217000,64279000,None,2095623000,2095623000,371887000,None,None,365568000,None,None,26168000,10824000,0.68,0.0152,5772000,5772000,None,-0.071,0.05,99280000,125448000,0.57,2021-06-30,112978000,263820000.0,161602000,105814000,25225000,2000000,2000000,None,330000,None,361554000,None,None,None,None,None,7369000,None,None,None,0.037,3660000,62322000,99280000,52831000,36562000,None,None,None,None,None,None,None,1.91,1.444,0.616,None,None,None,None,None,-17267000,None,0.0143,None,94140000,2025-10-29,quarterly,0.62,USD,post-market,None,287272000,0.0298,0.0337,0.035,72.64,62322000,None,None,215960000,39.76,44.39,8.7719,1298408000,1084506000,438143000,452289000,213902000,14146000,2257225000,846119000,44.33,-181000,49.89,30.46
2025-12-28,BHE,1.01,2611664000.0,44.33,None,1.051,31.09,6422000,None,110845000,110845000,-23760000,-6409000,6444000,None,-28700000,None,None,31953000,4217000,64279000,None,2095623000,2095623000,371887000,None,None,365568000,None,None,26168000,11055000,0.68,0.0152,5805000,5805000,None,-0.071,0.05,99280000,125448000,0.57,2021-03-31,112978000,263820000.0,161602000,105814000,25225000,2000000,2000000,None,330000,None,361554000,None,None,None,None,None,7917000,None,None,None,0.037,36613000,62322000,99280000,52831000,36562000,None,None,None,None,None,None,None,1.91,1.444,0.616,None,None,None,None,None,-13052000,None,0.0143,None,94140000,2025-10-29,quarterly,0.62,USD,post-market,None,287272000,0.0298,0.0337,0.035,72.64,62322000,None,None,215960000,39.76,44.39,8.7719,1298408000,1084506000,438143000,452289000,213902000,14146000,2257225000,846119000,44.33,-181000,49.89,30.46
2025-12-28,BHE,1.01,2611664000.0,44.33,None,1.051,31.09,10417000,None,110845000,110845000,-27845000,-7867000,59111000,None,26332000,None,None,-3042000,4217000,64279000,None,2095623000,2095623000,371887000,None,None,365568000,None,None,26168000,11853000,0.68,0.0152,5836000,5836000,None,-0.071,0.05,99280000,125448000,0.57,2020-12-31,112978000,263820000.0,161602000,105814000,25225000,2000000,2000000,None,330000,None,361554000,None,None,None,None,None,7695000,None,None,None,0.037,94823000,62322000,99280000,52831000,36562000,None,None,None,None,None,None,None,1.91,1.444,0.616,None,None,None,None,None,-5891000,None,0.0143,None,94140000,2025-10-29,quarterly,0.62,USD,post-market,None,287272000,0.0298,0.0337,0.035,72.64,62322000,None,None,215960000,39.76,44.39,8.7719,1298408000,1084506000,438143000,452289000,213902000,14146000,2257225000,846119000,44.33,-181000,49.89,30.46
2025-12-28,BHE,1.01,2611664000.0,44.33,None,1.051,31.09,4706000,None,110845000,110845000,-23158000,-5802000,-23263000,None,11537000,None,None,-3240000,4217000,64279000,None,2095623000,2095623000,371887000,None,None,365568000,None,None,26168000,12293000,0.68,0.0152,5840000,5840000,None,-0.071,0.05,99280000,125448000,0.57,2020-09-30,112978000,263820000.0,161602000,105814000,25225000,2000000,2000000,None,330000,None,361554000,None,None,None,None,None,5915000,None,None,None,0.037,5697000,62322000,99280000,52831000,36562000,None,None,None,None,None,None,None,1.91,1.444,0.616,None,None,None,None,None,-112000,None,0.0143,None,94140000,2025-10-29,quarterly,0.62,USD,post-market,None,287272000,0.0298,0.0337,0.035,72.64,62322000,None,None,215960000,39.76,44.39,8.7719,1298408000,1084506000,438143000,452289000,213902000,14146000,2257225000,846119000,44.33,-181000,49.89,30.46
2025-12-28,BHE,1.01,2611664000.0,44.33,None,1.051,31.09,9546000,None,110845000,110845000,-73061000,-9223000,-59257000,None,-24899000,None,None,14261000,4217000,64279000,None,2095623000,2095623000,371887000,None,None,365568000,None,None,26168000,12224000,0.68,0.0152,5827000,5827000,None,-0.071,0.05,99280000,125448000,0.57,2020-06-30,112978000,263820000.0,161602000,105814000,25225000,2000000,2000000,None,330000,None,361554000,None,None,None,None,None,-3407000,None,None,None,0.037,23027000,62322000,99280000,52831000,36562000,None,None,None,None,None,None,None,1.91,1.444,0.616,None,None,None,None,None,-34000,None,0.0143,None,94140000,2025-10-29,quarterly,0.62,USD,post-market,None,287272000,0.0298,0.0337,0.035,72.64,62322000,None,None,215960000,39.76,44.39,8.7719,1298408000,1084506000,438143000,452289000,213902000,14146000,2257225000,846119000,44.33,-181000,49.89,30.46
2025-12-28,BHE,1.01,2611664000.0,44.33,None,1.051,31.09,11856000,None,110845000,110845000,66538000,-11491000,51938000,None,-23769000,None,None,6331000,4217000,64279000,None,2095623000,2095623000,371887000,None,None,365568000,None,None,26168000,12077000,0.68,0.0152,5538000,5538000,None,-0.071,0.05,99280000,125448000,0.57,2020-03-31,112978000,263820000.0,161602000,105814000,25225000,2000000,2000000,None,330000,None,361554000,None,None,None,None,None,3852000,None,None,None,0.037,-3109000,62322000,99280000,52831000,36562000,None,None,None,None,None,None,None,1.91,1.444,0.616,None,None,None,None,None,-19329000,None,0.0143,None,94140000,2025-10-29,quarterly,0.62,USD,post-market,None,287272000,0.0298,0.0337,0.035,72.64,62322000,None,None,215960000,39.76,44.39,8.7719,1298408000,1084506000,438143000,452289000,213902000,14146000,2257225000,846119000,44.33,-181000,49.89,30.46
2025-12-28,BHE,1.01,2611664000.0,44.33,None,1.051,31.09,9176000,None,110845000,110845000,-12174000,-9173000,15496000,None,1319000,None,None,14784000,4217000,64279000,None,2095623000,2095623000,371887000,None,None,365568000,None,None,26168000,12038000,0.68,0.0152,5556000,5556000,None,-0.071,0.05,99280000,125448000,0.57,2019-12-31,112978000,263820000.0,161602000,105814000,25225000,2000000,2000000,None,330000,None,361554000,None,None,None,None,None,-6931000,None,None,None,0.037,35822000,62322000,99280000,52831000,36562000,None,None,None,None,None,None,None,1.91,1.444,0.616,None,None,None,None,None,-3760000,None,0.0143,None,94140000,2025-10-29,quarterly,0.62,USD,post-market,None,287272000,0.0298,0.0337,0.035,72.64,62322000,None,None,215960000,39.76,44.39,8.7719,1298408000,1084506000,438143000,452289000,213902000,14146000,2257225000,846119000,44.33,-181000,49.89,30.46
2025-12-28,BHE,1.01,2611664000.0,44.33,None,1.051,31.09,10447000,None,110845000,110845000,-25555000,-10244000,-48571000,-1314000,-230000,None,None,14422000,4217000,64279000,None,2095623000,2095623000,371887000,None,None,365568000,None,None,26168000,12264000,0.68,0.0152,5652000,5652000,None,-0.071,0.05,99280000,125448000,0.57,2019-09-30,112978000,263820000.0,161602000,105814000,25225000,2000000,2000000,None,330000,None,361554000,None,None,None,None,None,7136000,None,None,None,0.037,-11458000,62322000,99280000,52831000,36562000,None,None,None,None,None,None,None,1.91,1.444,0.616,None,None,None,None,None,-18311000,None,0.0143,None,94140000,2025-10-29,quarterly,0.62,USD,post-market,None,287272000,0.0298,0.0337,0.035,72.64,62322000,None,None,215960000,39.76,44.39,8.7719,1298408000,1084506000,438143000,452289000,213902000,14146000,2257225000,846119000,44.33,-181000,49.89,30.46
2025-12-28,BHE,1.01,2611664000.0,44.33,None,1.051,31.09,5421000,None,110845000,110845000,-46594000,-5275000,1297000,808000,-465000,None,None,42573000,4217000,64279000,None,2095623000,2095623000,371887000,None,None,365568000,None,None,26168000,11953000,0.68,0.0152,5876000,5876000,None,-0.071,0.05,99280000,125448000,0.57,2019-06-30,112978000,263820000.0,161602000,105814000,25225000,2000000,2000000,None,330000,None,361554000,None,None,None,None,None,9447000,None,None,None,0.037,52358000,62322000,99280000,52831000,36562000,None,None,None,None,None,None,None,1.91,1.444,0.616,None,None,None,None,None,-38959000,None,0.0143,None,94140000,2025-10-29,quarterly,0.62,USD,post-market,None,287272000,0.0298,0.0337,0.035,72.64,62322000,None,None,215960000,39.76,44.39,8.7719,1298408000,1084506000,438143000,452289000,213902000,14146000,2257225000,846119000,44.33,-181000,49.89,30.46
2025-12-28,BHE,1.01,2611664000.0,44.33,None,1.051,31.09,10074000,None,110845000,110845000,-68514000,-10171000,-62786000,-515000,-5862000,None,None,64176000,4217000,64279000,None,2095623000,2095623000,371887000,None,None,365568000,None,None,26168000,12172000,0.68,0.0152,6203000,6203000,None,-0.071,0.05,99280000,125448000,0.57,2019-03-31,112978000,263820000.0,161602000,105814000,25225000,2000000,2000000,None,330000,None,361554000,None,None,None,None,None,13773000,None,None,None,0.037,16414000,62322000,99280000,52831000,36562000,None,None,None,None,None,None,None,1.91,1.444,0.616,None,None,None,None,None,-61080000,None,0.0143,None,94140000,2025-10-29,quarterly,0.62,USD,post-market,None,287272000,0.0298,0.0337,0.035,72.64,62322000,None,None,215960000,39.76,44.39,8.7719,1298408000,1084506000,438143000,452289000,213902000,14146000,2257225000,846119000,44.33,-181000,49.89,30.46
2025-12-28,BHE,1.01,2611664000.0,44.33,None,1.051,31.09,13799000,None,110845000,110845000,-97259000,-13814000,-17611000,-518000,11078000,None,None,-12219000,4217000,64279000,None,2095623000,2095623000,371887000,None,None,365568000,None,None,26168000,12196000,0.68,0.0152,6770000,6770000,None,-0.071,0.05,99280000,125448000,0.57,2018-12-31,112978000,263820000.0,161602000,105814000,25225000,2000000,2000000,None,330000,None,361554000,None,None,None,None,None,27716000,None,None,None,0.037,93980000,62322000,99280000,52831000,36562000,None,None,None,None,None,None,None,1.91,1.444,0.616,None,None,None,None,None,-89805000,None,0.0143,None,94140000,2025-10-29,quarterly,0.62,USD,post-market,None,287272000,0.0298,0.0337,0.035,72.64,62322000,None,None,215960000,39.76,44.39,8.7719,1298408000,1084506000,438143000,452289000,213902000,14146000,2257225000,846119000,44.33,-181000,49.89,30.46
2025-12-28,BHE,1.01,2611664000.0,44.33,None,1.051,31.09,14570000,None,110845000,110845000,-104189000,-14471000,-119926000,-155000,-2279000,None,None,-11018000,4217000,64279000,None,2095623000,2095623000,371887000,None,None,365568000,None,None,26168000,14560000,0.68,0.0152,7099000,7099000,None,-0.071,0.05,99280000,125448000,0.57,2018-09-30,112978000,263820000.0,161602000,105814000,25225000,2000000,2000000,None,330000,None,361554000,None,None,None,None,None,7799000,None,None,None,0.037,-1111000,62322000,99280000,52831000,36562000,None,None,None,None,None,None,None,1.91,1.444,0.616,None,None,None,None,None,-56185000,None,0.0143,None,94140000,2025-10-29,quarterly,0.62,USD,post-market,None,287272000,0.0298,0.0337,0.035,72.64,62322000,None,None,215960000,39.76,44.39,8.7719,1298408000,1084506000,438143000,452289000,213902000,14146000,2257225000,846119000,44.33,-181000,49.89,30.46
2025-12-28,BHE,1.01,2611664000.0,44.33,None,1.051,31.09,17486000,None,110845000,110845000,-18903000,-19565000,-80688000,-1508000,-13853000,None,None,-43007000,4217000,64279000,None,2095623000,2095623000,371887000,None,None,365568000,None,None,26168000,12699000,0.68,0.0152,7136000,7136000,None,-0.071,0.05,99280000,125448000,0.57,2018-06-30,112978000,263820000.0,161602000,105814000,25225000,2000000,2000000,None,330000,None,361554000,None,None,None,None,None,10943000,None,None,None,0.037,-40712000,62322000,99280000,52831000,36562000,None,None,None,None,None,None,None,1.91,1.444,0.616,None,None,None,None,None,-7487000,None,0.0143,None,94140000,2025-10-29,quarterly,0.62,USD,post-market,None,287272000,0.0298,0.0337,0.035,72.64,62322000,None,None,215960000,39.76,44.39,8.7719,1298408000,1084506000,438143000,452289000,213902000,14146000,2257225000,846119000,44.33,-181000,49.89,30.46
2025-12-28,BHE,1.01,2611664000.0,44.33,None,1.051,31.09,20877000,None,110845000,110845000,-70616000,-20999000,-66219000,866000,-38210000,None,None,32292000,4217000,64279000,None,2095623000,2095623000,371887000,None,None,365568000,None,None,26168000,12384000,0.68,0.0152,7136000,7136000,None,-0.071,0.05,99280000,125448000,0.57,2018-03-31,112978000,263820000.0,161602000,105814000,25225000,2000000,2000000,None,330000,None,361554000,None,None,None,None,None,-23641000,None,None,None,0.037,24530000,62322000,99280000,52831000,36562000,None,None,None,None,None,None,None,1.91,1.444,0.616,None,None,None,None,None,-58381000,None,0.0143,None,94140000,2025-10-29,quarterly,0.62,USD,post-market,None,287272000,0.0298,0.0337,0.035,72.64,62322000,None,None,215960000,39.76,44.39,8.7719,1298408000,1084506000,438143000,452289000,213902000,14146000,2257225000,846119000,44.33,-181000,49.89,30.46
2025-12-28,BHE,1.01,2611664000.0,44.33,None,1.051,31.09,16770000,None,110845000,110845000,-25189000,-18749000,12400000,386000,24763000,None,None,-24572000,4217000,64279000,None,2095623000,2095623000,371887000,None,None,365568000,None,None,26168000,12081000,0.68,0.0152,0,0,None,-0.071,0.05,99280000,125448000,0.57,2017-12-31,112978000,263820000.0,161602000,105814000,25225000,2000000,2000000,None,330000,None,361554000,None,None,None,None,None,-76340000,None,None,None,0.037,55952000,62322000,99280000,52831000,36562000,None,None,None,None,None,None,None,1.91,1.444,0.616,None,None,None,None,None,-23461000,None,0.0143,None,94140000,2025-10-29,quarterly,0.62,USD,post-market,None,287272000,0.0298,0.0337,0.035,72.64,62322000,None,None,215960000,39.76,44.39,8.7719,1298408000,1084506000,438143000,452289000,213902000,14146000,2257225000,846119000,44.33,-181000,49.89,30.46
2025-12-28,BHE,1.01,2611664000.0,44.33,None,1.051,31.09,11357000,None,110845000,110845000,-5260000,-11373000,-19165000,107000,-4560000,None,None,-18468000,4217000,64279000,None,2095623000,2095623000,371887000,None,None,365568000,None,None,26168000,12274000,0.68,0.0152,0,0,None,-0.071,0.05,99280000,125448000,0.57,2017-09-30,112978000,263820000.0,161602000,105814000,25225000,2000000,2000000,None,330000,None,361554000,None,None,None,None,None,17512000,None,None,None,0.037,-2639000,62322000,99280000,52831000,36562000,None,None,None,None,None,None,None,1.91,1.444,0.616,None,None,None,None,None,-3887000,None,0.0143,None,94140000,2025-10-29,quarterly,0.62,USD,post-market,None,287272000,0.0298,0.0337,0.035,72.64,62322000,None,None,215960000,39.76,44.39,8.7719,1298408000,1084506000,438143000,452289000,213902000,14146000,2257225000,846119000,44.33,-181000,49.89,30.46
2025-12-28,BHE,1.01,2611664000.0,44.33,None,1.051,31.09,18801000,None,110845000,110845000,-1170000,-18530000,-3166000,1910000,-11706000,None,None,-10291000,4217000,64279000,None,2095623000,2095623000,371887000,None,None,365568000,None,None,26168000,12044000,0.68,0.0152,None,None,None,-0.071,0.05,99280000,125448000,0.57,2017-06-30,112978000,263820000.0,161602000,105814000,25225000,2000000,2000000,None,330000,None,361554000,None,None,None,None,None,17176000,None,None,None,0.037,14624000,62322000,99280000,52831000,36562000,None,None,None,None,None,None,None,1.91,1.444,0.616,None,None,None,None,None,-1000000,None,0.0143,None,94140000,2025-10-29,quarterly,0.62,USD,post-market,None,287272000,0.0298,0.0337,0.035,72.64,62322000,None,None,215960000,39.76,44.39,8.7719,1298408000,1084506000,438143000,452289000,213902000,14146000,2257225000,846119000,44.33,-181000,49.89,30.46
2025-12-28,BHE,1.01,2611664000.0,44.33,None,1.051,31.09,7578000,None,110845000,110845000,267000,-7469000,71044000,341000,-22512000,None,None,59685000,4217000,64279000,None,2095623000,2095623000,371887000,None,None,365568000,None,None,26168000,12273000,0.68,0.0152,0,0,None,-0.071,0.05,99280000,125448000,0.57,2017-03-31,112978000,263820000.0,161602000,105814000,25225000,2000000,2000000,None,330000,None,361554000,None,None,None,None,None,9687000,None,None,None,0.037,77905000,62322000,99280000,52831000,36562000,None,None,None,None,None,None,None,1.91,1.444,0.616,None,None,None,None,None,-1000000,None,0.0143,None,94140000,2025-10-29,quarterly,0.62,USD,post-market,None,287272000,0.0298,0.0337,0.035,72.64,62322000,None,None,215960000,39.76,44.39,8.7719,1298408000,1084506000,438143000,452289000,213902000,14146000,2257225000,846119000,44.33,-181000,49.89,30.46
2025-12-28,BHE,1.01,2611664000.0,44.33,None,1.051,31.09,6936000,None,110845000,110845000,9501000,-6810000,45750000,-1431000,13758000,None,None,-24203000,4217000,64279000,None,2095623000,2095623000,371887000,None,None,365568000,None,None,26168000,13137000,0.68,0.0152,0,0,None,-0.071,0.05,99280000,125448000,0.57,2016-12-31,112978000,263820000.0,161602000,105814000,25225000,2000000,2000000,None,330000,None,361554000,None,None,None,None,None,18568000,None,None,None,0.037,44490000,62322000,99280000,52831000,36562000,None,None,None,None,None,None,None,1.91,1.444,0.616,None,None,None,None,None,-1067000,None,0.0143,None,94140000,2025-10-29,quarterly,0.62,USD,post-market,None,287272000,0.0298,0.0337,0.035,72.64,62322000,None,None,215960000,39.76,44.39,8.7719,1298408000,1084506000,438143000,452289000,213902000,14146000,2257225000,846119000,44.33,-181000,49.89,30.46
2025-12-28,BHE,1.01,2611664000.0,44.33,None,1.051,31.09,9195000,None,110845000,110845000,-9724000,1463000,62435000,264000,-23043000,None,None,4732000,4217000,64279000,None,2095623000,2095623000,371887000,None,None,365568000,None,None,26168000,14102000,0.68,0.0152,0,0,None,-0.071,0.05,99280000,125448000,0.57,2016-09-30,112978000,263820000.0,161602000,105814000,25225000,2000000,2000000,None,330000,None,361554000,None,None,None,None,None,21742000,None,None,None,0.037,70432000,62322000,99280000,52831000,36562000,None,None,None,None,None,None,None,1.91,1.444,0.616,None,None,None,None,None,-11547000,None,0.0143,None,94140000,2025-10-29,quarterly,0.62,USD,post-market,None,287272000,0.0298,0.0337,0.035,72.64,62322000,None,None,215960000,39.76,44.39,8.7719,1298408000,1084506000,438143000,452289000,213902000,14146000,2257225000,846119000,44.33,-181000,49.89,30.46
2025-12-28,BHE,1.01,2611664000.0,44.33,None,1.051,31.09,8366000,None,110845000,110845000,-18148000,-8253000,54081000,-603000,14278000,None,None,-8338000,4217000,64279000,None,2095623000,2095623000,371887000,None,None,365568000,None,None,26168000,13993000,0.68,0.0152,0,0,None,-0.071,0.05,99280000,125448000,0.57,2016-06-30,112978000,263820000.0,161602000,105814000,25225000,2000000,2000000,None,330000,None,361554000,None,None,None,None,None,12685000,None,None,None,0.037,81085000,62322000,99280000,52831000,36562000,None,None,None,None,None,None,None,1.91,1.444,0.616,None,None,None,None,None,-15110000,None,0.0143,None,94140000,2025-10-29,quarterly,0.62,USD,post-market,None,287272000,0.0298,0.0337,0.035,72.64,62322000,None,None,215960000,39.76,44.39,8.7719,1298408000,1084506000,438143000,452289000,213902000,14146000,2257225000,846119000,44.33,-181000,49.89,30.46
2025-12-28,BHE,1.01,2611664000.0,44.33,None,1.051,31.09,7837000,None,110845000,110845000,-16371000,-7645000,53172000,675000,22756000,None,None,65382000,4217000,64279000,None,2095623000,2095623000,371887000,None,None,365568000,None,None,26168000,13907000,0.68,0.0152,0,0,None,-0.071,0.05,99280000,125448000,0.57,2016-03-31,112978000,263820000.0,161602000,105814000,25225000,2000000,2000000,None,330000,None,361554000,None,None,None,None,None,11052000,None,None,None,0.037,76513000,62322000,99280000,52831000,36562000,None,None,None,None,None,None,None,1.91,1.444,0.616,None,None,None,None,None,-14205000,None,0.0143,None,94140000,2025-10-29,quarterly,0.62,USD,post-market,None,287272000,0.0298,0.0337,0.035,72.64,62322000,None,None,215960000,39.76,44.39,8.7719,1298408000,1084506000,438143000,452289000,213902000,14146000,2257225000,846119000,44.33,-181000,49.89,30.46
2025-12-28,BHE,1.01,2611664000.0,44.33,None,1.051,31.09,5180000,None,110845000,110845000,210432000,-234633000,3901000,20000,25033000,None,None,630000,4217000,64279000,None,2095623000,2095623000,371887000,None,None,365568000,None,None,26168000,13182000,0.68,0.0152,0,0,None,-0.071,0.05,99280000,125448000,0.57,2015-12-31,112978000,263820000.0,161602000,105814000,25225000,2000000,2000000,None,330000,None,361554000,None,None,None,None,None,39421000,None,None,None,0.037,28082000,62322000,99280000,52831000,36562000,None,None,None,None,None,None,None,1.91,1.444,0.616,None,None,None,None,None,-16042000,None,0.0143,None,94140000,2025-10-29,quarterly,0.62,USD,post-market,None,287272000,0.0298,0.0337,0.035,72.64,62322000,None,None,215960000,39.76,44.39,8.7719,1298408000,1084506000,438143000,452289000,213902000,14146000,2257225000,846119000,44.33,-181000,49.89,30.46
2025-12-28,BHE,1.01,2611664000.0,44.33,None,1.051,31.09,7876000,None,110845000,110845000,-17721000,-7651000,52779000,542000,23387000,None,None,33611000,4217000,64279000,None,2095623000,2095623000,371887000,None,None,365568000,None,None,26168000,12010000,0.68,0.0152,0,0,None,-0.071,0.05,99280000,125448000,0.57,2015-09-30,112978000,263820000.0,161602000,105814000,25225000,2000000,2000000,None,330000,None,361554000,None,None,None,None,None,20565000,None,None,None,0.037,77609000,62322000,99280000,52831000,36562000,None,None,None,None,None,None,None,1.91,1.444,0.616,None,None,None,None,None,-17765000,None,0.0143,None,94140000,2025-10-29,quarterly,0.62,USD,post-market,None,287272000,0.0298,0.0337,0.035,72.64,62322000,None,None,215960000,39.76,44.39,8.7719,1298408000,1084506000,438143000,452289000,213902000,14146000,2257225000,846119000,44.33,-181000,49.89,30.46
2025-12-28,BHE,1.01,2611664000.0,44.33,None,1.051,31.09,8179000,None,110845000,110845000,-18290000,-8158000,25719000,149000,-17532000,None,None,-9755000,4217000,64279000,None,2095623000,2095623000,371887000,None,None,365568000,None,None,26168000,12342000,0.68,0.0152,0,0,None,-0.071,0.05,99280000,125448000,0.57,2015-06-30,112978000,263820000.0,161602000,105814000,25225000,2000000,2000000,None,330000,None,361554000,None,None,None,None,None,21210000,None,None,None,0.037,52018000,62322000,99280000,52831000,36562000,None,None,None,None,None,None,None,1.91,1.444,0.616,None,None,None,None,None,-18780000,None,0.0143,None,94140000,2025-10-29,quarterly,0.62,USD,post-market,None,287272000,0.0298,0.0337,0.035,72.64,62322000,None,None,215960000,39.76,44.39,8.7719,1298408000,1084506000,438143000,452289000,213902000,14146000,2257225000,846119000,44.33,-181000,49.89,30.46
2025-12-28,BHE,1.01,2611664000.0,44.33,None,1.051,31.09,16827000,None,110845000,110845000,-14784000,-16359000,-43780000,-1732000,-26914000,None,None,28361000,4217000,64279000,None,2095623000,2095623000,371887000,None,None,365568000,None,None,26168000,12138000,0.68,0.0152,0,0,None,-0.071,0.05,99280000,125448000,0.57,2015-03-31,112978000,263820000.0,161602000,105814000,25225000,2000000,2000000,None,330000,None,361554000,None,None,None,None,None,14205000,None,None,None,0.037,-10905000,62322000,99280000,52831000,36562000,None,None,None,None,None,None,None,1.91,1.444,0.616,None,None,None,None,None,-15778000,None,0.0143,None,94140000,2025-10-29,quarterly,0.62,USD,post-market,None,287272000,0.0298,0.0337,0.035,72.64,62322000,None,None,215960000,39.76,44.39,8.7719,1298408000,1084506000,438143000,452289000,213902000,14146000,2257225000,846119000,44.33,-181000,49.89,30.46
2025-12-28,BHE,1.01,2611664000.0,44.33,None,1.051,31.09,8775000,None,110845000,110845000,-11711000,-2870000,7140000,-1035000,32450000,None,None,13171000,4217000,64279000,None,2095623000,2095623000,371887000,None,None,365568000,None,None,26168000,12464000,0.68,0.0152,0,0,None,-0.071,0.05,99280000,125448000,0.57,2014-12-31,112978000,263820000.0,161602000,105814000,25225000,2000000,2000000,None,330000,None,361554000,None,None,None,None,None,24011000,None,None,None,0.037,22756000,62322000,99280000,52831000,36562000,None,None,None,None,None,None,None,1.91,1.444,0.616,None,None,None,None,None,-18755000,None,0.0143,None,94140000,2025-10-29,quarterly,0.62,USD,post-market,None,287272000,0.0298,0.0337,0.035,72.64,62322000,None,None,215960000,39.76,44.39,8.7719,1298408000,1084506000,438143000,452289000,213902000,14146000,2257225000,846119000,44.33,-181000,49.89,30.46
2025-12-28,BHE,1.01,2611664000.0,44.33,None,1.051,31.09,6317000,None,110845000,110845000,-12300000,3773000,18367000,-1317000,-13865000,None,None,-35568000,4217000,64279000,None,2095623000,2095623000,371887000,None,None,365568000,None,None,26168000,11786000,0.68,0.0152,0,0,None,-0.071,0.05,99280000,125448000,0.57,2014-09-30,112978000,263820000.0,161602000,105814000,25225000,2000000,2000000,None,330000,None,361554000,None,None,None,None,None,17156000,None,None,None,0.037,28211000,62322000,99280000,52831000,36562000,None,None,None,None,None,None,None,1.91,1.444,0.616,None,None,None,None,None,-13150000,None,0.0143,None,94140000,2025-10-29,quarterly,0.62,USD,post-market,None,287272000,0.0298,0.0337,0.035,72.64,62322000,None,None,215960000,39.76,44.39,8.7719,1298408000,1084506000,438143000,452289000,213902000,14146000,2257225000,846119000,44.33,-181000,49.89,30.46
2025-12-28,BHE,1.01,2611664000.0,44.33,None,1.051,31.09,15681000,None,110845000,110845000,-2438000,-14788000,7675000,-59000,21774000,None,None,-34559000,4217000,64279000,None,2095623000,2095623000,371887000,None,None,365568000,None,None,26168000,11401000,0.68,0.0152,0,0,None,-0.071,0.05,99280000,125448000,0.57,2014-06-30,112978000,263820000.0,161602000,105814000,25225000,2000000,2000000,None,330000,None,361554000,None,None,None,None,None,22150000,None,None,None,0.037,24960000,62322000,99280000,52831000,36562000,None,None,None,None,None,None,None,1.91,1.444,0.616,None,None,None,None,None,-7358000,None,0.0143,None,94140000,2025-10-29,quarterly,0.62,USD,post-market,None,287272000,0.0298,0.0337,0.035,72.64,62322000,None,None,215960000,39.76,44.39,8.7719,1298408000,1084506000,438143000,452289000,213902000,14146000,2257225000,846119000,44.33,-181000,49.89,30.46
2025-12-28,BHE,1.01,2611664000.0,44.33,None,1.051,31.09,14616000,None,110845000,110845000,1568000,-13591000,48639000,-72000,-46512000,None,None,94818000,4217000,64279000,None,2095623000,2095623000,371887000,None,None,365568000,None,None,26168000,10798000,0.68,0.0152,0,0,None,-0.071,0.05,99280000,125448000,0.57,2014-03-31,112978000,263820000.0,161602000,105814000,25225000,2000000,2000000,None,330000,None,361554000,None,None,None,None,None,19125000,None,None,None,0.037,60734000,62322000,99280000,52831000,36562000,None,None,None,None,None,None,None,1.91,1.444,0.616,None,None,None,None,None,-4537000,None,0.0143,None,94140000,2025-10-29,quarterly,0.62,USD,post-market,None,287272000,0.0298,0.0337,0.035,72.64,62322000,None,None,215960000,39.76,44.39,8.7719,1298408000,1084506000,438143000,452289000,213902000,14146000,2257225000,846119000,44.33,-181000,49.89,30.46
2025-12-28,BHE,1.01,2611664000.0,44.33,None,1.051,31.09,8590000,None,110845000,110845000,-9757000,-71121000,-81005000,727000,38621000,None,None,-103770000,4217000,64279000,None,2095623000,2095623000,371887000,None,None,365568000,None,None,26168000,11307000,0.68,0.0152,0,0,None,-0.071,0.05,99280000,125448000,0.57,2013-12-31,112978000,263820000.0,161602000,105814000,25225000,2000000,2000000,None,330000,None,361554000,None,None,None,None,None,67489000,None,None,None,0.037,-854000,62322000,99280000,52831000,36562000,None,None,None,None,None,None,None,1.91,1.444,0.616,None,None,None,None,None,-10495000,None,0.0143,None,94140000,2025-10-29,quarterly,0.62,USD,post-market,None,287272000,0.0298,0.0337,0.035,72.64,62322000,None,None,215960000,39.76,44.39,8.7719,1298408000,1084506000,438143000,452289000,213902000,14146000,2257225000,846119000,44.33,-181000,49.89,30.46
2025-12-28,BHE,1.01,2611664000.0,44.33,None,1.051,31.09,6836000,None,110845000,110845000,-4815000,-6700000,27658000,460000,-44303000,None,None,41899000,4217000,64279000,None,2095623000,2095623000,371887000,None,None,365568000,None,None,26168000,10060000,0.68,0.0152,0,0,None,-0.071,0.05,99280000,125448000,0.57,2013-09-30,112978000,263820000.0,161602000,105814000,25225000,2000000,2000000,None,330000,None,361554000,None,None,None,None,None,23726000,None,None,None,0.037,38713000,62322000,99280000,52831000,36562000,None,None,None,None,None,None,None,1.91,1.444,0.616,None,None,None,None,None,-9426000,None,0.0143,None,94140000,2025-10-29,quarterly,0.62,USD,post-market,None,287272000,0.0298,0.0337,0.035,72.64,62322000,None,None,215960000,39.76,44.39,8.7719,1298408000,1084506000,438143000,452289000,213902000,14146000,2257225000,846119000,44.33,-181000,49.89,30.46
2025-12-28,BHE,1.01,2611664000.0,44.33,None,1.051,31.09,6391000,None,110845000,110845000,-6781000,-24023000,-17952000,282000,-15291000,None,None,-34980000,4217000,64279000,None,2095623000,2095623000,371887000,None,None,365568000,None,None,26168000,9949000,0.68,0.0152,0,0,None,-0.071,0.05,99280000,125448000,0.57,2013-06-30,112978000,263820000.0,161602000,105814000,25225000,2000000,2000000,None,330000,None,361554000,None,None,None,None,None,8457000,None,None,None,0.037,12570000,62322000,99280000,52831000,36562000,None,None,None,None,None,None,None,1.91,1.444,0.616,None,None,None,None,None,-9169000,None,0.0143,None,94140000,2025-10-29,quarterly,0.62,USD,post-market,None,287272000,0.0298,0.0337,0.035,72.64,62322000,None,None,215960000,39.76,44.39,8.7719,1298408000,1084506000,438143000,452289000,213902000,14146000,2257225000,846119000,44.33,-181000,49.89,30.46
2025-12-28,BHE,1.01,2611664000.0,44.33,None,1.051,31.09,6920000,None,110845000,110845000,-8755000,-6873000,32275000,-745000,3141000,None,None,40218000,4217000,64279000,None,2095623000,2095623000,371887000,None,None,365568000,None,None,26168000,9626000,0.68,0.0152,0,0,None,-0.071,0.05,99280000,125448000,0.57,2013-03-31,112978000,263820000.0,161602000,105814000,25225000,2000000,2000000,None,330000,None,361554000,None,None,None,None,None,11487000,None,None,None,0.037,48648000,62322000,99280000,52831000,36562000,None,None,None,None,None,None,None,1.91,1.444,0.616,None,None,None,None,None,-12078000,None,0.0143,None,94140000,2025-10-29,quarterly,0.62,USD,post-market,None,287272000,0.0298,0.0337,0.035,72.64,62322000,None,None,215960000,39.76,44.39,8.7719,1298408000,1084506000,438143000,452289000,213902000,14146000,2257225000,846119000,44.33,-181000,49.89,30.46
2025-12-28,BHE,1.01,2611664000.0,44.33,None,1.051,31.09,13527000,None,110845000,110845000,-14645000,-7588000,58801000,153000,51764000,None,None,-3564000,4217000,64279000,None,2095623000,2095623000,371887000,None,None,365568000,None,None,26168000,9254000,0.68,0.0152,0,0,None,-0.071,0.05,99280000,125448000,0.57,2012-12-31,112978000,263820000.0,161602000,105814000,25225000,2000000,2000000,None,330000,None,361554000,None,None,None,None,None,18115000,None,None,None,0.037,80881000,62322000,99280000,52831000,36562000,None,None,None,None,None,None,None,1.91,1.444,0.616,None,None,None,None,None,-15719000,None,0.0143,None,94140000,2025-10-29,quarterly,0.62,USD,post-market,None,287272000,0.0298,0.0337,0.035,72.64,62322000,None,None,215960000,39.76,44.39,8.7719,1298408000,1084506000,438143000,452289000,213902000,14146000,2257225000,846119000,44.33,-181000,49.89,30.46
2025-12-28,BHE,1.01,2611664000.0,44.33,None,1.051,31.09,14622000,None,110845000,110845000,-7864000,-207000,44966000,385000,12417000,None,None,2708000,4217000,64279000,None,2095623000,2095623000,371887000,None,None,365568000,None,None,26168000,9016000,0.68,0.0152,0,0,None,-0.071,0.05,99280000,125448000,0.57,2012-09-30,112978000,263820000.0,161602000,105814000,25225000,2000000,2000000,None,330000,None,361554000,None,None,None,None,None,19314000,None,None,None,0.037,52652000,62322000,99280000,52831000,36562000,None,None,None,None,None,None,None,1.91,1.444,0.616,None,None,None,None,None,-8095000,None,0.0143,None,94140000,2025-10-29,quarterly,0.62,USD,post-market,None,287272000,0.0298,0.0337,0.035,72.64,62322000,None,None,215960000,39.76,44.39,8.7719,1298408000,1084506000,438143000,452289000,213902000,14146000,2257225000,846119000,44.33,-181000,49.89,30.46
2025-12-28,BHE,1.01,2611664000.0,44.33,None,1.051,31.09,8938000,None,110845000,110845000,-18549000,188000,24144000,1070000,13285000,None,None,15424000,4217000,64279000,None,2095623000,2095623000,371887000,None,None,365568000,None,None,26168000,8988000,0.68,0.0152,0,0,None,-0.071,0.05,99280000,125448000,0.57,2012-06-30,112978000,263820000.0,161602000,105814000,25225000,2000000,2000000,None,330000,None,361554000,None,None,None,None,None,13580000,None,None,None,0.037,41435000,62322000,99280000,52831000,36562000,None,None,None,None,None,None,None,1.91,1.444,0.616,None,None,None,None,None,-19357000,None,0.0143,None,94140000,2025-10-29,quarterly,0.62,USD,post-market,None,287272000,0.0298,0.0337,0.035,72.64,62322000,None,None,215960000,39.76,44.39,8.7719,1298408000,1084506000,438143000,452289000,213902000,14146000,2257225000,846119000,44.33,-181000,49.89,30.46
2025-12-28,BHE,1.01,2611664000.0,44.33,None,1.051,31.09,11948000,None,110845000,110845000,-2665000,-1885000,-27252000,1119000,-11377000,None,None,-48927000,4217000,64279000,None,2095623000,2095623000,371887000,None,None,365568000,None,None,26168000,8455000,0.68,0.0152,0,0,None,-0.071,0.05,99280000,125448000,0.57,2012-03-31,112978000,263820000.0,161602000,105814000,25225000,2000000,2000000,None,330000,None,361554000,None,None,None,None,None,5598000,None,None,None,0.037,-23821000,62322000,99280000,52831000,36562000,None,None,None,None,None,None,None,1.91,1.444,0.616,None,None,None,None,None,-3935000,None,0.0143,None,94140000,2025-10-29,quarterly,0.62,USD,post-market,None,287272000,0.0298,0.0337,0.035,72.64,62322000,None,None,215960000,39.76,44.39,8.7719,1298408000,1084506000,438143000,452289000,213902000,14146000,2257225000,846119000,44.33,-181000,49.89,30.46
2025-12-28,BHE,1.01,2611664000.0,44.33,None,1.051,31.09,21701000,None,110845000,110845000,-2268000,-21468000,30075000,-807000,-3152000,None,None,34752000,4217000,64279000,None,2095623000,2095623000,371887000,None,None,365568000,None,None,26168000,9330000,0.68,0.0152,0,0,None,-0.071,0.05,99280000,125448000,0.57,2011-12-31,112978000,263820000.0,161602000,105814000,25225000,2000000,2000000,None,330000,None,361554000,None,None,None,None,None,2878000,None,None,None,0.037,54618000,62322000,99280000,52831000,36562000,None,None,None,None,None,None,None,1.91,1.444,0.616,None,None,None,None,None,-3093000,None,0.0143,None,94140000,2025-10-29,quarterly,0.62,USD,post-market,None,287272000,0.0298,0.0337,0.035,72.64,62322000,None,None,215960000,39.76,44.39,8.7719,1298408000,1084506000,438143000,452289000,213902000,14146000,2257225000,846119000,44.33,-181000,49.89,30.46
2025-12-28,BHE,1.01,2611664000.0,44.33,None,1.051,31.09,13469000,None,110845000,110845000,-28455000,-9483000,-52663000,-3147000,-37484000,None,None,-12285000,4217000,64279000,None,2095623000,2095623000,371887000,None,None,365568000,None,None,26168000,8767000,0.68,0.0152,0,0,None,-0.071,0.05,99280000,125448000,0.57,2011-09-30,112978000,263820000.0,161602000,105814000,25225000,2000000,2000000,None,330000,None,361554000,None,None,None,None,None,19867000,None,None,None,0.037,-11578000,62322000,99280000,52831000,36562000,None,None,None,None,None,None,None,1.91,1.444,0.616,None,None,None,None,None,-28508000,None,0.0143,None,94140000,2025-10-29,quarterly,0.62,USD,post-market,None,287272000,0.0298,0.0337,0.035,72.64,62322000,None,None,215960000,39.76,44.39,8.7719,1298408000,1084506000,438143000,452289000,213902000,14146000,2257225000,846119000,44.33,-181000,49.89,30.46
2025-12-28,BHE,1.01,2611664000.0,44.33,None,1.051,31.09,10723000,None,110845000,110845000,-19584000,-5198000,-27019000,193000,-917000,None,None,-33333000,4217000,64279000,None,2095623000,2095623000,371887000,None,None,365568000,None,None,26168000,8958000,0.68,0.0152,0,0,None,-0.071,0.05,99280000,125448000,0.57,2011-06-30,112978000,263820000.0,161602000,105814000,25225000,2000000,2000000,None,330000,None,361554000,None,None,None,None,None,14701000,None,None,None,0.037,-2430000,62322000,99280000,52831000,36562000,None,None,None,None,None,None,None,1.91,1.444,0.616,None,None,None,None,None,-20126000,None,0.0143,None,94140000,2025-10-29,quarterly,0.62,USD,post-market,None,287272000,0.0298,0.0337,0.035,72.64,62322000,None,None,215960000,39.76,44.39,8.7719,1298408000,1084506000,438143000,452289000,213902000,14146000,2257225000,846119000,44.33,-181000,49.89,30.46
2025-12-28,BHE,1.01,2611664000.0,44.33,None,1.051,31.09,26104000,None,110845000,110845000,-3780000,-24329000,-12818000,1117000,-31113000,None,None,38569000,4217000,64279000,None,2095623000,2095623000,371887000,None,None,365568000,None,None,26168000,8429000,0.68,0.0152,0,0,None,-0.071,0.05,99280000,125448000,0.57,2011-03-31,112978000,263820000.0,161602000,105814000,25225000,2000000,2000000,None,330000,None,361554000,None,None,None,None,None,15348000,None,None,None,0.037,14174000,62322000,99280000,52831000,36562000,None,None,None,None,None,None,None,1.91,1.444,0.616,None,None,None,None,None,-4554000,None,0.0143,None,94140000,2025-10-29,quarterly,0.62,USD,post-market,None,287272000,0.0298,0.0337,0.035,72.64,62322000,None,None,215960000,39.76,44.39,8.7719,1298408000,1084506000,438143000,452289000,213902000,14146000,2257225000,846119000,44.33,-181000,49.89,30.46
2025-12-28,BHE,1.01,2611664000.0,44.33,None,1.051,31.09,6988000,None,110845000,110845000,-3519000,-6262000,None,None,17823000,None,None,None,4217000,64279000,None,2095623000,2095623000,371887000,None,None,365568000,None,None,26168000,9614000,0.68,0.0152,0,0,None,-0.071,0.05,99280000,125448000,0.57,2010-12-31,112978000,263820000.0,161602000,105814000,25225000,2000000,2000000,None,330000,None,361554000,None,None,None,None,None,19010000,None,None,None,0.037,10029000,62322000,99280000,52831000,36562000,None,None,None,None,None,None,None,1.91,1.444,0.616,None,None,None,None,None,-5278000,None,0.0143,None,94140000,2025-10-29,quarterly,0.62,USD,post-market,None,287272000,0.0298,0.0337,0.035,72.64,62322000,None,None,215960000,39.76,44.39,8.7719,1298408000,1084506000,438143000,452289000,213902000,14146000,2257225000,846119000,44.33,-181000,49.89,30.46
2025-12-28,BHE,1.01,2611664000.0,44.33,None,1.051,31.09,9806000,None,110845000,110845000,-20303000,111000,None,None,11381000,None,None,None,4217000,64279000,None,2095623000,2095623000,371887000,None,None,365568000,None,None,26168000,9798000,0.68,0.0152,0,0,None,-0.071,0.05,99280000,125448000,0.57,2010-09-30,112978000,263820000.0,161602000,105814000,25225000,2000000,2000000,None,330000,None,361554000,None,None,None,None,None,22998000,None,None,None,0.037,13640000,62322000,99280000,52831000,36562000,None,None,None,None,None,None,None,1.91,1.444,0.616,None,None,None,None,None,-21025000,None,0.0143,None,94140000,2025-10-29,quarterly,0.62,USD,post-market,None,287272000,0.0298,0.0337,0.035,72.64,62322000,None,None,215960000,39.76,44.39,8.7719,1298408000,1084506000,438143000,452289000,213902000,14146000,2257225000,846119000,44.33,-181000,49.89,30.46
2025-12-28,BHE,1.01,2611664000.0,44.33,None,1.051,31.09,9686000,None,110845000,110845000,-14556000,-9477000,None,None,-29995000,None,None,None,4217000,64279000,None,2095623000,2095623000,371887000,None,None,365568000,None,None,26168000,10127000,0.68,0.0152,0,0,None,-0.071,0.05,99280000,125448000,0.57,2010-06-30,112978000,263820000.0,161602000,105814000,25225000,2000000,2000000,None,330000,None,361554000,None,None,None,None,None,20777000,None,None,None,0.037,-24413000,62322000,99280000,52831000,36562000,None,None,None,None,None,None,None,1.91,1.444,0.616,None,None,None,None,None,-14882000,None,0.0143,None,94140000,2025-10-29,quarterly,0.62,USD,post-market,None,287272000,0.0298,0.0337,0.035,72.64,62322000,None,None,215960000,39.76,44.39,8.7719,1298408000,1084506000,438143000,452289000,213902000,14146000,2257225000,846119000,44.33,-181000,49.89,30.46
2025-12-28,BHE,1.01,2611664000.0,44.33,None,1.051,31.09,9559000,None,110845000,110845000,-16349000,-9229000,None,None,-47367000,None,None,None,4217000,64279000,None,2095623000,2095623000,371887000,None,None,365568000,None,None,26168000,10291000,0.68,0.0152,None,None,None,-0.071,0.05,99280000,125448000,0.57,2010-03-31,112978000,263820000.0,161602000,105814000,25225000,2000000,2000000,None,330000,None,361554000,None,None,None,None,None,18250000,None,None,None,0.037,5910000,62322000,99280000,52831000,36562000,None,None,None,None,None,None,None,1.91,1.444,0.616,None,None,None,None,None,-17670000,None,0.0143,None,94140000,2025-10-29,quarterly,0.62,USD,post-market,None,287272000,0.0298,0.0337,0.035,72.64,62322000,None,None,215960000,39.76,44.39,8.7719,1298408000,1084506000,438143000,452289000,213902000,14146000,2257225000,846119000,44.33,-181000,49.89,30.46
2025-12-28,BHE,1.01,2611664000.0,44.33,None,1.051,31.09,8026000,None,110845000,110845000,-15669000,-7368000,None,None,-22612000,None,None,None,4217000,64279000,None,2095623000,2095623000,371887000,None,None,365568000,None,None,26168000,10125000,0.68,0.0152,None,None,None,-0.071,0.05,99280000,125448000,0.57,2009-12-31,112978000,263820000.0,161602000,105814000,25225000,2000000,2000000,None,330000,None,361554000,None,None,None,None,None,16686000,None,None,None,0.037,6070000,62322000,99280000,52831000,36562000,None,None,None,None,None,None,None,1.91,1.444,0.616,None,None,None,None,None,-17895000,None,0.0143,None,94140000,2025-10-29,quarterly,0.62,USD,post-market,None,287272000,0.0298,0.0337,0.035,72.64,62322000,None,None,215960000,39.76,44.39,8.7719,1298408000,1084506000,438143000,452289000,213902000,14146000,2257225000,846119000,44.33,-181000,49.89,30.46
2025-12-28,BHE,1.01,2611664000.0,44.33,None,1.051,31.09,4729000,None,110845000,110845000,-5698000,-2167000,None,None,29637000,None,None,None,4217000,64279000,None,2095623000,2095623000,371887000,None,None,365568000,None,None,26168000,10201000,0.68,0.0152,None,None,None,-0.071,0.05,99280000,125448000,0.57,2009-09-30,112978000,263820000.0,161602000,105814000,25225000,2000000,2000000,None,330000,None,361554000,None,None,None,None,None,16416000,None,None,None,0.037,40707000,62322000,99280000,52831000,36562000,None,None,None,None,None,None,None,1.91,1.444,0.616,None,None,None,None,None,-6335000,None,0.0143,None,94140000,2025-10-29,quarterly,0.62,USD,post-market,None,287272000,0.0298,0.0337,0.035,72.64,62322000,None,None,215960000,39.76,44.39,8.7719,1298408000,1084506000,438143000,452289000,213902000,14146000,2257225000,846119000,44.33,-181000,49.89,30.46
2025-12-28,BHE,1.01,2611664000.0,44.33,None,1.051,31.09,4908000,None,110845000,110845000,-3099000,-15225000,None,None,33235000,None,None,None,4217000,64279000,None,2095623000,2095623000,371887000,None,None,365568000,None,None,26168000,9820000,0.68,0.0152,None,None,None,-0.071,0.05,99280000,125448000,0.57,2009-06-30,112978000,263820000.0,161602000,105814000,25225000,2000000,2000000,None,330000,None,361554000,None,None,None,None,None,11555000,None,None,None,0.037,12597000,62322000,99280000,52831000,36562000,None,None,None,None,None,None,None,1.91,1.444,0.616,None,None,None,None,None,-3689000,None,0.0143,None,94140000,2025-10-29,quarterly,0.62,USD,post-market,None,287272000,0.0298,0.0337,0.035,72.64,62322000,None,None,215960000,39.76,44.39,8.7719,1298408000,1084506000,438143000,452289000,213902000,14146000,2257225000,846119000,44.33,-181000,49.89,30.46
2025-12-28,BHE,1.01,2611664000.0,44.33,None,1.051,31.09,16033000,None,110845000,110845000,98000,-15773000,None,None,-3745000,None,None,None,4217000,64279000,None,2095623000,2095623000,371887000,None,None,365568000,None,None,26168000,9661000,0.68,0.0152,None,None,None,-0.071,0.05,99280000,125448000,0.57,2009-03-31,112978000,263820000.0,161602000,105814000,25225000,2000000,2000000,None,330000,None,361554000,None,None,None,None,None,9238000,None,None,None,0.037,64196000,62322000,99280000,52831000,36562000,None,None,None,None,None,None,None,1.91,1.444,0.616,None,None,None,None,None,None,None,0.0143,None,94140000,2025-10-29,quarterly,0.62,USD,post-market,None,287272000,0.0298,0.0337,0.035,72.64,62322000,None,None,215960000,39.76,44.39,8.7719,1298408000,1084506000,438143000,452289000,213902000,14146000,2257225000,846119000,44.33,-181000,49.89,30.46
2025-12-28,BHE,1.01,2611664000.0,44.33,None,1.051,31.09,11031000,None,110845000,110845000,-6723000,-10775000,None,None,17930000,None,None,None,4217000,64279000,None,2095623000,2095623000,371887000,None,None,365568000,None,None,26168000,10339000,0.68,0.0152,None,None,None,-0.071,0.05,99280000,125448000,0.57,2008-12-31,112978000,263820000.0,161602000,105814000,25225000,2000000,2000000,None,330000,None,361554000,None,None,None,None,None,-204608000,None,None,None,0.037,38704000,62322000,99280000,52831000,36562000,None,None,None,None,None,None,None,1.91,1.444,0.616,None,None,None,None,None,-6760000,None,0.0143,None,94140000,2025-10-29,quarterly,0.62,USD,post-market,None,287272000,0.0298,0.0337,0.035,72.64,62322000,None,None,215960000,39.76,44.39,8.7719,1298408000,1084506000,438143000,452289000,213902000,14146000,2257225000,846119000,44.33,-181000,49.89,30.46
2025-12-28,BHE,1.01,2611664000.0,44.33,None,1.051,31.09,6508000,None,110845000,110845000,-20196000,-767000,None,None,27308000,None,None,None,4217000,64279000,None,2095623000,2095623000,371887000,None,None,365568000,None,None,26168000,10122000,0.68,0.0152,None,None,None,-0.071,0.05,99280000,125448000,0.57,2008-09-30,112978000,263820000.0,161602000,105814000,25225000,2000000,2000000,None,330000,None,361554000,None,None,None,None,None,23925000,None,None,None,0.037,76458000,62322000,99280000,52831000,36562000,None,None,None,None,None,None,None,1.91,1.444,0.616,None,None,None,None,None,-20434000,None,0.0143,None,94140000,2025-10-29,quarterly,0.62,USD,post-market,None,287272000,0.0298,0.0337,0.035,72.64,62322000,None,None,215960000,39.76,44.39,8.7719,1298408000,1084506000,438143000,452289000,213902000,14146000,2257225000,846119000,44.33,-181000,49.89,30.46
2025-12-28,BHE,1.01,2611664000.0,44.33,None,1.051,31.09,10031000,None,110845000,110845000,-27337000,12223000,None,None,4523000,None,None,None,4217000,64279000,None,2095623000,2095623000,371887000,None,None,365568000,None,None,26168000,10116000,0.68,0.0152,None,None,None,-0.071,0.05,99280000,125448000,0.57,2008-06-30,112978000,263820000.0,161602000,105814000,25225000,2000000,2000000,None,330000,None,361554000,None,None,None,None,None,22432000,None,None,None,0.037,2282000,62322000,99280000,52831000,36562000,None,None,None,None,None,None,None,1.91,1.444,0.616,None,None,None,None,None,-29794000,None,0.0143,None,94140000,2025-10-29,quarterly,0.62,USD,post-market,None,287272000,0.0298,0.0337,0.035,72.64,62322000,None,None,215960000,39.76,44.39,8.7719,1298408000,1084506000,438143000,452289000,213902000,14146000,2257225000,846119000,44.33,-181000,49.89,30.46
2025-12-28,BHE,1.01,2611664000.0,44.33,None,1.051,31.09,8574000,None,110845000,110845000,-36965000,92807000,None,None,-33776000,None,None,None,4217000,64279000,None,2095623000,2095623000,371887000,None,None,365568000,None,None,26168000,10091000,0.68,0.0152,None,None,None,-0.071,0.05,99280000,125448000,0.57,2008-03-31,112978000,263820000.0,161602000,105814000,25225000,2000000,2000000,None,330000,None,361554000,None,None,None,None,None,22619000,None,None,None,0.037,46093000,62322000,99280000,52831000,36562000,None,None,None,None,None,None,None,1.91,1.444,0.616,None,None,None,None,None,-36845000,None,0.0143,None,94140000,2025-10-29,quarterly,0.62,USD,post-market,None,287272000,0.0298,0.0337,0.035,72.64,62322000,None,None,215960000,39.76,44.39,8.7719,1298408000,1084506000,438143000,452289000,213902000,14146000,2257225000,846119000,44.33,-181000,49.89,30.46
2025-12-28,BHE,1.01,2611664000.0,44.33,None,1.051,31.09,6689000,None,110845000,110845000,-50617000,29327000,None,None,20986000,None,None,None,4217000,64279000,None,2095623000,2095623000,371887000,None,None,365568000,None,None,26168000,11129000,0.68,0.0152,None,None,None,-0.071,0.05,99280000,125448000,0.57,2007-12-31,112978000,263820000.0,161602000,105814000,25225000,2000000,2000000,None,330000,None,361554000,None,None,None,None,None,20876000,None,None,None,0.037,55373000,62322000,99280000,52831000,36562000,None,None,None,None,None,None,None,1.91,1.444,0.616,None,None,None,None,None,-50562000,None,0.0143,None,94140000,2025-10-29,quarterly,0.62,USD,post-market,None,287272000,0.0298,0.0337,0.035,72.64,62322000,None,None,215960000,39.76,44.39,8.7719,1298408000,1084506000,438143000,452289000,213902000,14146000,2257225000,846119000,44.33,-181000,49.89,30.46
2025-12-28,BHE,1.01,2611664000.0,44.33,None,1.051,31.09,3046000,None,110845000,110845000,1362000,-65812000,None,None,9950000,None,None,None,4217000,64279000,None,2095623000,2095623000,371887000,None,None,365568000,None,None,26168000,11232000,0.68,0.0152,None,None,None,-0.071,0.05,99280000,125448000,0.57,2007-09-30,112978000,263820000.0,161602000,105814000,25225000,2000000,2000000,None,330000,None,361554000,None,None,None,None,None,22009000,None,None,None,0.037,65979000,62322000,99280000,52831000,36562000,None,None,None,None,None,None,None,1.91,1.444,0.616,None,None,None,None,None,None,None,0.0143,None,94140000,2025-10-29,quarterly,0.62,USD,post-market,None,287272000,0.0298,0.0337,0.035,72.64,62322000,None,None,215960000,39.76,44.39,8.7719,1298408000,1084506000,438143000,452289000,213902000,14146000,2257225000,846119000,44.33,-181000,49.89,30.46
2025-12-28,BHE,1.01,2611664000.0,44.33,None,1.051,31.09,3259000,None,110845000,110845000,-21000,-57516000,None,None,79668000,None,None,None,4217000,64279000,None,2095623000,2095623000,371887000,None,None,365568000,None,None,26168000,10142000,0.68,0.0152,None,None,None,-0.071,0.05,99280000,125448000,0.57,2007-06-30,112978000,263820000.0,161602000,105814000,25225000,2000000,2000000,None,330000,None,361554000,None,None,None,None,None,25921000,None,None,None,0.037,66211000,62322000,99280000,52831000,36562000,None,None,None,None,None,None,None,1.91,1.444,0.616,None,None,None,None,None,None,None,0.0143,None,94140000,2025-10-29,quarterly,0.62,USD,post-market,None,287272000,0.0298,0.0337,0.035,72.64,62322000,None,None,215960000,39.76,44.39,8.7719,1298408000,1084506000,438143000,452289000,213902000,14146000,2257225000,846119000,44.33,-181000,49.89,30.46
2025-12-28,BHE,1.01,2611664000.0,44.33,None,1.051,31.09,7578000,None,110845000,110845000,-65217000,-3065000,None,None,24177000,None,None,None,4217000,64279000,None,2095623000,2095623000,371887000,None,None,365568000,None,None,26168000,10629000,0.68,0.0152,None,None,None,-0.071,0.05,99280000,125448000,0.57,2007-03-31,112978000,263820000.0,161602000,105814000,25225000,2000000,2000000,None,330000,None,361554000,None,None,None,None,None,24476000,None,None,None,0.037,94543000,62322000,99280000,52831000,36562000,None,None,None,None,None,None,None,1.91,1.444,0.616,None,None,None,None,None,None,None,0.0143,None,94140000,2025-10-29,quarterly,0.62,USD,post-market,None,287272000,0.0298,0.0337,0.035,72.64,62322000,None,None,215960000,39.76,44.39,8.7719,1298408000,1084506000,438143000,452289000,213902000,14146000,2257225000,846119000,44.33,-181000,49.89,30.46
2025-12-28,BHE,1.01,2611664000.0,44.33,None,1.051,31.09,14290000,None,110845000,110845000,586000,36099000,None,None,111832000,None,None,None,4217000,64279000,None,2095623000,2095623000,371887000,None,None,365568000,None,None,26168000,7419000,0.68,0.0152,66000,66000,None,-0.071,0.05,99280000,125448000,0.57,2006-12-31,112978000,263820000.0,161602000,105814000,25225000,2000000,2000000,None,330000,None,361554000,None,None,None,None,None,28295000,None,None,None,0.037,-27005000,62322000,99280000,52831000,36562000,None,None,None,None,None,None,None,1.91,1.444,0.616,None,None,None,None,None,None,None,0.0143,None,94140000,2025-10-29,quarterly,0.62,USD,post-market,None,287272000,0.0298,0.0337,0.035,72.64,62322000,None,None,215960000,39.76,44.39,8.7719,1298408000,1084506000,438143000,452289000,213902000,14146000,2257225000,846119000,44.33,-181000,49.89,30.46
2025-12-28,BHE,1.01,2611664000.0,44.33,None,1.051,31.09,7959000,None,110845000,110845000,3282000,24264000,None,None,-51404000,None,None,None,4217000,64279000,None,2095623000,2095623000,371887000,None,None,365568000,None,None,26168000,6979000,0.68,0.0152,66000,66000,None,-0.071,0.05,99280000,125448000,0.57,2006-09-30,112978000,263820000.0,161602000,105814000,25225000,2000000,2000000,None,330000,None,361554000,None,None,None,None,None,29336000,None,None,None,0.037,-12681000,62322000,99280000,52831000,36562000,None,None,None,None,None,None,None,1.91,1.444,0.616,None,None,None,None,None,None,None,0.0143,None,94140000,2025-10-29,quarterly,0.62,USD,post-market,None,287272000,0.0298,0.0337,0.035,72.64,62322000,None,None,215960000,39.76,44.39,8.7719,1298408000,1084506000,438143000,452289000,213902000,14146000,2257225000,846119000,44.33,-181000,49.89,30.46
2025-12-28,BHE,1.01,2611664000.0,44.33,None,1.051,31.09,12814000,None,110845000,110845000,5143000,-23437000,None,None,-77378000,None,None,None,4217000,64279000,None,2095623000,2095623000,371887000,None,None,365568000,None,None,26168000,6577000,0.68,0.0152,66000,66000,None,-0.071,0.05,99280000,125448000,0.57,2006-06-30,112978000,263820000.0,161602000,105814000,25225000,2000000,2000000,None,330000,None,361554000,None,None,None,None,None,27524000,None,None,None,0.037,1892000,62322000,99280000,52831000,36562000,None,None,None,None,None,None,None,1.91,1.444,0.616,None,None,None,None,None,None,None,0.0143,None,94140000,2025-10-29,quarterly,0.62,USD,post-market,None,287272000,0.0298,0.0337,0.035,72.64,62322000,None,None,215960000,39.76,44.39,8.7719,1298408000,1084506000,438143000,452289000,213902000,14146000,2257225000,846119000,44.33,-181000,49.89,30.46
2025-12-28,BHE,1.01,2611664000.0,44.33,None,1.051,31.09,9555000,None,110845000,110845000,12256000,34410000,None,None,-41456000,None,None,None,4217000,64279000,None,2095623000,2095623000,371887000,None,None,365568000,None,None,26168000,6403000,0.68,0.0152,66000,66000,None,-0.071,0.05,99280000,125448000,0.57,2006-03-31,112978000,263820000.0,161602000,105814000,25225000,2000000,2000000,None,330000,None,361554000,None,None,None,None,None,26522000,None,None,None,0.037,-42705000,62322000,99280000,52831000,36562000,None,None,None,None,None,None,None,1.91,1.444,0.616,None,None,None,None,None,None,None,0.0143,None,94140000,2025-10-29,quarterly,0.62,USD,post-market,None,287272000,0.0298,0.0337,0.035,72.64,62322000,None,None,215960000,39.76,44.39,8.7719,1298408000,1084506000,438143000,452289000,213902000,14146000,2257225000,846119000,44.33,-181000,49.89,30.46
2025-12-28,BHE,1.01,2611664000.0,44.33,None,1.051,31.09,12384000,None,110845000,110845000,3887000,-33017000,None,None,-44237000,None,None,None,4217000,64279000,None,2095623000,2095623000,371887000,None,None,365568000,None,None,26168000,6508000,0.68,0.0152,None,None,None,-0.071,0.05,99280000,125448000,0.57,2005-12-31,112978000,263820000.0,161602000,105814000,25225000,2000000,2000000,None,330000,None,361554000,None,None,None,None,None,24655000,None,None,None,0.037,15142000,62322000,99280000,52831000,36562000,None,None,None,None,None,None,None,1.91,1.444,0.616,None,None,None,None,None,None,None,0.0143,None,94140000,2025-10-29,quarterly,0.62,USD,post-market,None,287272000,0.0298,0.0337,0.035,72.64,62322000,None,None,215960000,39.76,44.39,8.7719,1298408000,1084506000,438143000,452289000,213902000,14146000,2257225000,846119000,44.33,-181000,49.89,30.46
2025-12-28,BHE,1.01,2611664000.0,44.33,None,1.051,31.09,13532000,None,110845000,110845000,2133000,7725000,None,None,-4446000,None,None,None,4217000,64279000,None,2095623000,2095623000,371887000,None,None,365568000,None,None,26168000,6526000,0.68,0.0152,None,None,None,-0.071,0.05,99280000,125448000,0.57,2005-09-30,112978000,263820000.0,161602000,105814000,25225000,2000000,2000000,None,330000,None,361554000,None,None,None,None,None,20307000,None,None,None,0.037,44976000,62322000,99280000,52831000,36562000,None,None,None,None,None,None,None,1.91,1.444,0.616,None,None,None,None,None,None,None,0.0143,None,94140000,2025-10-29,quarterly,0.62,USD,post-market,None,287272000,0.0298,0.0337,0.035,72.64,62322000,None,None,215960000,39.76,44.39,8.7719,1298408000,1084506000,438143000,452289000,213902000,14146000,2257225000,846119000,44.33,-181000,49.89,30.46
2025-12-28,BHE,1.01,2611664000.0,44.33,None,1.051,31.09,33253000,None,110845000,110845000,-109106000,-32767000,None,None,127840000,None,None,None,4217000,64279000,None,2095623000,2095623000,371887000,None,None,365568000,None,None,26168000,45625000,0.68,0.0152,23913000,23913000,None,-0.071,0.05,99280000,125448000,0.57,2024-12-31,112978000,263820000.0,161602000,105814000,25225000,2000000,2000000,None,330000,None,361554000,None,None,None,None,None,64315000,None,None,None,0.037,189225000,62322000,99280000,52831000,36562000,None,None,None,None,None,None,None,1.91,1.444,0.616,None,None,None,None,None,-5100000,None,0.0143,None,94140000,2025-10-29,annual,0.62,USD,post-market,None,287272000,0.0298,0.0337,0.035,72.64,62322000,None,None,215960000,39.76,44.39,8.7719,1298408000,1084506000,438143000,452289000,213902000,14146000,2257225000,846119000,44.33,-181000,49.89,30.46
2025-12-28,BHE,1.01,2611664000.0,44.33,None,1.051,31.09,77739000,None,110845000,110845000,-23578000,-77138000,None,None,45071000,None,None,None,4217000,64279000,None,2095623000,2095623000,371887000,None,None,365568000,None,None,26168000,45410000,0.68,0.0152,23455000,23455000,None,-0.071,0.05,99280000,125448000,0.57,2023-12-31,112978000,263820000.0,161602000,105814000,25225000,2000000,2000000,None,330000,None,361554000,None,None,None,None,None,64315000,None,None,None,0.037,174294000,62322000,99280000,52831000,36562000,None,None,None,None,None,None,None,1.91,1.444,0.616,None,None,None,None,None,-5761000,None,0.0143,None,94140000,2025-10-29,annual,0.62,USD,post-market,None,287272000,0.0298,0.0337,0.035,72.64,62322000,None,None,215960000,39.76,44.39,8.7719,1298408000,1084506000,438143000,452289000,213902000,14146000,2257225000,846119000,44.33,-181000,49.89,30.46
2025-12-28,BHE,1.01,2611664000.0,44.33,None,1.051,31.09,46774000,None,110845000,110845000,159229000,-41174000,-59412000,None,-206247000,None,None,-136014000,4217000,64279000,None,2095623000,2095623000,371887000,None,None,365568000,None,None,26168000,44252000,0.68,0.0152,23156000,23156000,None,-0.071,0.05,99280000,125448000,0.57,2022-12-31,112978000,263820000.0,161602000,105814000,25225000,2000000,2000000,None,330000,None,361554000,None,None,None,None,None,68229000,None,None,None,0.037,-177467000,62322000,99280000,52831000,36562000,None,None,None,None,None,None,None,1.91,1.444,0.616,None,None,None,None,None,-9391000,None,0.0143,None,94140000,2025-10-29,annual,0.62,USD,post-market,None,287272000,0.0298,0.0337,0.035,72.64,62322000,None,None,215960000,39.76,44.39,8.7719,1298408000,1084506000,438143000,452289000,213902000,14146000,2257225000,846119000,44.33,-181000,49.89,30.46
2025-12-28,BHE,1.01,2611664000.0,44.33,None,1.051,31.09,42177000,None,110845000,110845000,-73952000,-41875000,-118449000,None,-197867000,None,None,-47134000,4217000,64279000,None,2095623000,2095623000,371887000,None,None,365568000,None,None,26168000,44152000,0.68,0.0152,23260000,23260000,None,-0.071,0.05,99280000,125448000,0.57,2021-12-31,112978000,263820000.0,161602000,105814000,25225000,2000000,2000000,None,330000,None,361554000,None,None,None,None,None,35770000,None,None,None,0.037,-2622000,62322000,99280000,52831000,36562000,None,None,None,None,None,None,None,1.91,1.444,0.616,None,None,None,None,None,-40216000,None,0.0143,None,94140000,2025-10-29,annual,0.62,USD,post-market,None,287272000,0.0298,0.0337,0.035,72.64,62322000,None,None,215960000,39.76,44.39,8.7719,1298408000,1084506000,438143000,452289000,213902000,14146000,2257225000,846119000,44.33,-181000,49.89,30.46
2025-12-28,BHE,1.01,2611664000.0,44.33,None,1.051,31.09,39519000,None,110845000,110845000,-57526000,-34383000,28529000,None,-10799000,None,None,14310000,4217000,64279000,None,2095623000,2095623000,371887000,None,None,365568000,None,None,26168000,48792000,0.68,0.0152,23041000,23041000,None,-0.071,0.05,99280000,125448000,0.57,2020-12-31,112978000,263820000.0,161602000,105814000,25225000,2000000,2000000,None,330000,None,361554000,None,None,None,None,None,14055000,None,None,None,0.037,120438000,62322000,99280000,52831000,36562000,None,None,None,None,None,None,None,1.91,1.444,0.616,None,None,None,None,None,-25220000,None,0.0143,None,94140000,2025-10-29,annual,0.62,USD,post-market,None,287272000,0.0298,0.0337,0.035,72.64,62322000,None,None,215960000,39.76,44.39,8.7719,1298408000,1084506000,438143000,452289000,213902000,14146000,2257225000,846119000,44.33,-181000,49.89,30.46
2025-12-28,BHE,1.01,2611664000.0,44.33,None,1.051,31.09,35118000,None,110845000,110845000,-152837000,-34863000,-94564000,None,-5238000,None,None,135955000,4217000,64279000,None,2095623000,2095623000,371887000,None,None,365568000,None,None,26168000,48427000,0.68,0.0152,23287000,23287000,None,-0.071,0.05,99280000,125448000,0.57,2019-12-31,112978000,263820000.0,161602000,105814000,25225000,2000000,2000000,None,330000,None,361554000,None,None,None,None,None,23425000,None,None,None,0.037,93136000,62322000,99280000,52831000,36562000,None,None,None,None,None,None,None,1.91,1.444,0.616,None,None,None,None,None,-122110000,None,0.0143,None,94140000,2025-10-29,annual,0.62,USD,post-market,None,287272000,0.0298,0.0337,0.035,72.64,62322000,None,None,215960000,39.76,44.39,8.7719,1298408000,1084506000,438143000,452289000,213902000,14146000,2257225000,846119000,44.33,-181000,49.89,30.46
2025-12-28,BHE,1.01,2611664000.0,44.33,None,1.051,31.09,66732000,None,110845000,110845000,-290967000,-68849000,-284444000,-1315000,-43264000,None,None,-33952000,4217000,64279000,None,2095623000,2095623000,371887000,None,None,365568000,None,None,26168000,51839000,0.68,0.0152,21005000,21005000,None,-0.071,0.05,99280000,125448000,0.57,2018-12-31,112978000,263820000.0,161602000,105814000,25225000,2000000,2000000,None,330000,None,361554000,None,None,None,None,None,22817000,None,None,None,0.037,76687000,62322000,99280000,52831000,36562000,None,None,None,None,None,None,None,1.91,1.444,0.616,None,None,None,None,None,-211858000,None,0.0143,None,94140000,2025-10-29,annual,0.62,USD,post-market,None,287272000,0.0298,0.0337,0.035,72.64,62322000,None,None,215960000,39.76,44.39,8.7719,1298408000,1084506000,438143000,452289000,213902000,14146000,2257225000,846119000,44.33,-181000,49.89,30.46
2025-12-28,BHE,1.01,2611664000.0,44.33,None,1.051,31.09,54506000,None,110845000,110845000,-31352000,-56121000,61113000,2744000,-14015000,None,None,6354000,4217000,64279000,None,2095623000,2095623000,371887000,None,None,365568000,None,None,26168000,48672000,0.68,0.0152,21005000,21005000,None,-0.071,0.05,99280000,125448000,0.57,2017-12-31,112978000,263820000.0,161602000,105814000,25225000,2000000,2000000,None,330000,None,361554000,None,None,None,None,None,-31965000,None,None,None,0.037,145842000,62322000,99280000,52831000,36562000,None,None,None,None,None,None,None,1.91,1.444,0.616,None,None,None,None,None,-29348000,None,0.0143,None,94140000,2025-10-29,annual,0.62,USD,post-market,None,287272000,0.0298,0.0337,0.035,72.64,62322000,None,None,215960000,39.76,44.39,8.7719,1298408000,1084506000,438143000,452289000,213902000,14146000,2257225000,846119000,44.33,-181000,49.89,30.46
2025-12-28,BHE,1.01,2611664000.0,44.33,None,1.051,31.09,32334000,None,110845000,110845000,-34742000,-21245000,215438000,-1095000,27749000,None,None,37573000,4217000,64279000,None,2095623000,2095623000,371887000,None,None,365568000,None,None,26168000,55139000,0.68,0.0152,21005000,21005000,None,-0.071,0.05,99280000,125448000,0.57,2016-12-31,112978000,263820000.0,161602000,105814000,25225000,2000000,2000000,None,330000,None,361554000,None,None,None,None,None,64047000,None,None,None,0.037,272520000,62322000,99280000,52831000,36562000,None,None,None,None,None,None,None,1.91,1.444,0.616,None,None,None,None,None,-41929000,None,0.0143,None,94140000,2025-10-29,annual,0.62,USD,post-market,None,287272000,0.0298,0.0337,0.035,72.64,62322000,None,None,215960000,39.76,44.39,8.7719,1298408000,1084506000,438143000,452289000,213902000,14146000,2257225000,846119000,44.33,-181000,49.89,30.46
2025-12-28,BHE,1.01,2611664000.0,44.33,None,1.051,31.09,38062000,None,110845000,110845000,159637000,-266801000,38619000,-1021000,3974000,None,None,52847000,4217000,64279000,None,2095623000,2095623000,371887000,None,None,365568000,None,None,26168000,49672000,0.68,0.0152,21005000,21005000,None,-0.071,0.05,99280000,125448000,0.57,2015-12-31,112978000,263820000.0,161602000,105814000,25225000,2000000,2000000,None,330000,None,361554000,None,None,None,None,None,95401000,None,None,None,0.037,146804000,62322000,99280000,52831000,36562000,None,None,None,None,None,None,None,1.91,1.444,0.616,None,None,None,None,None,-68365000,None,0.0143,None,94140000,2025-10-29,annual,0.62,USD,post-market,None,287272000,0.0298,0.0337,0.035,72.64,62322000,None,None,215960000,39.76,44.39,8.7719,1298408000,1084506000,438143000,452289000,213902000,14146000,2257225000,846119000,44.33,-181000,49.89,30.46
2025-12-28,BHE,1.01,2611664000.0,44.33,None,1.051,31.09,45389000,None,110845000,110845000,-24881000,-27476000,81821000,-2483000,-6153000,None,None,37862000,4217000,64279000,None,2095623000,2095623000,371887000,None,None,365568000,None,None,26168000,46449000,0.68,0.0152,0,0,None,-0.071,0.05,99280000,125448000,0.57,2014-12-31,112978000,263820000.0,161602000,105814000,25225000,2000000,2000000,None,330000,None,361554000,None,None,None,None,None,82442000,None,None,None,0.037,136661000,62322000,99280000,52831000,36562000,None,None,None,None,None,None,None,1.91,1.444,0.616,None,None,None,None,None,-43800000,None,0.0143,None,94140000,2025-10-29,annual,0.62,USD,post-market,None,287272000,0.0298,0.0337,0.035,72.64,62322000,None,None,215960000,39.76,44.39,8.7719,1298408000,1084506000,438143000,452289000,213902000,14146000,2257225000,846119000,44.33,-181000,49.89,30.46
2025-12-28,BHE,1.01,2611664000.0,44.33,None,1.051,31.09,28737000,None,110845000,110845000,-30108000,-108717000,-39024000,724000,-17832000,None,None,-56633000,4217000,64279000,None,2095623000,2095623000,371887000,None,None,365568000,None,None,26168000,40942000,0.68,0.0152,0,0,None,-0.071,0.05,99280000,125448000,0.57,2013-12-31,112978000,263820000.0,161602000,105814000,25225000,2000000,2000000,None,330000,None,361554000,None,None,None,None,None,111159000,None,None,None,0.037,99077000,62322000,99280000,52831000,36562000,None,None,None,None,None,None,None,1.91,1.444,0.616,None,None,None,None,None,-41168000,None,0.0143,None,94140000,2025-10-29,annual,0.62,USD,post-market,None,287272000,0.0298,0.0337,0.035,72.64,62322000,None,None,215960000,39.76,44.39,8.7719,1298408000,1084506000,438143000,452289000,213902000,14146000,2257225000,846119000,44.33,-181000,49.89,30.46
2025-12-28,BHE,1.01,2611664000.0,44.33,None,1.051,31.09,49035000,None,110845000,110845000,-43723000,-9492000,100659000,2727000,66089000,None,None,-34359000,4217000,64279000,None,2095623000,2095623000,371887000,None,None,365568000,None,None,26168000,35713000,0.68,0.0152,0,0,None,-0.071,0.05,99280000,125448000,0.57,2012-12-31,112978000,263820000.0,161602000,105814000,25225000,2000000,2000000,None,330000,None,361554000,None,None,None,None,None,56607000,None,None,None,0.037,151147000,62322000,99280000,52831000,36562000,None,None,None,None,None,None,None,1.91,1.444,0.616,None,None,None,None,None,-47106000,None,0.0143,None,94140000,2025-10-29,annual,0.62,USD,post-market,None,287272000,0.0298,0.0337,0.035,72.64,62322000,None,None,215960000,39.76,44.39,8.7719,1298408000,1084506000,438143000,452289000,213902000,14146000,2257225000,846119000,44.33,-181000,49.89,30.46
2025-12-28,BHE,1.01,2611664000.0,44.33,None,1.051,31.09,71997000,None,110845000,110845000,-54087000,-60478000,-62425000,-2644000,-72666000,None,None,27703000,4217000,64279000,None,2095623000,2095623000,371887000,None,None,365568000,None,None,26168000,35484000,0.68,0.0152,0,0,None,-0.071,0.05,99280000,125448000,0.57,2011-12-31,112978000,263820000.0,161602000,105814000,25225000,2000000,2000000,None,330000,None,361554000,None,None,None,None,None,51959000,None,None,None,0.037,54784000,62322000,99280000,52831000,36562000,None,None,None,None,None,None,None,1.91,1.444,0.616,None,None,None,None,None,-56281000,None,0.0143,None,94140000,2025-10-29,annual,0.62,USD,post-market,None,287272000,0.0298,0.0337,0.035,72.64,62322000,None,None,215960000,39.76,44.39,8.7719,1298408000,1084506000,438143000,452289000,213902000,14146000,2257225000,846119000,44.33,-181000,49.89,30.46
2025-12-28,BHE,1.01,2611664000.0,44.33,None,1.051,31.09,36039000,None,110845000,110845000,-54727000,-24857000,-74898000,-480000,-48158000,None,None,-40190000,4217000,64279000,None,2095623000,2095623000,371887000,None,None,365568000,None,None,26168000,39830000,0.68,0.0152,0,0,None,-0.071,0.05,99280000,125448000,0.57,2010-12-31,112978000,263820000.0,161602000,105814000,25225000,2000000,2000000,None,330000,None,361554000,None,None,None,None,None,81035000,None,None,None,0.037,5166000,62322000,99280000,52831000,36562000,None,None,None,None,None,None,None,1.91,1.444,0.616,None,None,None,None,None,-58855000,None,0.0143,None,94140000,2025-10-29,annual,0.62,USD,post-market,None,287272000,0.0298,0.0337,0.035,72.64,62322000,None,None,215960000,39.76,44.39,8.7719,1298408000,1084506000,438143000,452289000,213902000,14146000,2257225000,846119000,44.33,-181000,49.89,30.46
2025-12-28,BHE,1.01,2611664000.0,44.33,None,1.051,31.09,33696000,None,110845000,110845000,-24368000,-40533000,None,None,36515000,None,None,None,4217000,64279000,None,2095623000,2095623000,371887000,None,None,365568000,None,None,26168000,39807000,0.68,0.0152,None,None,None,-0.071,0.05,99280000,125448000,0.57,2009-12-31,112978000,263820000.0,161602000,105814000,25225000,2000000,2000000,None,330000,None,361554000,None,None,None,None,None,53895000,None,None,None,0.037,123570000,62322000,99280000,52831000,36562000,None,None,None,None,None,None,None,1.91,1.444,0.616,None,None,None,None,None,-27919000,None,0.0143,None,94140000,2025-10-29,annual,0.62,USD,post-market,None,287272000,0.0298,0.0337,0.035,72.64,62322000,None,None,215960000,39.76,44.39,8.7719,1298408000,1084506000,438143000,452289000,213902000,14146000,2257225000,846119000,44.33,-181000,49.89,30.46
2025-12-28,BHE,1.01,2611664000.0,44.33,None,1.051,31.09,36144000,None,110845000,110845000,-91221000,93488000,None,None,15985000,None,None,None,4217000,64279000,None,2095623000,2095623000,371887000,None,None,365568000,None,None,26168000,40668000,0.68,0.0152,None,None,None,-0.071,0.05,99280000,125448000,0.57,2008-12-31,112978000,263820000.0,161602000,105814000,25225000,2000000,2000000,None,330000,None,361554000,None,None,None,None,None,-135632000,None,None,None,0.037,163537000,62322000,99280000,52831000,36562000,None,None,None,None,None,None,None,1.91,1.444,0.616,None,None,None,None,None,-93833000,None,0.0143,None,94140000,2025-10-29,annual,0.62,USD,post-market,None,287272000,0.0298,0.0337,0.035,72.64,62322000,None,None,215960000,39.76,44.39,8.7719,1298408000,1084506000,438143000,452289000,213902000,14146000,2257225000,846119000,44.33,-181000,49.89,30.46
2025-12-28,BHE,1.01,2611664000.0,44.33,None,1.051,31.09,20572000,None,110845000,110845000,-114493000,-97066000,None,None,134781000,None,None,None,4217000,64279000,None,2095623000,2095623000,371887000,None,None,365568000,None,None,26168000,43132000,0.68,0.0152,None,None,None,-0.071,0.05,99280000,125448000,0.57,2007-12-31,112978000,263820000.0,161602000,105814000,25225000,2000000,2000000,None,330000,None,361554000,None,None,None,None,None,93282000,None,None,None,0.037,282106000,62322000,99280000,52831000,36562000,None,None,None,None,None,None,None,1.91,1.444,0.616,None,None,None,None,None,-52969000,None,0.0143,None,94140000,2025-10-29,annual,0.62,USD,post-market,None,287272000,0.0298,0.0337,0.035,72.64,62322000,None,None,215960000,39.76,44.39,8.7719,1298408000,1084506000,438143000,452289000,213902000,14146000,2257225000,846119000,44.33,-181000,49.89,30.46
2025-12-28,BHE,1.01,2611664000.0,44.33,None,1.051,31.09,44618000,None,110845000,110845000,21267000,71336000,None,None,-58406000,None,None,None,4217000,64279000,None,2095623000,2095623000,371887000,None,None,365568000,None,None,26168000,27378000,0.68,0.0152,66000,66000,None,-0.071,0.05,99280000,125448000,0.57,2006-12-31,112978000,263820000.0,161602000,105814000,25225000,2000000,2000000,None,330000,None,361554000,None,None,None,None,None,111677000,None,None,None,0.037,-80499000,62322000,99280000,52831000,36562000,None,None,None,None,None,None,None,1.91,1.444,0.616,None,None,None,None,None,None,None,0.0143,None,94140000,2025-10-29,annual,0.62,USD,post-market,None,287272000,0.0298,0.0337,0.035,72.64,62322000,None,None,215960000,39.76,44.39,8.7719,1298408000,1084506000,438143000,452289000,213902000,14146000,2257225000,846119000,44.33,-181000,49.89,30.46
2025-12-28,BHE,1.01,2611664000.0,44.33,None,1.051,31.09,46404000,None,110845000,110845000,7671000,-21591000,None,None,-104313000,None,None,None,4217000,64279000,None,2095623000,2095623000,371887000,None,None,365568000,None,None,26168000,26168000,0.68,0.0152,None,None,None,-0.071,0.05,99280000,125448000,0.57,2005-12-31,112978000,263820000.0,161602000,105814000,25225000,2000000,2000000,None,330000,None,361554000,None,None,None,None,None,80589000,None,None,None,0.037,-1729000,62322000,99280000,52831000,36562000,None,None,None,None,None,None,None,1.91,1.444,0.616,None,None,None,None,None,None,None,0.0143,None,94140000,2025-10-29,annual,0.62,USD,post-market,None,287272000,0.0298,0.0337,0.035,72.64,62322000,None,None,215960000,39.76,44.39,8.7719,1298408000,1084506000,438143000,452289000,213902000,14146000,2257225000,846119000,44.33,-181000,49.89,30.46
