date,symbol,eps,revenue_ttm,pe_ratio,accumulateddepreciationamortizationppe,beta,book_value,capitalexpenditures,capitalleaseobligations,cashandcashequivalentsatcarryingvalue,cashandshortterminvestments,cashflowfromfinancing,cashflowfrominvestment,changeincashandcashequivalents,changeinexchangerate,changeininventory,changeinoperatingassets,changeinoperatingliabilities,changeinreceivables,commonstock,commonstocksharesoutstanding,comprehensiveincomenetoftax,costofgoodsandservicessold,costofrevenue,currentaccountspayable,currentdebt,currentlongtermdebt,currentnetreceivables,deferredrevenue,depreciation,depreciationandamortization,depreciationdepletionandamortization,dividendpayout,dividendpayoutcommonstock,dividendpayoutpreferredstock,earnings_growth_yoy,earnings_surprise,ebit,ebitda,estimated_eps,fiscaldateending,forward_pe,goodwill,gross_profit_ttm,grossprofit,incomebeforetax,incometaxexpense,intangibleassets,intangibleassetsexcludinggoodwill,interestanddebtexpense,interestexpense,interestincome,inventory,investmentincomenet,investments,longtermdebt,longtermdebtnoncurrent,longterminvestments,netincome,netincomefromcontinuingoperations,netinterestincome,noninterestincome,operating_margin_ttm,operatingcashflow,operatingexpenses,operatingincome,othercurrentassets,othercurrentliabilities,othernoncurrentassets,othernoncurrentliabilities,othernonoperatingincome,paymentsforoperatingactivities,paymentsforrepurchaseofcommonstock,paymentsforrepurchaseofequity,paymentsforrepurchaseofpreferredstock,peg_ratio,price_to_book,price_to_sales_ttm,proceedsfromissuanceofcommonstock,proceedsfromissuanceoflongtermdebtandcapitalsecuritiesnet,proceedsfromissuanceofpreferredstock,proceedsfromoperatingactivities,proceedsfromrepaymentsofshorttermdebt,proceedsfromrepurchaseofequity,proceedsfromsaleoftreasurystock,profit_margin,profitloss,propertyplantequipment,report_date,report_type,reported_eps,reportedcurrency,reporttime,researchanddevelopment,retainedearnings,return_on_assets_ttm,return_on_equity_ttm,revenue_growth_yoy,revenue_per_share_ttm,sellinggeneralandadministrative,shortlongtermdebttotal,shorttermdebt,shortterminvestments,sma_200,sma_50,surprise_pct,totalassets,totalcurrentassets,totalcurrentliabilities,totalliabilities,totalnoncurrentassets,totalnoncurrentliabilities,totalrevenue,totalshareholderequity,trailing_pe,treasurystock,week_52_high,week_52_low
1996-03-31,BIIB,,,,,,,,,,,,,,,,,,,,,,,,,,,,,,,,,,,,0.08,,,-0.06,,,,,,,,,,,,,,,,,,,,,,,,,,,,,,,,,,,,,,,,,,,,,,,,,1996-05-02,,0.02,,pre-market,,,,,,,,,,,,,133.3333,,,,,,,,,,,,
1996-06-30,BIIB,,,,,,,,,,,,,,,,,,,,,,,,,,,,,,,,,,,,0.0,,,-0.04,,,,,,,,,,,,,,,,,,,,,,,,,,,,,,,,,,,,,,,,,,,,,,,,,1996-07-25,,-0.04,,pre-market,,,,,,,,,,,,,0.0,,,,,,,,,,,,
1996-09-30,BIIB,,,,,,,,,,,,,,,,,,,,,,,,,,,,,,,,,,,,0.01,,,-0.05,,,,,,,,,,,,,,,,,,,,,,,,,,,,,,,,,,,,,,,,,,,,,,,,,1996-10-30,,-0.04,,pre-market,,,,,,,,,,,,,20.0,,,,,,,,,,,,
1996-12-31,BIIB,,,,,,,,,,,,,,,,,,,,,,,,,,,,,,,,,,,,0.03,,,-0.02,,,,,,,,,,,,,,,,,,,,,,,,,,,,,,,,,,,,,,,,,,,,,,,,,1997-02-21,,0.01,,pre-market,,,,,,,,,,,,,150.0,,,,,,,,,,,,
1997-03-31,BIIB,,,,,,,,,,,,,,,,,,,,,,,,,,,,,,,,,,,,0.03,,,-0.05,,,,,,,,,,,,,,,,,,,,,,,,,,,,,,,,,,,,,,,,,,,,,,,,,1997-05-08,,-0.02,,pre-market,,,,,,,,,,,,,60.0,,,,,,,,,,,,
1997-06-30,BIIB,,,,,,,,,,,,,,,,,,,,,,,,,,,,,,,,,,,,0.03,,,-0.07,,,,,,,,,,,,,,,,,,,,,,,,,,,,,,,,,,,,,,,,,,,,,,,,,1997-08-04,,-0.04,,pre-market,,,,,,,,,,,,,42.8571,,,,,,,,,,,,
1997-09-30,BIIB,,,,,,,,,,,,,,,,,,,,,,,,,,,,,,,,,,,,-0.02,,,-0.06,,,,,,,,,,,,,,,,,,,,,,,,,,,,,,,,,,,,,,,,,,,,,,,,,1997-11-11,,-0.08,,pre-market,,,,,,,,,,,,,-33.3333,,,,,,,,,,,,
1997-12-31,BIIB,,,,,,,,,,,,,,,,,,,,,,,,,,,,,,,,,,,,0.01,,,0.05,,,,,,,,,,,,,,,,,,,,,,,,,,,,,,,,,,,,,,,,,,,,,,,,,1998-02-05,,0.06,,pre-market,,,,,,,,,,,,,20.0,,,,,,,,,,,,
1998-03-31,BIIB,,,,,,,,,,,,,,,,,,,,,,,,,,,,,,,,,,,,0.02,,,0.01,,,,,,,,,,,,,,,,,,,,,,,,,,,,,,,,,,,,,,,,,,,,,,,,,1998-04-20,,0.03,,pre-market,,,,,,,,,,,,,200.0,,,,,,,,,,,,
1998-06-30,BIIB,,,,,,,,,,,,,,,,,,,,,,,,,,,,,,,,,,,,0.03,,,0.06,,,,,,,,,,,,,,,,,,,,,,,,,,,,,,,,,,,,,,,,,,,,,,,,,1998-07-20,,0.09,,pre-market,,,,,,,,,,,,,50.0,,,,,,,,,,,,
1998-09-30,BIIB,,,,,,,,,,,,,,,,,,,,,,,,,,,,,,,,,,,,0.03,,,-0.01,,,,,,,,,,,,,,,,,,,,,,,,,,,,,,,,,,,,,,,,,,,,,,,,,1998-10-20,,0.02,,pre-market,,,,,,,,,,,,,300.0,,,,,,,,,,,,
1998-12-31,BIIB,,,,,,,,,,,,,,,,,,,,,,,,,,,,,,,,,,,,0.01,,,0.04,,,,,,,,,,,,,,,,,,,,,,,,,,,,,,,,,,,,,,,,,,,,,,,,,1999-02-09,,0.05,,pre-market,,,,,,,,,,,,,25.0,,,,,,,,,,,,
1999-03-31,BIIB,,,,,,,,,,,,,,,,,,,,,,,,,,,,,,,,,,,,0.01,,,0.03,,,,,,,,,,,,,,,,,,,,,,,,,,,,,,,,,,,,,,,,,,,,,,,,,1999-04-20,,0.04,,pre-market,,,,,,,,,,,,,33.3333,,,,,,,,,,,,
1999-06-30,BIIB,,,,,,,,,,,,,,,,,,,,,,,,,,,,,,,,,,,,0.0,,,0.13,,,,,,,,,,,,,,,,,,,,,,,,,,,,,,,,,,,,,,,,,,,,,,,,,1999-07-22,,0.13,,pre-market,,,,,,,,,,,,,0.0,,,,,,,,,,,,
1999-09-30,BIIB,,,,,,,,,,,,,,,,,,,,,,,,,,,,,,,,,,,,0.0,,,0.07,,,,,,,,,,,,,,,,,,,,,,,,,,,,,,,,,,,,,,,,,,,,,,,,,1999-10-18,,0.07,,pre-market,,,,,,,,,,,,,0.0,,,,,,,,,,,,
1999-12-31,BIIB,,,,,,,,,,,,,,,,,,,,,,,,,,,,,,,,,,,,-0.02,,,0.07,,,,,,,,,,,,,,,,,,,,,,,,,,,,,,,,,,,,,,,,,,,,,,,,,2000-02-02,,0.05,,pre-market,,,,,,,,,,,,,-28.5714,,,,,,,,,,,,
2000-03-31,BIIB,,,,,,,,,,,,,,,,,,,,,,,,,,,,,,,,,,,,0.0,,,0.02,,,,,,,,,,,,,,,,,,,,,,,,,,,,,,,,,,,,,,,,,,,,,,,,,2000-04-20,,0.02,,pre-market,,,,,,,,,,,,,0.0,,,,,,,,,,,,
2000-06-30,BIIB,,,,,,,,,,,,,,,,,,,,,,,,,,,,,,,,,,,,0.01,,,0.08,,,,,,,,,,,,,,,,,,,,,,,,,,,,,,,,,,,,,,,,,,,,,,,,,2000-07-18,,0.09,,pre-market,,,,,,,,,,,,,12.5,,,,,,,,,,,,
2000-09-30,BIIB,,,,,,,,,,,,,,,,,,,,,,,,,,,,,,,,,,,,0.0,,,0.1,,,,,,,,,,,,,,,,,,,,,,,,,,,,,,,,,,,,,,,,,,,,,,,,,2000-10-16,,0.1,,pre-market,,,,,,,,,,,,,0.0,,,,,,,,,,,,
2000-12-31,BIIB,,,,,,,,,,,,,,,,,,,,,,,,,,,,,,,,,,,,0.01,,,0.11,,,,,,,,,,,,,,,,,,,,,,,,,,,,,,,,,,,,,,,,,,,,,,,,,2001-01-29,,0.12,,pre-market,,,,,,,,,,,,,9.0909,,,,,,,,,,,,
2001-03-31,BIIB,,,,,,,,,,,,,,,,,,,,,,,,,,,,,,,,,,,,0.0,,,0.12,,,,,,,,,,,,,,,,,,,,,,,,,,,,,,,,,,,,,,,,,,,,,,,,,2001-04-19,,0.12,,pre-market,,,,,,,,,,,,,0.0,,,,,,,,,,,,
2001-06-30,BIIB,,,,,,,,,,,,,,,,,,,,,,,,,,,,,,,,,,,,0.0,,,0.15,,,,,,,,,,,,,,,,,,,,,,,,,,,,,,,,,,,,,,,,,,,,,,,,,2001-07-19,,0.15,,pre-market,,,,,,,,,,,,,0.0,,,,,,,,,,,,
2001-09-30,BIIB,,,,,,,,,,,,,,,,,,,,,,,,,,,,,,,,,,,,0.0,,,0.16,,,,,,,,,,,,,,,,,,,,,,,,,,,,,,,,,,,,,,,,,,,,,,,,,2001-10-18,,0.16,,pre-market,,,,,,,,,,,,,0.0,,,,,,,,,,,,
2001-12-31,BIIB,,,,,,,,,,,,,,,,,,,,,,,,,,,,,,,,,,,,0.0,,,0.16,,,,,,,,,,,,,,,,,,,,,,,,,,,,,,,,,,,,,,,,,,,,,,,,,2002-01-29,,0.16,,pre-market,,,,,,,,,,,,,0.0,,,,,,,,,,,,
2002-03-31,BIIB,,,,,,,,,,,,,,,,,,,,,,,,,,,,,,,,,,,,0.01,,,0.16,,,,,,,,,,,,,,,,,,,,,,,,,,,,,,,,,,,,,,,,,,,,,,,,,2002-04-18,,0.17,,pre-market,,,,,,,,,,,,,6.25,,,,,,,,,,,,
2002-06-30,BIIB,,,,,,,,,,,,,,,,,,,,,,,,,,,,,,,,,,,,0.01,,,0.19,,,,,,,,,,,,,,,,,,,,,,,,,,,,,,,,,,,,,,,,,,,,,,,,,2002-07-17,,0.2,,pre-market,,,,,,,,,,,,,5.2632,,,,,,,,,,,,
2002-09-30,BIIB,,,,,,,,,,,,,,,,,,,,,,,,,,,,,,,,,,,,0.01,,,0.21,,,,,,,,,,,,,,,,,,,,,,,,,,,,,,,,,,,,,,,,,,,,,,,,,2002-10-16,,0.22,,pre-market,,,,,,,,,,,,,4.7619,,,,,,,,,,,,
2002-12-31,BIIB,,,,,,,,,,,,,,,,,,,,,,,,,,,,,,,,,,,,0.0,,,0.26,,,,,,,,,,,,,,,,,,,,,,,,,,,,,,,,,,,,,,,,,,,,,,,,,2003-01-30,,0.26,,pre-market,,,,,,,,,,,,,0.0,,,,,,,,,,,,
2003-03-31,BIIB,,,,,,,,,,,,,,,,,,,,,,,,,,,,,,,,,,,,0.0,,,0.24,,,,,,,,,,,,,,,,,,,,,,,,,,,,,,,,,,,,,,,,,,,,,,,,,2003-04-15,,0.24,,pre-market,,,,,,,,,,,,,0.0,,,,,,,,,,,,
2003-06-30,BIIB,,,,,,,,,,,,,,,,,,,,,,,,,,,,,,,,,,,,-0.02,,,0.26,,,,,,,,,,,,,,,,,,,,,,,,,,,,,,,,,,,,,,,,,,,,,,,,,2003-07-17,,0.24,,pre-market,,,,,,,,,,,,,-7.6923,,,,,,,,,,,,
2003-09-30,BIIB,,,,,,,,,,,,,,,,,,,,,,,,,,,,,,,,,,,,0.01,,,0.25,,,,,,,,,,,,,,,,,,,,,,,,,,,,,,,,,,,,,,,,,,,,,,,,,2003-10-14,,0.26,,pre-market,,,,,,,,,,,,,4.0,,,,,,,,,,,,
2003-12-31,BIIB,,,,,,,,,,,,,,,,,,,,,,,,,,,,,,,,,,,,-0.08,,,0.32,,,,,,,,,,,,,,,,,,,,,,,,,,,,,,,,,,,,,,,,,,,,,,,,,2004-03-02,,0.24,,pre-market,,,,,,,,,,,,,-25.0,,,,,,,,,,,,
2004-03-31,BIIB,,,,,,,,,,,,,,,,,,,,,,,,,,,,,,,,,,,,0.06,,,0.34,,,,,,,,,,,,,,,,,,,,,,,,,,,,,,,,,,,,,,,,,,,,,,,,,2004-04-30,,0.4,,pre-market,,,,,,,,,,,,,17.6471,,,,,,,,,,,,
2004-06-30,BIIB,,,,,,,,,,,,,,,,,,,,,,,,,,,,,,,,,,,,0.02,,,0.32,,,,,,,,,,,,,,,,,,,,,,,,,,,,,,,,,,,,,,,,,,,,,,,,,2004-07-28,,0.34,,pre-market,,,,,,,,,,,,,6.25,,,,,,,,,,,,
2004-09-30,BIIB,,,,,,,,,,,,,,,,,,,,,,,,,,,,,,,,,,,,0.02,,,0.35,,,,,,,,,,,,,,,,,,,,,,,,,,,,,,,,,,,,,,,,,,,,,,,,,2004-10-27,,0.37,,pre-market,,,,,,,,,,,,,5.7143,,,,,,,,,,,,
2004-12-31,BIIB,,,,,,,,,,,,,,,,,,,,,,,,,,,,,,,,,,,,-0.07,,,0.36,,,,,,,,,,,,,,,,,,,,,,,,,,,,,,,,,,,,,,,,,,,,,,,,,2005-02-07,,0.29,,pre-market,,,,,,,,,,,,,-19.4444,,,,,,,,,,,,
2005-03-31,BIIB,,,,,,,,,,,,,,,,,,,,,,,,,,,,,,,,,,,,-0.06,,,0.36,,,,,,,,,,,,,,,,,,,,,,,,,,,,,,,,,,,,,,,,,,,,,,,,,2005-04-27,,0.3,,pre-market,,,,,,,,,,,,,-16.6667,,,,,,,,,,,,
2005-06-30,BIIB,,,,,,,,,,,,,,,,,,,,,,,,,,,,,,,,,,,,0.07,,,0.36,,,,,,,,,,,,,,,,,,,,,,,,,,,,,,,,,,,,,,,,,,,,,,,,,2005-07-26,,0.43,,pre-market,,,,,,,,,,,,,19.4444,,,,,,,,,,,,
2005-09-30,BIIB,,,,,,,,,,,,,,,,,,,,,,,,,,,,,,,,,,,,-0.06,,,0.42,,,,,,,,,,,,,,,,,,,,,,,,,,,,,,,,,,,,,,,,,,,,,,,,,2005-10-26,,0.36,,pre-market,,,,,,,,,,,,,-14.2857,,,,,,,,,,,,
2005-12-31,BIIB,,,,,,,,,,,,,,,,,,,,,,,,,,,,,,,,,,,,0.01,,,0.47,,,,,,,,,,,,,,,,,,,,,,,,,,,,,,,,,,,,,,,,,,,,,,,,,2006-02-15,,0.48,,pre-market,,,,,,,,,,,,,2.1277,,,,,,,,,,,,
2006-03-31,BIIB,,,,,,,,,,,,,,,,,,,,,,,,,,,,,,,,,,,,0.07,,,0.48,,,,,,,,,,,,,,,,,,,,,,,,,,,,,,,,,,,,,,,,,,,,,,,,,2006-04-26,,0.55,,pre-market,,,,,,,,,,,,,14.5833,,,,,,,,,,,,
2006-06-30,BIIB,,,,,,,,,,,,,,,,,,,,,,,,,,,,,,,,,,,,0.08,,,0.49,,,,,,,,,,,,,,,,,,,,,,,,,,,,,,,,,,,,,,,,,,,,,,,,,2006-07-26,,0.57,,pre-market,,,,,,,,,,,,,16.3265,,,,,,,,,,,,
2006-09-30,BIIB,,,,,,,,,,,,,,,,,,,,,,,,,,,,,,,,,,,,0.11,,,0.49,,,,,,,,,,,,,,,,,,,,,,,,,,,,,,,,,,,,,,,,,,,,,,,,,2006-10-31,,0.6,,pre-market,,,,,,,,,,,,,22.449,,,,,,,,,,,,
2006-12-31,BIIB,,,,,,,,,,,,,,,,,,,,,,,,,,,,,,,,,,,,-0.02,,,0.55,,,,,,,,,,,,,,,,,,,,,,,,,,,,,,,,,,,,,,,,,,,,,,,,,2007-02-15,,0.53,,pre-market,,,,,,,,,,,,,-3.6364,,,,,,,,,,,,
2007-03-31,BIIB,,,,,,,,,,,,,,,,,,,,,,,,,,,,,,,,,,,,-0.02,,,0.61,,,,,,,,,,,,,,,,,,,,,,,,,,,,,,,,,,,,,,,,,,,,,,,,,2007-05-02,,0.59,,pre-market,,,,,,,,,,,,,-3.2787,,,,,,,,,,,,
2007-06-30,BIIB,,,,,,,,,,,,,,,,,,,,,,,,,,,,,,,,,,,,0.07,,,0.63,,,,,,,,,,,,,,,,,,,,,,,,,,,,,,,,,,,,,,,,,,,,,,,,,2007-07-24,,0.7,,pre-market,,,,,,,,,,,,,11.1111,,,,,,,,,,,,
2007-09-30,BIIB,,,,,,,,,,,,,,,,,,,,,,,,,,,,,,,,,,,,-0.07,,,0.65,,,,,,,,,,,,,,,,,,,,,,,,,,,,,,,,,,,,,,,,,,,,,,,,,2007-10-23,,0.58,,pre-market,,,,,,,,,,,,,-10.7692,,,,,,,,,,,,
2007-12-31,BIIB,,,,,,,,,,,,,,,,,,,,,,,,,,,,,,,,,,,,0.09,,,0.8,,,,,,,,,,,,,,,,,,,,,,,,,,,,,,,,,,,,,,,,,,,,,,,,,2008-02-06,,0.89,,pre-market,,,,,,,,,,,,,11.25,,,,,,,,,,,,
2008-03-31,BIIB,,,,,,,,,,,,,,,,,,,,,,,,,,,,,,,,,,,,0.04,,,0.79,,,,,,,,,,,,,,,,,,,,,,,,,,,,,,,,,,,,,,,,,,,,,,,,,2008-04-23,,0.83,,pre-market,,,,,,,,,,,,,5.0633,,,,,,,,,,,,
2008-06-30,BIIB,,,,,,,,,,,,,,,,,,,,,,,,,,,,,,,,,,,,0.06,,,0.85,,,,,,,,,,,,,,,,,,,,,,,,,,,,,,,,,,,,,,,,,,,,,,,,,2008-07-22,,0.91,,pre-market,,,,,,,,,,,,,7.0588,,,,,,,,,,,,
2008-09-30,BIIB,,,,,,,,,,,,,,,,,,,,,,,,,,,,,,,,,,,,0.08,,,0.9,,,,,,,,,,,,,,,,,,,,,,,,,,,,,,,,,,,,,,,,,,,,,,,,,2008-10-21,,0.98,,pre-market,,,,,,,,,,,,,8.8889,,,,,,,,,,,,
2008-12-31,BIIB,,,,,,,,,,,,,,,,,,,,,,,,,,,,,,,,,,,,0.0,,,0.93,,,,,,,,,,,,,,,,,,,,,,,,,,,,,,,,,,,,,,,,,,,,,,,,,2009-02-06,,0.93,,pre-market,,,,,,,,,,,,,0.0,,,,,,,,,,,,
2009-03-31,BIIB,,,,,,,,,,,,,,,,,,,,,,,,,,,,,,,,,,,,0.05,,,1.0,,,,,,,,,,,,,,,,,,,,,,,,,,,,,,,,,,,,,,,,,,,,,,,,,2009-04-16,,1.05,,pre-market,,,,,,,,,,,,,5.0,,,,,,,,,,,,
2009-06-30,BIIB,,,,,,,,,,,,,,,,,,,,,,,,,,,,,,,,,,,,0.07,,,0.68,,,,,,,,,,,,,,,,,,,,,,,,,,,,,,,,,,,,,,,,,,,,,,,,,2009-07-16,,0.75,,pre-market,,,,,,,,,,,,,10.2941,,,,,,,,,,,,
2009-09-30,BIIB,,,,,,,,,,,,,,,,,,,,,,,,,,,,,,,,,,,,0.08,,,1.04,,,,,,,,,,,,,,,,,,,,,,,,,,,,,,,,,,,,,,,,,,,,,,,,,2009-10-20,,1.12,,pre-market,,,,,,,,,,,,,7.6923,,,,,,,,,,,,
2009-12-31,BIIB,,,,,,,,,,,,,,,,,,,,,,,,,,,,,,,,,,,,0.15,,,1.05,,,,,,,,,,,,,,,,,,,,,,,,,,,,,,,,,,,,,,,,,,,,,,,,,2010-02-09,,1.2,,pre-market,,,,,,,,,,,,,14.2857,,,,,,,,,,,,
2010-03-31,BIIB,,,,,,,,,,,,,,,,,,,,,,,,,,,,,,,,,,,,-0.05,,,1.13,,,,,,,,,,,,,,,,,,,,,,,,,,,,,,,,,,,,,,,,,,,,,,,,,2010-04-20,,1.08,,pre-market,,,,,,,,,,,,,-4.4248,,,,,,,,,,,,
2010-06-30,BIIB,,,,,,,,,,,,,,,,,,,,,,,,,,,,,,,,,,,,0.19,,,1.12,,,,,,,,,,,,,,,,,,,,,,,,,,,,,,,,,,,,,,,,,,,,,,,,,2010-07-20,,1.31,,pre-market,,,,,,,,,,,,,16.9643,,,,,,,,,,,,
2010-09-30,BIIB,,,,,,,,,,,,,,,,,,,,,,,,,,,,,,,,,,,,0.13,,,1.22,,,,,,,,,,,,,,,,,,,,,,,,,,,,,,,,,,,,,,,,,,,,,,,,,2010-10-26,,1.35,,pre-market,,,,,,,,,,,,,10.6557,,,,,,,,,,,,
2010-12-31,BIIB,,,,,,,,,,,,,,,,,,,,,,,,,,,,,,,,,,,,0.19,,,1.23,,,,,,,,,,,,,,,,,,,,,,,,,,,,,,,,,,,,,,,,,,,,,,,,,2011-02-01,,1.42,,pre-market,,,,,,,,,,,,,15.4472,,,,,,,,,,,,
2011-03-31,BIIB,,,,,,,,,,,,,,,,,,,,,,,,,,,,,,,,,,,,0.02,,,1.41,,,,,,,,,,,,,,,,,,,,,,,,,,,,,,,,,,,,,,,,,,,,,,,,,2011-04-21,,1.43,,pre-market,,,,,,,,,,,,,1.4184,,,,,,,,,,,,
2011-06-30,BIIB,,,,,,,,,,,,,,,,,,,,,,,,,,,,,,,,,,,,-0.01,,,1.37,,,,,,,,,,,,,,,,,,,,,,,,,,,,,,,,,,,,,,,,,,,,,,,,,2011-07-26,,1.36,,pre-market,,,,,,,,,,,,,-0.7299,,,,,,,,,,,,
2011-09-30,BIIB,,,,,,,,,,,,,,,,,,,,,,,,,,,,,,,,,,,,0.08,,,1.53,,,,,,,,,,,,,,,,,,,,,,,,,,,,,,,,,,,,,,,,,,,,,,,,,2011-10-28,,1.61,,pre-market,,,,,,,,,,,,,5.2288,,,,,,,,,,,,
2011-12-31,BIIB,,,,,,,,,,,,,,,,,,,,,,,,,,,,,,,,,,,,0.02,,,1.49,,,,,,,,,,,,,,,,,,,,,,,,,,,,,,,,,,,,,,,,,,,,,,,,,2012-01-31,,1.51,,pre-market,,,,,,,,,,,,,1.3423,,,,,,,,,,,,
2012-03-31,BIIB,,,,,,,,,,,,,,,,,,,,,,,,,,,,,,,,,,,,-0.08,,,1.48,,,,,,,,,,,,,,,,,,,,,,,,,,,,,,,,,,,,,,,,,,,,,,,,,2012-05-01,,1.4,,pre-market,,,,,,,,,,,,,-5.4054,,,,,,,,,,,,
2012-06-30,BIIB,,,,,,,,,,,,,,,,,,,,,,,,,,,,,,,,,,,,0.26,,,1.56,,,,,,,,,,,,,,,,,,,,,,,,,,,,,,,,,,,,,,,,,,,,,,,,,2012-07-24,,1.82,,pre-market,,,,,,,,,,,,,16.6667,,,,,,,,,,,,
2012-09-30,BIIB,,,,,,,,,,,,,,,,,,,,,,,,,,,,,,,,,,,,0.31,,,1.6,,,,,,,,,,,,,,,,,,,,,,,,,,,,,,,,,,,,,,,,,,,,,,,,,2012-10-25,,1.91,,pre-market,,,,,,,,,,,,,19.375,,,,,,,,,,,,
2012-12-31,BIIB,,,,,,,,,,,,,,,,,,,,,,,,,,,,,,,,,,,,-0.06,,,1.46,,,,,,,,,,,,,,,,,,,,,,,,,,,,,,,,,,,,,,,,,,,,,,,,,2013-01-28,,1.4,,pre-market,,,,,,,,,,,,,-4.1096,,,,,,,,,,,,
2013-03-31,BIIB,,,,,,,,,,,,,,,,,,,,,,,,,,,,,,,,,,,,0.36,,,1.61,,,,,,,,,,,,,,,,,,,,,,,,,,,,,,,,,,,,,,,,,,,,,,,,,2013-04-25,,1.97,,pre-market,,,,,,,,,,,,,22.3602,,,,,,,,,,,,
2013-06-30,BIIB,,,,,,,,,,,,,,,,,,,,,,,,,,,,,,,,,,,,0.37,,,1.93,,,,,,,,,,,,,,,,,,,,,,,,,,,,,,,,,,,,,,,,,,,,,,,,,2013-07-25,,2.3,,pre-market,,,,,,,,,,,,,19.171,,,,,,,,,,,,
2013-09-30,BIIB,,,,,,,,,,,,,,,,,,,,,,,,,,,,,,,,,,,,0.25,,,2.1,,,,,,,,,,,,,,,,,,,,,,,,,,,,,,,,,,,,,,,,,,,,,,,,,2013-10-28,,2.35,,pre-market,,,,,,,,,,,,,11.9048,,,,,,,,,,,,
2013-12-31,BIIB,,,,,,,,,,,,,,,,,,,,,,,,,,,,,,,,,,,,0.06,,,2.28,,,,,,,,,,,,,,,,,,,,,,,,,,,,,,,,,,,,,,,,,,,,,,,,,2014-01-29,,2.34,,pre-market,,,,,,,,,,,,,2.6316,,,,,,,,,,,,
2014-03-31,BIIB,,,,,,,,,,,,,,,,,,,,,,,,,,,,,,,,,,,,-0.08,,,2.55,,,,,,,,,,,,,,,,,,,,,,,,,,,,,,,,,,,,,,,,,,,,,,,,,2014-04-23,,2.47,,pre-market,,,,,,,,,,,,,-3.1373,,,,,,,,,,,,
2014-06-30,BIIB,,,,,,,,,,,,,,,,,,,,,,,,,,,,,,,,,,,,0.51,,,2.83,,,,,,,,,,,,,,,,,,,,,,,,,,,,,,,,,,,,,,,,,,,,,,,,,2014-07-23,,3.34,,pre-market,,,,,,,,,,,,,18.0212,,,,,,,,,,,,
2014-09-30,BIIB,,,,,,,,,,,,,,,,,,,,,,,,,,,,,,,,,,,,0.34,,,3.46,,,,,,,,,,,,,,,,,,,,,,,,,,,,,,,,,,,,,,,,,,,,,,,,,2014-10-22,,3.8,,pre-market,,,,,,,,,,,,,9.8266,,,,,,,,,,,,
2014-12-31,BIIB,,,,,,,,,,,,,,,,,,,,,,,,,,,,,,,,,,,,0.31,,,3.78,,,,,,,,,,,,,,,,,,,,,,,,,,,,,,,,,,,,,,,,,,,,,,,,,2015-01-29,,4.09,,post-market,,,,,,,,,,,,,8.2011,,,,,,,,,,,,
2015-03-31,BIIB,,,,,,,,,,,,,,,,,,,,,,,,,,,,,,,,,,,,-0.09,,,3.91,,,,,,,,,,,,,,,,,,,,,,,,,,,,,,,,,,,,,,,,,,,,,,,,,2015-04-24,,3.82,,pre-market,,,,,,,,,,,,,-2.3018,,,,,,,,,,,,
2015-06-30,BIIB,,,,,,,,,,,,,,,,,,,,,,,,,,,,,,,,,,,,0.12,,,4.1,,,,,,,,,,,,,,,,,,,,,,,,,,,,,,,,,,,,,,,,,,,,,,,,,2015-07-24,,4.22,,pre-market,,,,,,,,,,,,,2.9268,,,,,,,,,,,,
2015-09-30,BIIB,,,,,,,,,,,,,,,,,,,,,,,,,,,,,,,,,,,,0.68,,,3.8,,,,,,,,,,,,,,,,,,,,,,,,,,,,,,,,,,,,,,,,,,,,,,,,,2015-10-21,,4.48,,pre-market,,,,,,,,,,,,,17.8947,,,,,,,,,,,,
2015-12-31,BIIB,,,,,,,,,,,,,,,,,,,,,,,,,,,,,,,,,,,,0.42,,,4.08,,,,,,,,,,,,,,,,,,,,,,,,,,,,,,,,,,,,,,,,,,,,,,,,,2016-01-27,,4.5,,pre-market,,,,,,,,,,,,,10.2941,,,,,,,,,,,,
2016-03-31,BIIB,,,,,,,,,,,,,,,,,,,,,,,,,,,,,,,,,,,,0.32,,,4.47,,,,,,,,,,,,,,,,,,,,,,,,,,,,,,,,,,,,,,,,,,,,,,,,,2016-04-21,,4.79,,pre-market,,,,,,,,,,,,,7.1588,,,,,,,,,,,,
2016-06-30,BIIB,,,,,,,,,,,,,,,,,,,,,,,,,,,,,,,,,,,,0.54,,,4.67,,,,,,,,,,,,,,,,,,,,,,,,,,,,,,,,,,,,,,,,,,,,,,,,,2016-07-21,,5.21,,pre-market,,,,,,,,,,,,,11.5632,,,,,,,,,,,,
2016-09-30,BIIB,,,,,,,,,,,,,,,,,,,,,,,,,,,,,,,,,,,,0.22,,,4.97,,,,,,,,,,,,,,,,,,,,,,,,,,,,,,,,,,,,,,,,,,,,,,,,,2016-10-26,,5.19,,pre-market,,,,,,,,,,,,,4.4266,,,,,,,,,,,,
2016-12-31,BIIB,,,,,,,,,,,,,,,,,,,,,,,,,,,,,,,,,,,,0.08,,,4.96,,,,,,,,,,,,,,,,,,,,,,,,,,,,,,,,,,,,,,,,,,,,,,,,,2017-01-26,,5.04,,pre-market,,,,,,,,,,,,,1.6129,,,,,,,,,,,,
2017-03-31,BIIB,,,,,,,,,,,,,,,,,,,,,,,,,,,,,,,,,,,,0.23,,,4.97,,,,,,,,,,,,,,,,,,,,,,,,,,,,,,,,,,,,,,,,,,,,,,,,,2017-04-25,,5.2,,pre-market,,,,,,,,,,,,,4.6278,,,,,,,,,,,,
2017-06-30,BIIB,,,,,,,,,,,,,,,,,,,,,,,,,,,,,,,,,,,,0.63,,,4.41,,,,,,,,,,,,,,,,,,,,,,,,,,,,,,,,,,,,,,,,,,,,,,,,,2017-07-25,,5.04,,pre-market,,,,,,,,,,,,,14.2857,,,,,,,,,,,,
2017-09-30,BIIB,,,,,,,,,,,,,,,,,,,,,,,,,,,,,,,,,,,,0.58,,,5.73,,,,,,,,,,,,,,,,,,,,,,,,,,,,,,,,,,,,,,,,,,,,,,,,,2017-10-24,,6.31,,pre-market,,,,,,,,,,,,,10.1222,,,,,,,,,,,,
2017-12-31,BIIB,,,,,,,,,,,,,,,,,,,,,,,,,,,,,,,,,,,,-0.19,,,5.45,,,,,,,,,,,,,,,,,,,,,,,,,,,,,,,,,,,,,,,,,,,,,,,,,2018-01-25,,5.26,,pre-market,,,,,,,,,,,,,-3.4862,,,,,,,,,,,,
2018-03-31,BIIB,,,,,,,,,,,,,,,,,,,,,,,,,,,,,,,,,,,,0.11,,,5.94,,,,,,,,,,,,,,,,,,,,,,,,,,,,,,,,,,,,,,,,,,,,,,,,,2018-04-24,,6.05,,pre-market,,,,,,,,,,,,,1.8519,,,,,,,,,,,,
2018-06-30,BIIB,,,,,,,,,,,,,,,,,,,,,,,,,,,,,,,,,,,,0.59,,,5.21,,,,,,,,,,,,,,,,,,,,,,,,,,,,,,,,,,,,,,,,,,,,,,,,,2018-07-24,,5.8,,pre-market,,,,,,,,,,,,,11.3244,,,,,,,,,,,,
2018-09-30,BIIB,,,,,,,,,,,,,,,,,,,,,,,,,,,,,,,,,,,,0.62,,,6.78,,,,,,,,,,,,,,,,,,,,,,,,,,,,,,,,,,,,,,,,,,,,,,,,,2018-10-23,,7.4,,pre-market,,,,,,,,,,,,,9.1445,,,,,,,,,,,,
2018-12-31,BIIB,,,,,,,,,,,,,,,,,,,,,,,,,,,,,,,,,,,,0.26,,,6.73,,,,,,,,,,,,,,,,,,,,,,,,,,,,,,,,,,,,,,,,,,,,,,,,,2019-01-29,,6.99,,pre-market,,,,,,,,,,,,,3.8633,,,,,,,,,,,,
2019-03-31,BIIB,,,,,,,,,,,,,,,,,,,,,,,,,,,,,,,,,,,,0.11,,,6.87,,,,,,,,,,,,,,,,,,,,,,,,,,,,,,,,,,,,,,,,,,,,,,,,,2019-04-24,,6.98,,pre-market,,,,,,,,,,,,,1.6012,,,,,,,,,,,,
2019-06-30,BIIB,,,,,,,,,,,,,,,,,,,,,,,,,,,,,,,,,,,,1.62,,,7.53,,,,,,,,,,,,,,,,,,,,,,,,,,,,,,,,,,,,,,,,,,,,,,,,,2019-07-23,,9.15,,pre-market,,,,,,,,,,,,,21.5139,,,,,,,,,,,,
2019-09-30,BIIB,,,,,,,,,,,,,,,,,,,,,,,,,,,,,,,,,,,,0.9,,,8.27,,,,,,,,,,,,,,,,,,,,,,,,,,,,,,,,,,,,,,,,,,,,,,,,,2019-10-22,,9.17,,pre-market,,,,,,,,,,,,,10.8827,,,,,,,,,,,,
2019-12-31,BIIB,,,,,,,,,,,,,,,,,,,,,,,,,,,,,,,,,,,,0.32,,,8.02,,,,,,,,,,,,,,,,,,,,,,,,,,,,,,,,,,,,,,,,,,,,,,,,,2020-01-30,,8.34,,pre-market,,,,,,,,,,,,,3.99,,,,,,,,,,,,
2020-03-31,BIIB,,,,,,,,,,,,,,,,,,,,,,,,,,,,,,,,,,,,1.41,,,7.73,,,,,,,,,,,,,,,,,,,,,,,,,,,,,,,,,,,,,,,,,,,,,,,,,2020-04-22,,9.14,,pre-market,,,,,,,,,,,,,18.2406,,,,,,,,,,,,
2020-06-30,BIIB,,,,,,,,,,,,,,,,,,,,,,,,,,,,,,,,,,,,2.23,,,8.03,,,,,,,,,,,,,,,,,,,,,,,,,,,,,,,,,,,,,,,,,,,,,,,,,2020-07-22,,10.26,,pre-market,,,,,,,,,,,,,27.7709,,,,,,,,,,,,
2020-09-30,BIIB,,,,,,,,,,,,,,,,,,,,,,,,,,,,,,,,,,,,0.8,,,8.04,,,,,,,,,,,,,,,,,,,,,,,,,,,,,,,,,,,,,,,,,,,,,,,,,2020-10-21,,8.84,,pre-market,,,,,,,,,,,,,9.9502,,,,,,,,,,,,
2020-12-31,BIIB,,,,,,,,,,,,,,,,,,,,,,,,,,,,,,,,,,,,-0.29,,,4.87,,,,,,,,,,,,,,,,,,,,,,,,,,,,,,,,,,,,,,,,,,,,,,,,,2021-02-03,,4.58,,pre-market,,,,,,,,,,,,,-5.9548,,,,,,,,,,,,
2021-03-31,BIIB,,,,,,,,,,,,,,,,,,,,,,,,,,,,,,,,,,,,0.3,,,5.04,,,,,,,,,,,,,,,,,,,,,,,,,,,,,,,,,,,,,,,,,,,,,,,,,2021-04-22,,5.34,,pre-market,,,,,,,,,,,,,5.9524,,,,,,,,,,,,
2021-06-30,BIIB,,,,,,,,,,,,,,,,,,,,,,,,,,,,,,,,,,,,1.14,,,4.54,,,,,,,,,,,,,,,,,,,,,,,,,,,,,,,,,,,,,,,,,,,,,,,,,2021-07-22,,5.68,,pre-market,,,,,,,,,,,,,25.1101,,,,,,,,,,,,
2021-09-30,BIIB,,,,,,,,,,,,,,,,,,,,,,,,,,,,,,,,,,,,0.68,,,4.09,,,,,,,,,,,,,,,,,,,,,,,,,,,,,,,,,,,,,,,,,,,,,,,,,2021-10-20,,4.77,,pre-market,,,,,,,,,,,,,16.6259,,,,,,,,,,,,
2021-12-31,BIIB,,,,,,,,,,,,,,,,,,,,,,,,,,,,,,,,,,,,0.01,,,3.38,,,,,,,,,,,,,,,,,,,,,,,,,,,,,,,,,,,,,,,,,,,,,,,,,2022-02-03,,3.39,,pre-market,,,,,,,,,,,,,0.2959,,,,,,,,,,,,
2022-03-31,BIIB,,,,,,,,,,,,,,,,,,,,,,,,,,,,,,,,,,,,0.0,,,4.38,,,,,,,,,,,,,,,,,,,,,,,,,,,,,,,,,,,,,,,,,,,,,,,,,2022-05-03,,4.38,,pre-market,,,,,,,,,,,,,0.0,,,,,,,,,,,,
2022-06-30,BIIB,,,,,,,,,,,,,,,,,,,,,,,,,,,,,,,,,,,,1.19,,,4.06,,,,,,,,,,,,,,,,,,,,,,,,,,,,,,,,,,,,,,,,,,,,,,,,,2022-07-20,,5.25,,pre-market,,,,,,,,,,,,,29.3103,,,,,,,,,,,,
2022-09-30,BIIB,,,,,,,,,,,,,,,,,,,,,,,,,,,,,,,,,,,,0.63,,,4.14,,,,,,,,,,,,,,,,,,,,,,,,,,,,,,,,,,,,,,,,,,,,,,,,,2022-10-25,,4.77,,pre-market,,,,,,,,,,,,,15.2174,,,,,,,,,,,,
2022-12-31,BIIB,,,,,,,,,,,,,,,,,,,,,,,,,,,,,,,,,,,,0.57,,,3.48,,,,,,,,,,,,,,,,,,,,,,,,,,,,,,,,,,,,,,,,,,,,,,,,,2023-02-15,,4.05,,pre-market,,,,,,,,,,,,,16.3793,,,,,,,,,,,,
2023-03-31,BIIB,,,,,,,,,,,,,,,,,,,,,,,,,,,,,,,,,,,,0.12,,,3.28,,,,,,,,,,,,,,,,,,,,,,,,,,,,,,,,,,,,,,,,,,,,,,,,,2023-04-25,,3.4,,pre-market,,,,,,,,,,,,,3.6585,,,,,,,,,,,,
2023-06-30,BIIB,,,,,,,,,,,,,,,,,,,,,,,,,,,,,,,,,,,,0.25,,,3.77,,,,,,,,,,,,,,,,,,,,,,,,,,,,,,,,,,,,,,,,,,,,,,,,,2023-07-25,,4.02,,pre-market,,,,,,,,,,,,,6.6313,,,,,,,,,,,,
2023-09-30,BIIB,,,,,,,,,,,,,,,,,,,,,,,,,,,,,,,,,,,,0.39,,,3.97,,,,,,,,,,,,,,,,,,,,,,,,,,,,,,,,,,,,,,,,,,,,,,,,,2023-11-08,,4.36,,pre-market,,,,,,,,,,,,,9.8237,,,,,,,,,,,,
2023-12-31,BIIB,,,,,,,,,,,,,,,,,,,,,,,,,,,,,,,,,,,,0.12,,,3.18,,,,,,,,,,,,,,,,,,,,,,,,,,,,,,,,,,,,,,,,,,,,,,,,,2024-02-13,,3.3,,pre-market,,,,,,,,,,,,,3.7736,,,,,,,,,,,,
2024-03-31,BIIB,,,,,,,,,,,,,,,,,,,,,,,,,,,,,,,,,,,,0.22,,,3.45,,,,,,,,,,,,,,,,,,,,,,,,,,,,,,,,,,,,,,,,,,,,,,,,,2024-04-24,,3.67,,pre-market,,,,,,,,,,,,,6.3768,,,,,,,,,,,,
2024-06-30,BIIB,,,,,,,,,,,,,,,,,,,,,,,,,,,,,,,,,,,,1.25,,,4.03,,,,,,,,,,,,,,,,,,,,,,,,,,,,,,,,,,,,,,,,,,,,,,,,,2024-08-01,,5.28,,pre-market,,,,,,,,,,,,,31.0174,,,,,,,,,,,,
2024-09-30,BIIB,,,,,,,,,,,,,,,,,,,,,,,,,,,,,,,,,,,,0.29,,,3.79,,,,,,,,,,,,,,,,,,,,,,,,,,,,,,,,,,,,,,,,,,,,,,,,,2024-10-30,,4.08,,pre-market,,,,,,,,,,,,,7.6517,,,,,,,,,,,,
2024-12-31,BIIB,,,,,,,,,,,,,,,,,,,,,,,,,,,,,,,,,,,,0.08,,,3.36,,,,,,,,,,,,,,,,,,,,,,,,,,,,,,,,,,,,,,,,,,,,,,,,,2025-02-12,,3.44,,pre-market,,,,,,,,,,,,,2.381,,,,,,,,,,,,
2025-03-31,BIIB,,,,,,,,,,,,,,,,,,,,,,,,,,,,,,,,,,,,0.07,,,2.95,,,,,,,,,,,,,,,,,,,,,,,,,,,,,,,,,,,,,,,,,,,,,,,,,2025-05-01,,3.02,,pre-market,,,,,,,,,,,,,2.3729,,,,,,,,,,,,
2025-06-30,BIIB,,,,,,,,,,,,,,,,,,,,,,,,,,,,,,,,,,,,1.59,,,3.88,,,,,,,,,,,,,,,,,,,,,,,,,,,,,,,,,,,,,,,,,,,,,,,,,2025-07-31,,5.47,,pre-market,,,,,,,,,,,,,40.9794,,,,,,,,,,,,
2025-09-30,BIIB,,,,,,,,,,,,,,,,,,,,,,,,,,,,,,,,,,,,0.96,,,3.85,,,,,,,,,,,,,,,,,,,,,,,,,,,,,,,,,,,,,,,,,,,,,,,,,2025-10-29,,4.81,,pre-market,,,,,,,,,,,,,24.9351,,,,,,,,,,,,
2025-12-28,BIIB,10.96,10065900000.0,16.16,,0.128,124.11,,,,,,,,,,,,,,,,,,,,,,,,,,,,,0.192,0.96,,,3.85,,11.29,,7706800000.0,,,,,,,,,,,,,,,,,,,0.307,,,,,,,,,,,,,5.13,1.421,2.581,,,,,,,,0.16,,,2025-10-29,,4.81,,pre-market,,,0.0575,0.0931,0.028,68.81,,,,,140.47,164.74,24.9351,,,,,,,,,16.16,,185.17,110.04
2025-12-28,BIIB,10.96,10065900000.0,16.16,,0.128,124.11,,,,,,,,,,,,,,,None,876600000,876600000,,,,,,None,202200000,,,,,0.192,0.96,624700000,826900000,3.85,2025-09-30,11.29,,7706800000.0,1578200000,557300000,90800000,,,None,67400000,31600000,,None,,,,,466500000,466500000,-35800000,None,0.307,,964400000,613800000,,,,,None,,,,,5.13,1.421,2.581,,,,,,,,0.16,,,2025-10-29,quarterly,4.81,USD,pre-market,369600000,,0.0575,0.0931,0.028,68.81,594800000,,,,140.47,164.74,24.9351,,,,,,,2454800000,,16.16,,185.17,110.04
2025-12-28,BIIB,10.96,10065900000.0,16.16,,0.128,124.11,,,,,,,,,,,,,,,None,946200000,946200000,,,,,,None,194300000,,,,,0.192,0.96,915600000,1109900000,3.85,2025-06-30,11.29,,7706800000.0,1699300000,744000000,109200000,,,None,72600000,32300000,,None,,,,,634800000,634800000,-40300000,None,0.307,,1111200000,588100000,,,,,None,,,,,5.13,1.421,2.581,,,,,,,,0.16,,,2025-10-29,quarterly,4.81,USD,pre-market,529900000,,0.0575,0.0931,0.028,68.81,583800000,,,,140.47,164.74,24.9351,,,,,,,2645500000,,16.16,,185.17,110.04
2025-12-28,BIIB,10.96,10065900000.0,16.16,,0.128,124.11,,,,,,,,,,,,,,,None,577900000,577900000,,,,,,None,183200000,,,,,0.192,0.96,681900000,865100000,3.85,2025-03-31,11.29,,7706800000.0,1853100000,311200000,70700000,,,None,60000000,23900000,,None,,,,,240500000,240500000,-36100000,None,0.307,,1120500000,732600000,,,,,None,,,,,5.13,1.421,2.581,,,,,,,,0.16,,,2025-10-29,quarterly,4.81,USD,pre-market,545900000,,0.0575,0.0931,0.028,68.81,572500000,,,,140.47,164.74,24.9351,,,,,,,2431000000,,16.16,,185.17,110.04
2025-12-28,BIIB,10.96,10065900000.0,16.16,,0.128,124.11,,,,,,,,,,,,,,,None,583500000,583500000,,,,,,None,184000000,,,,,0.192,0.96,507700000,691700000,3.85,2024-12-31,11.29,,7706800000.0,1871200000,291500000,24800000,,,None,60000000,18500000,,None,,,,,266700000,266700000,-41500000,None,0.307,,1362200000,509000000,,,,,None,,,,,5.13,1.421,2.581,,,,,,,,0.16,,,2025-10-29,quarterly,4.81,USD,pre-market,683500000,,0.0575,0.0931,0.028,68.81,611900000,,,,140.47,164.74,24.9351,,,,,,,2454700000,,16.16,,185.17,110.04
2025-12-28,BIIB,10.96,10065900000.0,16.16,,0.128,124.11,,,,,,,,,,,,,,,None,638700000,638700000,,,,,,None,182800000,,,,,0.192,0.96,531600000,714400000,3.85,2024-09-30,11.29,,7706800000.0,1827100000,451000000,62500000,,,None,59800000,11600000,,None,,,,,388500000,388500000,-48200000,None,0.307,,1249900000,577200000,,,,,None,,,,,5.13,1.421,2.581,,,,,,,,0.16,,,2025-10-29,quarterly,4.81,USD,pre-market,673000000,,0.0575,0.0931,0.028,68.81,588400000,,,,140.47,164.74,24.9351,,,,,,,2465800000,,16.16,,185.17,110.04
2025-12-28,BIIB,10.96,10065900000.0,16.16,,0.128,124.11,,,,,,,,,,,,,,,None,955800000,955800000,,,,,,None,158900000,,,,,0.192,0.96,809500000,968400000,3.85,2024-06-30,11.29,,7706800000.0,1509100000,698700000,115100000,,,None,61300000,20100000,,None,,,,,583600000,583600000,-41200000,None,0.307,,1142600000,366500000,,,,,None,,,,,5.13,1.421,2.581,,,,,,,,0.16,,,2025-10-29,quarterly,4.81,USD,pre-market,592300000,,0.0575,0.0931,0.028,68.81,553800000,,,,140.47,164.74,24.9351,,,,,,,2464900000,,16.16,,185.17,110.04
2025-12-28,BIIB,10.96,10065900000.0,16.16,,0.128,124.11,,,,,,,,,,,,,,,None,498100000,498100000,,,,,,None,147500000,,,,,0.192,0.96,632400000,779900000,3.85,2024-03-31,11.29,,7706800000.0,1792400000,464800000,71400000,,,None,69200000,17400000,,None,,,,,393400000,393400000,-51800000,None,0.307,,1102000000,690400000,,,,,None,,,,,5.13,1.421,2.581,,,,,,,,0.16,,,2025-10-29,quarterly,4.81,USD,pre-market,523700000,,0.0575,0.0931,0.028,68.81,581500000,,,,140.47,164.74,24.9351,,,,,,,2290500000,,16.16,,185.17,110.04
2025-12-28,BIIB,10.96,10065900000.0,16.16,,0.128,124.11,,,,,,,,,,,,,,,None,618300000,618300000,,,,,,None,140100000,,,,,0.192,0.96,461100000,601200000,3.85,2023-12-31,11.29,,7706800000.0,1768000000,291600000,42700000,,,None,71500000,23800000,,None,,,,,249700000,248900000,-47700000,None,0.307,,1255600000,512400000,,,,,None,,,,,5.13,1.421,2.581,,,,,,,,0.16,,,2025-10-29,quarterly,4.81,USD,pre-market,647500000,,0.0575,0.0931,0.028,68.81,536700000,,,,140.47,164.74,24.9351,,,,,,,2386300000,,16.16,,185.17,110.04
2025-12-28,BIIB,10.96,10065900000.0,16.16,,0.128,124.11,,,,,,,,,,,,,,,None,659600000,659600000,,,,,,None,125000000,,,,,0.192,0.96,270500000,395500000,3.85,2023-09-30,11.29,,7706800000.0,1870700000,-141200000,-72900000,,,None,63800000,95900000,,None,,,,,-68100000,-68300000,32100000,None,0.307,,1549900000,320800000,,,,,None,,,,,5.13,1.421,2.581,,,,,,,,0.16,,,2025-10-29,quarterly,4.81,USD,pre-market,797200000,,0.0575,0.0931,0.028,68.81,788200000,,,,140.47,164.74,24.9351,,,,,,,2530300000,,16.16,,185.17,110.04
2025-12-28,BIIB,10.96,10065900000.0,16.16,,0.128,124.11,,,,,,,,,,,,,,,None,592700000,592700000,,,,,,None,117400000,,,,,0.192,0.96,633300000,750700000,3.85,2023-06-30,11.29,,7706800000.0,1863300000,708100000,114800000,,,None,49100000,75900000,,None,,,,,591600000,593300000,26800000,None,0.307,,1173600000,689700000,,,,,None,,,,,5.13,1.421,2.581,,,,,,,,0.16,,,2025-10-29,quarterly,4.81,USD,pre-market,637100000,,0.0575,0.0931,0.028,68.81,548000000,,,,140.47,164.74,24.9351,,,,,,,2456000000,,16.16,,185.17,110.04
2025-12-28,BIIB,10.96,10065900000.0,16.16,,0.128,124.11,,,,,,,,,,,,,,,None,662800000,662800000,,,,,,None,112300000,,,,,0.192,0.96,517300000,629600000,3.85,2023-03-31,11.29,,7706800000.0,1800200000,438300000,50700000,,,None,62500000,80900000,,None,,,,,387900000,387600000,18400000,None,0.307,,1225800000,574400000,,,,,None,,,,,5.13,1.421,2.581,,,,,,,,0.16,,,2025-10-29,quarterly,4.81,USD,pre-market,620800000,,0.0575,0.0931,0.028,68.81,605000000,,,,140.47,164.74,24.9351,,,,,,,2463000000,,16.16,,185.17,110.04
2025-12-28,BIIB,10.96,10065900000.0,16.16,,0.128,124.11,,,,,,,,,,,,,,,None,570900000,570900000,,,,,,None,119800000,,,,,0.192,0.96,645100000,764900000,3.85,2022-12-31,11.29,,7706800000.0,1973100000,603800000,54300000,,,None,54800000,49900000,,None,,,,,550400000,549500000,-4900000,None,0.307,,1414800000,558300000,,,,,371500000,,,,,5.13,1.421,2.581,,,,,,,,0.16,,,2025-10-29,quarterly,4.81,USD,pre-market,776600000,,0.0575,0.0931,0.028,68.81,584100000,,,,140.47,164.74,24.9351,,,,,,,2544000000,,16.16,,185.17,110.04
2025-12-28,BIIB,10.96,10065900000.0,16.16,,0.128,124.11,,,,,,,,,,,,,,,None,469500000,469500000,,,,,,None,120700000,,,,,0.192,0.96,824700000,945400000,3.85,2022-09-30,11.29,,7706800000.0,2039000000,1371100000,236200000,,,None,59900000,23900000,,None,,,,,1134700000,1134900000,-36000000,None,0.307,,1169000000,870000000,,,,,503700000,,,,,5.13,1.421,2.581,,,,,,,,0.16,,,2025-10-29,quarterly,4.81,USD,pre-market,605700000,,0.0575,0.0931,0.028,68.81,561200000,,,,140.47,164.74,24.9351,,,,,,,2508500000,,16.16,,185.17,110.04
2025-12-28,BIIB,10.96,10065900000.0,16.16,,0.128,124.11,,,,,,,,,,,,,,,None,484000000,484000000,,,,,,None,134800000,,,,,0.192,0.96,907000000,1041800000,3.85,2022-06-30,11.29,,7706800000.0,2105100000,1275400000,216700000,,,None,65800000,12600000,,None,,,,,1058000000,1052800000,-53200000,None,0.307,,1168700000,936400000,,,,,5900000,,,,,5.13,1.421,2.581,,,,,,,,0.16,,,2025-10-29,quarterly,4.81,USD,pre-market,596100000,,0.0575,0.0931,0.028,68.81,572600000,,,,140.47,164.74,24.9351,,,,,,,2589100000,,16.16,,185.17,110.04
2025-12-28,BIIB,10.96,10065900000.0,16.16,,0.128,124.11,,,,,,,,,,,,,,,None,753900000,753900000,,,,,,None,143100000,,,,,0.192,0.96,641700000,784800000,3.85,2022-03-31,11.29,,7706800000.0,1777900000,344100000,125600000,,,None,66100000,2900000,,None,,,,,303800000,221800000,-63200000,None,0.307,,1253500000,524400000,,,,,-266600000,,,,,5.13,1.421,2.581,,,,,,,,0.16,,,2025-10-29,quarterly,4.81,USD,pre-market,618600000,,0.0575,0.0931,0.028,68.81,627800000,,,,140.47,164.74,24.9351,,,,,,,2531800000,,16.16,,185.17,110.04
2025-12-28,BIIB,10.96,10065900000.0,16.16,,0.128,124.11,,,,,,,,,,,,,,,None,660100000,660100000,,,,,,None,134700000,,,,,0.192,0.96,578400000,713100000,3.85,2021-12-31,11.29,,7706800000.0,2073699999,422700000,443200000,,,None,66300000,2800000,,None,,,,,368200000,-38300000,-63500000,None,0.307,,1566800000,506900000,,,,,-164400000,,,,,5.13,1.421,2.581,,,,,,,,0.16,,,2025-10-29,quarterly,4.81,USD,pre-market,767600000,,0.0575,0.0931,0.028,68.81,700500000,,,,140.47,164.74,24.9351,,,,,,,2733800000,,16.16,,185.17,110.04
2025-12-28,BIIB,10.96,10065900000.0,16.16,,0.128,124.11,,,,,,,,,,,,,,,None,511800000,511800000,,,,,,None,133200000,,,,,0.192,0.96,821800000,955000000,3.85,2021-09-30,11.29,,7706800000.0,2267100000,292200000,-25900000,,,None,66300000,2600000,,None,,,,,329200000,318100000,-63700000,None,0.307,,1467500000,799600000,,,,,-501800000,,,,,5.13,1.421,2.581,,,,,,,,0.16,,,2025-10-29,quarterly,4.81,USD,pre-market,813400000,,0.0575,0.0931,0.028,68.81,654100000,,,,140.47,164.74,24.9351,,,,,,,2778900000,,16.16,,185.17,110.04
2025-12-28,BIIB,10.96,10065900000.0,16.16,,0.128,124.11,,,,,,,,,,,,,,,None,459700000,459700000,,,,,,None,117200000,,,,,0.192,0.96,504000000,621200000,3.85,2021-06-30,11.29,,7706800000.0,2315300000,616400000,-409100000,,,None,56400000,2700000,,None,,,,,448500000,1025500000,-53700000,None,0.307,,1844500000,470800000,,,,,130700000,,,,,5.13,1.421,2.581,,,,,,,,0.16,,,2025-10-29,quarterly,4.81,USD,pre-market,1207200000,,0.0575,0.0931,0.028,68.81,637300000,,,,140.47,164.74,24.9351,,,,,,,2775000000,,16.16,,185.17,110.04
2025-12-28,BIIB,10.96,10065900000.0,16.16,,0.128,124.11,,,,,,,,,,,,,,,None,478100000,478100000,,,,,,None,102600000,,,,,0.192,0.96,984400000,1087000000,3.85,2021-03-31,11.29,,7706800000.0,2215900000,448800000,44200000,,,None,64700000,2900000,,None,,,,,410200000,422800000,-61800000,None,0.307,,1242000000,973900000,,,,,-525100000,,,,,5.13,1.421,2.581,,,,,,,,0.16,,,2025-10-29,quarterly,4.81,USD,pre-market,612300000,,0.0575,0.0931,0.028,68.81,561200000,,,,140.47,164.74,24.9351,,,,,,,2694000000,,16.16,,185.17,110.04
2025-12-28,BIIB,10.96,10065900000.0,16.16,,0.128,124.11,,,,,,,,,,,,,,,None,490600000,490600000,,,,,,None,109700000,,,,,0.192,0.96,-296200000,-186500000,3.85,2020-12-31,11.29,,7706800000.0,2362000000,370900000,13300000,,,None,56000000,4000000,,None,,,,,357900000,339400000,-52000000,None,0.307,,2692600000,-330600000,,,,,701600000,,,,,5.13,1.421,2.581,,,,,,,,0.16,,,2025-10-29,quarterly,4.81,USD,pre-market,1975300000,,0.0575,0.0931,0.028,68.81,701400000,,,,140.47,164.74,24.9351,,,,,,,2852600000,,16.16,,185.17,110.04
2025-12-28,BIIB,10.96,10065900000.0,16.16,,0.128,124.11,,,,,,,,,,,,,,,None,449100000,449100000,,,,,,None,114700000,,,,,0.192,0.96,1057400000,1172100000,3.85,2020-09-30,11.29,,7706800000.0,2927000000,944700000,240800000,,,None,56300000,6000000,,None,,,,,701500000,717000000,-50300000,None,0.307,,1840600000,1086400000,,,,,-141700000,,,,,5.13,1.421,2.581,,,,,,,,0.16,,,2025-10-29,quarterly,4.81,USD,pre-market,1223500000,,0.0575,0.0931,0.028,68.81,573100000,,,,140.47,164.74,24.9351,,,,,,,3376100000,,16.16,,185.17,110.04
2025-12-28,BIIB,10.96,10065900000.0,16.16,,0.128,124.11,,,,,,,,,,,,,,,None,411100000,411100000,,,,,,None,112900000,,,,,0.192,0.96,1984500000,2097400000,3.85,2020-06-30,11.29,,7706800000.0,3270500000,2052600000,446100000,,,None,66000000,7600000,,None,,,,,1542100000,1591400000,-58400000,None,0.307,,1296000000,1974500000,,,,,78100000,,,,,5.13,1.421,2.581,,,,,,,,0.16,,,2025-10-29,quarterly,4.81,USD,pre-market,709100000,,0.0575,0.0931,0.028,68.81,555100000,,,,140.47,164.74,24.9351,,,,,,,3681600000,,16.16,,185.17,110.04
2025-12-28,BIIB,10.96,10065900000.0,16.16,,0.128,124.11,,,,,,,,,,,,,,,None,454300000,454300000,,,,,,None,119900000,,,,,0.192,0.96,1890300000,2010200000,3.85,2020-03-31,11.29,,7706800000.0,3080000000,1684600000,292000000,,,None,44300000,24400000,,None,,,,,1399100000,1407400000,-19900000,None,0.307,,1260100000,1819900000,,,,,-135300000,,,,,5.13,1.421,2.581,,,,,,,,0.16,,,2025-10-29,quarterly,4.81,USD,pre-market,622800000,,0.0575,0.0931,0.028,68.81,570100000,,,,140.47,164.74,24.9351,,,,,,,3534300000,,16.16,,185.17,110.04
2025-12-28,BIIB,10.96,10065900000.0,16.16,,0.128,124.11,,,,,,,,,,,,,,,None,447100000,447100000,,,,,,None,113000000,,,,,0.192,0.96,1741400000,1854400000,3.85,2019-12-31,11.29,,7706800000.0,3224200000,1715800000,276100000,,,None,46000000,29200000,,None,,,,,1439700000,1452300000,-16800000,None,0.307,,1446500000,1777700000,,,,,-61900000,,,,,5.13,1.421,2.581,,,,,,,,0.16,,,2025-10-29,quarterly,4.81,USD,pre-market,691700000,,0.0575,0.0931,0.028,68.81,592300000,,,,140.47,164.74,24.9351,,,,,,,3671300000,,16.16,,185.17,110.04
2025-12-28,BIIB,10.96,10065900000.0,16.16,,0.128,124.11,,,,,,,,,,,,,,,None,430000000,430000000,,,,,,None,113600000,,,,,0.192,0.96,1947000000,2060600000,3.85,2019-09-30,11.29,,7706800000.0,3170100000,1757200000,211300000,,,None,45800000,30500000,,None,,,,,1545900000,1567700000,-15300000,None,0.307,,1363800000,1806300000,,,,,-49100000,,,,,5.13,1.421,2.581,,,,,,,,0.16,,,2025-10-29,quarterly,4.81,USD,pre-market,540400000,,0.0575,0.0931,0.028,68.81,554500000,,,,140.47,164.74,24.9351,,,,,,,3600100000,,16.16,,185.17,110.04
2025-12-28,BIIB,10.96,10065900000.0,16.16,,0.128,124.11,,,,,,,,,,,,,,,None,476300000,476300000,,,,,,None,117000000,,,,,0.192,0.96,1960600000,2077600000,3.85,2019-06-30,11.29,,7706800000.0,3140400000,1742200000,248100000,,,None,47700000,29100000,,None,,,,,1494100000,1510400000,-18600000,None,0.307,,1184500000,1955900000,,,,,-213700000,,,,,5.13,1.421,2.581,,,,,,,,0.16,,,2025-10-29,quarterly,4.81,USD,pre-market,484800000,,0.0575,0.0931,0.028,68.81,587600000,,,,140.47,164.74,24.9351,,,,,,,3616700000,,16.16,,185.17,110.04
2025-12-28,BIIB,10.96,10065900000.0,16.16,,0.128,124.11,,,,,,,,,,,,,,,None,602000000,602000000,,,,,,None,121100000,,,,,0.192,0.96,1630100000,1751200000,3.85,2019-03-31,11.29,,7706800000.0,2887800000,1831300000,422500000,,,None,47900000,31200000,,None,,,,,1408800000,1437500000,-16700000,None,0.307,,1385100000,1502700000,,,,,328600000,,,,,5.13,1.421,2.581,,,,,,,,0.16,,,2025-10-29,quarterly,4.81,USD,pre-market,563700000,,0.0575,0.0931,0.028,68.81,567700000,,,,140.47,164.74,24.9351,,,,,,,3489800000,,16.16,,185.17,110.04
2025-12-28,BIIB,10.96,10065900000.0,16.16,,0.128,124.11,,,,,,,,,,,,,,,None,488500000,488500000,,,,,,None,152900000,,,,,0.192,0.96,1699200000,1852100000,3.85,2018-12-31,11.29,,7706800000.0,3037800000,1414500000,469600000,,,None,49400000,None,,None,,,,,946800000,944900000,None,None,0.307,,1594700000,1443100000,,,,,-28600000,,,,,5.13,1.421,2.581,,,,,,,,0.16,,,2025-10-29,quarterly,4.81,USD,pre-market,611600000,,0.0575,0.0931,0.028,68.81,503700000,,,,140.47,164.74,24.9351,,,,,,,3526300000,,16.16,,185.17,110.04
2025-12-28,BIIB,10.96,10065900000.0,16.16,,0.128,124.11,,,,,,,,,,,,,,,None,460800000,460800000,,,,,,None,157200000,,,,,0.192,0.96,1832500000,1989700000,3.85,2018-09-30,11.29,,7706800000.0,2978200000,1812700000,369800000,,,None,49000000,None,,None,,,,,1444400000,1442900000,None,None,0.307,,1280600000,1697600000,,,,,115100000,,,,,5.13,1.421,2.581,,,,,,,,0.16,,,2025-10-29,quarterly,4.81,USD,pre-market,535400000,,0.0575,0.0931,0.028,68.81,497700000,,,,140.47,164.74,24.9351,,,,,,,3439000000,,16.16,,185.17,110.04
2025-12-28,BIIB,10.96,10065900000.0,16.16,,0.128,124.11,,,,,,,,,,,,,,,None,421000000,421000000,,,,,,None,171500000,,,,,0.192,0.96,1291700000,1463200000,3.85,2018-06-30,11.29,,7706800000.0,2935500000,1178700000,263700000,,,None,51700000,None,,None,,,,,866600000,915000000,None,None,0.307,,1722300000,1213200000,,,,,-34500000,,,,,5.13,1.421,2.581,,,,,,,,0.16,,,2025-10-29,quarterly,4.81,USD,pre-market,1056000000,,0.0575,0.0931,0.028,68.81,516200000,,,,140.47,164.74,24.9351,,,,,,,3356500000,,16.16,,185.17,110.04
2025-12-28,BIIB,10.96,10065900000.0,16.16,,0.128,124.11,,,,,,,,,,,,,,,None,446000000,446000000,,,,,,None,168900000,,,,,0.192,0.96,1540700000,1709600000,3.85,2018-03-31,11.29,,7706800000.0,2685100000,1493700000,322500000,,,None,50500000,None,,None,,,,,1172900000,1171200000,None,None,0.307,,1150400000,1534700000,,,,,-41000000,,,,,5.13,1.421,2.581,,,,,,,,0.16,,,2025-10-29,quarterly,4.81,USD,pre-market,506700000,,0.0575,0.0931,0.028,68.81,501300000,,,,140.47,164.74,24.9351,,,,,,,3131100000,,16.16,,185.17,110.04
2025-12-28,BIIB,10.96,10065900000.0,16.16,,0.128,124.11,,,,,,,,,,,,,,,None,509200000,509200000,,,,,,None,177800000,,,,,0.192,0.96,1517000000,1694800000,3.85,2017-12-31,11.29,,7706800000.0,2797800000,1399800000,1566100000,,,None,62000000,None,,None,,,,,-297400000,-166300000,None,None,0.307,,1331600000,1466200000,,,,,-66000000,,,,,5.13,1.421,2.581,,,,,,,,0.16,,,2025-10-29,quarterly,4.81,USD,pre-market,587600000,,0.0575,0.0931,0.028,68.81,479600000,,,,140.47,164.74,24.9351,,,,,,,3307000000,,16.16,,185.17,110.04
2025-12-28,BIIB,10.96,10065900000.0,16.16,,0.128,124.11,,,,,,,,,,,,,,,None,370000000,370000000,,,,,,None,177400000,,,,,0.192,0.96,1683500000,1860900000,3.85,2017-09-30,11.29,,7706800000.0,2707800000,1609900000,383800000,,,None,61800000,None,,None,,,,,1226100000,1226100000,None,None,0.307,,1053900000,1653900000,,,,,-43600000,,,,,5.13,1.421,2.581,,,,,,,,0.16,,,2025-10-29,quarterly,4.81,USD,pre-market,446400000,,0.0575,0.0931,0.028,68.81,433800000,,,,140.47,164.74,24.9351,,,,,,,3077800000,,16.16,,185.17,110.04
2025-12-28,BIIB,10.96,10065900000.0,16.16,,0.128,124.11,,,,,,,,,,,,,,,None,366200000,366200000,,,,,,None,182600000,,,,,0.192,0.96,1342200000,1524800000,3.85,2017-06-30,11.29,,7706800000.0,2712200000,1132400000,269600000,,,None,63600000,None,,None,,,,,862800000,862800000,None,None,0.307,,1511200000,1201000000,,,,,-68200000,,,,,5.13,1.421,2.581,,,,,,,,0.16,,,2025-10-29,quarterly,4.81,USD,pre-market,916200000,,0.0575,0.0931,0.028,68.81,430200000,,,,140.47,164.74,24.9351,,,,,,,3078400000,,16.16,,185.17,110.04
2025-12-28,BIIB,10.96,10065900000.0,16.16,,0.128,124.11,,,,,,,,,,,,,,,None,384600000,384600000,,,,,,None,512000000,,,,,0.192,0.96,1034700000,1546700000,3.85,2017-03-31,11.29,,7706800000.0,2426100000,986700000,239200000,,,None,63400000,None,,None,,,,,747600000,747500000,None,None,0.307,,1401400000,1024700000,,,,,-37600000,,,,,5.13,1.421,2.581,,,,,,,,0.16,,,2025-10-29,quarterly,4.81,USD,pre-market,423400000,,0.0575,0.0931,0.028,68.81,499100000,,,,140.47,164.74,24.9351,,,,,,,2810700000,,16.16,,185.17,110.04
2025-12-28,BIIB,10.96,10065900000.0,16.16,,0.128,124.11,,,,,,,,,,,,,,,None,326100000,326100000,,,,,,None,131900000,,,,,0.192,0.96,1413400000,1545300000,3.85,2016-12-31,11.29,,7706800000.0,2545900000,838200000,190300000,,,None,64800000,None,,None,,,,,649200000,647900000,None,None,0.307,,1659700000,886200000,,,,,-48000000,,,,,5.13,1.421,2.581,,,,,,,,0.16,,,2025-10-29,quarterly,4.81,USD,pre-market,533900000,,0.0575,0.0931,0.028,68.81,389200000,,,,140.47,164.74,24.9351,,,,,,,2872000000,,16.16,,185.17,110.04
2025-12-28,BIIB,10.96,10065900000.0,16.16,,0.128,124.11,,,,,,,,,,,,,,,None,416900000,416900000,,,,,,None,180200000,,,,,0.192,0.96,1442800000,1623000000,3.85,2016-09-30,11.29,,7706800000.0,2538900000,1367200000,337000000,,,None,66000000,None,,None,,,,,1032900000,1030200000,None,None,0.307,,1113600000,1425300000,,,,,-58100000,,,,,5.13,1.421,2.581,,,,,,,,0.16,,,2025-10-29,quarterly,4.81,USD,pre-market,529000000,,0.0575,0.0931,0.028,68.81,462700000,,,,140.47,164.74,24.9351,,,,,,,2955800000,,16.16,,185.17,110.04
2025-12-28,BIIB,10.96,10065900000.0,16.16,,0.128,124.11,,,,,,,,,,,,,,,None,370300000,370300000,,,,,,None,175400000,,,,,0.192,0.96,1471100000,1646500000,3.85,2016-06-30,11.29,,7706800000.0,2523900000,1402000000,353600000,,,None,65900000,None,,None,,,,,1049800000,1048400000,None,None,0.307,,1063400000,1460500000,,,,,-58500000,,,,,5.13,1.421,2.581,,,,,,,,0.16,,,2025-10-29,quarterly,4.81,USD,pre-market,473100000,,0.0575,0.0931,0.028,68.81,492400000,,,,140.47,164.74,24.9351,,,,,,,2894200000,,16.16,,185.17,110.04
2025-12-28,BIIB,10.96,10065900000.0,16.16,,0.128,124.11,,,,,,,,,,,,,,,None,313000000,313000000,,,,,,None,149700000,,,,,0.192,0.96,1390400000,1540100000,3.85,2016-03-31,11.29,,7706800000.0,2413800000,1325600000,356400000,,,None,63300000,None,,None,,,,,970900000,969200000,None,None,0.307,,1035400000,1378400000,,,,,-52800000,,,,,5.13,1.421,2.581,,,,,,,,0.16,,,2025-10-29,quarterly,4.81,USD,pre-market,437300000,,0.0575,0.0931,0.028,68.81,497300000,,,,140.47,164.74,24.9351,,,,,,,2726800000,,16.16,,185.17,110.04
2025-12-28,BIIB,10.96,10065900000.0,16.16,,0.128,124.11,,,,,,,,,,,,,,,None,331800000,331800000,,,,,,None,156300000,,,,,0.192,0.96,1286200000,1442500000,3.85,2015-12-31,11.29,,7706800000.0,2507500000,1085800000,257100000,,,None,67400000,None,,None,,,,,831600000,828660000,None,None,0.307,,1339300000,1168200000,,,,,-82364000,,,,,5.13,1.421,2.581,,,,,,,,0.16,,,2025-10-29,quarterly,4.81,USD,pre-market,541700000,,0.0575,0.0931,0.028,68.81,474400000,,,,140.47,164.74,24.9351,,,,,,,2839300000,,16.16,,185.17,110.04
2025-12-28,BIIB,10.96,10065900000.0,16.16,,0.128,124.11,,,,,,,,,,,,,,,None,310000000,310000000,,,,,,None,151600000,,,,,0.192,0.96,1372100000,1523700000,3.85,2015-09-30,11.29,,7706800000.0,2467900000,1349600000,330100000,,,None,15600000,None,,None,,,,,965600000,1026326000,None,None,0.307,,1096100000,1371800000,,,,,-22246000,,,,,5.13,1.421,2.581,,,,,,,,0.16,,,2025-10-29,quarterly,4.81,USD,pre-market,519900000,,0.0575,0.0931,0.028,68.81,477827000,,,,140.47,164.74,24.9351,,,,,,,2777900000,,16.16,,185.17,110.04
2025-12-28,BIIB,10.96,10065900000.0,16.16,,0.128,124.11,,,,,,,,,,,,,,,None,286100000,286100000,,,,,,None,144600000,,,,,0.192,0.96,1230900000,1375500000,3.85,2015-06-30,11.29,,7706800000.0,2305500000,1217300000,292500000,,,None,5800000,None,,None,,,,,927300000,929706000,None,None,0.307,,1072400000,1233100000,,,,,-15770000,,,,,5.13,1.421,2.581,,,,,,,,0.16,,,2025-10-29,quarterly,4.81,USD,pre-market,490700000,,0.0575,0.0931,0.028,68.81,491895000,,,,140.47,164.74,24.9351,,,,,,,2591600000,,16.16,,185.17,110.04
2025-12-28,BIIB,10.96,10065900000.0,16.16,,0.128,124.11,,,,,,,,,,,,,,,None,312400000,312400000,,,,,,None,147900000,,,,,0.192,0.96,1125700000,1273600000,3.85,2015-03-31,11.29,,7706800000.0,2242500000,1102000000,281900000,,,None,6700000,None,,None,,,,,822500000,821008000,None,None,0.307,,1124600000,1117900000,,,,,-15820000,,,,,5.13,1.421,2.581,,,,,,,,0.16,,,2025-10-29,quarterly,4.81,USD,pre-market,460500000,,0.0575,0.0931,0.028,68.81,560361000,,,,140.47,164.74,24.9351,,,,,,,2554900000,,16.16,,185.17,110.04
2025-12-28,BIIB,10.96,10065900000.0,16.16,,0.128,124.11,,,,,,,,,,,,,,,None,297229000,297229000,,,,,,None,157592000,,,,,0.192,0.96,1162500000,1320092000,3.85,2014-12-31,11.29,,7706800000.0,2343422000,1150811000,268190999,,,None,7400000,None,,None,,,,,883480000,882779000,None,None,0.307,,1183673000,1159749000,,,,,-8945000,,,,,5.13,1.421,2.581,,,,,,,,0.16,,,2025-10-29,quarterly,4.81,USD,pre-market,500069000,,0.0575,0.0931,0.028,68.81,480668000,,,,140.47,164.74,24.9351,,,,,,,2640651000,,16.16,,185.17,110.04
2025-12-28,BIIB,10.96,10065900000.0,16.16,,0.128,124.11,,,,,,,,,,,,,,,None,302639000,302639000,,,,,,None,159206000,,,,,0.192,0.96,1114966000,1274172000,3.85,2014-09-30,11.29,,7706800000.0,2208807000,1130894000,274774000,,,None,7400000,None,,None,,,,,856858000,861514000,None,None,0.307,,1056229000,1152578000,,,,,-21684000,,,,,5.13,1.421,2.581,,,,,,,,0.16,,,2025-10-29,quarterly,4.81,USD,pre-market,417174000,,0.0575,0.0931,0.028,68.81,570436000,,,,140.47,164.74,24.9351,,,,,,,2511446000,,16.16,,185.17,110.04
2025-12-28,BIIB,10.96,10065900000.0,16.16,,0.128,124.11,,,,,,,,,,,,,,,None,291887000,291887000,,,,,,None,164139000,,,,,0.192,0.96,988844000,1152983000,3.85,2014-06-30,11.29,,7706800000.0,2129565000,991653000,268521000,,,None,7100000,None,,None,,,,,714506000,725065000,None,None,0.307,,1140840000,988725000,,,,,2928000,,,,,5.13,1.421,2.581,,,,,,,,0.16,,,2025-10-29,quarterly,4.81,USD,pre-market,447273000,,0.0575,0.0931,0.028,68.81,576622000,,,,140.47,164.74,24.9351,,,,,,,2421452000,,16.16,,185.17,110.04
2025-12-28,BIIB,10.96,10065900000.0,16.16,,0.128,124.11,,,,,,,,,,,,,,,None,279245000,279245000,,,,,,None,156263000,,,,,0.192,0.96,701390000,857653000,3.85,2014-03-31,11.29,,7706800000.0,1850506000,658142000,178414000,,,None,7600000,None,,None,,,,,479956000,487333000,None,None,0.307,,1179158000,671348000,,,,,-13206000,,,,,5.13,1.421,2.581,,,,,,,,0.16,,,2025-10-29,quarterly,4.81,USD,pre-market,528884000,,0.0575,0.0931,0.028,68.81,511674000,,,,140.47,164.74,24.9351,,,,,,,2129751000,,16.16,,185.17,110.04
2025-12-28,BIIB,10.96,10065900000.0,16.16,,0.128,124.11,,,,,,,,,,,,,,,None,258553000,258553000,,,,,,None,158383000,,,,,0.192,0.96,679983000,838366000,3.85,2013-12-31,11.29,,7706800000.0,1707297000,647567000,190261000,,,None,6400000,None,,None,,,,,457306000,462260000,None,None,0.307,,1049371000,657926000,,,,,-10359000,,,,,5.13,1.421,2.581,,,,,,,,0.16,,,2025-10-29,quarterly,4.81,USD,pre-market,433933000,,0.0575,0.0931,0.028,68.81,422957000,,,,140.47,164.74,24.9351,,,,,,,1965850000,,16.16,,185.17,110.04
2025-12-28,BIIB,10.96,10065900000.0,16.16,,0.128,124.11,,,,,,,,,,,,,,,None,234696000,234696000,,,,,,None,147477000,,,,,0.192,0.96,677485000,824962000,3.85,2013-09-30,11.29,,7706800000.0,1593084000,673721000,186105000,,,None,6600000,None,,None,,,,,487616000,493786000,None,None,0.307,,908553000,684531000,,,,,-10810000,,,,,5.13,1.421,2.581,,,,,,,,0.16,,,2025-10-29,quarterly,4.81,USD,pre-market,410017000,,0.0575,0.0931,0.028,68.81,405584000,,,,140.47,164.74,24.9351,,,,,,,1827780000,,16.16,,185.17,110.04
2025-12-28,BIIB,10.96,10065900000.0,16.16,,0.128,124.11,,,,,,,,,,,,,,,None,230728000,230728000,,,,,,None,128427000,,,,,0.192,0.96,652045000,780472000,3.85,2013-06-30,11.29,,7706800000.0,1491445000,649810000,159140000,,,None,7300000,None,,None,,,,,490670000,492959000,None,None,0.307,,835135000,652045000,,,,,-12717000,,,,,5.13,1.421,2.581,,,,,,,,0.16,,,2025-10-29,quarterly,4.81,USD,pre-market,327463000,,0.0575,0.0931,0.028,68.81,431012000,,,,140.47,164.74,24.9351,,,,,,,1722173000,,16.16,,185.17,110.04
2025-12-28,BIIB,10.96,10065900000.0,16.16,,0.128,124.11,,,,,,,,,,,,,,,None,133749000,133749000,,,,,,None,97453000,,,,,0.192,0.96,507751000,605204000,3.85,2013-03-31,11.29,,7706800000.0,1281347000,492257000,65507999,,,None,11500000,None,,None,,,,,426749000,430560000,None,None,0.307,,781890000,507751000,,,,,-18268000,,,,,5.13,1.421,2.581,,,,,,,,0.16,,,2025-10-29,quarterly,4.81,USD,pre-market,284340000,,0.0575,0.0931,0.028,68.81,352598000,,,,140.47,164.74,24.9351,,,,,,,1415096000,,16.16,,185.17,110.04
2025-12-28,BIIB,10.96,10065900000.0,16.16,,0.128,124.11,,,,,,,,,,,,,,,None,133828000,133828000,,,,,,None,85476000,,,,,0.192,0.96,434063000,519539000,3.85,2012-12-31,11.29,,7706800000.0,1284113000,428468000,136341000,,,None,13400000,None,,None,,,,,292127000,294875000,None,None,0.307,,849145000,434063000,,,,,-17039000,,,,,5.13,1.421,2.581,,,,,,,,0.16,,,2025-10-29,quarterly,4.81,USD,pre-market,388881000,,0.0575,0.0931,0.028,68.81,321677000,,,,140.47,164.74,24.9351,,,,,,,1417941000,,16.16,,185.17,110.04
2025-12-28,BIIB,10.96,10065900000.0,16.16,,0.128,124.11,,,,,,,,,,,,,,,None,139358000,139358000,,,,,,None,94203000,,,,,0.192,0.96,513790000,607993000,3.85,2012-09-30,11.29,,7706800000.0,1246196000,529443999,131044000,,,None,8700000,None,,None,,,,,398400000,399658000,None,None,0.307,,713952000,513789999,,,,,-5806000,,,,,5.13,1.421,2.581,,,,,,,,0.16,,,2025-10-29,quarterly,4.81,USD,pre-market,304217000,,0.0575,0.0931,0.028,68.81,375176000,,,,140.47,164.74,24.9351,,,,,,,1385554000,,16.16,,185.17,110.04
2025-12-28,BIIB,10.96,10065900000.0,16.16,,0.128,124.11,,,,,,,,,,,,,,,None,139112000,139112000,,,,,,None,90624000,,,,,0.192,0.96,515673000,606297000,3.85,2012-06-30,11.29,,7706800000.0,1281839000,508673000,121021000,,,None,7000000,None,,None,,,,,386846000,387652000,None,None,0.307,,776116000,505723000,,,,,2439000,,,,,5.13,1.421,2.581,,,,,,,,0.16,,,2025-10-29,quarterly,4.81,USD,pre-market,329559000,,0.0575,0.0931,0.028,68.81,380278000,,,,140.47,164.74,24.9351,,,,,,,1420951000,,16.16,,185.17,110.04
2025-12-28,BIIB,10.96,10065900000.0,16.16,,0.128,124.11,,,,,,,,,,,,,,,None,133197000,133197000,,,,,,None,83945000,,,,,0.192,0.96,391914000,475859000,3.85,2012-03-31,11.29,,7706800000.0,1158817000,384514000,82148000,,,None,7400000,None,,None,,,,,302661000,302366000,None,None,0.307,,789447000,369370000,,,,,15144000,,,,,5.13,1.421,2.581,,,,,,,,0.16,,,2025-10-29,quarterly,4.81,USD,pre-market,355962000,,0.0575,0.0931,0.028,68.81,385983000,,,,140.47,164.74,24.9351,,,,,,,1292014000,,16.16,,185.17,110.04
2025-12-28,BIIB,10.96,10065900000.0,16.16,,0.128,124.11,,,,,,,,,,,,,,,None,139637000,139637000,,,,,,None,88721000,,,,,0.192,0.96,412626000,501347000,3.85,2011-12-31,11.29,,7706800000.0,1187073000,405130000,104920000,,,None,7496000,None,,None,,,,,300238000,300209000,None,None,0.307,,777970000,409103000,,,,,-3973000,,,,,5.13,1.421,2.581,,,,,,,,0.16,,,2025-10-29,quarterly,4.81,USD,pre-market,338934000,,0.0575,0.0931,0.028,68.81,357368000,,,,140.47,164.74,24.9351,,,,,,,1326710000,,16.16,,185.17,110.04
2025-12-28,BIIB,10.96,10065900000.0,16.16,,0.128,124.11,,,,,,,,,,,,,,,None,123527000,123527000,,,,,,None,87367000,,,,,0.192,0.96,488666000,576033000,3.85,2011-09-30,11.29,,7706800000.0,919936000,480766000,127104000,,,None,7927000,None,,None,,,,,351826000,353662000,None,None,0.307,,431443000,488493000,,,,,-7727000,,,,,5.13,1.421,2.581,,,,,,,,0.16,,,2025-10-29,quarterly,4.81,USD,pre-market,301391000,,0.0575,0.0931,0.028,68.81,342873000,,,,140.47,164.74,24.9351,,,,,,,1043463000,,16.16,,185.17,110.04
2025-12-28,BIIB,10.96,10065900000.0,16.16,,0.128,124.11,,,,,,,,,,,,,,,None,100503000,100503000,,,,,,None,90300000,,,,,0.192,0.96,407485000,497785000,3.85,2011-06-30,11.29,,7706800000.0,1108144000,399085000,95036000,,,None,8400000,None,,None,,,,,288034000,304049000,None,None,0.307,,697331000,410813000,,,,,-11728000,,,,,5.13,1.421,2.581,,,,,,,,0.16,,,2025-10-29,quarterly,4.81,USD,pre-market,285644000,,0.0575,0.0931,0.028,68.81,354351000,,,,140.47,164.74,24.9351,,,,,,,1208647000,,16.16,,185.17,110.04
2025-12-28,BIIB,10.96,10065900000.0,16.16,,0.128,124.11,,,,,,,,,,,,,,,None,103113000,103113000,,,,,,None,92545000,,,,,0.192,0.96,518234000,610779000,3.85,2011-03-31,11.29,,7706800000.0,1100229000,426234000,117468000,,,None,92000000,None,,None,,,,,293800000,308766000,None,None,0.307,,683946000,416283000,,,,,9951000,,,,,5.13,1.421,2.581,,,,,,,,0.16,,,2025-10-29,quarterly,4.81,USD,pre-market,293633000,,0.0575,0.0931,0.028,68.81,319310000,,,,140.47,164.74,24.9351,,,,,,,1203342000,,16.16,,185.17,110.04
2025-12-28,BIIB,10.96,10065900000.0,16.16,,0.128,124.11,,,,,,,,,,,,,,,None,100304000,100304000,,,,,,None,94012000,,,,,0.192,0.96,360021000,454033000,3.85,2010-12-31,11.29,,7706800000.0,1118768000,350521000,78769000,,,None,9500000,None,,None,,,,,240278000,271752000,None,None,0.307,,763582000,355186000,,,,,-4664000,,,,,5.13,1.421,2.581,,,,,,,,0.16,,,2025-10-29,quarterly,4.81,USD,pre-market,45869000,,0.0575,0.0931,0.028,68.81,344224000,,,,140.47,164.74,24.9351,,,,,,,1219072000,,16.16,,185.17,110.04
2025-12-28,BIIB,10.96,10065900000.0,16.16,,0.128,124.11,,,,,,,,,,,,,,,None,95918000,95918000,,,,,,None,90128000,,,,,0.192,0.96,196535000,286663000,3.85,2010-09-30,11.29,,7706800000.0,1079871000,187190000,75011000,,,None,9300000,None,,None,,,,,254115000,112179000,None,None,0.307,,885736000,194135000,,,,,-6945000,,,,,5.13,1.421,2.581,,,,,,,,0.16,,,2025-10-29,quarterly,4.81,USD,pre-market,524054000,,0.0575,0.0931,0.028,68.81,308151000,,,,140.47,164.74,24.9351,,,,,,,1175789000,,16.16,,185.17,110.04
2025-12-28,BIIB,10.96,10065900000.0,16.16,,0.128,124.11,,,,,,,,,,,,,,,None,106985000,106985000,,,,,,None,87451000,,,,,0.192,0.96,405892000,493343000,3.85,2010-06-30,11.29,,7706800000.0,1105717000,396892000,102243000,,,None,9000000,None,,None,,,,,293438000,294649000,None,None,0.307,,709837000,395880000,,,,,1012000,,,,,5.13,1.421,2.581,,,,,,,,0.16,,,2025-10-29,quarterly,4.81,USD,pre-market,331675000,,0.0575,0.0931,0.028,68.81,325014000,,,,140.47,164.74,24.9351,,,,,,,1212702000,,16.16,,185.17,110.04
2025-12-28,BIIB,10.96,10065900000.0,16.16,,0.128,124.11,,,,,,,,,,,,,,,None,97055000,97055000,,,,,,None,82510000,,,,,0.192,0.96,303603000,386113000,3.85,2010-03-31,11.29,,7706800000.0,1011805000,295303000,75310000,,,None,8300000,None,,None,,,,,217000000,219993000,None,None,0.307,,708116000,303689000,,,,,-8386000,,,,,5.13,1.421,2.581,,,,,,,,0.16,,,2025-10-29,quarterly,4.81,USD,pre-market,347006000,,0.0575,0.0931,0.028,68.81,312221000,,,,140.47,164.74,24.9351,,,,,,,1108860000,,16.16,,185.17,110.04
2025-12-28,BIIB,10.96,10065900000.0,16.16,,0.128,124.11,,,,,,,,,,,,,,,None,99700000,99700000,,,,,,None,93200000,,,,,0.192,0.96,397944000,491144000,3.85,2009-12-31,11.29,,7706800000.0,1027356000,389744000,83748000,,,None,8200000,None,,None,,,,,305637000,0,None,None,0.307,,643978000,383378000,,,,,None,,,,,5.13,1.421,2.581,,,,,,,,0.16,,,2025-10-29,quarterly,4.81,USD,pre-market,283082000,,0.0575,0.0931,0.028,68.81,304915000,,,,140.47,164.74,24.9351,,,,,,,1127056000,,16.16,,185.17,110.04
2025-12-28,BIIB,10.96,10065900000.0,16.16,,0.128,124.11,,,,,,,,,,,,,,,None,93486000,93486000,,,,,,None,85884000,,,,,0.192,0.96,402038000,487922000,3.85,2009-09-30,11.29,,7706800000.0,1027032000,393538000,113936000,,,None,8500000,None,,None,,,,,277663000,279602000,None,None,0.307,,642854000,384178000,,,,,9360000,,,,,5.13,1.421,2.581,,,,,,,,0.16,,,2025-10-29,quarterly,4.81,USD,pre-market,304055000,,0.0575,0.0931,0.028,68.81,287452000,,,,140.47,164.74,24.9351,,,,,,,1120518000,,16.16,,185.17,110.04
2025-12-28,BIIB,10.96,10065900000.0,16.16,,0.128,124.11,,,,,,,,,,,,,,,None,90721000,90721000,,,,,,None,126731000,,,,,0.192,0.96,246894000,373625000,3.85,2009-06-30,11.29,,7706800000.0,1002568000,237594000,92709000,,,None,9300000,None,,None,,,,,142845000,144885000,None,None,0.307,,779654000,222914000,,,,,14680000,,,,,5.13,1.421,2.581,,,,,,,,0.16,,,2025-10-29,quarterly,4.81,USD,pre-market,416453000,,0.0575,0.0931,0.028,68.81,269967000,,,,140.47,164.74,24.9351,,,,,,,1093289000,,16.16,,185.17,110.04
2025-12-28,BIIB,10.96,10065900000.0,16.16,,0.128,124.11,,,,,,,,,,,,,,,None,98197000,98197000,,,,,,None,122146000,,,,,0.192,0.96,321704000,443850000,3.85,2009-03-31,11.29,,7706800000.0,938287000,311804000,65225000,,,None,9900000,None,,None,,,,,243987000,0,None,None,0.307,,633329000,304958000,,,,,None,,,,,5.13,1.421,2.581,,,,,,,,0.16,,,2025-10-29,quarterly,4.81,USD,pre-market,279478000,,0.0575,0.0931,0.028,68.81,264603000,,,,140.47,164.74,24.9351,,,,,,,1036484000,,16.16,,185.17,110.04
2025-12-28,BIIB,10.96,10065900000.0,16.16,,0.128,124.11,,,,,,,,,,,,,,,None,101161000,101161000,,,,,,None,122017000,,,,,0.192,0.96,342072400,464089400,3.85,2008-12-31,11.29,,7706800000.0,967752000,290110000,83456000,,,None,51962000,None,,None,,,,,206654000,0,None,None,0.307,,642792000,324960000,,,,,None,,,,,5.13,1.421,2.581,,,,,,,,0.16,,,2025-10-29,quarterly,4.81,USD,pre-market,292767000,,0.0575,0.0931,0.028,68.81,230963000,,,,140.47,164.74,24.9351,,,,,,,1068913000,,16.16,,185.17,110.04
2025-12-28,BIIB,10.96,10065900000.0,16.16,,0.128,124.11,,,,,,,,,,,,,,,None,107493000,107493000,,,,,,None,127571000,,,,,0.192,0.96,330237000,457808000,3.85,2008-09-30,11.29,,7706800000.0,985471000,322137000,114337000,,,None,8100000,None,,None,,,,,206788000,0,None,None,0.307,,639621000,345850000,,,,,None,,,,,5.13,1.421,2.581,,,,,,,,0.16,,,2025-10-29,quarterly,4.81,USD,pre-market,268800000,,0.0575,0.0931,0.028,68.81,232824000,,,,140.47,164.74,24.9351,,,,,,,1092964000,,16.16,,185.17,110.04
2025-12-28,BIIB,10.96,10065900000.0,16.16,,0.128,124.11,,,,,,,,,,,,,,,None,92401000,92401000,,,,,,None,105539000,,,,,0.192,0.96,306679000,412218000,3.85,2008-06-30,11.29,,7706800000.0,901043000,292779000,84706000,,,None,13900000,None,,None,,,,,206328000,0,None,None,0.307,,604246000,296797000,,,,,None,,,,,5.13,1.421,2.581,,,,,,,,0.16,,,2025-10-29,quarterly,4.81,USD,pre-market,252259000,,0.0575,0.0931,0.028,68.81,245689000,,,,140.47,164.74,24.9351,,,,,,,993444000,,16.16,,185.17,110.04
2025-12-28,BIIB,10.96,10065900000.0,16.16,,0.128,124.11,,,,,,,,,,,,,,,None,100934000,100934000,,,,,,None,106932000,,,,,0.192,0.96,264784000,371716000,3.85,2008-03-31,11.29,,7706800000.0,841252000,249084000,83277000,,,None,15730000,None,,None,,,,,163397000,0,None,None,0.307,,595248000,246004000,,,,,None,,,,,5.13,1.421,2.581,,,,,,,,0.16,,,2025-10-29,quarterly,4.81,USD,pre-market,258232000,,0.0575,0.0931,0.028,68.81,215829000,,,,140.47,164.74,24.9351,,,,,,,942186000,,16.16,,185.17,110.04
2025-12-28,BIIB,10.96,10065900000.0,16.16,,0.128,124.11,,,,,,,,,,,,,,,None,87566000,87566000,,,,,,None,102263000,,,,,0.192,0.96,313661000,415924000,3.85,2007-12-31,11.29,,7706800000.0,805734000,295061000,93911000,,,None,18600000,None,,None,,,,,201150000,0,None,None,0.307,,543304000,262430000,,,,,None,,,,,5.13,1.421,2.581,,,,,,,,0.16,,,2025-10-29,quarterly,4.81,USD,pre-market,229292000,,0.0575,0.0931,0.028,68.81,193730000,,,,140.47,164.74,24.9351,,,,,,,893300000,,16.16,,185.17,110.04
2025-12-28,BIIB,10.96,10065900000.0,16.16,,0.128,124.11,,,,,,,,,,,,,,,None,81613000,81613000,,,,,,None,96755000,,,,,0.192,0.96,174133600,270888600,3.85,2007-09-30,11.29,,7706800000.0,707618000,174114000,54733000,,,None,19600000,None,,None,,,,,119581000,0,None,None,0.307,,578408000,129210000,,,,,None,,,,,5.13,1.421,2.581,,,,,,,,0.16,,,2025-10-29,quarterly,4.81,USD,pre-market,286274000,,0.0575,0.0931,0.028,68.81,190644000,,,,140.47,164.74,24.9351,,,,,,,789231000,,16.16,,185.17,110.04
2025-12-28,BIIB,10.96,10065900000.0,16.16,,0.128,124.11,,,,,,,,,,,,,,,None,84063000,84063000,,,,,,None,92460000,,,,,0.192,0.96,239926000,332386000,3.85,2007-06-30,11.29,,7706800000.0,689113000,238026000,51886000,,,None,1900000,None,,None,,,,,185940000,0,None,None,0.307,,482673000,206440000,,,,,None,,,,,5.13,1.421,2.581,,,,,,,,0.16,,,2025-10-29,quarterly,4.81,USD,pre-market,218149000,,0.0575,0.0931,0.028,68.81,203668000,,,,140.47,164.74,24.9351,,,,,,,773176000,,16.16,,185.17,110.04
2025-12-28,BIIB,10.96,10065900000.0,16.16,,0.128,124.11,,,,,,,,,,,,,,,None,81950000,81950000,,,,,,None,88815000,,,,,0.192,0.96,203794000,292609000,3.85,2007-03-31,11.29,,7706800000.0,633960000,203394000,71893000,,,None,406000,None,,None,,,,,131701000,0,None,None,0.307,,452268000,181692000,,,,,None,,,,,5.13,1.421,2.581,,,,,,,,0.16,,,2025-10-29,quarterly,4.81,USD,pre-market,191449000,,0.0575,0.0931,0.028,68.81,188061000,,,,140.47,164.74,24.9351,,,,,,,715910000,,16.16,,185.17,110.04
2025-12-28,BIIB,10.96,10065900000.0,16.16,,0.128,124.11,,,,,,,,,,,,,,,None,62103000,62103000,,,,,,None,87217000,,,,,0.192,0.96,181389000,268606000,3.85,2006-12-31,11.29,,7706800000.0,-164626000,181071000,72515000,,,None,318000,None,,None,,,,,108556000,0,None,None,0.307,,-356344000,191718000,,,,,None,,,,,5.13,1.421,2.581,,,,,,,,0.16,,,2025-10-29,quarterly,4.81,USD,pre-market,530000000,,0.0575,0.0931,0.028,68.81,192234000,,,,140.47,164.74,24.9351,,,,,,,-102523000,,16.16,,185.17,110.04
2025-12-28,BIIB,10.96,10065900000.0,16.16,,0.128,124.11,,,,,,,,,,,,,,,None,66792000,66792000,,,,,,None,89731000,,,,,0.192,0.96,219747000,309478000,3.85,2006-09-30,11.29,,7706800000.0,636700000,219647000,63048000,,,None,74000,None,,None,,,,,156799000,0,None,None,0.307,,439372000,197328000,,,,,None,,,,,5.13,1.421,2.581,,,,,,,,0.16,,,2025-10-29,quarterly,4.81,USD,pre-market,211033000,,0.0575,0.0931,0.028,68.81,168153000,,,,140.47,164.74,24.9351,,,,,,,703492000,,16.16,,185.17,110.04
2025-12-28,BIIB,10.96,10065900000.0,16.16,,0.128,124.11,,,,,,,,,,,,,,,None,77993000,77993000,,,,,,None,75692000,,,,,0.192,0.96,-99441000,-23749000,3.85,2006-06-30,11.29,,7706800000.0,582048000,-100209000,70404000,,,None,200000,None,,None,,,,,-170613000,0,None,None,0.307,,704063000,-122015000,,,,,None,,,,,5.13,1.421,2.581,,,,,,,,0.16,,,2025-10-29,quarterly,4.81,USD,pre-market,161985000,,0.0575,0.0931,0.028,68.81,170289000,,,,140.47,164.74,24.9351,,,,,,,660041000,,16.16,,185.17,110.04
2025-12-28,BIIB,10.96,10065900000.0,16.16,,0.128,124.11,,,,,,,,,,,,,,,None,67494000,67494000,,,,,,None,123230000,,,,,0.192,0.96,191947000,315177000,3.85,2006-03-31,11.29,,7706800000.0,543681000,191654000,72464000,,,None,293000,None,,None,,,,,122790000,0,None,None,0.307,,370692000,172989000,,,,,None,,,,,5.13,1.421,2.581,,,,,,,,0.16,,,2025-10-29,quarterly,4.81,USD,pre-market,145892000,,0.0575,0.0931,0.028,68.81,154391000,,,,140.47,164.74,24.9351,,,,,,,611175000,,16.16,,185.17,110.04
2025-12-28,BIIB,10.96,10065900000.0,16.16,,0.128,124.11,,,,,,,,,,,,,,,None,113352000,113352000,,,,,,None,97524000,,,,,0.192,0.96,104452000,201976000,3.85,2005-12-31,11.29,,7706800000.0,-189380000,105136000,49574000,,,None,684000,None,,None,,,,,55562000,0,None,None,0.307,,-282679000,93299000,,,,,None,,,,,5.13,1.421,2.581,,,,,,,,0.16,,,2025-10-29,quarterly,4.81,USD,pre-market,168314000,,0.0575,0.0931,0.028,68.81,169121000,,,,140.47,164.74,24.9351,,,,,,,-76028000,,16.16,,185.17,110.04
2025-12-28,BIIB,10.96,10065900000.0,16.16,,0.128,124.11,,,,,,,,,,,,,,,None,89561000,89561000,,,,,,None,109751000,,,,,0.192,0.96,32928000,142679000,3.85,2005-09-30,11.29,,7706800000.0,506650000,32357000,5172000,,,None,571000,None,,None,,,,,27145000,0,None,None,0.307,,485485000,21165000,,,,,None,,,,,5.13,1.421,2.581,,,,,,,,0.16,,,2025-10-29,quarterly,4.81,USD,pre-market,227039000,,0.0575,0.0931,0.028,68.81,161410000,,,,140.47,164.74,24.9351,,,,,,,596211000,,16.16,,185.17,110.04
2025-12-28,BIIB,10.96,10065900000.0,16.16,,0.128,124.11,,,,,,,,,,,,,,,None,2310400000,2310400000,,,,,,None,673200000,,,,,0.192,0.96,2322500000,2995700000,3.85,2024-12-31,11.29,,7706800000.0,7365500000,1906000000,273800000,,,None,250300000,67600000,,None,,,,,1632200000,1632200000,-182700000,None,0.307,,4875200000,2490300000,,,,,None,,,,,5.13,1.421,2.581,,,,,,,,0.16,,,2025-10-29,annual,4.81,USD,pre-market,2488500000,,0.0575,0.0931,0.028,68.81,2319900000,,,,140.47,164.74,24.9351,,,,,,,9675900000,,16.16,,185.17,110.04
2025-12-28,BIIB,10.96,10065900000.0,16.16,,0.128,124.11,,,,,,,,,,,,,,,None,2533400000,2533400000,,,,,,None,494800000,,,,,0.192,0.96,1882200000,2377000000,3.85,2023-12-31,11.29,,7706800000.0,7302200000,1296800000,135300000,,,None,246900000,276500000,,None,,,,,1161100000,1161500000,29600000,None,0.307,,5204900000,2097300000,,,,,None,,,,,5.13,1.421,2.581,,,,,,,,0.16,,,2025-10-29,annual,4.81,USD,pre-market,2702600000,,0.0575,0.0931,0.028,68.81,2430900000,,,,140.47,164.74,24.9351,,,,,,,9835600000,,16.16,,185.17,110.04
2025-12-28,BIIB,10.96,10065900000.0,16.16,,0.128,124.11,,,,,,,,,,,,,,,None,2278300000,2278300000,,,,,,None,518400000,,,,,0.192,0.96,3018500000,3536900000,3.85,2022-12-31,11.29,,7706800000.0,7895100000,3594400000,632800000,,,None,246600000,89300000,,None,,,,,3046900000,2961600000,-157300000,None,0.307,,5006000000,2889100000,,,,,614500000,,,,,5.13,1.421,2.581,,,,,,,,0.16,,,2025-10-29,annual,4.81,USD,pre-market,2597000000,,0.0575,0.0931,0.028,68.81,2354900000,,,,140.47,164.74,24.9351,,,,,,,10173400000,,16.16,,185.17,110.04
2025-12-28,BIIB,10.96,10065900000.0,16.16,,0.128,124.11,,,,,,,,,,,,,,,None,2109699999,2109699999,,,,,,None,487700000,,,,,0.192,0.96,3435700000,3923400000,3.85,2021-12-31,11.29,,7706800000.0,8872000000,1780100000,52500000,,,None,253600000,11000000,,None,,,,,1556100000,1692700000,-242600000,None,0.307,,6080600000,2791400000,,,,,-1060600000,,,,,5.13,1.421,2.581,,,,,,,,0.16,,,2025-10-29,annual,4.81,USD,pre-market,3400500000,,0.0575,0.0931,0.028,68.81,2581400000,,,,140.47,164.74,24.9351,,,,,,,10981700000,,16.16,,185.17,110.04
2025-12-28,BIIB,10.96,10065900000.0,16.16,,0.128,124.11,,,,,,,,,,,,,,,None,1805200000,1805200000,,,,,,None,457200000,,,,,0.192,0.96,4651100000,5108300000,3.85,2020-12-31,11.29,,7706800000.0,11639400000,5052800000,992300000,,,None,222500000,42000000,,None,,,,,4000600000,4055200000,-180500000,None,0.307,,7046400000,4593000000,,,,,502700000,,,,,5.13,1.421,2.581,,,,,,,,0.16,,,2025-10-29,annual,4.81,USD,pre-market,4530700000,,0.0575,0.0931,0.028,68.81,2403900000,,,,140.47,164.74,24.9351,,,,,,,13444600000,,16.16,,185.17,110.04
2025-12-28,BIIB,10.96,10065900000.0,16.16,,0.128,124.11,,,,,,,,,,,,,,,None,1955400000,1955400000,,,,,,None,464700000,,,,,0.192,0.96,7275200000,7739900000,3.85,2019-12-31,11.29,,7706800000.0,12422500000,7046500000,1158000000,,,None,187400000,120000000,,None,,,,,5888500000,5967900000,-67400000,None,0.307,,5379900000,7042600000,,,,,3900000,,,,,5.13,1.421,2.581,,,,,,,,0.16,,,2025-10-29,annual,4.81,USD,pre-market,2770500000,,0.0575,0.0931,0.028,68.81,2279700000,,,,140.47,164.74,24.9351,,,,,,,14377900000,,16.16,,185.17,110.04
2025-12-28,BIIB,10.96,10065900000.0,16.16,,0.128,124.11,,,,,,,,,,,,,,,None,1816300000,1816300000,,,,,,None,650500000,,,,,0.192,0.96,6364100000,7014600000,3.85,2018-12-31,11.29,,7706800000.0,11636600000,5899600000,1425600000,,,None,200600000,112500000,,None,,,,,4430700000,4474000000,-88100000,None,0.307,,5748000000,5888600000,,,,,11000000,,,,,5.13,1.421,2.581,,,,,,,,0.16,,,2025-10-29,annual,4.81,USD,pre-market,2709700000,,0.0575,0.0931,0.028,68.81,2018900000,,,,140.47,164.74,24.9351,,,,,,,13452900000,,16.16,,185.17,110.04
2025-12-28,BIIB,10.96,10065900000.0,16.16,,0.128,124.11,,,,,,,,,,,,,,,None,1630000000,1630000000,,,,,,None,721600000,,,,,0.192,0.96,5886300000,6607900000,3.85,2017-12-31,11.29,,7706800000.0,10643900000,5128800000,2458700000,,,None,250800000,78500000,,None,,,,,2539100000,2670100000,-172300000,None,0.307,,5298100000,5345800000,,,,,-215400000,,,,,5.13,1.421,2.581,,,,,,,,0.16,,,2025-10-29,annual,4.81,USD,pre-market,2373600000,,0.0575,0.0931,0.028,68.81,1861200000,,,,140.47,164.74,24.9351,,,,,,,12273900000,,16.16,,185.17,110.04
2025-12-28,BIIB,10.96,10065900000.0,16.16,,0.128,124.11,,,,,,,,,,,,,,,None,1433200000,1433200000,,,,,,None,637200000,,,,,0.192,0.96,5708800000,6346000000,3.85,2016-12-31,11.29,,7706800000.0,10015600000,4933000000,1237300000,,,None,260000000,63400000,,None,,,,,3702800000,3695700000,-196600000,None,0.307,,4863900000,5151700000,,,,,-217400000,,,,,5.13,1.421,2.581,,,,,,,,0.16,,,2025-10-29,annual,4.81,USD,pre-market,1973300000,,0.0575,0.0931,0.028,68.81,1843600000,,,,140.47,164.74,24.9351,,,,,,,11448800000,,16.16,,185.17,110.04
2025-12-28,BIIB,10.96,10065900000.0,16.16,,0.128,124.11,,,,,,,,,,,,,,,None,1240400000,1240400000,,,,,,None,600400000,,,,,0.192,0.96,5014900000,5615300000,3.85,2015-12-31,11.29,,7706800000.0,9523400000,4754800000,1161600000,,,None,95500000,105000000,,None,,,,,3547000000,3605700000,None,None,0.307,,4632400000,4891000000,,,,,-136200000,,,,,5.13,1.421,2.581,,,,,,,,0.16,,,2025-10-29,annual,4.81,USD,pre-market,2012800000,,0.0575,0.0931,0.028,68.81,2004500000,,,,140.47,164.74,24.9351,,,,,,,10763800000,,16.16,,185.17,110.04
2025-12-28,BIIB,10.96,10065900000.0,16.16,,0.128,124.11,,,,,,,,,,,,,,,None,1171000000,1171000000,,,,,,None,637200000,,,,,0.192,0.96,3967700000,4604900000,3.85,2014-12-31,11.29,,7706800000.0,8532299999,3931500000,989900000,,,None,29500000,None,,None,,,,,2934800000,2956691000,None,None,0.307,,4559900000,3972400000,,,,,-40907000,,,,,5.13,1.421,2.581,,,,,,,,0.16,,,2025-10-29,annual,4.81,USD,pre-market,1893400000,,0.0575,0.0931,0.028,68.81,2139400000,,,,140.47,164.74,24.9351,,,,,,,9703300000,,16.16,,185.17,110.04
2025-12-28,BIIB,10.96,10065900000.0,16.16,,0.128,124.11,,,,,,,,,,,,,,,None,857700000,857700000,,,,,,None,531700000,,,,,0.192,0.96,2490000000,3021700000,3.85,2013-12-31,11.29,,7706800000.0,6074500000,2463300000,601000000,,,None,31900000,None,,None,,,,,1862300000,1879565000,None,None,0.307,,3559000000,2515500000,,,,,-52154000,,,,,5.13,1.421,2.581,,,,,,,,0.16,,,2025-10-29,annual,4.81,USD,pre-market,1455800000,,0.0575,0.0931,0.028,68.81,1639400000,,,,140.47,164.74,24.9351,,,,,,,6932200000,,16.16,,185.17,110.04
2025-12-28,BIIB,10.96,10065900000.0,16.16,,0.128,124.11,,,,,,,,,,,,,,,None,545494000,545494000,,,,,,None,365648000,,,,,0.192,0.96,1838484000,2204132000,3.85,2012-12-31,11.29,,7706800000.0,4969367000,1850587000,470554000,,,None,36500000,None,,None,,,,,1380033000,1384551000,None,None,0.307,,3111780000,1838484000,,,,,-5262000,,,,,5.13,1.421,2.581,,,,,,,,0.16,,,2025-10-29,annual,4.81,USD,pre-market,1378619000,,0.0575,0.0931,0.028,68.81,1223165000,,,,140.47,164.74,24.9351,,,,,,,5514861000,,16.16,,185.17,110.04
2025-12-28,BIIB,10.96,10065900000.0,16.16,,0.128,124.11,,,,,,,,,,,,,,,None,466780000,466780000,,,,,,None,358933000,,,,,0.192,0.96,1744214000,2103147000,3.85,2011-12-31,11.29,,7706800000.0,4581854000,1711214000,444528000,,,None,33000000,None,,None,,,,,1234428000,1266686000,None,None,0.307,,2857163000,1724691000,,,,,-13477000,,,,,5.13,1.421,2.581,,,,,,,,0.16,,,2025-10-29,annual,4.81,USD,pre-market,1219602000,,0.0575,0.0931,0.028,68.81,1373904000,,,,140.47,164.74,24.9351,,,,,,,5048634000,,16.16,,185.17,110.04
2025-12-28,BIIB,10.96,10065900000.0,16.16,,0.128,124.11,,,,,,,,,,,,,,,None,400262000,400262000,,,,,,None,355744000,,,,,0.192,0.96,1266006000,1621750000,3.85,2010-12-31,11.29,,7706800000.0,4316161000,1229906000,331333000,,,None,36100000,None,,None,,,,,1005273000,898573000,None,None,0.307,,3067272000,1248889000,,,,,-18983000,,,,,5.13,1.421,2.581,,,,,,,,0.16,,,2025-10-29,annual,4.81,USD,pre-market,1248604000,,0.0575,0.0931,0.028,68.81,1289611000,,,,140.47,164.74,24.9351,,,,,,,4716423000,,16.16,,185.17,110.04
2025-12-28,BIIB,10.96,10065900000.0,16.16,,0.128,124.11,,,,,,,,,,,,,,,None,382104000,382104000,,,,,,None,427961000,,,,,0.192,0.96,1368479000,1796440000,3.85,2009-12-31,11.29,,7706800000.0,3995244000,1332679000,355617000,,,None,35800000,None,,None,,,,,970132000,977062000,None,None,0.307,,2699817000,1295427000,,,,,37252000,,,,,5.13,1.421,2.581,,,,,,,,0.16,,,2025-10-29,annual,4.81,USD,pre-market,1283068000,,0.0575,0.0931,0.028,68.81,1126938000,,,,140.47,164.74,24.9351,,,,,,,4377348000,,16.16,,185.17,110.04
2025-12-28,BIIB,10.96,10065900000.0,16.16,,0.128,124.11,,,,,,,,,,,,,,,None,401989000,401989000,,,,,,None,462059000,,,,,0.192,0.96,1207883000,1669942000,3.85,2008-12-31,11.29,,7706800000.0,3695518000,1155883000,365776000,,,None,52000000,None,,None,,,,,783167000,None,None,None,0.307,,2481907000,1213611000,,,,,None,,,,,5.13,1.421,2.581,,,,,,,,0.16,,,2025-10-29,annual,4.81,USD,pre-market,1072058000,,0.0575,0.0931,0.028,68.81,925305000,,,,140.47,164.74,24.9351,,,,,,,4097507000,,16.16,,185.17,110.04
2025-12-28,BIIB,10.96,10065900000.0,16.16,,0.128,124.11,,,,,,,,,,,,,,,None,335192000,335192000,,,,,,None,380293000,,,,,0.192,0.96,951095000,1331388000,3.85,2007-12-31,11.29,,7706800000.0,2836425000,910595000,272423000,,,None,40500000,None,,None,,,,,638172000,None,None,None,0.307,,2056653000,779772000,,,,,None,,,,,5.13,1.421,2.581,,,,,,,,0.16,,,2025-10-29,annual,4.81,USD,pre-market,925164000,,0.0575,0.0931,0.028,68.81,776103000,,,,140.47,164.74,24.9351,,,,,,,3171617000,,16.16,,185.17,110.04
2025-12-28,BIIB,10.96,10065900000.0,16.16,,0.128,124.11,,,,,,,,,,,,,,,None,274383000,274383000,,,,,,None,375870000,,,,,0.192,0.96,493063000,868933000,3.85,2006-12-31,11.29,,7706800000.0,2408666000,492163000,278431000,,,None,871000,None,,None,,,,,217511000,None,None,None,0.307,,1968646000,440020000,,,,,None,,,,,5.13,1.421,2.581,,,,,,,,0.16,,,2025-10-29,annual,4.81,USD,pre-market,718390000,,0.0575,0.0931,0.028,68.81,685067000,,,,140.47,164.74,24.9351,,,,,,,2683049000,,16.16,,185.17,110.04
2025-12-28,BIIB,10.96,10065900000.0,16.16,,0.128,124.11,,,,,,,,,,,,,,,None,373614000,373614000,,,,,,None,402208000,,,,,0.192,0.96,265842000,668050000,3.85,2005-12-31,11.29,,7706800000.0,1340005000,256195000,95484000,,,None,9647000,None,,None,,,,,160711000,None,None,None,0.307,,1103965000,236040000,,,,,None,,,,,5.13,1.421,2.581,,,,,,,,0.16,,,2025-10-29,annual,4.81,USD,pre-market,747671000,,0.0575,0.0931,0.028,68.81,644758000,,,,140.47,164.74,24.9351,,,,,,,1713619000,,16.16,,185.17,110.04
2025-12-28,BIIB,10.96,10065900000.0,16.16,None,0.128,124.11,,305000000,3862800000,3862800000,,,,,,,,,100000,147100000,None,373614000,373614000,413100000,None,None,1850000000,None,None,402208000,,,,,0.192,0.96,265842000,668050000,3.85,2025-09-30,11.29,6490700000,7706800000.0,1340005000,256195000,95484000,9331900000,9331900000,None,9647000,None,2209400000,None,None,6285100000,None,None,160711000,None,None,None,0.307,,1103965000,236040000,916800000,2773600000,None,597100000,None,,,,,5.13,1.421,2.581,,,,,,,,0.16,,None,2025-10-29,quarterly,4.81,USD,pre-market,747671000,20601600000,0.0575,0.0931,0.028,68.81,644758000,6590100000,None,97600000,140.47,164.74,24.9351,29207500000,8936600000,3290000000,11000000000,20270900000,7710000000,1713619000,18207500000,16.16,None,185.17,110.04
2025-12-28,BIIB,10.96,10065900000.0,16.16,None,0.128,124.11,,310900000,2758800000,2758800000,,,,,,,,,100000,145900000,None,373614000,373614000,408400000,None,None,2084000000,None,None,402208000,,,,,0.192,0.96,265842000,668050000,3.85,2025-06-30,11.29,6493100000,7706800000.0,1340005000,256195000,95484000,9467500000,9467500000,None,9647000,None,2274300000,None,None,6283700000,None,None,160711000,None,None,None,0.307,,1103965000,236040000,850600000,2660500000,None,634500000,None,,,,,5.13,1.421,2.581,,,,,,,,0.16,,None,2025-10-29,quarterly,4.81,USD,pre-market,747671000,20135100000,0.0575,0.0931,0.028,68.81,644758000,6594600000,None,None,140.47,164.74,24.9351,28330200000,7967700000,3183700000,10696200000,20362500000,7512500000,1713619000,17634000000,16.16,None,185.17,110.04
2025-12-28,BIIB,10.96,10065900000.0,16.16,None,0.128,124.11,,323400000,2598300000,2598300000,,,,,,,,,100000,145900000,None,373614000,373614000,391500000,None,1749100000,1996500000,None,None,402208000,,,,,0.192,0.96,265842000,668050000,3.85,2025-03-31,11.29,6477100000,7706800000.0,1340005000,256195000,95484000,9584600000,9584600000,None,9647000,None,2273900000,None,None,4548700000,None,None,160711000,None,None,None,0.307,,1103965000,236040000,757300000,2530700000,None,589600000,None,,,,,5.13,1.421,2.581,,,,,,,,0.16,,None,2025-10-29,quarterly,4.81,USD,pre-market,747671000,19500300000,0.0575,0.0931,0.028,68.81,644758000,6621200000,1749100000,None,140.47,164.74,24.9351,28033100000,7626000000,5297400000,11054400000,20407100000,5757000000,1713619000,16978700000,16.16,None,185.17,110.04
2025-12-28,BIIB,10.96,10065900000.0,16.16,None,0.128,124.11,,334500000,2375000000,2375000000,,,,,,,,,100000,146100000,None,373614000,373614000,424200000,None,1748600000,1868800000,None,None,402208000,,,,,0.192,0.96,265842000,668050000,3.85,2024-12-31,11.29,6478900000,7706800000.0,1340005000,256195000,95484000,9691200000,9691200000,None,9647000,None,2460500000,None,None,4547200000,None,None,160711000,None,None,None,0.307,,1103965000,236040000,752500000,2807700000,None,732300000,None,,,,,5.13,1.421,2.581,,,,,,,,0.16,,None,2025-10-29,quarterly,4.81,USD,pre-market,747671000,19259800000,0.0575,0.0931,0.028,68.81,644758000,6630300000,1748600000,None,140.47,164.74,24.9351,28049300000,7456800000,5528800000,11333300000,20592500000,5804500000,1713619000,16716000000,16.16,None,185.17,110.04
2025-12-28,BIIB,10.96,10065900000.0,16.16,None,0.128,124.11,,357000000,1699200000,1699200000,,,,,,,,,100000,145900000,None,373614000,373614000,422700000,None,1748100000,1988100000,None,None,402208000,,,,,0.192,0.96,265842000,668050000,3.85,2024-09-30,11.29,6485800000,7706800000.0,1340005000,256195000,95484000,9805500000,9805500000,None,9647000,None,2469200000,None,None,4545800000,None,None,160711000,None,None,None,0.307,,1103965000,236040000,674000000,2755100000,None,582100000,None,,,,,5.13,1.421,2.581,,,,,,,,0.16,,None,2025-10-29,quarterly,4.81,USD,pre-market,747671000,18993100000,0.0575,0.0931,0.028,68.81,644758000,6650900000,1748100000,None,140.47,164.74,24.9351,28313200000,6830500000,5425000000,11954300000,21482700000,6529300000,1713619000,16358900000,16.16,None,185.17,110.04
2025-12-28,BIIB,10.96,10065900000.0,16.16,None,0.128,124.11,,367500000,1908900000,1908900000,,,,,,,,,100000,145900000,None,373614000,373614000,354500000,None,None,2078200000,None,None,402208000,,,,,0.192,0.96,265842000,668050000,3.85,2024-06-30,11.29,6227400000,7706800000.0,1340005000,256195000,95484000,8232900000,8232900000,None,9647000,None,2506100000,None,None,6292000000,None,None,160711000,None,None,None,0.307,,1103965000,236040000,615300000,2472100000,None,365000000,None,,,,,5.13,1.421,2.581,,,,,,,,0.16,,None,2025-10-29,quarterly,4.81,USD,pre-market,747671000,18604600000,0.0575,0.0931,0.028,68.81,644758000,6659500000,193000000,None,140.47,164.74,24.9351,26804100000,7108500000,3108200000,10915000000,19695600000,7806800000,1713619000,15889100000,16.16,None,185.17,110.04
2025-12-28,BIIB,10.96,10065900000.0,16.16,None,0.128,124.11,,406500000,1074400000,1074400000,,,,,,,,,100000,145900000,None,373614000,373614000,387000000,None,250000000,1999700000,None,None,402208000,,,,,0.192,0.96,265842000,668050000,3.85,2024-03-31,11.29,6227400000,7706800000.0,1340005000,256195000,95484000,8284700000,8284700000,None,9647000,None,2516800000,None,None,6290100000,None,None,160711000,None,None,None,0.307,,1103965000,236040000,1165300000,2354600000,None,366100000,None,,,,,5.13,1.421,2.581,,,,,,,,0.16,,None,2025-10-29,quarterly,4.81,USD,pre-market,747671000,18021000000,0.0575,0.0931,0.028,68.81,644758000,6946600000,250000000,None,140.47,164.74,24.9351,26567600000,6756200000,3222800000,11354600000,19811400000,8131800000,1713619000,15213000000,16.16,None,185.17,110.04
2025-12-28,BIIB,10.96,10065900000.0,16.16,None,0.128,124.11,,400000000,1049900000,1049900000,,,,,,,,,100000,145700000,None,373614000,373614000,403300000,None,150000000,2100000000,None,None,402208000,,,,,0.192,0.96,265842000,668050000,3.85,2023-12-31,11.29,6219200000,7706800000.0,1340005000,256195000,95484000,8363000000,8363000000,None,9647000,None,2527400000,None,None,6788200000,None,0,160711000,None,None,None,0.307,,1103965000,236040000,1182000000,2623600000,None,781100000,None,,,,,5.13,1.421,2.581,,,,,,,,0.16,,None,2025-10-29,quarterly,4.81,USD,pre-market,747671000,17627600000,0.0575,0.0931,0.028,68.81,644758000,7338200000,150000000,0,140.47,164.74,24.9351,26844800000,6859300000,3434300000,12045400000,19985500000,8611100000,1713619000,14799400000,16.16,None,185.17,110.04
2025-12-28,BIIB,10.96,10065900000.0,16.16,None,0.128,124.11,,428800000,2287900000,2287900000,,,,,,,,,100000,144800000,None,373614000,373614000,440100000,None,500000000,2209700000,None,None,402208000,,,,,0.192,0.96,265842000,668050000,3.85,2023-09-30,11.29,6807500000,7706800000.0,1340005000,256195000,95484000,7344600000,7344600000,None,9647000,None,2982400000,None,None,6786400000,None,754700000,160711000,None,None,None,0.307,,1103965000,236040000,974100000,3838400000,None,747900000,None,,,,,5.13,1.421,2.581,,,,,,,,0.16,,None,2025-10-29,quarterly,4.81,USD,pre-market,747671000,17377900000,0.0575,0.0931,0.028,68.81,644758000,7715200000,500000000,0,140.47,164.74,24.9351,28193200000,8454100000,5022300000,13713500000,19739100000,8691200000,1713619000,14483800000,16.16,None,185.17,110.04
2025-12-28,BIIB,10.96,10065900000.0,16.16,None,0.128,124.11,,304400000,2617800000,2617800000,,,,,,,,,100000,145500000,None,373614000,373614000,445400000,None,None,2124000000,None,None,402208000,,,,,0.192,0.96,265842000,668050000,3.85,2023-06-30,11.29,5753700000,7706800000.0,1340005000,256195000,95484000,1776400000,1776400000,None,9647000,None,1333500000,None,None,6284600000,None,2312900000,160711000,None,None,None,0.307,,1103965000,236040000,895900000,2481100000,None,776900000,None,,,,,5.13,1.421,2.581,,,,,,,,0.16,,3307200000,2025-10-29,quarterly,4.81,USD,pre-market,747671000,17446000000,0.0575,0.0931,0.028,68.81,644758000,6589000000,None,3460500000,140.47,164.74,24.9351,25156800000,10431700000,3186500000,10696300000,14725100000,7509800000,1713619000,14466900000,16.16,-2977100000,185.17,110.04
2025-12-28,BIIB,10.96,10065900000.0,16.16,None,0.128,124.11,,327000000,2898200000,2898200000,,,,,,,,,100000,145200000,None,373614000,373614000,491200000,None,None,2028200000,None,None,402208000,,,,,0.192,0.96,265842000,668050000,3.85,2023-03-31,11.29,5751800000,7706800000.0,1340005000,256195000,95484000,1813300000,1813300000,None,9647000,None,1281000000,None,None,6282700000,None,978200000,160711000,None,None,None,0.307,,1103965000,236040000,1412000000,2288200000,None,1262500000,None,,,,,5.13,1.421,2.581,,,,,,,,0.16,,3300900000,2025-10-29,quarterly,4.81,USD,pre-market,747671000,16854400000,0.0575,0.0931,0.028,68.81,644758000,6609700000,None,2143100000,140.47,164.74,24.9351,24598400000,9762500000,3014900000,10811400000,14835900000,7796500000,1713619000,13796600000,16.16,-2977100000,185.17,110.04
2025-12-28,BIIB,10.96,10065900000.0,16.16,None,0.128,124.11,,333000000,3419300000,3419300000,,,,,,,,,100000,145200000,None,373614000,373614000,491500000,None,None,2136400000,None,None,402208000,,,,,0.192,0.96,265842000,668050000,3.85,2022-12-31,11.29,5749000000,7706800000.0,1340005000,256195000,95484000,1850100000,1850100000,None,9647000,None,1344400000,None,None,6281000000,None,2234900000,160711000,None,None,None,0.307,,1103965000,236040000,1417600000,2521400000,None,944200000,None,,,,,5.13,1.421,2.581,,,,,,,,0.16,,3298600000,2025-10-29,quarterly,4.81,USD,pre-market,747671000,16466500000,0.0575,0.0931,0.028,68.81,644758000,6614000000,97200000,1473500000,140.47,164.74,24.9351,24554100000,9791200000,3272800000,11165700000,14762900000,7892900000,1713619000,13397900000,16.16,-2977100000,185.17,110.04
2025-12-28,BIIB,10.96,10065900000.0,16.16,None,0.128,124.11,,354800000,3675600000,3675600000,,,,,,,,,100000,144800000,None,373614000,373614000,383200000,None,None,1984200000,None,None,402208000,,,,,0.192,0.96,265842000,668050000,3.85,2022-09-30,11.29,5741200000,7706800000.0,1340005000,256195000,95484000,2008900000,2008900000,None,9647000,None,1375000000,None,None,6279200000,None,860300000,160711000,None,None,None,0.307,,1103965000,236040000,1495500000,3305900000,None,1552900000,None,,,,,5.13,1.421,2.581,,,,,,,,0.16,,3266400000,2025-10-29,quarterly,4.81,USD,pre-market,747671000,15916100000,0.0575,0.0931,0.028,68.81,644758000,6634000000,None,1235500000,140.47,164.74,24.9351,24854200000,9765800000,3926400000,12087400000,15088400000,8161000000,1713619000,12775500000,16.16,-2977100000,185.17,110.04
2025-12-28,BIIB,10.96,10065900000.0,16.16,None,0.128,124.11,,274200000,2646600000,2646600000,,,,,,,,,100000,146200000,None,373614000,373614000,434800000,None,999800000,2003500000,None,None,402208000,,,,,0.192,0.96,265842000,668050000,3.85,2022-06-30,11.29,5749600000,7706800000.0,1340005000,256195000,95484000,2075300000,2075300000,None,9647000,None,1294200000,None,None,6277400000,None,1102900000,160711000,None,None,None,0.307,,1103965000,236040000,1645300000,3298500000,None,1442000000,None,,,,,5.13,1.421,2.581,,,,,,,,0.16,,3355100000,2025-10-29,quarterly,4.81,USD,pre-market,747671000,14959900000,0.0575,0.0931,0.028,68.81,644758000,7551400000,999800000,2151300000,140.47,164.74,24.9351,25081400000,9740900000,5018000000,13218000000,15340500000,8200000000,1713619000,11872500000,16.16,-2977100000,185.17,110.04
2025-12-28,BIIB,10.96,10065900000.0,16.16,None,0.128,124.11,,312300000,1749300000,1749300000,,,,,,,,,100000,147600000,None,373614000,373614000,398700000,None,999500000,2021400000,None,None,402208000,,,,,0.192,0.96,265842000,668050000,3.85,2022-03-31,11.29,5758000000,7706800000.0,1340005000,256195000,95484000,2150800000,2150800000,None,9647000,None,1215400000,None,None,6275700000,None,1001600000,160711000,None,None,None,0.307,,1103965000,236040000,927400000,2231100000,None,1600200000,None,,,,,5.13,1.421,2.581,,,,,,,,0.16,,3372800000,2025-10-29,quarterly,4.81,USD,pre-market,747671000,14215500000,0.0575,0.0931,0.028,68.81,644758000,7587500000,999500000,2002400000,140.47,164.74,24.9351,23614400000,7915900000,3946600000,12393700000,15698500000,8447100000,1713619000,11242300000,16.16,-2977100000,185.17,110.04
2025-12-28,BIIB,10.96,10065900000.0,16.16,None,0.128,124.11,,330400000,2261400000,2261400000,,,,,,,,,100000,147500000,None,373614000,373614000,589200000,None,999100000,1961700000,None,None,402208000,,,,,0.192,0.96,265842000,668050000,3.85,2021-12-31,11.29,5761100000,7706800000.0,1340005000,256195000,95484000,2221300000,2221300000,None,9647000,None,1351500000,None,None,6274000000,None,892000000,160711000,None,None,None,0.307,,1103965000,236040000,740800000,2535200000,None,1650900000,None,,,,,5.13,1.421,2.581,,,,,,,,0.16,,3416400000,2025-10-29,quarterly,4.81,USD,pre-market,747671000,13911700000,0.0575,0.0931,0.028,68.81,644758000,7603500000,999100000,1541100000,140.47,164.74,24.9351,23877300000,7856500000,4298200000,12917600000,16020800000,8619400000,1713619000,10896200000,16.16,-2977100000,185.17,110.04
2025-12-28,BIIB,10.96,10065900000.0,16.16,None,0.128,124.11,,348200000,1541800000,1541800000,,,,,,,,,100000,148600000,None,373614000,373614000,427900000,None,998800000,2123000000,None,None,402208000,,,,,0.192,0.96,265842000,668050000,3.85,2021-09-30,11.29,5760500000,7706800000.0,1340005000,256195000,95484000,2286800000,2286800000,None,9647000,None,1347900000,None,None,6272300000,None,2986900000,160711000,None,None,None,0.307,,1103965000,236040000,736300000,2550700000,None,1318200000,None,,,,,5.13,1.421,2.581,,,,,,,,0.16,,3799800000,2025-10-29,quarterly,4.81,USD,pre-market,747671000,13543500000,0.0575,0.0931,0.028,68.81,644758000,7619300000,998800000,1413300000,140.47,164.74,24.9351,23806700000,7162300000,4211600000,12925000000,16644400000,8713400000,1713619000,10429900000,16.16,-2977100000,185.17,110.04
2025-12-28,BIIB,10.96,10065900000.0,16.16,None,0.128,124.11,,363900000,1742000000,1742000000,,,,,,,,,100000,150100000,None,373614000,373614000,375300000,None,None,2110200000,None,None,402208000,,,,,0.192,0.96,265842000,668050000,3.85,2021-06-30,11.29,5763900000,7706800000.0,1340005000,256195000,95484000,2385000000,2385000000,None,9647000,None,1254800000,None,None,7269200000,None,3443200000,160711000,None,None,None,0.307,,1103965000,236040000,767900000,2971900000,None,1356400000,None,,,,,5.13,1.421,2.581,,,,,,,,0.16,,3844700000,2025-10-29,quarterly,4.81,USD,pre-market,747671000,13900700000,0.0575,0.0931,0.028,68.81,644758000,14538200000,7269000000,1308800000,140.47,164.74,24.9351,24470400000,7183700000,3347200000,13255600000,17286700000,9908400000,1713619000,10751900000,16.16,-2977100000,185.17,110.04
2025-12-28,BIIB,10.96,10065900000.0,16.16,None,0.128,124.11,,380000000,1217500000,1217500000,,,,,,,,,100000,152300000,None,373614000,373614000,430400000,None,None,2224100000,None,None,402208000,,,,,0.192,0.96,265842000,668050000,3.85,2021-03-31,11.29,5763100000,7706800000.0,1340005000,256195000,95484000,2988100000,2988100000,None,9647000,None,1171800000,None,None,7267200000,None,821900000,160711000,None,None,None,0.307,,1103965000,236040000,786100000,2592300000,None,1791800000,None,,,,,5.13,1.421,2.581,,,,,,,,0.16,,3438300000,2025-10-29,quarterly,4.81,USD,pre-market,747671000,13833500000,0.0575,0.0931,0.028,68.81,644758000,7647200000,None,1320000000,140.47,164.74,24.9351,23854700000,6719500000,3165800000,13191500000,17135200000,10025700000,1713619000,10682200000,16.16,-2977100000,185.17,110.04
2025-12-28,BIIB,10.96,10065900000.0,16.16,None,0.128,124.11,,402000000,1331200000,1331200000,,,,,,,,,100000,154000000,None,373614000,373614000,454900000,None,None,1913800000,None,None,402208000,,,,,0.192,0.96,265842000,668050000,3.85,2020-12-31,11.29,5762100000,7706800000.0,1340005000,256195000,95484000,3084300000,3084300000,None,9647000,None,1068600000,None,None,7426200000,None,772100000,160711000,None,None,None,0.307,,1103965000,236040000,1294600000,3287300000,None,1731600000,None,,,,,5.13,1.421,2.581,,,,,,,,0.16,,3411500000,2025-10-29,quarterly,4.81,USD,pre-market,747671000,13976300000,0.0575,0.0931,0.028,68.81,644758000,14852200000,7426000000,1278900000,140.47,164.74,24.9351,24618900000,6887100000,3742200000,13932800000,17731800000,10190600000,1713619000,10686100000,16.16,-2977100000,185.17,110.04
2025-12-28,BIIB,10.96,10065900000.0,16.16,None,0.128,124.11,,409100000,2224800000,2224800000,,,,,,,,,100000,157200000,None,373614000,373614000,398400000,None,None,2552100000,None,None,402208000,,,,,0.192,0.96,265842000,668050000,3.85,2020-09-30,11.29,5755700000,7706800000.0,1340005000,256195000,95484000,3323600000,3323600000,None,9647000,None,1027700000,None,None,7425000000,None,1009800000,160711000,None,None,None,0.307,,1103965000,236040000,683500000,3286200000,None,1837200000,None,,,,,5.13,1.421,2.581,,,,,,,,0.16,,3359900000,2025-10-29,quarterly,4.81,USD,pre-market,747671000,13961000000,0.0575,0.0931,0.028,68.81,644758000,7834100000,None,1355000000,140.47,164.74,24.9351,24934100000,7843100000,3804000000,14189600000,17091000000,10385600000,1713619000,10758500000,16.16,-2977100000,185.17,110.04
2025-12-28,BIIB,10.96,10065900000.0,16.16,None,0.128,124.11,,414800000,2384900000,2384900000,,,,,,,,,100000,160900000,None,373614000,373614000,383900000,None,None,2574700000,None,None,402208000,,,,,0.192,0.96,265842000,668050000,3.85,2020-06-30,11.29,5751000000,7706800000.0,1340005000,256195000,95484000,3383800000,3383800000,None,9647000,None,952700000,None,None,7423800000,None,922800000,160711000,None,None,None,0.307,,1103965000,236040000,638800000,2486500000,None,1890200000,None,,,,,5.13,1.421,2.581,,,,,,,,0.16,,3330700000,2025-10-29,quarterly,4.81,USD,pre-market,747671000,14466700000,0.0575,0.0931,0.028,68.81,644758000,7838600000,None,1942700000,140.47,164.74,24.9351,25511800000,8493800000,3447100000,14222600000,17018000000,10775500000,1713619000,11308700000,16.16,-2977100000,185.17,110.04
2025-12-28,BIIB,10.96,10065900000.0,16.16,None,0.128,124.11,,403700000,2591300000,2591300000,,,,,,,,,100000,173100000,None,373614000,373614000,389000000,None,1501800000,2604200000,None,None,402208000,,,,,0.192,0.96,265842000,668050000,3.85,2020-03-31,11.29,5752000000,7706800000.0,1340005000,256195000,95484000,3446900000,3446900000,None,9647000,None,858800000,None,None,4459900000,None,969500000,160711000,None,None,None,0.307,,1103965000,236040000,683800000,2437800000,None,1761000000,None,,,,,5.13,1.421,2.581,,,,,,,,0.16,,3281600000,2025-10-29,quarterly,4.81,USD,pre-market,747671000,15673100000,0.0575,0.0931,0.028,68.81,644758000,6365400000,1501800000,1269100000,140.47,164.74,24.9351,26119200000,8007200000,4638600000,13582300000,18112000000,8943700000,1713619000,12546900000,16.16,-2977100000,185.17,110.04
2025-12-28,BIIB,10.96,10065900000.0,16.16,None,0.128,124.11,,412700000,2913700000,2913700000,,,,,,,,,100000,178200000,None,373614000,373614000,459400000,None,1495800000,2470700000,None,None,402208000,,,,,0.192,0.96,265842000,668050000,3.85,2019-12-31,11.29,5757800000,7706800000.0,1340005000,256195000,95484000,3527400000,3527400000,None,9647000,None,804200000,None,None,4459000000,None,1408100000,160711000,None,None,None,0.307,,1103965000,236040000,631000000,2837200000,None,1761600000,None,,,,,5.13,1.421,2.581,,,,,,,,0.16,,3247300000,2025-10-29,quarterly,4.81,USD,pre-market,747671000,16455400000,0.0575,0.0931,0.028,68.81,644758000,6367500000,1495800000,1562200000,140.47,164.74,24.9351,27234300000,8381800000,4863800000,13895200000,18852500000,9031400000,1713619000,13343200000,16.16,-2977100000,185.17,110.04
2025-12-28,BIIB,10.96,10065900000.0,16.16,None,0.128,124.11,,410500000,2343900000,2343900000,,,,,,,,,100000,184200000,None,373614000,373614000,382200000,None,1495300000,2515800000,None,None,402208000,,,,,0.192,0.96,265842000,668050000,3.85,2019-09-30,11.29,5746100000,7706800000.0,1340005000,256195000,95484000,3392400000,3392400000,None,9647000,None,751800000,None,None,4458200000,None,1813900000,160711000,None,None,None,0.307,,1103965000,236040000,743200000,2429100000,None,1781400000,None,,,,,5.13,1.421,2.581,,,,,,,,0.16,,3138100000,2025-10-29,quarterly,4.81,USD,pre-market,747671000,17065200000,0.0575,0.0931,0.028,68.81,644758000,6364000000,1495300000,2093500000,140.47,164.74,24.9351,27484000000,8448200000,4432200000,13492200000,19035800000,9060000000,1713619000,13995900000,16.16,-2977100000,185.17,110.04
2025-12-28,BIIB,10.96,10065900000.0,16.16,None,0.128,124.11,,423000000,1723400000,1723400000,,,,,,,,,100000,190400000,None,373614000,373614000,377100000,None,72300000,2517100000,None,None,402208000,,,,,0.192,0.96,265842000,668050000,3.85,2019-06-30,11.29,5749200000,7706800000.0,1340005000,256195000,95484000,3681300000,3681300000,None,9647000,None,776700000,None,None,5948500000,None,1309300000,160711000,None,None,None,0.307,,1103965000,236040000,1663800000,2406600000,None,1778800000,None,,,,,5.13,1.421,2.581,,,,,,,,0.16,,3077500000,2025-10-29,quarterly,4.81,USD,pre-market,747671000,16182800000,0.0575,0.0931,0.028,68.81,644758000,6371500000,144600000,1228800000,140.47,164.74,24.9351,26287600000,7909800000,3210900000,13338800000,18377800000,10127900000,1713619000,12952900000,16.16,-2977100000,185.17,110.04
2025-12-28,BIIB,10.96,10065900000.0,16.16,None,0.128,124.11,,436100000,2243200000,2243200000,,,,,,,,,100000,197000000,None,373614000,373614000,378000000,None,72500000,2616000000,None,None,402208000,,,,,0.192,0.96,265842000,668050000,3.85,2019-03-31,11.29,5639700000,7706800000.0,1340005000,256195000,95484000,3056200000,3056200000,None,9647000,None,770200000,None,None,5943200000,None,1372700000,160711000,None,None,None,0.307,,1103965000,236040000,1647400000,2532200000,None,1789900000,None,,,,,5.13,1.421,2.581,,,,,,,,0.16,,3013800000,2025-10-29,quarterly,4.81,USD,pre-market,747671000,17026700000,0.0575,0.0931,0.028,68.81,644758000,6379300000,145000000,1665800000,140.47,164.74,24.9351,26445500000,8942600000,3148700000,12623500000,17502900000,9474800000,1713619000,13829900000,16.16,-2977100000,185.17,110.04
2025-12-28,BIIB,10.96,10065900000.0,16.16,None,0.128,124.11,,None,1224600000,1224600000,,,,,,,,,100000,200300000,None,373614000,373614000,370500000,None,None,2485400000,None,None,402208000,,,,,0.192,0.96,265842000,668050000,3.85,2018-12-31,11.29,5706400000,7706800000.0,1340005000,256195000,95484000,3120000000,3120000000,None,9647000,None,929900000,None,None,5936500000,None,1375900000,160711000,None,None,None,0.307,,1103965000,236040000,958800000,2861200000,None,1389400000,None,,,,,5.13,1.421,2.581,,,,,,,,0.16,,3601200000,2025-10-29,quarterly,4.81,USD,pre-market,747671000,16257000000,0.0575,0.0931,0.028,68.81,644758000,5936500000,None,2313400000,140.47,164.74,24.9351,25288900000,7640900000,3295200000,12257300000,17648000000,8962100000,1713619000,13039600000,16.16,-2977100000,185.17,110.04
2025-12-28,BIIB,10.96,10065900000.0,16.16,None,0.128,124.11,,None,2386700000,2386700000,,,,,,,,,100000,201900000,None,373614000,373614000,342300000,None,None,2525700000,None,None,402208000,,,,,0.192,0.96,265842000,668050000,3.85,2018-09-30,11.29,5440100000,7706800000.0,1340005000,256195000,95484000,3379000000,3379000000,None,9647000,None,916600000,None,None,5931100000,None,1244500000,160711000,None,None,None,0.307,,1103965000,236040000,848300000,2578500000,None,1511800000,None,,,,,5.13,1.421,2.581,,,,,,,,0.16,,3538900000,2025-10-29,quarterly,4.81,USD,pre-market,747671000,16944100000,0.0575,0.0931,0.028,68.81,644758000,5931100000,None,2041700000,140.47,164.74,24.9351,25492200000,8719000000,3174900000,11732400000,16773200000,8557500000,1713619000,13766600000,16.16,-2977100000,185.17,110.04
2025-12-28,BIIB,10.96,10065900000.0,16.16,None,0.128,124.11,,None,1250200000,1250200000,,,,,,,,,100000,207300000,None,373614000,373614000,295700000,None,5928400000,2432900000,None,None,402208000,,,,,0.192,0.96,265842000,668050000,3.85,2018-06-30,11.29,5170300000,7706800000.0,1340005000,256195000,95484000,3661300000,3661300000,None,9647000,None,931700000,None,None,5928400000,None,1160200000,160711000,None,None,None,0.307,,1103965000,236040000,843300000,2856700000,None,1457600000,None,,,,,5.13,1.421,2.581,,,,,,,,0.16,,3409000000,2025-10-29,quarterly,4.81,USD,pre-market,747671000,15499500000,0.0575,0.0931,0.028,68.81,644758000,5928400000,5928400000,1974000000,140.47,164.74,24.9351,23952900000,7432100000,3152400000,11699200000,16520800000,8546800000,1713619000,12260900000,16.16,-2977100000,185.17,110.04
2025-12-28,BIIB,10.96,10065900000.0,16.16,None,0.128,124.11,,None,4108000000,4108000000,,,,,,,,,100000,211700000,None,373614000,373614000,345800000,None,3300000,1939200000,None,None,402208000,,,,,0.192,0.96,265842000,668050000,3.85,2018-03-31,11.29,4907800000,7706800000.0,1340005000,256195000,95484000,3794500000,3794500000,None,9647000,None,890800000,None,None,5929400000,None,1200200000,160711000,None,None,None,0.307,,1103965000,236040000,1449400000,2571100000,None,1640000000,None,,,,,5.13,1.421,2.581,,,,,,,,0.16,,3334700000,2025-10-29,quarterly,4.81,USD,pre-market,747671000,17334600000,0.0575,0.0931,0.028,68.81,644758000,5932700000,3300000,1808000000,140.47,164.74,24.9351,26090100000,10195400000,3152100000,12052600000,15894700000,8900500000,1713619000,14037500000,16.16,-2977100000,185.17,110.04
2025-12-28,BIIB,10.96,10065900000.0,16.16,None,0.128,124.11,,None,1573800000,1573800000,,,,,,,,,100000,212000000,None,373614000,373614000,395500000,None,3200000,1787000000,None,None,402208000,,,,,0.192,0.96,265842000,668050000,3.85,2017-12-31,11.29,4632500000,7706800000.0,1340005000,256195000,95484000,3879600000,3879600000,None,9647000,None,902700000,None,None,5935000000,None,3057300000,160711000,None,None,None,0.307,,1103965000,236040000,1494600000,2901300000,None,1628700000,None,,,,,5.13,1.421,2.581,,,,,,,,0.16,,3182400000,2025-10-29,quarterly,4.81,USD,pre-market,747671000,15810400000,0.0575,0.0931,0.028,68.81,644758000,5938200000,3200000,2115200000,140.47,164.74,24.9351,23652600000,7873300000,3368200000,11054500000,15779300000,7686300000,1713619000,12598100000,16.16,-2977100000,185.17,110.04
2025-12-28,BIIB,10.96,10065900000.0,16.16,None,0.128,124.11,,None,1548100000,1548100000,,,,,,,,,100000,211800000,None,373614000,373614000,298700000,None,573200000,1567500000,None,None,402208000,,,,,0.192,0.96,265842000,668050000,3.85,2017-09-30,11.29,4127500000,7706800000.0,1340005000,256195000,95484000,4019400000,4019400000,None,9647000,None,1007200000,None,None,5938300000,None,3062000000,160711000,None,None,None,0.307,,1103965000,236040000,1485000000,2455200000,None,716900000,None,,,,,5.13,1.421,2.581,,,,,,,,0.16,,2995900000,2025-10-29,quarterly,4.81,USD,pre-market,747671000,16107700000,0.0575,0.0931,0.028,68.81,644758000,6511500000,573200000,1960200000,140.47,164.74,24.9351,23073200000,7568000000,3448400000,10224300000,15505200000,6775900000,1713619000,12848900000,16.16,-2977100000,185.17,110.04
2025-12-28,BIIB,10.96,10065900000.0,16.16,None,0.128,124.11,,None,1169500000,1169500000,,,,,,,,,100000,212200000,None,373614000,373614000,330300000,None,6513900000,2133100000,None,None,402208000,,,,,0.192,0.96,265842000,668050000,3.85,2017-06-30,11.29,3870400000,7706800000.0,1340005000,256195000,95484000,4051300000,4051300000,None,9647000,None,936500000,None,None,5954000000,None,2632700000,160711000,None,None,None,0.307,,1103965000,236040000,1146100000,2436900000,None,750900000,None,,,,,5.13,1.421,2.581,,,,,,,,0.16,,2827600000,2025-10-29,quarterly,4.81,USD,pre-market,747671000,14881700000,0.0575,0.0931,0.028,68.81,644758000,6513900000,559900000,1723500000,140.47,164.74,24.9351,21759000000,7108700000,3379700000,10185400000,14650300000,6805700000,1713619000,11585200000,16.16,-2977100000,185.17,110.04
2025-12-28,BIIB,10.96,10065900000.0,16.16,None,0.128,124.11,,None,924000000,924000000,,,,,,,,,100000,215900000,None,373614000,373614000,316400000,None,6514200000,1826000000,None,None,402208000,,,,,0.192,0.96,265842000,668050000,3.85,2017-03-31,11.29,3611700000,7706800000.0,1340005000,256195000,95484000,4103900000,4103900000,None,9647000,None,921600000,None,None,5952700000,None,2825200000,160711000,None,None,None,0.307,,1103965000,236040000,1231900000,2044600000,None,688800000,None,,,,,5.13,1.421,2.581,,,,,,,,0.16,,2610900000,2025-10-29,quarterly,4.81,USD,pre-market,747671000,14781200000,0.0575,0.0931,0.028,68.81,644758000,6514200000,561500000,1956200000,140.47,164.74,24.9351,21195900000,6859700000,2992500000,9728500000,14336200000,6736000000,1713619000,11479000000,16.16,-2977100000,185.17,110.04
2025-12-28,BIIB,10.96,10065900000.0,16.16,None,0.128,124.11,,None,2326500000,2326500000,,,,,,,,,100000,217000000,None,373614000,373614000,279800000,None,4700000,1441600000,None,None,402208000,,,,,0.192,0.96,265842000,668050000,3.85,2016-12-31,11.29,3669300000,7706800000.0,1340005000,256195000,95484000,3808300000,3808300000,None,9647000,None,1001600000,None,None,6512700000,None,2829400000,160711000,None,None,None,0.307,,1103965000,236040000,1393900000,2903500000,None,722500000,None,,,,,5.13,1.421,2.581,,,,,,,,0.16,,2501800000,2025-10-29,quarterly,4.81,USD,pre-market,747671000,15071600000,0.0575,0.0931,0.028,68.81,644758000,6517400000,4700000,2568600000,140.47,164.74,24.9351,22876800000,8732200000,3336900000,10748200000,14144600000,7411300000,1713619000,12128600000,16.16,-2611700000,185.17,110.04
2025-12-28,BIIB,10.96,10065900000.0,16.16,None,0.128,124.11,,None,2084800000,2084800000,,,,,,,,,100000,219400000,None,373614000,373614000,274000000,None,4900000,1467800000,None,None,402208000,,,,,0.192,0.96,265842000,668050000,3.85,2016-09-30,11.29,3419700000,7706800000.0,1340005000,256195000,95484000,3869900000,3869900000,None,9647000,None,1009700000,None,None,6529600000,None,3096900000,160711000,None,None,None,0.307,,1103965000,236040000,1298300000,2012000000,None,862100000,None,,,,,5.13,1.421,2.581,,,,,,,,0.16,,2387000000,2025-10-29,quarterly,4.81,USD,pre-market,747671000,15030000000,0.0575,0.0931,0.028,68.81,644758000,6534500000,4900000,2231200000,140.47,164.74,24.9351,22104900000,8091800000,2499700000,9990100000,14013100000,7490400000,1713619000,12114800000,16.16,-2611700000,185.17,110.04
2025-12-28,BIIB,10.96,10065900000.0,16.16,None,0.128,124.11,,None,1362000000,1362000000,,,,,,,,,100000,219400000,None,373614000,373614000,225900000,None,4800000,1627100000,None,None,402208000,,,,,0.192,0.96,265842000,668050000,3.85,2016-06-30,11.29,3167100000,7706800000.0,1340005000,256195000,95484000,3967600000,3967600000,None,9647000,None,996400000,None,None,6538300000,None,3477600000,160711000,None,None,None,0.307,,1103965000,236040000,1027400000,2072700000,None,951000000,None,,,,,5.13,1.421,2.581,,,,,,,,0.16,,2301800000,2025-10-29,quarterly,4.81,USD,pre-market,747671000,14229100000,0.0575,0.0931,0.028,68.81,644758000,6543100000,4800000,2434800000,140.47,164.74,24.9351,21514800000,7447700000,2516200000,10111100000,14067100000,7594900000,1713619000,11403800000,16.16,-2611700000,185.17,110.04
2025-12-28,BIIB,10.96,10065900000.0,16.16,None,0.128,124.11,,None,1130700000,1130700000,,,,,,,,,100000,219300000,None,373614000,373614000,271300000,None,None,1710200000,None,None,402208000,,,,,0.192,0.96,265842000,668050000,3.85,2016-03-31,11.29,2917900000,7706800000.0,1340005000,256195000,95484000,4012200000,4012200000,None,9647000,None,964600000,None,None,6535600000,None,3189800000,160711000,None,None,None,0.307,,1103965000,236040000,941100000,2003900000,None,916600000,None,,,,,5.13,1.421,2.581,,,,,,,,0.16,,2258900000,2025-10-29,quarterly,4.81,USD,pre-market,747671000,13179300000,0.0575,0.0931,0.028,68.81,644758000,6540500000,4900000,2454700000,140.47,164.74,24.9351,20674700000,7201300000,2776600000,10346600000,13473400000,7570000000,1713619000,10326800000,16.16,-2611700000,185.17,110.04
2025-12-28,BIIB,10.96,10065900000.0,16.16,None,0.128,124.11,,None,1308000000,1308000000,,,,,,,,,100000,220800000,None,373614000,373614000,267400000,None,4800000,1227000000,None,None,402208000,,,,,0.192,0.96,265842000,668050000,3.85,2015-12-31,11.29,2663800000,7706800000.0,1340005000,256195000,95484000,4085100000,4085100000,None,9647000,None,893400000,None,None,6521500000,None,2760400000,160711000,None,None,None,0.307,,1103965000,236040000,1151400000,2249800000,None,905800000,None,,,,,5.13,1.421,2.581,,,,,,,,0.16,,2187600000,2025-10-29,quarterly,4.81,USD,pre-market,747671000,12208400000,0.0575,0.0931,0.028,68.81,644758000,6526300000,4800000,2120500000,140.47,164.74,24.9351,19504800000,6700300000,2577700000,10129900000,12804500000,7552200000,1713619000,9374900000,16.16,-2611700000,185.17,110.04
2025-12-28,BIIB,10.96,10065900000.0,16.16,None,0.128,124.11,,None,4089003000,4089003000,,,,,,,,,124000,232600000,None,373614000,373614000,251228000,None,None,1647568000,None,None,402208000,,,,,0.192,0.96,265842000,668050000,3.85,2015-09-30,11.29,2408854000,7706800000.0,1340005000,256195000,95484000,4181200000,4181200000,None,9647000,None,918921000,None,None,6529275000,None,1947354000,160711000,None,None,None,0.307,,1103965000,236040000,861882000,1860500000,None,861421000,None,,,,,5.13,1.421,2.581,,,,,,,,0.16,,2027821000,2025-10-29,quarterly,4.81,USD,pre-market,747671000,11999358000,0.0575,0.0931,0.028,68.81,644758000,6534446000,5171000,1753499000,140.47,164.74,24.9351,20728368000,9270873000,2633971000,10161425000,11457450000,7527454000,1713619000,10572726000,16.16,-2611713000,185.17,110.04
2025-12-28,BIIB,10.96,10065900000.0,16.16,None,0.128,124.11,,None,1282078000,1282078000,,,,,,,,,129000,235700000,None,373614000,373614000,282702000,None,None,1634535000,None,None,402208000,,,,,0.192,0.96,265842000,668050000,3.85,2015-06-30,11.29,2154341000,7706800000.0,1340005000,256195000,95484000,4294800000,4294800000,None,9647000,None,865738000,None,None,576207000,None,2101796000,160711000,None,None,None,0.307,,1103965000,236040000,750039000,1749600000,None,915731000,None,,,,,5.13,1.421,2.581,,,,,,,,0.16,,1837670000,2025-10-29,quarterly,4.81,USD,pre-market,747671000,11033736000,0.0575,0.0931,0.028,68.81,644758000,579469000,3262000,1086595000,140.47,164.74,24.9351,16759171000,5618985000,2555833000,4186173000,11140195000,1630340000,1713619000,12572577000,16.16,-2611706000,185.17,110.04
2025-12-28,BIIB,10.96,10065900000.0,16.16,None,0.128,124.11,,None,1478051000,1478051000,,,,,,,,,129000,235630000,None,373614000,373614000,236128000,None,None,1701951000,None,None,402208000,,,,,0.192,0.96,265842000,668050000,3.85,2015-03-31,11.29,1849852000,7706800000.0,1340005000,256195000,95484000,4353123000,4353123000,None,9647000,None,825349000,None,None,580672000,None,1377325000,160711000,None,None,None,0.307,,1103965000,236040000,579599000,1259900000,None,892529000,None,,,,,5.13,1.421,2.581,,,,,,,,0.16,,1739628000,2025-10-29,quarterly,4.81,USD,pre-market,747671000,10106460000,0.0575,0.0931,0.028,68.81,644758000,583926000,3254000,673946000,140.47,164.74,24.9351,15219454000,5258896000,1946231000,3549996000,9960558000,1603765000,1713619000,11669458000,16.16,-2611706000,185.17,110.04
2025-12-28,BIIB,10.96,10065900000.0,16.16,None,0.128,124.11,,None,1204924000,1204924000,,,,,,,,,129000,236292000,None,373614000,373614000,229200000,None,3100000,1575800000,None,None,402208000,,,,,0.192,0.96,265842000,668050000,3.85,2014-12-31,11.29,1760249000,7706800000.0,1340005000,256195000,95484000,4028507000,4028507000,None,9647000,None,804022000,None,None,582061000,None,1470652000,160711000,None,None,None,0.307,,1103965000,236040000,309800000,1696842000,None,650096000,None,,,,,5.13,1.421,2.581,,,,,,,,0.16,,1765683000,2025-10-29,quarterly,4.81,USD,pre-market,747671000,9283919000,0.0575,0.0931,0.028,68.81,644758000,585197000,3100000,640460000,140.47,164.74,24.9351,14316559000,4535000000,2219706000,3502519000,9779700000,1282813000,1713619000,10814040000,16.16,-2611706000,185.17,110.04
2025-12-28,BIIB,10.96,10065900000.0,16.16,None,0.128,124.11,,None,1186281000,1186281000,,,,,,,,,129000,236972000,None,373614000,373614000,233629000,None,None,1361231000,None,None,402208000,,,,,0.192,0.96,265842000,668050000,3.85,2014-09-30,11.29,1541204000,7706800000.0,1340005000,256195000,95484000,4129800000,4129800000,None,9647000,None,753063000,None,None,583977000,None,1371431000,160711000,None,None,None,0.307,,1103965000,236040000,396471000,1434200000,None,658276000,None,,,,,5.13,1.421,2.581,,,,,,,,0.16,,1724129000,2025-10-29,quarterly,4.81,USD,pre-market,747671000,8400455000,0.0575,0.0931,0.028,68.81,644758000,587197000,3220000,675065000,140.47,164.74,24.9351,13704142000,4372111000,1940687000,3273257000,9332077000,1332570000,1713619000,10427696000,16.16,-2084908000,185.17,110.04
2025-12-28,BIIB,10.96,10065900000.0,16.16,None,0.128,124.11,,None,863197000,863197000,,,,,,,,,128000,237401000,None,373614000,373614000,224931000,None,None,1289225000,None,None,402208000,,,,,0.192,0.96,265842000,668050000,3.85,2014-06-30,11.29,1364815000,7706800000.0,1340005000,256195000,95484000,4249400000,4249400000,None,9647000,None,715935000,None,None,586091000,None,1010837000,160711000,None,None,None,0.307,,1103965000,236040000,346787000,1350500000,None,710965000,None,,,,,5.13,1.421,2.581,,,,,,,,0.16,,1756164000,2025-10-29,quarterly,4.81,USD,pre-market,747671000,7543597000,0.0575,0.0931,0.028,68.81,644758000,589477000,3386000,709869000,140.47,164.74,24.9351,12917998000,3925013000,1916575000,3352772000,8993007000,1436197000,1713619000,9561299000,16.16,-2061832000,185.17,110.04
2025-12-28,BIIB,10.96,10065900000.0,16.16,None,0.128,124.11,,None,828601000,828601000,,,,,,,,,128000,237849000,None,373614000,373614000,212809000,None,None,1296803000,None,None,402208000,,,,,0.192,0.96,265842000,668050000,3.85,2014-03-31,11.29,1232916000,7706800000.0,1340005000,256195000,95484000,4364300000,4364300000,None,9647000,None,672750000,None,None,591012000,None,724272000,160711000,None,None,None,0.307,,1103965000,236040000,295260000,1011400000,None,702908000,None,,,,,5.13,1.421,2.581,,,,,,,,0.16,,1744266000,2025-10-29,quarterly,4.81,USD,pre-market,747671000,6829091000,0.0575,0.0931,0.028,68.81,644758000,594562000,3550000,431610000,140.47,164.74,24.9351,12230131000,3525024000,1594204000,3089068000,8705023000,1494864000,1713619000,9136711000,16.16,-1724927000,185.17,110.04
2025-12-28,BIIB,10.96,10065900000.0,16.16,None,0.128,124.11,,None,602562000,602562000,,,,,,,,,128000,237627000,None,373614000,373614000,219913000,None,None,1077068000,None,None,402208000,,,,,0.192,0.96,265842000,668050000,3.85,2013-12-31,11.29,1232916000,7706800000.0,1340005000,256195000,95484000,4474653000,4474653000,None,9647000,None,659003000,None,None,592433000,None,625772000,160711000,None,None,None,0.307,,1103965000,236040000,226134000,1182500000,None,659231000,None,,,,,5.13,1.421,2.581,,,,,,,,0.16,,1750710000,2025-10-29,quarterly,4.81,USD,pre-market,747671000,6349135000,0.0575,0.0931,0.028,68.81,644758000,595927000,3494000,620167000,140.47,164.74,24.9351,11863335000,3184934000,1758279000,3242497000,8678401000,1484218000,1713619000,8620838000,16.16,-1724927000,185.17,110.04
2025-12-28,BIIB,10.96,10065900000.0,16.16,None,0.128,124.11,,None,427811000,427811000,,,,,,,,,128000,238349000,None,373614000,373614000,166709000,None,None,1154861000,None,None,402208000,,,,,0.192,0.96,265842000,668050000,3.85,2013-09-30,11.29,1210718000,7706800000.0,1340005000,256195000,95484000,4580200000,4580200000,None,9647000,None,614483000,None,None,694894000,None,373558000,160711000,None,None,None,0.307,,1103965000,236040000,205635000,963700000,None,608473000,None,,,,,5.13,1.421,2.581,,,,,,,,0.16,,1806074000,2025-10-29,quarterly,4.81,USD,pre-market,747671000,5891829000,0.0575,0.0931,0.028,68.81,644758000,698279000,3385000,240882000,140.47,164.74,24.9351,11250249000,2643672000,1518674000,3124561000,8606578000,1605887000,1713619000,8125092000,16.16,-1724927000,185.17,110.04
2025-12-28,BIIB,10.96,10065900000.0,16.16,None,0.128,124.11,,None,392507000,392507000,,,,,,,,,128000,238743000,None,373614000,373614000,163094000,None,None,1111453000,None,None,402208000,,,,,0.192,0.96,265842000,668050000,3.85,2013-06-30,11.29,1210718000,7706800000.0,1340005000,256195000,95484000,4678900000,4678900000,None,9647000,None,570390000,None,None,726388000,None,107139000,160711000,None,None,None,0.307,,1103965000,236040000,173708000,888800000,None,595642000,None,,,,,5.13,1.421,2.581,,,,,,,,0.16,,1787776000,2025-10-29,quarterly,4.81,USD,pre-market,747671000,5404213000,0.0575,0.0931,0.028,68.81,644758000,729576000,3188000,275163000,140.47,164.74,24.9351,10841590000,2523221000,1304045000,2939445000,8318385000,1635400000,1713619000,7901549000,16.16,-1365641000,185.17,110.04
2025-12-28,BIIB,10.96,10065900000.0,16.16,None,0.128,124.11,,None,663302000,663302000,,,,,,,,,128000,238304000,None,373614000,373614000,165207000,None,None,1021040000,None,None,402208000,,,,,0.192,0.96,265842000,668050000,3.85,2013-03-31,11.29,1210718000,7706800000.0,1340005000,256195000,95484000,1581500000,1581500000,None,9647000,None,506557000,None,None,711831000,None,None,160711000,None,None,None,0.307,,1103965000,236040000,169939000,728000000,None,674951000,None,,,,,5.13,1.421,2.581,,,,,,,,0.16,,1736811000,2025-10-29,quarterly,4.81,USD,pre-market,747671000,4913543000,0.0575,0.0931,0.028,68.81,644758000,915148000,203317000,2968000000,140.47,164.74,24.9351,10164717000,5328838000,1281669000,2825111000,4835868000,1543442000,1713619000,7339010000,16.16,-1365641000,185.17,110.04
2025-12-28,BIIB,10.96,10065900000.0,16.16,None,0.128,124.11,,None,570721000,570721000,,,,,,,,,127000,238324000,None,373614000,373614000,203999000,None,None,955243000,None,None,402208000,,,,,0.192,0.96,265842000,668050000,3.85,2012-12-31,11.29,1201296000,7706800000.0,1340005000,256195000,95484000,1631547000,1631547000,None,9647000,None,447373000,None,None,687396000,None,2036658000,160711000,None,None,None,0.307,,1103965000,236040000,136011000,831900000,None,604266000,None,,,,,5.13,1.421,2.581,,,,,,,,0.16,,1742226000,2025-10-29,quarterly,4.81,USD,pre-market,747671000,4486794000,0.0575,0.0931,0.028,68.81,644758000,1140775000,453400000,1134989000,140.47,164.74,24.9351,10130118000,3244337000,1657389000,3166323000,6885781000,1508934000,1713619000,6963795000,16.16,-1324618000,185.17,110.04
2025-12-28,BIIB,10.96,10065900000.0,16.16,None,0.128,124.11,,None,451723000,451723000,,,,,,,,,127000,238125000,None,373614000,373614000,157424000,None,None,930484000,None,None,402208000,,,,,0.192,0.96,265842000,668050000,3.85,2012-09-30,11.29,1204740000,7706800000.0,1340005000,256195000,95484000,1681232000,1681232000,None,9647000,None,392900000,None,None,658442000,None,1741534000,160711000,None,None,None,0.307,,1103965000,236040000,126210000,866208000,None,539569000,None,,,,,5.13,1.421,2.581,,,,,,,,0.16,,1676583000,2025-10-29,quarterly,4.81,USD,pre-market,747671000,4194551000,0.0575,0.0931,0.028,68.81,644758000,1111651000,453209000,1154071000,140.47,164.74,24.9351,9630621000,3055388000,1521093000,2968681000,6575233000,1447588000,1713619000,6659552000,16.16,-1303074000,185.17,110.04
2025-12-28,BIIB,10.96,10065900000.0,16.16,None,0.128,124.11,,None,456811000,456811000,,,,,,,,,127000,240622000,None,373614000,373614000,159152000,None,None,950682000,None,None,402208000,,,,,0.192,0.96,265842000,668050000,3.85,2012-06-30,11.29,1197904000,7706800000.0,1340005000,256195000,95484000,1732972000,1732972000,None,9647000,None,362940000,None,None,641568000,None,1467909000,160711000,None,None,None,0.307,,1103965000,236040000,149247000,762353000,None,534358000,None,,,,,5.13,1.421,2.581,,,,,,,,0.16,,1622812000,2025-10-29,quarterly,4.81,USD,pre-market,747671000,3796154000,0.0575,0.0931,0.028,68.81,644758000,1094613000,453045000,949239000,140.47,164.74,24.9351,9162380000,2868919000,1432865000,2891695000,6293461000,1458830000,1713619000,6268297000,16.16,-1303074000,185.17,110.04
2025-12-28,BIIB,10.96,10065900000.0,16.16,None,0.128,124.11,,None,298139000,298139000,,,,,,,,,129000,241828000,None,373614000,373614000,173330000,None,None,941593000,None,None,402208000,,,,,0.192,0.96,265842000,668050000,3.85,2012-03-31,11.29,1193279000,7706800000.0,1340005000,256195000,95484000,1783981000,1783981000,None,9647000,None,337619000,None,None,626012000,None,1471943000,160711000,None,None,None,0.307,,1103965000,236040000,122126000,660562000,None,517406000,None,,,,,5.13,1.421,2.581,,,,,,,,0.16,,1617459000,2025-10-29,quarterly,4.81,USD,pre-market,747671000,3409308000,0.0575,0.0931,0.028,68.81,644758000,1079373000,453361000,978473000,140.47,164.74,24.9351,9113549000,2677950000,1337319000,2805001000,6435599000,1467682000,1713619000,6305901000,16.16,-1303074000,185.17,110.04
2025-12-28,BIIB,10.96,10065900000.0,16.16,None,0.128,124.11,,None,514542000,514542000,,,,,,,,,128000,245382000,None,373614000,373614000,186448000,None,None,813327000,None,None,402208000,,,,,0.192,0.96,265842000,668050000,3.85,2011-12-31,11.29,1146314000,7706800000.0,1340005000,256195000,95484000,1608191000,1608191000,None,9647000,None,326843000,None,None,1060808000,None,1416737000,160711000,None,None,None,0.307,,1103965000,236040000,144600000,607600000,None,400276000,None,,,,,5.13,1.421,2.581,,,,,,,,0.16,,1571387000,2025-10-29,quarterly,4.81,USD,pre-market,747671000,3106761000,0.0575,0.0931,0.028,68.81,644758000,1064100000,3300000,1176115000,140.47,164.74,24.9351,9049604000,2975427000,912889000,2622617000,6074177000,1709728000,1713619000,6426987000,16.16,-839903000,185.17,110.04
2025-12-28,BIIB,10.96,10065900000.0,16.16,None,0.128,124.11,,None,575140000,575140000,,,,,,,,,128000,245366000,None,373614000,373614000,159197000,None,None,812634000,None,None,402208000,,,,,0.192,0.96,265842000,668050000,3.85,2011-09-30,11.29,1146314000,7706800000.0,1340005000,256195000,95484000,1659114000,1659114000,None,9647000,None,310934000,None,None,1060639000,None,1349359000,160711000,None,None,None,0.307,,1103965000,236040000,194199000,674743000,None,384450000,None,,,,,5.13,1.421,2.581,,,,,,,,0.16,,1572259000,2025-10-29,quarterly,4.81,USD,pre-market,747671000,2806523000,0.0575,0.0931,0.028,68.81,644758000,1064061000,3422000,944381000,140.47,164.74,24.9351,8802204000,2837288000,885346000,2568610000,5964916000,1683264000,1713619000,6229148000,16.16,-728503000,185.17,110.04
2025-12-28,BIIB,10.96,10065900000.0,16.16,None,0.128,124.11,,None,697526000,697526000,,,,,,,,,127000,244966000,None,373614000,373614000,170746000,None,None,851831000,None,None,402208000,,,,,0.192,0.96,265842000,668050000,3.85,2011-06-30,11.29,1146314000,7706800000.0,1340005000,256195000,95484000,1678867000,1678867000,None,9647000,None,308254000,None,None,1062986000,None,1183559000,160711000,None,None,None,0.307,,1103965000,236040000,201794000,641273000,None,351685000,None,,,,,5.13,1.421,2.581,,,,,,,,0.16,,1712869000,2025-10-29,quarterly,4.81,USD,pre-market,747671000,2454848000,0.0575,0.0931,0.028,68.81,644758000,1194967000,131981000,629218000,140.47,164.74,24.9351,8621979000,2688623000,954330000,2565785000,5933356000,1611455000,1713619000,5977050000,16.16,-728503000,185.17,110.04
2025-12-28,BIIB,10.96,10065900000.0,16.16,None,0.128,124.11,,None,790675000,790675000,,,,,,,,,125000,244551000,None,373614000,373614000,159136000,None,None,930219000,None,None,402208000,,,,,0.192,0.96,265842000,668050000,3.85,2011-03-31,11.29,1146314000,7706800000.0,1340005000,256195000,95484000,1731844000,1731844000,None,9647000,None,295260000,None,None,1065613000,None,885444000,160711000,None,None,None,0.307,,1103965000,236040000,174291000,544048000,None,356261000,None,,,,,5.13,1.421,2.581,,,,,,,,0.16,,1673502000,2025-10-29,quarterly,4.81,USD,pre-market,747671000,2166813000,0.0575,0.0931,0.028,68.81,644758000,1200392000,134779000,437870000,140.47,164.74,24.9351,8293524000,2628315000,978846000,2619224000,5665209000,1640378000,1713619000,5604159000,16.16,-537215000,185.17,110.04
2025-12-28,BIIB,10.96,10065900000.0,16.16,None,0.128,124.11,,None,759598000,759598000,,,,,,,,,124000,244551000,None,373614000,373614000,162529000,None,None,839988000,None,None,402208000,,,,,0.192,0.96,265842000,668050000,3.85,2010-12-31,11.29,1146314000,7706800000.0,1340005000,256195000,95484000,1772826000,1772826000,None,9647000,None,289066000,None,None,1066379000,None,743101000,160711000,None,None,None,0.307,,1103965000,236040000,203622000,624623000,None,325599000,None,,,,,5.13,1.421,2.581,,,,,,,,0.16,,1641634000,2025-10-29,quarterly,4.81,USD,pre-market,747671000,1872481000,0.0575,0.0931,0.028,68.81,644758000,1203532000,137153000,448146000,140.47,164.74,24.9351,8092493000,2540420000,1050122000,2643050000,5552073000,1592928000,1713619000,5396506000,16.16,-349592000,185.17,110.04
2025-12-28,BIIB,10.96,10065900000.0,16.16,None,0.128,124.11,,None,626757000,626757000,,,,,,,,,124000,242313000,None,373614000,373614000,143699000,None,None,838315000,None,None,402208000,,,,,0.192,0.96,265842000,668050000,3.85,2010-09-30,11.29,1138621000,7706800000.0,1340005000,256195000,95484000,1715342000,1715342000,None,9647000,None,269313000,None,None,1068776000,None,560006000,160711000,None,None,None,0.307,,1103965000,236040000,198911000,553796000,None,256075000,None,,,,,5.13,1.421,2.581,,,,,,,,0.16,,1641791000,2025-10-29,quarterly,4.81,USD,pre-market,747671000,1646852000,0.0575,0.0931,0.028,68.81,644758000,1080072000,11296000,197835000,140.47,164.74,24.9351,7394147000,2131131000,824480000,2323946000,5263016000,1499466000,1713619000,5030695000,16.16,-462810000,185.17,110.04
2025-12-28,BIIB,10.96,10065900000.0,16.16,None,0.128,124.11,,None,720962000,720962000,,,,,,,,,129000,261658000,None,373614000,373614000,144476000,None,None,799036000,None,None,402208000,,,,,0.192,0.96,265842000,668050000,3.85,2010-06-30,11.29,1138621000,7706800000.0,1340005000,256195000,95484000,1768929000,1768929000,None,9647000,None,267878000,None,None,1069725000,None,566118000,160711000,None,None,None,0.307,,1103965000,236040000,218645000,487803000,None,257985000,None,,,,,5.13,1.421,2.581,,,,,,,,0.16,,1571521000,2025-10-29,quarterly,4.81,USD,pre-market,747671000,1405340000,0.0575,0.0931,0.028,68.81,644758000,1079821000,10096000,248710000,140.47,164.74,24.9351,7502150000,2255231000,755658000,2290860000,5246919000,1535202000,1713619000,5170806000000,16.16,-488980000,185.17,110.04
2025-12-28,BIIB,10.96,10065900000.0,16.16,None,0.128,124.11,,None,639559000,639559000,,,,,,,,,139000,272703000,None,373614000,373614000,121356000,None,None,766005000,None,None,402208000,,,,,0.192,0.96,265842000,668050000,3.85,2010-03-31,11.29,1138621000,7706800000.0,1340005000,256195000,95484000,1822133000,1822133000,None,9647000,None,280038000,None,None,1076201000,None,1032223000,160711000,None,None,None,0.307,,1103965000,236040000,210295000,432887000,None,259300000,None,,,,,5.13,1.421,2.581,,,,,,,,0.16,,1604573000,2025-10-29,quarterly,4.81,USD,pre-market,747671000,1131523000,0.0575,0.0931,0.028,68.81,644758000,1095316000,19115000,513115000,140.47,164.74,24.9351,8217323000,2409012000,682330000,2266729000,5808311000,1584399000,1713619000,5909372000,16.16,-513627000,185.17,110.04
2025-12-28,BIIB,10.96,10065900000.0,16.16,None,0.128,124.11,,None,581889000,581889000,,,,,,,,,144000,272703000,None,373614000,373614000,118534000,None,None,760897000,None,None,402208000,,,,,0.192,0.96,265842000,668050000,3.85,2009-12-31,11.29,1138621000,7706800000.0,1340005000,256195000,95484000,1871078000,1871078000,None,9647000,None,293950000,None,None,1080207000,None,1194080000,160711000,None,None,None,0.307,,1103965000,236040000,162024000,462055000,None,254205000,None,,,,,5.13,1.421,2.581,,,,,,,,0.16,,1637083000,2025-10-29,quarterly,4.81,USD,pre-market,747671000,1068890000,0.0575,0.0931,0.028,68.81,644758000,1099969000,19762000,681835000,140.47,164.74,24.9351,8551854000,2480595000,714942000,2289972000,6071259000,1575030000,1713619000,6221530000,16.16,-679920000,185.17,110.04
2025-12-28,BIIB,10.96,10065900000.0,16.16,None,0.128,124.11,,None,585788000,585788000,,,,,,,,,149000,291037000,None,373614000,373614000,108547000,None,None,744274000,None,None,402208000,,,,,0.192,0.96,265842000,668050000,3.85,2009-09-30,11.29,1138621000,7706800000.0,1340005000,256195000,95484000,1927115000,1927115000,None,9647000,None,278686000,None,None,1085844000,None,1497447000,160711000,None,None,None,0.307,,1103965000,236040000,141623000,537408000,None,331761000,None,,,,,5.13,1.421,2.581,,,,,,,,0.16,,1634696000,2025-10-29,quarterly,4.81,USD,pre-market,747671000,781321000,0.0575,0.0931,0.028,68.81,644758000,1101296000,15452000,821888000,140.47,164.74,24.9351,9026437000,2572259000,721368000,2428627000,6454178000,1707259000,1713619000,6564189000,16.16,-438710000,185.17,110.04
2025-12-28,BIIB,10.96,10065900000.0,16.16,None,0.128,124.11,,None,786804000,786804000,,,,,,,,,149000,290359000,None,373614000,373614000,210941000,None,None,709492000,None,None,402208000,,,,,0.192,0.96,265842000,668050000,3.85,2009-06-30,11.29,1138621000,7706800000.0,1340005000,256195000,95484000,1978519000,1978519000,None,9647000,None,268529000,None,None,1085607000,None,1047611000,160711000,None,None,None,0.307,,1103965000,236040000,143183000,496694000,None,330996000,None,,,,,5.13,1.421,2.581,,,,,,,,0.16,,1608660000,2025-10-29,quarterly,4.81,USD,pre-market,747671000,516632000,0.0575,0.0931,0.028,68.81,644758000,1100304000,14697000,836270000,140.47,164.74,24.9351,8777196000,2744278000,803926000,2531491000,6032918000,1727565000,1713619000,6212538000,16.16,458472000,185.17,110.04
2025-12-28,BIIB,10.96,10065900000.0,16.16,None,0.128,124.11,,None,764104000,764104000,,,,,,,,,149000,289744000,None,373614000,373614000,104271000,None,None,661880000,None,None,402208000,,,,,0.192,0.96,265842000,668050000,3.85,2009-03-31,11.29,1138621000,7706800000.0,1340005000,256195000,95484000,2071809000,2071809000,None,9647000,None,268076000,None,None,1082909000,None,None,160711000,None,None,None,0.307,,1103965000,236040000,149374000,429689000,None,None,None,,,,,5.13,1.421,2.581,,,,,,,,0.16,,1562174000,2025-10-29,quarterly,4.81,USD,pre-market,747671000,388019000,0.0575,0.0931,0.028,68.81,644758000,1109397000,26488000,637219000,140.47,164.74,24.9351,8575206000,2480653000,807767000,2554952000,6094553000,1747185000,1713619000,5987694000,16.16,-478045000,185.17,110.04
2025-12-28,BIIB,10.96,10065900000.0,16.16,None,0.128,124.11,,None,622385000,622385000,,,,,,,,,149000,289744000,None,373614000,373614000,107417000,None,None,667090000,None,None,402208000,,,,,0.192,0.96,265842000,668050000,3.85,2008-12-31,11.29,1138621000,7706800000.0,1340005000,256195000,95484000,2161058000,2161058000,None,9647000,None,263602000,None,None,1085431000,None,None,160711000,None,None,None,0.307,,1103965000,236040000,155891000,564878000,None,None,None,,,,,5.13,1.421,2.581,,,,,,,,0.16,,1594754000,2025-10-29,quarterly,4.81,USD,pre-market,747671000,270180000,0.0575,0.0931,0.028,68.81,644758000,1113098000,27667000,749032000,140.47,164.74,24.9351,8478991000,2458000000,923222000,2672908000,6020991000,1749686000,1713619000,5806083000,16.16,-527097000,185.17,110.04
2025-12-28,BIIB,10.96,10065900000.0,16.16,None,0.128,124.11,,None,1010701000,1010701000,,,,,,,,,149000,293921000,None,373614000,373614000,123512000,None,None,859307000,None,None,402208000,,,,,0.192,0.96,265842000,668050000,3.85,2008-09-30,11.29,1137547000,7706800000.0,1340005000,256195000,95484000,2250766000,2250766000,None,9647000,None,249858000,None,None,1042427000,None,None,160711000,None,None,None,0.307,,1103965000,236040000,1726457000,675392000,None,None,None,,,,,5.13,1.421,2.581,,,,,,,,0.16,,1579938000,2025-10-29,quarterly,4.81,USD,pre-market,747671000,75361000,0.0575,0.0931,0.028,68.81,644758000,1052642000,10215000,376098000,140.47,164.74,24.9351,8535208000,2639080000,985872000,2766730000,5896128000,1780858000,1713619000,5768478000,16.16,-369574000,185.17,110.04
2025-12-28,BIIB,10.96,10065900000.0,16.16,None,0.128,124.11,,None,466493000,466493000,,,,,,,,,149000,293476000,None,373614000,373614000,116755000,None,None,629753000,None,None,402208000,,,,,0.192,0.96,265842000,668050000,3.85,2008-06-30,11.29,1139597000,7706800000.0,1340005000,256195000,95484000,2347561000,2347561000,None,9647000,None,255028000,None,None,1038086000,None,None,160711000,None,None,None,0.307,,1103965000,236040000,1276247000,618271000,None,None,None,,,,,5.13,1.421,2.581,,,,,,,,0.16,,1629398000,2025-10-29,quarterly,4.81,USD,pre-market,747671000,-103137000,0.0575,0.0931,0.028,68.81,644758000,1049630000,11544000,425759000,140.47,164.74,24.9351,8172826000,2161028000,885441000,2649895000,6011798000,1764454000,1713619000,5522931000,16.16,-474396000,185.17,110.04
2025-12-28,BIIB,10.96,10065900000.0,16.16,None,0.128,124.11,,None,688499000,688499000,,,,,,,,,149000,299500000,None,373614000,373614000,114842000,None,None,576173000,None,None,402208000,,,,,0.192,0.96,265842000,668050000,3.85,2008-03-31,11.29,1140190000,7706800000.0,1340005000,256195000,95484000,2421255000,2421255000,None,9647000,None,237172000,None,None,1060448000,None,None,160711000,None,None,None,0.307,,1103965000,236040000,181170000,525222000,None,None,None,,,,,5.13,1.421,2.581,,,,,,,,0.16,,1581664000,2025-10-29,quarterly,4.81,USD,pre-market,747671000,-199204000,0.0575,0.0931,0.028,68.81,644758000,1073289000,12841000,297901000,140.47,164.74,24.9351,8170653000,2140475000,707172000,2637945000,6030178000,1930773000,1713619000,5532708000,16.16,-240219000,185.17,110.04
2025-12-28,BIIB,10.96,10065900000.0,16.16,None,0.128,124.11,,None,659662000,659662000,,,,,,,,,147000,299500000,None,373614000,373614000,90672000,None,None,595732000,None,None,402208000,,,,,0.192,0.96,265842000,668050000,3.85,2007-12-31,11.29,1137372000,7706800000.0,1340005000,256195000,95484000,2492354000,2492354000,None,9647000,None,233987000,None,None,51843000,None,None,160711000,None,None,None,0.307,,1103965000,236040000,355185000,576094000,None,None,None,,,,,5.13,1.421,2.581,,,,,,,,0.16,,1497383000,2025-10-29,quarterly,4.81,USD,pre-market,747671000,-352169000,0.0575,0.0931,0.028,68.81,644758000,1562978000,1511135000,523841000,140.47,164.74,24.9351,8628815000,2368407000,2189175000,3094520000,6260408000,905345000,1713619000,5534295000,16.16,None,185.17,110.04
2025-12-28,BIIB,10.96,10065900000.0,16.16,None,0.128,124.11,,None,437326000,437326000,,,,,,,,,146000,293396000,None,373614000,373614000,92336000,None,None,378807000,None,None,402208000,,,,,0.192,0.96,265842000,668050000,3.85,2007-09-30,11.29,1136858000,7706800000.0,1340005000,256195000,95484000,2562566000,2562566000,None,9647000,None,222857000,None,None,50113000,None,None,160711000,None,None,None,0.307,,1103965000,236040000,347459000,386295000,None,None,None,,,,,5.13,1.421,2.581,,,,,,,,0.16,,1392577000,2025-10-29,quarterly,4.81,USD,pre-market,747671000,-553080000,0.0575,0.0931,0.028,68.81,644758000,1560226000,1510113000,234021000,140.47,164.74,24.9351,7816375000,1620470000,1988744000,2823676000,6195905000,834932000,1713619000,4992699000,16.16,None,185.17,110.04
2025-12-28,BIIB,10.96,10065900000.0,16.16,None,0.128,124.11,,None,1611581000,1611581000,,,,,,,,,172000,343389000,None,373614000,373614000,99440000,None,None,359518000,None,None,402208000,,,,,0.192,0.96,265842000,668050000,3.85,2007-06-30,11.29,1135939000,7706800000.0,1340005000,256195000,95484000,2626838000,2626838000,None,9647000,None,207897000,None,None,51348000,None,None,160711000,None,None,None,0.307,,1103965000,236040000,323874000,3336486000,None,None,None,,,,,5.13,1.421,2.581,,,,,,,,0.16,,1330899000,2025-10-29,quarterly,4.81,USD,pre-market,747671000,-666955000,0.0575,0.0931,0.028,68.81,644758000,63245000,11897000,191136000,140.47,164.74,24.9351,8935715000,2694006000,3464929000,4299016000,6241709000,834087000,1713619000,4636699000,16.16,-25346000,185.17,110.04
2025-12-28,BIIB,10.96,10065900000.0,16.16,None,0.128,124.11,,None,780940000,780940000,,,,,,,,,173000,344058000,None,373614000,373614000,102183000,None,None,324569000,None,None,402208000,,,,,0.192,0.96,265842000,668050000,3.85,2007-03-31,11.29,1135745000,7706800000.0,1340005000,256195000,95484000,2688090000,2688090000,None,9647000,None,186220000,None,None,52043000,None,None,160711000,None,None,None,0.307,,1103965000,236040000,302973000,312195000,None,None,None,,,,,5.13,1.421,2.581,,,,,,,,0.16,,1291041000,2025-10-29,quarterly,4.81,USD,pre-market,747671000,-821215000,0.0575,0.0931,0.028,68.81,644758000,61191000,9148000,346639000,140.47,164.74,24.9351,8709580000,1941341000,500448000,1362414000,6768239000,861966000,1713619000,7347166000,16.16,-150194000,185.17,110.04
2025-12-28,BIIB,10.96,10065900000.0,16.16,None,0.128,124.11,,None,661377000,661377000,,,,,,,,,173000,344058000,None,373614000,373614000,100457000,None,None,317353000,None,None,402208000,,,,,0.192,0.96,265842000,668050000,3.85,2006-12-31,11.29,1154757000,7706800000.0,1340005000,256195000,95484000,2747241000,2747241000,None,9647000,None,169102000,None,None,96694000,None,None,160711000,None,None,None,0.307,,1103965000,236040000,323421000,336869000,None,None,None,,,,,5.13,1.421,2.581,,,,,,,,0.16,,1280385000,2025-10-29,quarterly,4.81,USD,pre-market,747671000,-860827000,0.0575,0.0931,0.028,68.81,644758000,96694000,None,241314000,140.47,164.74,24.9351,8552808000,1712567000,582855000,1403030000,6840241000,820175000,1713619000,7149778000,16.16,-319655000,185.17,110.04
2025-12-28,BIIB,10.96,10065900000.0,16.16,None,0.128,124.11,,None,414594000,414594000,,,,,,,,,173000,344754000,None,373614000,373614000,62822000,None,None,282519000,None,None,402208000,,,,,0.192,0.96,265842000,668050000,3.85,2006-09-30,11.29,1153980000,7706800000.0,1340005000,256195000,95484000,2795620000,2795620000,None,9647000,None,155119000,None,None,45074000,None,None,160711000,None,None,None,0.307,,1103965000,236040000,286500000,292460000,None,None,None,,,,,5.13,1.421,2.581,,,,,,,,0.16,,1246116000,2025-10-29,quarterly,4.81,USD,pre-market,747671000,-954991000,0.0575,0.0931,0.028,68.81,644758000,45074000,132998000,246425000,140.47,164.74,24.9351,8186558000,1385157000,495010000,1291684000,6801401000,796674000,1713619000,6894874000,16.16,-393318000,185.17,110.04
2025-12-28,BIIB,10.96,10065900000.0,16.16,None,0.128,124.11,,None,345104000,345104000,,,,,,,,,173000,342375000,None,373614000,373614000,62280000,None,None,284912000,None,None,402208000,,,,,0.192,0.96,265842000,668050000,3.85,2006-06-30,11.29,1156348000,7706800000.0,1340005000,256195000,95484000,2856292000,2856292000,None,9647000,None,147024000,None,None,44526000,None,None,160711000,None,None,None,0.307,,1103965000,236040000,304030000,272108000,None,None,None,,,,,5.13,1.421,2.581,,,,,,,,0.16,,1227296000,2025-10-29,quarterly,4.81,USD,pre-market,747671000,-1104681000,0.0575,0.0931,0.028,68.81,644758000,44526000,146179000,368670000,140.47,164.74,24.9351,8340162000,1449740000,499982000,1331571000,6890422000,831589000,1713619000,7008591000,16.16,-113142000,185.17,110.04
2025-12-28,BIIB,10.96,10065900000.0,16.16,None,0.128,124.11,,None,535865000,535865000,,,,,,,,,173000,345815000,None,373614000,373614000,58119000,None,None,276441000,None,None,402208000,,,,,0.192,0.96,265842000,668050000,3.85,2006-03-31,11.29,1130430000,7706800000.0,1340005000,256195000,95484000,2904838000,2904838000,None,9647000,None,191022000,None,None,43978000,None,None,160711000,None,None,None,0.307,,1103965000,236040000,278863000,235237000,None,None,None,,,,,5.13,1.421,2.581,,,,,,,,0.16,,1191968000,2025-10-29,quarterly,4.81,USD,pre-market,747671000,-928178000,0.0575,0.0931,0.028,68.81,644758000,43978000,208215000,313490000,140.47,164.74,24.9351,8524226000,1595681000,520797000,1381384000,6928545000,860587000,1713619000,7142842000,16.16,-137268000,185.17,110.04
2025-12-28,BIIB,10.96,10065900000.0,16.16,None,0.128,124.11,,None,568168000,568168000,,,,,,,,,173000,345815000,None,373614000,373614000,99780000,None,None,265742000,None,None,402208000,,,,,0.192,0.96,265842000,668050000,3.85,2005-12-31,11.29,1130430000,7706800000.0,1340005000,256195000,95484000,2975601000,2975601000,None,9647000,None,182815000,None,None,43444000,None,None,160711000,None,None,None,0.307,,1103965000,236040000,318771000,280905000,None,None,None,,,,,5.13,1.421,2.581,,,,,,,,0.16,,1174396000,2025-10-29,quarterly,4.81,USD,pre-market,747671000,-1021644000,0.0575,0.0931,0.028,68.81,644758000,43444000,337173000,282585000,140.47,164.74,24.9351,8366947000,1618081000,583036000,1461071000,6748866000,878035000,1713619000,6905876000,16.16,-222760000,185.17,110.04
2025-12-28,BIIB,10.96,10065900000.0,16.16,None,0.128,124.11,,None,296492000,296492000,,,,,,,,,175000,340859000,None,373614000,373614000,48210000,None,None,261535000,None,None,402208000,,,,,0.192,0.96,265842000,668050000,3.85,2005-09-30,11.29,1151105000,7706800000.0,1340005000,256195000,95484000,3057209000,3057209000,None,9647000,None,227469000,None,None,42925000,None,None,160711000,None,None,None,0.307,,1103965000,236040000,293267000,241781000,None,None,None,,,,,5.13,1.421,2.581,,,,,,,,0.16,,1093680000,2025-10-29,quarterly,4.81,USD,pre-market,747671000,-802311000,0.0575,0.0931,0.028,68.81,644758000,42925000,250351000,314906000,140.47,164.74,24.9351,8314609000,1535212000,558945000,1516782000,6779397000,957837000,1713619000,6797827000,16.16,-586755000,185.17,110.04
2025-12-28,BIIB,10.96,10065900000.0,16.16,None,0.128,124.11,,334500000,2375000000,2375000000,,,,,,,,,100000,145900000,None,373614000,373614000,424200000,None,1748600000,1868800000,None,None,402208000,,,,,0.192,0.96,265842000,668050000,3.85,2024-12-31,11.29,6478900000,7706800000.0,1340005000,256195000,95484000,9691200000,9691200000,None,9647000,None,2460500000,None,None,4547200000,None,None,160711000,None,None,None,0.307,,1103965000,236040000,752500000,2807700000,None,732300000,None,,,,,5.13,1.421,2.581,,,,,,,,0.16,,None,2025-10-29,annual,4.81,USD,pre-market,747671000,19259800000,0.0575,0.0931,0.028,68.81,644758000,6630300000,1748600000,None,140.47,164.74,24.9351,28049300000,7456800000,5528800000,11333300000,20592500000,5804500000,1713619000,16716000000,16.16,None,185.17,110.04
2025-12-28,BIIB,10.96,10065900000.0,16.16,None,0.128,124.11,,400000000,1049900000,1049900000,,,,,,,,,100000,145600000,None,373614000,373614000,403300000,None,150000000,2100000000,None,None,402208000,,,,,0.192,0.96,265842000,668050000,3.85,2023-12-31,11.29,6219200000,7706800000.0,1340005000,256195000,95484000,8363000000,8363000000,None,9647000,None,2527400000,None,None,6788200000,None,0,160711000,None,None,None,0.307,,1103965000,236040000,1182000000,2623600000,None,781100000,None,,,,,5.13,1.421,2.581,,,,,,,,0.16,,None,2025-10-29,annual,4.81,USD,pre-market,747671000,17627600000,0.0575,0.0931,0.028,68.81,644758000,7338200000,150000000,0,140.47,164.74,24.9351,26844800000,6859300000,3434300000,12045400000,19985500000,8611100000,1713619000,14799400000,16.16,None,185.17,110.04
2025-12-28,BIIB,10.96,10065900000.0,16.16,None,0.128,124.11,,333000000,3419300000,3419300000,,,,,,,,,100000,146000000,None,373614000,373614000,491500000,None,None,2136400000,None,None,402208000,,,,,0.192,0.96,265842000,668050000,3.85,2022-12-31,11.29,5749000000,7706800000.0,1340005000,256195000,95484000,1850100000,1850100000,None,9647000,None,1344400000,None,None,6281000000,None,2234900000,160711000,None,None,None,0.307,,1103965000,236040000,1417600000,2521400000,None,944200000,None,,,,,5.13,1.421,2.581,,,,,,,,0.16,,3298600000,2025-10-29,annual,4.81,USD,pre-market,747671000,16466500000,0.0575,0.0931,0.028,68.81,644758000,6614000000,194400000,1473500000,140.47,164.74,24.9351,24554100000,9791200000,3272800000,11165700000,14762900000,7892900000,1713619000,13397900000,16.16,-2977100000,185.17,110.04
2025-12-28,BIIB,10.96,10065900000.0,16.16,None,0.128,124.11,,330400000,2261400000,2261400000,,,,,,,,,100000,149600000,None,373614000,373614000,589200000,None,999100000,1961700000,None,None,402208000,,,,,0.192,0.96,265842000,668050000,3.85,2021-12-31,11.29,5761100000,7706800000.0,1340005000,256195000,95484000,2221300000,2221300000,None,9647000,None,1351500000,None,None,6274000000,None,892000000,160711000,None,None,None,0.307,,1103965000,236040000,740800000,2535200000,None,1650900000,None,,,,,5.13,1.421,2.581,,,,,,,,0.16,,3416400000,2025-10-29,annual,4.81,USD,pre-market,747671000,13911700000,0.0575,0.0931,0.028,68.81,644758000,7603500000,999100000,1541100000,140.47,164.74,24.9351,23877300000,7856500000,4298200000,12917600000,16020800000,8619400000,1713619000,10896200000,16.16,-2977100000,185.17,110.04
2025-12-28,BIIB,10.96,10065900000.0,16.16,None,0.128,124.11,,402000000,1331200000,1331200000,,,,,,,,,100000,161300000,None,373614000,373614000,454900000,None,None,2327300000,None,None,402208000,,,,,0.192,0.96,265842000,668050000,3.85,2020-12-31,11.29,5762100000,7706800000.0,1340005000,256195000,95484000,3084300000,3084300000,None,9647000,None,1068600000,None,None,7426200000,None,772100000,160711000,None,None,None,0.307,,1103965000,236040000,881100000,3145300000,None,1731600000,None,,,,,5.13,1.421,2.581,,,,,,,,0.16,,3411500000,2025-10-29,annual,4.81,USD,pre-market,747671000,13976300000,0.0575,0.0931,0.028,68.81,644758000,7828200000,166400000,1278900000,140.47,164.74,24.9351,24618900000,6887100000,3742200000,13932800000,17731800000,10190600000,1713619000,10700300000,16.16,-2977100000,185.17,110.04
2025-12-28,BIIB,10.96,10065900000.0,16.16,None,0.128,124.11,,412700000,2913700000,2913700000,,,,,,,,,100000,187400000,None,373614000,373614000,530800000,None,1495800000,2470700000,None,None,402208000,,,,,0.192,0.96,265842000,668050000,3.85,2019-12-31,11.29,5757800000,7706800000.0,1340005000,256195000,95484000,3527400000,3527400000,None,9647000,None,804200000,None,None,4459000000,None,1408100000,160711000,None,None,None,0.307,,1103965000,236040000,631000000,2765800000,None,1761600000,None,,,,,5.13,1.421,2.581,,,,,,,,0.16,,3247300000,2025-10-29,annual,4.81,USD,pre-market,747671000,16455400000,0.0575,0.0931,0.028,68.81,644758000,6367500000,1495800000,1562200000,140.47,164.74,24.9351,27234300000,8381800000,4863800000,13895200000,18852500000,9031400000,1713619000,13343200000,16.16,-2977100000,185.17,110.04
2025-12-28,BIIB,10.96,10065900000.0,16.16,None,0.128,124.11,,None,1224600000,1224600000,,,,,,,,,100000,205300000,None,373614000,373614000,370500000,None,None,2485400000,None,None,402208000,,,,,0.192,0.96,265842000,668050000,3.85,2018-12-31,11.29,5706400000,7706800000.0,1340005000,256195000,95484000,3120000000,3120000000,None,9647000,None,929900000,None,None,5936500000,None,1375900000,160711000,None,None,None,0.307,,1103965000,236040000,958800000,2861200000,None,1389400000,None,,,,,5.13,1.421,2.581,,,,,,,,0.16,,3601200000,2025-10-29,annual,4.81,USD,pre-market,747671000,16257000000,0.0575,0.0931,0.028,68.81,644758000,5936500000,None,2313400000,140.47,164.74,24.9351,25288900000,7640900000,3295200000,12257300000,17648000000,8962100000,1713619000,13039600000,16.16,-2977100000,185.17,110.04
2025-12-28,BIIB,10.96,10065900000.0,16.16,None,0.128,124.11,,None,1573800000,1573800000,,,,,,,,,100000,213000000,None,373614000,373614000,395500000,None,3200000,1787000000,None,None,402208000,,,,,0.192,0.96,265842000,668050000,3.85,2017-12-31,11.29,4632500000,7706800000.0,1340005000,256195000,95484000,3879600000,3879600000,None,9647000,None,902700000,None,None,5935000000,None,3057300000,160711000,None,None,None,0.307,,1103965000,236040000,1494600000,2901300000,None,1628700000,None,,,,,5.13,1.421,2.581,,,,,,,,0.16,,3182400000,2025-10-29,annual,4.81,USD,pre-market,747671000,15810400000,0.0575,0.0931,0.028,68.81,644758000,5938200000,3200000,2115200000,140.47,164.74,24.9351,23652600000,7873300000,3368200000,11054500000,15779300000,7686300000,1713619000,12598100000,16.16,-2977100000,185.17,110.04
2025-12-28,BIIB,10.96,10065900000.0,16.16,None,0.128,124.11,,None,2326500000,2326500000,,,,,,,,,100000,218800000,None,373614000,373614000,279800000,None,4700000,1441600000,None,None,402208000,,,,,0.192,0.96,265842000,668050000,3.85,2016-12-31,11.29,3669300000,7706800000.0,1340005000,256195000,95484000,3808300000,3808300000,None,9647000,None,1001600000,None,None,6512700000,None,2829400000,160711000,None,None,None,0.307,,1103965000,236040000,1393900000,2903500000,None,722500000,None,,,,,5.13,1.421,2.581,,,,,,,,0.16,,2501800000,2025-10-29,annual,4.81,USD,pre-market,747671000,15071600000,0.0575,0.0931,0.028,68.81,644758000,6517400000,4700000,2568600000,140.47,164.74,24.9351,22876800000,8732200000,3336900000,10748200000,14144600000,7411300000,1713619000,12128600000,16.16,-2611700000,185.17,110.04
2025-12-28,BIIB,10.96,10065900000.0,16.16,None,0.128,124.11,,None,1308000000,1308000000,,,,,,,,,100000,231200000,None,373614000,373614000,267400000,None,4800000,1227000000,None,None,402208000,,,,,0.192,0.96,265842000,668050000,3.85,2015-12-31,11.29,2663800000,7706800000.0,1340005000,256195000,95484000,4085100000,4085100000,None,9647000,None,893400000,None,None,6521500000,None,2760400000,160711000,None,None,None,0.307,,1103965000,236040000,1151400000,2249800000,None,905800000,None,,,,,5.13,1.421,2.581,,,,,,,,0.16,,2187600000,2025-10-29,annual,4.81,USD,pre-market,747671000,12208400000,0.0575,0.0931,0.028,68.81,644758000,6526300000,4800000,2120500000,140.47,164.74,24.9351,19504800000,6700300000,2577700000,10129900000,12804500000,7552200000,1713619000,9374900000,16.16,-2611700000,185.17,110.04
2025-12-28,BIIB,10.96,10065900000.0,16.16,None,0.128,124.11,,None,1204924000,1204924000,,,,,,,,,129000,237176000,None,373614000,373614000,229200000,None,3100000,1575805000,None,None,402208000,,,,,0.192,0.96,265842000,668050000,3.85,2014-12-31,11.29,1760249000,7706800000.0,1340005000,256195000,95484000,4028507000,4028507000,None,9647000,None,804022000,None,None,582061000,None,1470652000,160711000,None,None,None,0.307,,1103965000,236040000,447462000,1696842000,None,650096000,None,,,,,5.13,1.421,2.581,,,,,,,,0.16,,1765683000,2025-10-29,annual,4.81,USD,pre-market,747671000,9283919000,0.0575,0.0931,0.028,68.81,644758000,585197000,3100000,640460000,140.47,164.74,24.9351,14316559000,4672673000,2219706000,3502519000,9643886000,1282813000,1713619000,10814040000,16.16,-2611706000,185.17,110.04
2025-12-28,BIIB,10.96,10065900000.0,16.16,None,0.128,124.11,,None,602562000,602562000,,,,,,,,,128000,238308000,None,373614000,373614000,219913000,None,None,1077068000,None,None,402208000,,,,,0.192,0.96,265842000,668050000,3.85,2013-12-31,11.29,1232916000,7706800000.0,1340005000,256195000,95484000,4474653000,4474653000,None,9647000,None,659003000,None,None,592433000,None,625772000,160711000,None,None,None,0.307,,1103965000,236040000,226134000,1182500000,None,659231000,None,,,,,5.13,1.421,2.581,,,,,,,,0.16,,1750710000,2025-10-29,annual,4.81,USD,pre-market,747671000,6349135000,0.0575,0.0931,0.028,68.81,644758000,595927000,3494000,620167000,140.47,164.74,24.9351,11863335000,3184934000,1758279000,3242497000,8678401000,1484218000,1713619000,8620242000,16.16,-1724927000,185.17,110.04
2025-12-28,BIIB,10.96,10065900000.0,16.16,None,0.128,124.11,,None,570721000,570721000,,,,,,,,,127000,239740000,None,373614000,373614000,203999000,None,None,955243000,None,None,402208000,,,,,0.192,0.96,265842000,668050000,3.85,2012-12-31,11.29,1201296000,7706800000.0,1340005000,256195000,95484000,1631547000,1631547000,None,9647000,None,447373000,None,None,687396000,None,2036658000,160711000,None,None,None,0.307,,1103965000,236040000,136011000,831900000,None,604266000,None,,,,,5.13,1.421,2.581,,,,,,,,0.16,,1742226000,2025-10-29,annual,4.81,USD,pre-market,747671000,4486794000,0.0575,0.0931,0.028,68.81,644758000,1140775000,453400000,1134989000,140.47,164.74,24.9351,10130118000,3244337000,1657389000,3166323000,6885781000,1508934000,1713619000,6961523000,16.16,-1324618000,185.17,110.04
2025-12-28,BIIB,10.96,10065900000.0,16.16,None,0.128,124.11,,None,514542000,514542000,,,,,,,,,128000,245033000,None,373614000,373614000,186448000,None,None,831227000,None,None,402208000,,,,,0.192,0.96,265842000,668050000,3.85,2011-12-31,11.29,1146314000,7706800000.0,1340005000,256195000,95484000,1608191000,1608191000,None,9647000,None,326843000,None,None,1060808000,None,1416737000,160711000,None,None,None,0.307,,1103965000,236040000,144600000,607600000,None,400276000,None,,,,,5.13,1.421,2.581,,,,,,,,0.16,,1571387000,2025-10-29,annual,4.81,USD,pre-market,747671000,3106761000,0.0575,0.0931,0.028,68.81,644758000,1064100000,3300000,1176115000,140.47,164.74,24.9351,9049604000,2975427000,912889000,2622617000,6074177000,1709728000,1713619000,6426987000,16.16,-839903000,185.17,110.04
2025-12-28,BIIB,10.96,10065900000.0,16.16,None,0.128,124.11,,None,759598000,759598000,,,,,,,,,124000,254867000,None,373614000,373614000,162529000,None,None,839988000,None,None,402208000,,,,,0.192,0.96,265842000,668050000,3.85,2010-12-31,11.29,1146314000,7706800000.0,1340005000,256195000,95484000,1772826000,1772826000,None,9647000,None,289066000,None,None,1066379000,None,743101000,160711000,None,None,None,0.307,,1103965000,236040000,203622000,624623000,None,325599000,None,,,,,5.13,1.421,2.581,,,,,,,,0.16,,1641634000,2025-10-29,annual,4.81,USD,pre-market,747671000,1872481000,0.0575,0.0931,0.028,68.81,644758000,1203532000,137153000,448146000,140.47,164.74,24.9351,8092493000,2540420000,1050122000,2643050000,5552073000,1592928000,1713619000,5396506000,16.16,-349592000,185.17,110.04
2025-12-28,BIIB,10.96,10065900000.0,16.16,None,0.128,124.11,,None,581889000,581889000,,,,,,,,,144000,289476000,None,373614000,373614000,118534000,None,None,760897000,None,None,402208000,,,,,0.192,0.96,265842000,668050000,3.85,2009-12-31,11.29,1138621000,7706800000.0,1340005000,256195000,95484000,1871078000,1871078000,None,9647000,None,293950000,None,None,1080207000,None,1194080000,160711000,None,None,None,0.307,,1103965000,236040000,162024000,462055000,None,254205000,None,,,,,5.13,1.421,2.581,,,,,,,,0.16,,1637083000,2025-10-29,annual,4.81,USD,pre-market,747671000,1068890000,0.0575,0.0931,0.028,68.81,644758000,1099969000,19762000,681835000,140.47,164.74,24.9351,8551854000,2480595000,714942000,2289972000,6071259000,1575030000,1713619000,6221530000,16.16,-679920000,185.17,110.04
2025-12-28,BIIB,10.96,10065900000.0,16.16,None,0.128,124.11,,None,622385000,622385000,,,,,,,,,149000,294984000,None,373614000,373614000,107417000,None,None,667090000,None,None,402208000,,,,,0.192,0.96,265842000,668050000,3.85,2008-12-31,11.29,1138621000,7706800000.0,1340005000,256195000,95484000,2161058000,2161058000,None,9647000,None,263602000,None,None,1085431000,None,None,160711000,None,None,None,0.307,,1103965000,236040000,155891000,564878000,None,None,None,,,,,5.13,1.421,2.581,,,,,,,,0.16,,1594754000,2025-10-29,annual,4.81,USD,pre-market,747671000,270180000,0.0575,0.0931,0.028,68.81,644758000,1113098000,27667000,749032000,140.47,164.74,24.9351,8478991000,2458000000,923222000,2672908000,6020991000,1749686000,1713619000,5806083000,16.16,-527097000,185.17,110.04
2025-12-28,BIIB,10.96,10065900000.0,16.16,None,0.128,124.11,,None,659662000,659662000,,,,,,,,,147000,320171000,None,373614000,373614000,90672000,None,None,595732000,None,None,402208000,,,,,0.192,0.96,265842000,668050000,3.85,2007-12-31,11.29,1137372000,7706800000.0,1340005000,256195000,95484000,2492354000,2492354000,None,9647000,None,233987000,None,None,51843000,None,None,160711000,None,None,None,0.307,,1103965000,236040000,355185000,576094000,None,None,None,,,,,5.13,1.421,2.581,,,,,,,,0.16,,1497383000,2025-10-29,annual,4.81,USD,pre-market,747671000,-352169000,0.0575,0.0931,0.028,68.81,644758000,1562978000,1511135000,523841000,140.47,164.74,24.9351,8628815000,2368407000,2189175000,3094520000,6260408000,905345000,1713619000,5534295000,16.16,None,185.17,110.04
2025-12-28,BIIB,10.96,10065900000.0,16.16,None,0.128,124.11,,None,661377000,661377000,,,,,,,,,173000,345281000,None,373614000,373614000,100457000,None,None,539355000,None,None,402208000,,,,,0.192,0.96,265842000,668050000,3.85,2006-12-31,11.29,1154757000,7706800000.0,1340005000,256195000,95484000,2747241000,2747241000,None,9647000,None,169102000,None,None,96694000,None,None,160711000,None,None,None,0.307,,1103965000,236040000,101419000,336869000,None,None,None,,,,,5.13,1.421,2.581,,,,,,,,0.16,,1280385000,2025-10-29,annual,4.81,USD,pre-market,747671000,-860827000,0.0575,0.0931,0.028,68.81,644758000,96694000,None,241314000,140.47,164.74,24.9351,8552808000,1712567000,582855000,1403030000,6840241000,820175000,1713619000,7149778000,16.16,-319655000,185.17,110.04
2025-12-28,BIIB,10.96,10065900000.0,16.16,None,0.128,124.11,,None,568168000,568168000,,,,,,,,,173000,346163000,None,373614000,373614000,99780000,None,None,468048000,None,None,402208000,,,,,0.192,0.96,265842000,668050000,3.85,2005-12-31,11.29,1130430000,7706800000.0,1340005000,256195000,95484000,2975601000,2975601000,None,9647000,None,182815000,None,None,43444000,None,None,160711000,None,None,None,0.307,,1103965000,236040000,108375000,280905000,None,None,None,,,,,5.13,1.421,2.581,,,,,,,,0.16,,1174396000,2025-10-29,annual,4.81,USD,pre-market,747671000,-1021644000,0.0575,0.0931,0.028,68.81,644758000,43444000,337173000,282585000,140.47,164.74,24.9351,8366947000,1618081000,583036000,1461071000,6748866000,878035000,1713619000,6905876000,16.16,-222760000,185.17,110.04
2025-12-28,BIIB,10.96,10065900000.0,16.16,None,0.128,124.11,46200000,None,568168000,568168000,-130199999,-35100000,None,None,-7400000,None,None,None,173000,346163000,None,373614000,373614000,99780000,None,None,468048000,None,None,402208000,202200000,None,None,None,0.192,0.96,265842000,668050000,3.85,2025-09-30,11.29,1130430000,7706800000.0,1340005000,256195000,95484000,2975601000,2975601000,None,9647000,None,182815000,None,None,43444000,None,None,466500000,None,None,None,0.307,1272500000,1103965000,236040000,108375000,280905000,None,None,None,None,None,None,None,5.13,1.421,2.581,None,None,None,None,None,None,None,0.16,None,1174396000,2025-10-29,quarterly,4.81,USD,pre-market,747671000,-1021644000,0.0575,0.0931,0.028,68.81,644758000,43444000,337173000,282585000,140.47,164.74,24.9351,8366947000,1618081000,583036000,1461071000,6748866000,878035000,1713619000,6905876000,16.16,-222760000,185.17,110.04
2025-12-28,BIIB,10.96,10065900000.0,16.16,None,0.128,124.11,16600000,None,568168000,568168000,-11700000,-57000000,None,None,-89900000,None,None,None,173000,346163000,None,373614000,373614000,99780000,None,None,468048000,None,None,402208000,194300000,None,None,None,0.192,0.96,265842000,668050000,3.85,2025-06-30,11.29,1130430000,7706800000.0,1340005000,256195000,95484000,2975601000,2975601000,None,9647000,None,182815000,None,None,43444000,None,None,634800000,None,None,None,0.307,160900000,1103965000,236040000,108375000,280905000,None,None,None,None,None,None,None,5.13,1.421,2.581,None,None,None,None,None,None,None,0.16,None,1174396000,2025-10-29,quarterly,4.81,USD,pre-market,747671000,-1021644000,0.0575,0.0931,0.028,68.81,644758000,43444000,337173000,282585000,140.47,164.74,24.9351,8366947000,1618081000,583036000,1461071000,6748866000,878035000,1713619000,6905876000,16.16,-222760000,185.17,110.04
2025-12-28,BIIB,10.96,10065900000.0,16.16,None,0.128,124.11,47100000,None,568168000,568168000,-23000000,-47300000,None,None,62000000,None,None,None,173000,346163000,None,373614000,373614000,99780000,None,None,468048000,None,None,402208000,183200000,None,None,None,0.192,0.96,265842000,668050000,3.85,2025-03-31,11.29,1130430000,7706800000.0,1340005000,256195000,95484000,2975601000,2975601000,None,9647000,None,182815000,None,None,43444000,None,None,240500000,None,None,None,0.307,259300000,1103965000,236040000,108375000,280905000,None,None,None,None,None,None,None,5.13,1.421,2.581,None,None,None,None,None,None,None,0.16,None,1174396000,2025-10-29,quarterly,4.81,USD,pre-market,747671000,-1021644000,0.0575,0.0931,0.028,68.81,644758000,43444000,337173000,282585000,140.47,164.74,24.9351,8366947000,1618081000,583036000,1461071000,6748866000,878035000,1713619000,6905876000,16.16,-222760000,185.17,110.04
2025-12-28,BIIB,10.96,10065900000.0,16.16,None,0.128,124.11,66300000,None,568168000,568168000,7900000,-18600000,None,None,-66400000,None,None,None,173000,346163000,None,373614000,373614000,99780000,None,None,468048000,None,None,402208000,184000000,None,None,None,0.192,0.96,265842000,668050000,3.85,2024-12-31,11.29,1130430000,7706800000.0,1340005000,256195000,95484000,2975601000,2975601000,None,9647000,None,182815000,None,None,43444000,None,None,266700000,None,None,None,0.307,760900000,1103965000,236040000,108375000,280905000,None,None,None,None,None,None,None,5.13,1.421,2.581,None,None,None,None,None,None,None,0.16,None,1174396000,2025-10-29,quarterly,4.81,USD,pre-market,747671000,-1021644000,0.0575,0.0931,0.028,68.81,644758000,43444000,337173000,282585000,140.47,164.74,24.9351,8366947000,1618081000,583036000,1461071000,6748866000,878035000,1713619000,6905876000,16.16,-222760000,185.17,110.04
2025-12-28,BIIB,10.96,10065900000.0,16.16,None,0.128,124.11,130000000,None,568168000,568168000,-6600000,-1181100000,None,None,-19200000,None,None,None,173000,346163000,None,373614000,373614000,99780000,None,None,468048000,None,None,402208000,182800000,None,None,None,0.192,0.96,265842000,668050000,3.85,2024-09-30,11.29,1130430000,7706800000.0,1340005000,256195000,95484000,2975601000,2975601000,None,9647000,None,182815000,None,None,43444000,None,None,388500000,None,None,None,0.307,935600000,1103965000,236040000,108375000,280905000,None,None,None,None,None,None,None,5.13,1.421,2.581,None,None,None,None,None,-9300000,None,0.16,None,1174396000,2025-10-29,quarterly,4.81,USD,pre-market,747671000,-1021644000,0.0575,0.0931,0.028,68.81,644758000,43444000,337173000,282585000,140.47,164.74,24.9351,8366947000,1618081000,583036000,1461071000,6748866000,878035000,1713619000,6905876000,16.16,-222760000,185.17,110.04
2025-12-28,BIIB,10.96,10065900000.0,16.16,None,0.128,124.11,42600000,None,568168000,568168000,-245200000,466500000,None,None,-110500000,None,None,None,173000,346163000,None,373614000,373614000,99780000,None,None,468048000,None,None,402208000,158900000,None,None,None,0.192,0.96,265842000,668050000,3.85,2024-06-30,11.29,1130430000,7706800000.0,1340005000,256195000,95484000,2975601000,2975601000,None,9647000,None,182815000,None,None,43444000,None,None,583600000,None,None,None,0.307,625800000,1103965000,236040000,108375000,280905000,None,None,None,None,None,None,None,5.13,1.421,2.581,None,None,None,None,None,9300000,None,0.16,None,1174396000,2025-10-29,quarterly,4.81,USD,pre-market,747671000,-1021644000,0.0575,0.0931,0.028,68.81,644758000,43444000,337173000,282585000,140.47,164.74,24.9351,8366947000,1618081000,583036000,1461071000,6748866000,878035000,1713619000,6905876000,16.16,-222760000,185.17,110.04
2025-12-28,BIIB,10.96,10065900000.0,16.16,None,0.128,124.11,120900000,None,568168000,568168000,-439600000,-66000000,None,None,-77700000,None,None,None,173000,346163000,None,373614000,373614000,99780000,None,None,468048000,None,None,402208000,147500000,None,None,None,0.192,0.96,265842000,668050000,3.85,2024-03-31,11.29,1130430000,7706800000.0,1340005000,256195000,95484000,2975601000,2975601000,None,9647000,None,182815000,None,None,43444000,None,None,393400000,None,None,None,0.307,553200000,1103965000,236040000,108375000,280905000,None,None,None,None,None,None,None,5.13,1.421,2.581,None,None,None,None,None,None,None,0.16,None,1174396000,2025-10-29,quarterly,4.81,USD,pre-market,747671000,-1021644000,0.0575,0.0931,0.028,68.81,644758000,43444000,337173000,282585000,140.47,164.74,24.9351,8366947000,1618081000,583036000,1461071000,6748866000,878035000,1713619000,6905876000,16.16,-222760000,185.17,110.04
2025-12-28,BIIB,10.96,10065900000.0,16.16,None,0.128,124.11,65200000,None,568168000,568168000,-654200000,-644200000,None,None,-96000000,None,None,None,173000,346163000,None,373614000,373614000,99780000,None,None,468048000,None,None,402208000,140100000,None,None,None,0.192,0.96,265842000,668050000,3.85,2023-12-31,11.29,1130430000,7706800000.0,1340005000,256195000,95484000,2975601000,2975601000,None,9647000,None,182815000,None,None,43444000,None,None,248900000,None,None,None,0.307,12500000,1103965000,236040000,108375000,280905000,None,None,None,None,None,None,None,5.13,1.421,2.581,None,None,None,None,None,0,None,0.16,None,1174396000,2025-10-29,quarterly,4.81,USD,pre-market,747671000,-1021644000,0.0575,0.0931,0.028,68.81,644758000,43444000,337173000,282585000,140.47,164.74,24.9351,8366947000,1618081000,583036000,1461071000,6748866000,878035000,1713619000,6905876000,16.16,-222760000,185.17,110.04
2025-12-28,BIIB,10.96,10065900000.0,16.16,None,0.128,124.11,87600000,None,568168000,568168000,846100000,-1739700000,None,None,30200000,None,None,None,173000,346163000,None,373614000,373614000,99780000,None,None,468048000,None,None,402208000,125000000,None,None,None,0.192,0.96,265842000,668050000,3.85,2023-09-30,11.29,1130430000,7706800000.0,1340005000,256195000,95484000,2975601000,2975601000,None,9647000,None,182815000,None,None,43444000,None,None,-68300000,None,None,None,0.307,592400000,1103965000,236040000,108375000,280905000,None,None,None,None,None,None,None,5.13,1.421,2.581,None,None,None,None,None,0,None,0.16,None,1174396000,2025-10-29,quarterly,4.81,USD,pre-market,747671000,-1021644000,0.0575,0.0931,0.028,68.81,644758000,43444000,337173000,282585000,140.47,164.74,24.9351,8366947000,1618081000,583036000,1461071000,6748866000,878035000,1713619000,6905876000,16.16,-222760000,185.17,110.04
2025-12-28,BIIB,10.96,10065900000.0,16.16,None,0.128,124.11,87000000,None,568168000,568168000,-11300000,-752000000,-276300000,None,-93000000,None,None,-99700000,173000,346163000,None,373614000,373614000,99780000,None,None,468048000,None,None,402208000,117400000,None,None,None,0.192,0.96,265842000,668050000,3.85,2023-06-30,11.29,1130430000,7706800000.0,1340005000,256195000,95484000,2975601000,2975601000,None,9647000,None,182815000,None,None,43444000,None,None,593300000,None,None,None,0.307,487000000,1103965000,236040000,108375000,280905000,None,None,None,None,None,None,None,5.13,1.421,2.581,None,None,None,None,None,1500000,None,0.16,None,1174396000,2025-10-29,quarterly,4.81,USD,pre-market,747671000,-1021644000,0.0575,0.0931,0.028,68.81,644758000,43444000,337173000,282585000,140.47,164.74,24.9351,8366947000,1618081000,583036000,1461071000,6748866000,878035000,1713619000,6905876000,16.16,-222760000,185.17,110.04
2025-12-28,BIIB,10.96,10065900000.0,16.16,None,0.128,124.11,66600000,None,568168000,568168000,-43600000,-952800000,-541100000,None,27900000,None,None,114800000,173000,346163000,None,373614000,373614000,99780000,None,None,468048000,None,None,402208000,112300000,None,None,None,0.192,0.96,265842000,668050000,3.85,2023-03-31,11.29,1130430000,7706800000.0,1340005000,256195000,95484000,2975601000,2975601000,None,9647000,None,182815000,None,None,43444000,None,None,387600000,None,None,None,0.307,455300000,1103965000,236040000,108375000,280905000,None,None,None,None,None,None,None,5.13,1.421,2.581,None,None,None,None,None,200000,None,0.16,None,1174396000,2025-10-29,quarterly,4.81,USD,pre-market,747671000,-1021644000,0.0575,0.0931,0.028,68.81,644758000,43444000,337173000,282585000,140.47,164.74,24.9351,8366947000,1618081000,583036000,1461071000,6748866000,878035000,1713619000,6905876000,16.16,-222760000,185.17,110.04
2025-12-28,BIIB,10.96,10065900000.0,16.16,None,0.128,124.11,87400000,None,568168000,568168000,-7600000,-140900000,-323500000,None,18100000,None,None,-90900000,173000,346163000,None,373614000,373614000,99780000,None,None,468048000,None,None,402208000,119800000,None,None,None,0.192,0.96,265842000,668050000,3.85,2022-12-31,11.29,1130430000,7706800000.0,1340005000,256195000,95484000,2975601000,2975601000,None,9647000,None,182815000,None,None,43444000,None,None,549500000,None,None,None,0.307,-175000000,1103965000,236040000,108375000,280905000,None,None,None,None,None,None,None,5.13,1.421,2.581,None,None,None,None,None,750000000,None,0.16,None,1174396000,2025-10-29,quarterly,4.81,USD,pre-market,747671000,-1021644000,0.0575,0.0931,0.028,68.81,644758000,43444000,337173000,282585000,140.47,164.74,24.9351,8366947000,1618081000,583036000,1461071000,6748866000,878035000,1713619000,6905876000,16.16,-222760000,185.17,110.04
2025-12-28,BIIB,10.96,10065900000.0,16.16,None,0.128,124.11,59100000,None,568168000,568168000,-1264100000,1684400000,1081300000,None,-95000000,None,None,-21600000,173000,346163000,None,373614000,373614000,99780000,None,None,468048000,None,None,402208000,120700000,5700000,5700000,None,0.192,0.96,265842000,668050000,3.85,2022-09-30,11.29,1130430000,7706800000.0,1340005000,256195000,95484000,2975601000,2975601000,None,9647000,None,182815000,None,None,43444000,None,None,1134900000,None,None,None,0.307,661000000,1103965000,236040000,108375000,280905000,None,None,None,None,None,None,None,5.13,1.421,2.581,None,None,None,None,None,-250000000,None,0.16,None,1174396000,2025-10-29,quarterly,4.81,USD,pre-market,747671000,-1021644000,0.0575,0.0931,0.028,68.81,644758000,43444000,337173000,282585000,140.47,164.74,24.9351,8366947000,1618081000,583036000,1461071000,6748866000,878035000,1713619000,6905876000,16.16,-222760000,185.17,110.04
2025-12-28,BIIB,10.96,10065900000.0,16.16,None,0.128,124.11,38800000,None,568168000,568168000,-471500000,693500000,967900000,None,-100700000,None,None,-26300000,173000,346163000,None,373614000,373614000,99780000,None,None,468048000,None,None,402208000,134800000,None,None,None,0.192,0.96,265842000,668050000,3.85,2022-06-30,11.29,1130430000,7706800000.0,1340005000,256195000,95484000,2975601000,2975601000,None,9647000,None,182815000,None,None,43444000,None,None,1058700000,None,None,None,0.307,736500000,1103965000,236040000,108375000,280905000,None,None,None,None,None,None,None,5.13,1.421,2.581,None,None,None,None,None,-500000000,None,0.16,None,1174396000,2025-10-29,quarterly,4.81,USD,pre-market,747671000,-1021644000,0.0575,0.0931,0.028,68.81,644758000,43444000,337173000,282585000,140.47,164.74,24.9351,8366947000,1618081000,583036000,1461071000,6748866000,878035000,1713619000,6905876000,16.16,-222760000,185.17,110.04
2025-12-28,BIIB,10.96,10065900000.0,16.16,None,0.128,124.11,57900000,None,568168000,568168000,-16500000,-648000000,-512100000,-9400000,-142600000,None,None,-64600000,173000,346163000,None,373614000,373614000,99780000,None,None,468048000,None,None,402208000,143100000,None,None,None,0.192,0.96,265842000,668050000,3.85,2022-03-31,11.29,1130430000,7706800000.0,1340005000,256195000,95484000,2975601000,2975601000,None,9647000,None,182815000,None,None,43444000,None,None,218500000,None,None,None,0.307,161800000,1103965000,236040000,108375000,280905000,None,None,None,None,None,None,None,5.13,1.421,2.581,None,None,None,None,None,200000,None,0.16,None,1174396000,2025-10-29,quarterly,4.81,USD,pre-market,747671000,-1021644000,0.0575,0.0931,0.028,68.81,644758000,43444000,337173000,282585000,140.47,164.74,24.9351,8366947000,1618081000,583036000,1461071000,6748866000,878035000,1713619000,6905876000,16.16,-222760000,185.17,110.04
2025-12-28,BIIB,10.96,10065900000.0,16.16,None,0.128,124.11,68500000,None,568168000,568168000,9800000,-112700000,779400000,None,-139800000,None,None,153500000,173000,346163000,None,373614000,373614000,99780000,None,None,468048000,None,None,402208000,134700000,1621700000,1621700000,None,0.192,0.96,265842000,668050000,3.85,2021-12-31,11.29,1130430000,7706800000.0,1340005000,256195000,95484000,2975601000,2975601000,None,9647000,None,182815000,None,None,43444000,None,None,-20500000,None,None,None,0.307,838300000,1103965000,236040000,108375000,280905000,None,None,None,None,None,None,None,5.13,1.421,2.581,None,None,None,None,None,1800000000,None,0.16,None,1174396000,2025-10-29,quarterly,4.81,USD,pre-market,747671000,-1021644000,0.0575,0.0931,0.028,68.81,644758000,43444000,337173000,282585000,140.47,164.74,24.9351,8366947000,1618081000,583036000,1461071000,6748866000,878035000,1713619000,6905876000,16.16,-222760000,185.17,110.04
2025-12-28,BIIB,10.96,10065900000.0,16.16,None,0.128,124.11,61900000,None,568168000,568168000,-746500000,-233600000,-200200000,-25400000,-128800000,None,None,-31500000,173000,346163000,None,373614000,373614000,99780000,None,None,468048000,None,None,402208000,133200000,None,None,None,0.192,0.96,265842000,668050000,3.85,2021-09-30,11.29,1130430000,7706800000.0,1340005000,256195000,95484000,2975601000,2975601000,None,9647000,None,182815000,None,None,43444000,None,None,318000000,None,None,None,0.307,805300000,1103965000,236040000,108375000,280905000,None,None,None,None,None,None,None,5.13,1.421,2.581,None,None,None,None,None,-750000000,None,0.16,None,1174396000,2025-10-29,quarterly,4.81,USD,pre-market,747671000,-1021644000,0.0575,0.0931,0.028,68.81,644758000,43444000,337173000,282585000,140.47,164.74,24.9351,8366947000,1618081000,583036000,1461071000,6748866000,878035000,1713619000,6905876000,16.16,-222760000,185.17,110.04
2025-12-28,BIIB,10.96,10065900000.0,16.16,None,0.128,124.11,71900000,None,568168000,568168000,-564500000,-152700000,524500000,14400000,-81300000,None,None,121800000,173000,346163000,None,373614000,373614000,99780000,None,None,468048000,None,None,402208000,72900000,None,None,None,0.192,0.96,265842000,668050000,3.85,2021-06-30,11.29,1130430000,7706800000.0,1340005000,256195000,95484000,2975601000,2975601000,None,9647000,None,182815000,None,None,43444000,None,None,1025500000,None,None,None,0.307,1227300000,1103965000,236040000,108375000,280905000,None,None,None,None,None,None,None,5.13,1.421,2.581,None,None,None,None,None,-450000000,None,0.16,None,1174396000,2025-10-29,quarterly,4.81,USD,pre-market,747671000,-1021644000,0.0575,0.0931,0.028,68.81,644758000,43444000,337173000,282585000,140.47,164.74,24.9351,8366947000,1618081000,583036000,1461071000,6748866000,878035000,1713619000,6905876000,16.16,-222760000,185.17,110.04
2025-12-28,BIIB,10.96,10065900000.0,16.16,None,0.128,124.11,92600000,None,568168000,568168000,-785000000,-64700000,-113700000,-33000000,-112500000,None,None,81000000,173000,346163000,None,373614000,373614000,99780000,None,None,468048000,None,None,402208000,146900000,None,None,None,0.192,0.96,265842000,668050000,3.85,2021-03-31,11.29,1130430000,7706800000.0,1340005000,256195000,95484000,2975601000,2975601000,None,9647000,None,182815000,None,None,43444000,None,None,404600000,None,None,None,0.307,769000000,1103965000,236040000,108375000,280905000,None,None,None,None,None,None,None,5.13,1.421,2.581,None,None,None,None,None,-600000000,None,0.16,None,1174396000,2025-10-29,quarterly,4.81,USD,pre-market,747671000,-1021644000,0.0575,0.0931,0.028,68.81,644758000,43444000,337173000,282585000,140.47,164.74,24.9351,8366947000,1618081000,583036000,1461071000,6748866000,878035000,1713619000,6905876000,16.16,-222760000,185.17,110.04
2025-12-28,BIIB,10.96,10065900000.0,16.16,None,0.128,124.11,101000000,None,568168000,568168000,-401100000,-166400000,-962600000,None,-45700000,None,None,75500000,173000,346163000,None,373614000,373614000,99780000,None,None,468048000,None,None,402208000,90400000,71000000,71000000,None,0.192,0.96,265842000,668050000,3.85,2020-12-31,11.29,1130430000,7706800000.0,1340005000,256195000,95484000,2975601000,2975601000,None,9647000,None,182815000,None,None,43444000,None,None,357600000,None,None,None,0.307,-367100000,1103965000,236040000,108375000,280905000,None,None,None,None,None,None,None,5.13,1.421,2.581,None,None,None,None,None,-400000000,None,0.16,None,1174396000,2025-10-29,quarterly,4.81,USD,pre-market,747671000,-1021644000,0.0575,0.0931,0.028,68.81,644758000,43444000,337173000,282585000,140.47,164.74,24.9351,8366947000,1618081000,583036000,1461071000,6748866000,878035000,1713619000,6905876000,16.16,-222760000,185.17,110.04
2025-12-28,BIIB,10.96,10065900000.0,16.16,None,0.128,124.11,84100000,None,568168000,568168000,-1312900000,-52400000,-160100000,24100000,-82400000,None,None,47000000,173000,346163000,None,373614000,373614000,99780000,None,None,468048000,None,None,402208000,114800000,None,None,None,0.192,0.96,265842000,668050000,3.85,2020-09-30,11.29,1130430000,7706800000.0,1340005000,256195000,95484000,2975601000,2975601000,None,9647000,None,182815000,None,None,43444000,None,None,703900000,None,None,None,0.307,1181100000,1103965000,236040000,108375000,280905000,None,None,None,None,None,None,None,5.13,1.421,2.581,None,None,None,None,None,-1250000000,None,0.16,None,1174396000,2025-10-29,quarterly,4.81,USD,pre-market,747671000,-1021644000,0.0575,0.0931,0.028,68.81,644758000,43444000,337173000,282585000,140.47,164.74,24.9351,8366947000,1618081000,583036000,1461071000,6748866000,878035000,1713619000,6905876000,16.16,-222760000,185.17,110.04
2025-12-28,BIIB,10.96,10065900000.0,16.16,None,0.128,124.11,105000000,None,568168000,568168000,-1313400000,-832700000,-206400000,-8800000,-126000000,None,None,40100000,173000,346163000,None,373614000,373614000,99780000,None,None,468048000,None,None,402208000,112900000,None,None,None,0.192,0.96,265842000,668050000,3.85,2020-06-30,11.29,1130430000,7706800000.0,1340005000,256195000,95484000,2975601000,2975601000,None,9647000,None,182815000,None,None,43444000,None,None,1606400000,None,None,None,0.307,1948500000,1103965000,236040000,108375000,280905000,None,None,None,None,None,None,None,5.13,1.421,2.581,None,None,None,None,None,-2808900000,None,0.16,None,1174396000,2025-10-29,quarterly,4.81,USD,pre-market,747671000,-1021644000,0.0575,0.0931,0.028,68.81,644758000,43444000,337173000,282585000,140.47,164.74,24.9351,8366947000,1618081000,583036000,1461071000,6748866000,878035000,1713619000,6905876000,16.16,-222760000,185.17,110.04
2025-12-28,BIIB,10.96,10065900000.0,16.16,None,0.128,124.11,149700000,None,568168000,568168000,-2245300000,442900000,-322400000,12700000,-62200000,None,None,-159800000,173000,346163000,None,373614000,373614000,99780000,None,None,468048000,None,None,402208000,119900000,None,None,None,0.192,0.96,265842000,668050000,3.85,2020-03-31,11.29,1130430000,7706800000.0,1340005000,256195000,95484000,2975601000,2975601000,None,9647000,None,182815000,None,None,43444000,None,None,1392600000,None,None,None,0.307,1467300000,1103965000,236040000,108375000,280905000,None,None,None,None,None,None,None,5.13,1.421,2.581,None,None,None,None,None,-2220200000,None,0.16,None,1174396000,2025-10-29,quarterly,4.81,USD,pre-market,747671000,-1021644000,0.0575,0.0931,0.028,68.81,644758000,43444000,337173000,282585000,140.47,164.74,24.9351,8366947000,1618081000,583036000,1461071000,6748866000,878035000,1713619000,6905876000,16.16,-222760000,185.17,110.04
2025-12-28,BIIB,10.96,10065900000.0,16.16,None,0.128,124.11,110400000,None,568168000,568168000,-2116400000,708400000,552600000,17600000,-66500000,None,None,71200000,173000,346163000,None,373614000,373614000,99780000,None,None,468048000,None,None,402208000,113000000,None,None,None,0.192,0.96,265842000,668050000,3.85,2019-12-31,11.29,1130430000,7706800000.0,1340005000,256195000,95484000,2975601000,2975601000,None,9647000,None,182815000,None,None,43444000,None,None,1439700000,None,None,None,0.307,1960200000,1103965000,236040000,108375000,280905000,None,None,None,None,None,None,None,5.13,1.421,2.581,None,None,None,None,None,-2093100000,None,0.16,None,1174396000,2025-10-29,quarterly,4.81,USD,pre-market,747671000,-1021644000,0.0575,0.0931,0.028,68.81,644758000,43444000,337173000,282585000,140.47,164.74,24.9351,8366947000,1618081000,583036000,1461071000,6748866000,878035000,1713619000,6905876000,16.16,-222760000,185.17,110.04
2025-12-28,BIIB,10.96,10065900000.0,16.16,None,0.128,124.11,90100000,None,568168000,568168000,-689000000,-365900000,640000000,-19500000,-61400000,None,None,500000,173000,346163000,None,373614000,373614000,99780000,None,None,468048000,None,None,402208000,329500000,None,None,None,0.192,0.96,265842000,668050000,3.85,2019-09-30,11.29,1130430000,7706800000.0,1340005000,256195000,95484000,2975601000,2975601000,None,9647000,None,182815000,None,None,43444000,None,None,1545900000,None,None,None,0.307,1694900000,1103965000,236040000,108375000,280905000,None,None,None,None,None,None,None,5.13,1.421,2.581,None,None,None,None,None,-717900000,None,0.16,None,1174396000,2025-10-29,quarterly,4.81,USD,pre-market,747671000,-1021644000,0.0575,0.0931,0.028,68.81,644758000,43444000,337173000,282585000,140.47,164.74,24.9351,8366947000,1618081000,583036000,1461071000,6748866000,878035000,1713619000,6905876000,16.16,-222760000,185.17,110.04
2025-12-28,BIIB,10.96,10065900000.0,16.16,None,0.128,124.11,186900000,None,568168000,568168000,-2375700000,-110800000,-522500000,2700000,-20300000,None,None,133700000,173000,346163000,None,373614000,373614000,99780000,None,None,468048000,None,None,402208000,117000000,4300000,4300000,None,0.192,0.96,265842000,668050000,3.85,2019-06-30,11.29,1130430000,7706800000.0,1340005000,256195000,95484000,2975601000,2975601000,None,9647000,None,182815000,None,None,43444000,None,None,1494100000,None,None,None,0.307,1964000000,1103965000,236040000,108375000,280905000,None,None,None,None,None,None,None,5.13,1.421,2.581,None,None,None,None,None,-2401500000,None,0.16,None,1174396000,2025-10-29,quarterly,4.81,USD,pre-market,747671000,-1021644000,0.0575,0.0931,0.028,68.81,644758000,43444000,337173000,282585000,140.47,164.74,24.9351,8366947000,1618081000,583036000,1461071000,6748866000,878035000,1713619000,6905876000,16.16,-222760000,185.17,110.04
2025-12-28,BIIB,10.96,10065900000.0,16.16,None,0.128,124.11,127100000,None,568168000,568168000,-679300000,238800000,1019000000,-400000,129000000,None,None,-136600000,173000,346163000,None,373614000,373614000,99780000,None,None,468048000,None,None,402208000,121100000,None,None,None,0.192,0.96,265842000,668050000,3.85,2019-03-31,11.29,1130430000,7706800000.0,1340005000,256195000,95484000,2975601000,2975601000,None,9647000,None,182815000,None,None,43444000,None,None,1408800000,None,None,None,0.307,1459500000,1103965000,236040000,108375000,280905000,None,None,None,None,None,None,None,5.13,1.421,2.581,None,None,None,None,None,-655800000,None,0.16,None,1174396000,2025-10-29,quarterly,4.81,USD,pre-market,747671000,-1021644000,0.0575,0.0931,0.028,68.81,644758000,43444000,337173000,282585000,140.47,164.74,24.9351,8366947000,1618081000,583036000,1461071000,6748866000,878035000,1713619000,6905876000,16.16,-222760000,185.17,110.04
2025-12-28,BIIB,10.96,10065900000.0,16.16,None,0.128,124.11,225900000,None,568168000,568168000,-1437000000,-1625300000,-1185500000,4800000,-20200000,None,None,48800000,173000,346163000,None,373614000,373614000,99780000,None,None,468048000,None,None,402208000,329700000,500000,500000,None,0.192,0.96,265842000,668050000,3.85,2018-12-31,11.29,1130430000,7706800000.0,1340005000,256195000,95484000,2975601000,2975601000,None,9647000,None,182815000,None,None,43444000,None,None,944900000,None,None,None,0.307,1895400000,1103965000,236040000,108375000,280905000,None,None,None,None,None,None,None,5.13,1.421,2.581,None,None,None,None,None,-1352600000,None,0.16,None,1174396000,2025-10-29,quarterly,4.81,USD,pre-market,747671000,-1021644000,0.0575,0.0931,0.028,68.81,644758000,43444000,337173000,282585000,140.47,164.74,24.9351,8366947000,1618081000,583036000,1461071000,6748866000,878035000,1713619000,6905876000,16.16,-222760000,185.17,110.04
2025-12-28,BIIB,10.96,10065900000.0,16.16,None,0.128,124.11,190700000,None,568168000,568168000,25100000,-619100000,1141900000,-5400000,8199999,None,None,-66800000,173000,346163000,None,373614000,373614000,99780000,None,None,468048000,None,None,402208000,346500000,2000000,2000000,None,0.192,0.96,265842000,668050000,3.85,2018-09-30,11.29,1130430000,7706800000.0,1340005000,256195000,95484000,2975601000,2975601000,None,9647000,None,182815000,None,None,43444000,None,None,1442900000,None,None,None,0.307,1735900000,1103965000,236040000,108375000,280905000,None,None,None,None,None,None,None,5.13,1.421,2.581,None,None,None,None,None,2000000,None,0.16,None,1174396000,2025-10-29,quarterly,4.81,USD,pre-market,747671000,-1021644000,0.0575,0.0931,0.028,68.81,644758000,43444000,337173000,282585000,140.47,164.74,24.9351,8366947000,1618081000,583036000,1461071000,6748866000,878035000,1713619000,6905876000,16.16,-222760000,185.17,110.04
2025-12-28,BIIB,10.96,10065900000.0,16.16,None,0.128,124.11,264800000,None,568168000,568168000,-2791500000,-1148500000,-2840700000,-17100000,-42700000,None,None,-53200000,173000,346163000,None,373614000,373614000,99780000,None,None,468048000,None,None,402208000,171500000,38900000,38900000,None,0.192,0.96,265842000,668050000,3.85,2018-06-30,11.29,1130430000,7706800000.0,1340005000,256195000,95484000,2975601000,2975601000,None,9647000,None,182815000,None,None,43444000,None,None,915000000,None,None,None,0.307,1099300000,1103965000,236040000,108375000,280905000,None,None,None,None,None,None,None,5.13,1.421,2.581,None,None,None,None,None,-2750000000,None,0.16,None,1174396000,2025-10-29,quarterly,4.81,USD,pre-market,747671000,-1021644000,0.0575,0.0931,0.028,68.81,644758000,43444000,337173000,282585000,140.47,164.74,24.9351,8366947000,1618081000,583036000,1461071000,6748866000,878035000,1713619000,6905876000,16.16,-222760000,185.17,110.04
2025-12-28,BIIB,10.96,10065900000.0,16.16,None,0.128,124.11,194700000,None,568168000,568168000,-268600000,1346600000,2535100000,-900000,2600000,None,None,-134000000,173000,346163000,None,373614000,373614000,99780000,None,None,468048000,None,None,402208000,168900000,0,0,None,0.192,0.96,265842000,668050000,3.85,2018-03-31,11.29,1130430000,7706800000.0,1340005000,256195000,95484000,2975601000,2975601000,None,9647000,None,182815000,None,None,43444000,None,None,1171200000,None,None,None,0.307,1457100000,1103965000,236040000,108375000,280905000,None,None,None,None,None,None,None,5.13,1.421,2.581,None,None,None,None,None,-250000000,None,0.16,None,1174396000,2025-10-29,quarterly,4.81,USD,pre-market,747671000,-1021644000,0.0575,0.0931,0.028,68.81,644758000,43444000,337173000,282585000,140.47,164.74,24.9351,8366947000,1618081000,583036000,1461071000,6748866000,878035000,1713619000,6905876000,16.16,-222760000,185.17,110.04
2025-12-28,BIIB,10.96,10065900000.0,16.16,None,0.128,124.11,295600000,None,568168000,568168000,-708100000,-769500000,40700000,-15000000,75800000,None,None,-209800000,173000,346163000,None,373614000,373614000,99780000,None,None,468048000,None,None,402208000,89000000,1354700000,1354700000,None,0.192,0.96,265842000,668050000,3.85,2017-12-31,11.29,1130430000,7706800000.0,1340005000,256195000,95484000,2975601000,2975601000,None,9647000,None,182815000,None,None,43444000,None,None,-166300000,None,None,None,0.307,1518300000,1103965000,236040000,108375000,280905000,None,None,None,None,None,None,None,5.13,1.421,2.581,None,None,None,None,None,1365400000,None,0.16,None,1174396000,2025-10-29,quarterly,4.81,USD,pre-market,747671000,-1021644000,0.0575,0.0931,0.028,68.81,644758000,43444000,337173000,282585000,140.47,164.74,24.9351,8366947000,1618081000,583036000,1461071000,6748866000,878035000,1713619000,6905876000,16.16,-222760000,185.17,110.04
2025-12-28,BIIB,10.96,10065900000.0,16.16,None,0.128,124.11,279200000,None,568168000,568168000,-19500000,-1246800000,362000000,16600000,-85000000,None,None,75400000,173000,346163000,None,373614000,373614000,99780000,None,None,468048000,None,None,402208000,177400000,0,0,None,0.192,0.96,265842000,668050000,3.85,2017-09-30,11.29,1130430000,7706800000.0,1340005000,256195000,95484000,2975601000,2975601000,None,9647000,None,182815000,None,None,43444000,None,None,1226100000,None,None,None,0.307,1628300000,1103965000,236040000,108375000,280905000,None,None,None,None,None,None,None,5.13,1.421,2.581,None,None,None,None,None,0,None,0.16,None,1174396000,2025-10-29,quarterly,4.81,USD,pre-market,747671000,-1021644000,0.0575,0.0931,0.028,68.81,644758000,43444000,337173000,282585000,140.47,164.74,24.9351,8366947000,1618081000,583036000,1461071000,6748866000,878035000,1713619000,6905876000,16.16,-222760000,185.17,110.04
2025-12-28,BIIB,10.96,10065900000.0,16.16,None,0.128,124.11,322800000,None,568168000,568168000,-751000000,-202600000,215600000,29900000,-39100000,None,None,-105500000,173000,346163000,None,373614000,373614000,99780000,None,None,468048000,None,None,402208000,182600000,0,0,None,0.192,0.96,265842000,668050000,3.85,2017-06-30,11.29,1130430000,7706800000.0,1340005000,256195000,95484000,2975601000,2975601000,None,9647000,None,182815000,None,None,43444000,None,None,862800000,None,None,None,0.307,1169200000,1103965000,236040000,108375000,280905000,None,None,None,None,None,None,None,5.13,1.421,2.581,None,None,None,None,None,-781800000,None,0.16,None,1174396000,2025-10-29,quarterly,4.81,USD,pre-market,747671000,-1021644000,0.0575,0.0931,0.028,68.81,644758000,43444000,337173000,282585000,140.47,164.74,24.9351,8366947000,1618081000,583036000,1461071000,6748866000,878035000,1713619000,6905876000,16.16,-222760000,185.17,110.04
2025-12-28,BIIB,10.96,10065900000.0,16.16,None,0.128,124.11,1065200000,None,568168000,568168000,-901400000,-744200000,-1410400000,7900000,-46200000,None,None,-195700000,173000,346163000,None,373614000,373614000,99780000,None,None,468048000,None,None,402208000,512000000,302700000,302700000,None,0.192,0.96,265842000,668050000,3.85,2017-03-31,11.29,1130430000,7706800000.0,1340005000,256195000,95484000,2975601000,2975601000,None,9647000,None,182815000,None,None,43444000,None,None,747500000,None,None,None,0.307,235200000,1103965000,236040000,108375000,280905000,None,None,None,None,None,None,None,5.13,1.421,2.581,None,None,None,None,None,-583600000,None,0.16,None,1174396000,2025-10-29,quarterly,4.81,USD,pre-market,747671000,-1021644000,0.0575,0.0931,0.028,68.81,644758000,43444000,337173000,282585000,140.47,164.74,24.9351,8366947000,1618081000,583036000,1461071000,6748866000,878035000,1713619000,6905876000,16.16,-222760000,185.17,110.04
2025-12-28,BIIB,10.96,10065900000.0,16.16,None,0.128,124.11,183300000,None,568168000,568168000,-721200000,-581700000,273700000,-32000000,-10500000,None,None,-3300000,173000,346163000,None,373614000,373614000,99780000,None,None,468048000,None,None,402208000,177400000,0,0,None,0.192,0.96,265842000,668050000,3.85,2016-12-31,11.29,1130430000,7706800000.0,1340005000,256195000,95484000,2975601000,2975601000,None,9647000,None,182815000,None,None,43444000,None,None,647900000,None,None,None,0.307,1576600000,1103965000,236040000,108375000,280905000,None,None,None,None,None,None,None,5.13,1.421,2.581,None,None,None,None,None,-651100000,None,0.16,None,1174396000,2025-10-29,quarterly,4.81,USD,pre-market,747671000,-1021644000,0.0575,0.0931,0.028,68.81,644758000,43444000,337173000,282585000,140.47,164.74,24.9351,8366947000,1618081000,583036000,1461071000,6748866000,878035000,1713619000,6905876000,16.16,-222760000,185.17,110.04
2025-12-28,BIIB,10.96,10065900000.0,16.16,None,0.128,124.11,280700000,None,568168000,568168000,-300600000,36200000,722200000,600000,-26800000,None,None,-173100000,173000,346163000,None,373614000,373614000,99780000,None,None,468048000,None,None,402208000,180200000,0,0,None,0.192,0.96,265842000,668050000,3.85,2016-09-30,11.29,1130430000,7706800000.0,1340005000,256195000,95484000,2975601000,2975601000,None,9647000,None,182815000,None,None,43444000,None,None,1030200000,None,None,None,0.307,986600000,1103965000,236040000,108375000,280905000,None,None,None,None,None,None,None,5.13,1.421,2.581,None,None,None,None,None,-348900000,None,0.16,None,1174396000,2025-10-29,quarterly,4.81,USD,pre-market,747671000,-1021644000,0.0575,0.0931,0.028,68.81,644758000,43444000,337173000,282585000,140.47,164.74,24.9351,8366947000,1618081000,583036000,1461071000,6748866000,878035000,1713619000,6905876000,16.16,-222760000,185.17,110.04
2025-12-28,BIIB,10.96,10065900000.0,16.16,None,0.128,124.11,136800000,None,568168000,568168000,-15800000,-736100000,246300000,-15000000,-39700000,None,None,95000000,173000,346163000,None,373614000,373614000,99780000,None,None,468048000,None,None,402208000,175400000,0,0,None,0.192,0.96,265842000,668050000,3.85,2016-06-30,11.29,1130430000,7706800000.0,1340005000,256195000,95484000,2975601000,2975601000,None,9647000,None,182815000,None,None,43444000,None,None,1048400000,None,None,None,0.307,995800000,1103965000,236040000,108375000,280905000,None,None,None,None,None,None,None,5.13,1.421,2.581,None,None,None,None,None,9400000,None,0.16,None,1174396000,2025-10-29,quarterly,4.81,USD,pre-market,747671000,-1021644000,0.0575,0.0931,0.028,68.81,644758000,43444000,337173000,282585000,140.47,164.74,24.9351,8366947000,1618081000,583036000,1461071000,6748866000,878035000,1713619000,6905876000,16.16,-222760000,185.17,110.04
2025-12-28,BIIB,10.96,10065900000.0,16.16,None,0.128,124.11,126900000,None,568168000,568168000,-5000000,-1203200000,-192400000,15100000,-88600000,None,None,-160000000,173000,346163000,None,373614000,373614000,99780000,None,None,468048000,None,None,402208000,149700000,0,0,None,0.192,0.96,265842000,668050000,3.85,2016-03-31,11.29,1130430000,7706800000.0,1340005000,256195000,95484000,2975601000,2975601000,None,9647000,None,182815000,None,None,43444000,None,None,969200000,None,None,None,0.307,963400000,1103965000,236040000,108375000,280905000,None,None,None,None,None,None,None,5.13,1.421,2.581,None,None,None,None,None,14500000,None,0.16,None,1174396000,2025-10-29,quarterly,4.81,USD,pre-market,747671000,-1021644000,0.0575,0.0931,0.028,68.81,644758000,43444000,337173000,282585000,140.47,164.74,24.9351,8366947000,1618081000,583036000,1461071000,6748866000,878035000,1713619000,6905876000,16.16,-222760000,185.17,110.04
2025-12-28,BIIB,10.96,10065900000.0,16.16,None,0.128,124.11,186115000,None,568168000,568168000,-1998403000,-1807529000,-2765537000,-15442000,-24013000,None,None,92608000,173000,346163000,None,373614000,373614000,99780000,None,None,468048000,None,None,402208000,156300000,45945000,45945000,None,0.192,0.96,265842000,668050000,3.85,2015-12-31,11.29,1130430000,7706800000.0,1340005000,256195000,95484000,2975601000,2975601000,None,9647000,None,182815000,None,None,43444000,None,None,828708000,None,None,None,0.307,1040395000,1103965000,236040000,108375000,280905000,None,None,None,None,None,None,None,5.13,1.421,2.581,None,None,None,None,None,-2001810000,None,0.16,None,1174396000,2025-10-29,quarterly,4.81,USD,pre-market,747671000,-1021644000,0.0575,0.0931,0.028,68.81,644758000,43444000,337173000,282585000,140.47,164.74,24.9351,8366947000,1618081000,583036000,1461071000,6748866000,878035000,1713619000,6905876000,16.16,-222760000,185.17,110.04
2025-12-28,BIIB,10.96,10065900000.0,16.16,None,0.128,124.11,229197000,None,568168000,568168000,2907600000,-990000000,2813095000,-6170000,-69093000,None,None,-24701000,173000,346163000,None,373614000,373614000,99780000,None,None,468048000,None,None,402208000,151577000,0,0,None,0.192,0.96,265842000,668050000,3.85,2015-09-30,11.29,1130430000,7706800000.0,1340005000,256195000,95484000,2975601000,2975601000,None,9647000,None,182815000,None,None,43444000,None,None,1019493000,None,None,None,0.307,895448000,1103965000,236040000,108375000,280905000,None,None,None,None,None,None,None,5.13,1.421,2.581,None,None,None,None,None,-2956000000,None,0.16,None,1174396000,2025-10-29,quarterly,4.81,USD,pre-market,747671000,-1021644000,0.0575,0.0931,0.028,68.81,644758000,43444000,337173000,282585000,140.47,164.74,24.9351,8366947000,1618081000,583036000,1461071000,6748866000,878035000,1713619000,6905876000,16.16,-222760000,185.17,110.04
2025-12-28,BIIB,10.96,10065900000.0,16.16,None,0.128,124.11,129858000,None,568168000,568168000,-3600000,-1253300000,-209680000,13707000,-59787000,None,None,89380000,173000,346163000,None,373614000,373614000,99780000,None,None,468048000,None,None,402208000,144586000,0,0,None,0.192,0.96,265842000,668050000,3.85,2015-06-30,11.29,1130430000,7706800000.0,1340005000,256195000,95484000,2975601000,2975601000,None,9647000,None,182815000,None,None,43444000,None,None,924825000,None,None,None,0.307,1047220000,1103965000,236040000,108375000,280905000,None,None,None,None,None,None,None,5.13,1.421,2.581,None,None,None,None,None,-42200000,None,0.16,None,1174396000,2025-10-29,quarterly,4.81,USD,pre-market,747671000,-1021644000,0.0575,0.0931,0.028,68.81,644758000,43444000,337173000,282585000,140.47,164.74,24.9351,8366947000,1618081000,583036000,1461071000,6748866000,878035000,1713619000,6905876000,16.16,-222760000,185.17,110.04
2025-12-28,BIIB,10.96,10065900000.0,16.16,None,0.128,124.11,97830000,None,568168000,568168000,80800000,-502800000,311022000,-37895000,-21507000,None,None,-128287000,173000,346163000,None,373614000,373614000,99780000,None,None,468048000,None,None,402208000,147937000,0,0,None,0.192,0.96,265842000,668050000,3.85,2015-03-31,11.29,1130430000,7706800000.0,1340005000,256195000,95484000,2975601000,2975601000,None,9647000,None,182815000,None,None,43444000,None,None,820174000,None,None,None,0.307,733037000,1103965000,236040000,108375000,280905000,None,None,None,None,None,None,None,5.13,1.421,2.581,None,None,None,None,None,25614000,None,0.16,None,1174396000,2025-10-29,quarterly,4.81,USD,pre-market,747671000,-1021644000,0.0575,0.0931,0.028,68.81,644758000,43444000,337173000,282585000,140.47,164.74,24.9351,8366947000,1618081000,583036000,1461071000,6748866000,878035000,1713619000,6905876000,16.16,-222760000,185.17,110.04
2025-12-28,BIIB,10.96,10065900000.0,16.16,None,0.128,124.11,106897000,None,568168000,568168000,-513265000,-378278000,41320000,-22677000,-66027000,None,None,-215332000,173000,346163000,None,373614000,373614000,99780000,None,None,468048000,None,None,402208000,157642000,54874399000,54874399000,None,0.192,0.96,265842000,668050000,3.85,2014-12-31,11.29,1130430000,7706800000.0,1340005000,256195000,95484000,2975601000,2975601000,None,9647000,None,182815000,None,None,43444000,None,None,882585000,None,None,None,0.307,932863000,1103965000,236040000,108375000,280905000,None,None,None,None,None,None,None,5.13,1.421,2.581,None,None,None,None,None,-526819000,None,0.16,None,1174396000,2025-10-29,quarterly,4.81,USD,pre-market,747671000,-1021644000,0.0575,0.0931,0.028,68.81,644758000,43444000,337173000,282585000,140.47,164.74,24.9351,8366947000,1618081000,583036000,1461071000,6748866000,878035000,1713619000,6905876000,16.16,-222760000,185.17,110.04
2025-12-28,BIIB,10.96,10065900000.0,16.16,None,0.128,124.11,62546000,None,568168000,568168000,-35123000,-540564000,338346000,-15262000,-47201000,None,None,-108096000,173000,346163000,None,373614000,373614000,99780000,None,None,468048000,None,None,402208000,175406000,0,0,None,0.192,0.96,265842000,668050000,3.85,2014-09-30,11.29,1130430000,7706800000.0,1340005000,256195000,95484000,2975601000,2975601000,None,9647000,None,182815000,None,None,43444000,None,None,856120000,None,None,None,0.307,914033000,1103965000,236040000,108375000,280905000,None,None,None,None,None,None,None,5.13,1.421,2.581,None,None,None,None,None,-23076000,None,0.16,None,1174396000,2025-10-29,quarterly,4.81,USD,pre-market,747671000,-1021644000,0.0575,0.0931,0.028,68.81,644758000,43444000,337173000,282585000,140.47,164.74,24.9351,8366947000,1618081000,583036000,1461071000,6748866000,878035000,1713619000,6905876000,16.16,-222760000,185.17,110.04
2025-12-28,BIIB,10.96,10065900000.0,16.16,None,0.128,124.11,64002000,None,568168000,568168000,-322360000,-630127000,38106000,-3510000,-55709000,None,None,8724000,173000,346163000,None,373614000,373614000,99780000,None,None,468048000,None,None,402208000,164139000,0,0,None,0.192,0.96,265842000,668050000,3.85,2014-06-30,11.29,1130430000,7706800000.0,1340005000,256195000,95484000,2975601000,2975601000,None,9647000,None,182815000,None,None,43444000,None,None,723132000,None,None,None,0.307,990593000,1103965000,236040000,108375000,280905000,None,None,None,None,None,None,None,5.13,1.421,2.581,None,None,None,None,None,-336905000,None,0.16,None,1174396000,2025-10-29,quarterly,4.81,USD,pre-market,747671000,-1021644000,0.0575,0.0931,0.028,68.81,644758000,43444000,337173000,282585000,140.47,164.74,24.9351,8366947000,1618081000,583036000,1461071000,6748866000,878035000,1713619000,6905876000,16.16,-222760000,185.17,110.04
2025-12-28,BIIB,10.96,10065900000.0,16.16,None,0.128,124.11,54306000,None,568168000,568168000,114875000,5993000,225494000,545000,-16980000,None,None,-197685000,173000,346163000,None,373614000,373614000,99780000,None,None,468048000,None,None,402208000,190963000,0,0,None,0.192,0.96,265842000,668050000,3.85,2014-03-31,11.29,1130430000,7706800000.0,1340005000,256195000,95484000,2975601000,2975601000,None,9647000,None,182815000,None,None,43444000,None,None,479728000,None,None,None,0.307,104626000,1103965000,236040000,108375000,280905000,None,None,None,None,None,None,None,5.13,1.421,2.581,None,None,None,None,None,22363000,None,0.16,None,1174396000,2025-10-29,quarterly,4.81,USD,pre-market,747671000,-1021644000,0.0575,0.0931,0.028,68.81,644758000,43444000,337173000,282585000,140.47,164.74,24.9351,8366947000,1618081000,583036000,1461071000,6748866000,878035000,1713619000,6905876000,16.16,-222760000,185.17,110.04
2025-12-28,BIIB,10.96,10065900000.0,16.16,None,0.128,124.11,78653000,None,568168000,568168000,11181000,-709976000,170210000,4541000,-61146000,None,None,93107000,173000,346163000,None,373614000,373614000,99780000,None,None,468048000,None,None,402208000,158383000,66307257000,66307257000,None,0.192,0.96,265842000,668050000,3.85,2013-12-31,11.29,1130430000,7706800000.0,1340005000,256195000,95484000,2975601000,2975601000,None,9647000,None,182815000,None,None,43444000,None,None,457306000,None,None,None,0.307,869005000,1103965000,236040000,108375000,280905000,None,None,None,None,None,None,None,5.13,1.421,2.581,None,None,None,None,None,-1000,None,0.16,None,1174396000,2025-10-29,quarterly,4.81,USD,pre-market,747671000,-1021644000,0.0575,0.0931,0.028,68.81,644758000,43444000,337173000,282585000,140.47,164.74,24.9351,8366947000,1618081000,583036000,1461071000,6748866000,878035000,1713619000,6905876000,16.16,-222760000,185.17,110.04
2025-12-28,BIIB,10.96,10065900000.0,16.16,None,0.128,124.11,80188000,None,568168000,568168000,-318522000,-324392000,29008000,6296000,-53643000,None,None,-34172000,173000,346163000,None,373614000,373614000,99780000,None,None,468048000,None,None,402208000,147477000,0,0,None,0.192,0.96,265842000,668050000,3.85,2013-09-30,11.29,1130430000,7706800000.0,1340005000,256195000,95484000,2975601000,2975601000,None,9647000,None,182815000,None,None,43444000,None,None,487616000,None,None,None,0.307,671922000,1103965000,236040000,108375000,280905000,None,None,None,None,None,None,None,5.13,1.421,2.581,None,None,None,None,None,-359285000,None,0.16,None,1174396000,2025-10-29,quarterly,4.81,USD,pre-market,747671000,-1021644000,0.0575,0.0931,0.028,68.81,644758000,43444000,337173000,282585000,140.47,164.74,24.9351,8366947000,1618081000,583036000,1461071000,6748866000,878035000,1713619000,6905876000,16.16,-222760000,185.17,110.04
2025-12-28,BIIB,10.96,10065900000.0,16.16,None,0.128,124.11,54151000,None,568168000,568168000,-170763000,-726241000,-271792000,997000,-68362000,None,None,-110142000,173000,346163000,None,373614000,373614000,99780000,None,None,468048000,None,None,402208000,128427000,0,0,None,0.192,0.96,265842000,668050000,3.85,2013-06-30,11.29,1130430000,7706800000.0,1340005000,256195000,95484000,2975601000,2975601000,None,9647000,None,182815000,None,None,43444000,None,None,490670000,None,None,None,0.307,625212000,1103965000,236040000,108375000,280905000,None,None,None,None,None,None,None,5.13,1.421,2.581,None,None,None,None,None,17185000,None,0.16,None,1174396000,2025-10-29,quarterly,4.81,USD,pre-market,747671000,-1021644000,0.0575,0.0931,0.028,68.81,644758000,43444000,337173000,282585000,140.47,164.74,24.9351,8366947000,1618081000,583036000,1461071000,6748866000,878035000,1713619000,6905876000,16.16,-222760000,185.17,110.04
2025-12-28,BIIB,10.96,10065900000.0,16.16,None,0.128,124.11,33289000,None,568168000,568168000,-238424000,155941000,96456000,-3875000,-60809000,None,None,-75546000,173000,346163000,None,373614000,373614000,99780000,None,None,468048000,None,None,402208000,97453000,21595183000,21595183000,None,0.192,0.96,265842000,668050000,3.85,2013-03-31,11.29,1130430000,7706800000.0,1340005000,256195000,95484000,2975601000,2975601000,None,9647000,None,182815000,None,None,43444000,None,None,426749000,None,None,None,0.307,178939000,1103965000,236040000,108375000,280905000,None,None,None,None,None,None,None,5.13,1.421,2.581,None,None,None,None,None,-41023000,None,0.16,None,1174396000,2025-10-29,quarterly,4.81,USD,pre-market,747671000,-1021644000,0.0575,0.0931,0.028,68.81,644758000,43444000,337173000,282585000,140.47,164.74,24.9351,8366947000,1618081000,583036000,1461071000,6748866000,878035000,1713619000,6905876000,16.16,-222760000,185.17,110.04
2025-12-28,BIIB,10.96,10065900000.0,16.16,None,0.128,124.11,75671000,None,568168000,568168000,-15524000,-375454000,116929000,2069000,24821000000,None,None,-14915000,173000,346163000,None,373614000,373614000,99780000,None,None,468048000,None,None,402208000,96876000,2726000,2726000,None,0.192,0.96,265842000,668050000,3.85,2012-12-31,11.29,1130430000,7706800000.0,1340005000,256195000,95484000,2975601000,2975601000,None,9647000,None,182815000,None,None,43444000,None,None,292127000,None,None,None,0.307,507907000,1103965000,236040000,108375000,280905000,None,None,None,None,None,None,None,5.13,1.421,2.581,None,None,None,None,None,-21544000,None,0.16,None,1174396000,2025-10-29,quarterly,4.81,USD,pre-market,747671000,-1021644000,0.0575,0.0931,0.028,68.81,644758000,43444000,337173000,282585000,140.47,164.74,24.9351,8366947000,1618081000,583036000,1461071000,6748866000,878035000,1713619000,6905876000,16.16,-222760000,185.17,110.04
2025-12-28,BIIB,10.96,10065900000.0,16.16,None,0.128,124.11,58064000,None,568168000,568168000,-28250000,-522390000,-8856000,3768000,-38060000,None,None,29244000,173000,346163000,None,373614000,373614000,99780000,None,None,468048000,None,None,402208000,94203000,0,0,None,0.192,0.96,265842000,668050000,3.85,2012-09-30,11.29,1130430000,7706800000.0,1340005000,256195000,95484000,2975601000,2975601000,None,9647000,None,182815000,None,None,43444000,None,None,398399000,None,None,None,0.307,541784000,1103965000,236040000,108375000,280905000,None,None,None,None,None,None,None,5.13,1.421,2.581,None,None,None,None,None,-53220000,None,0.16,None,1174396000,2025-10-29,quarterly,4.81,USD,pre-market,747671000,-1021644000,0.0575,0.0931,0.028,68.81,644758000,43444000,337173000,282585000,140.47,164.74,24.9351,8366947000,1618081000,583036000,1461071000,6748866000,878035000,1713619000,6905876000,16.16,-222760000,185.17,110.04
2025-12-28,BIIB,10.96,10065900000.0,16.16,None,0.128,124.11,72896000,None,568168000,568168000,-417440000,-53116000,165025000,-6353000,-25336000,None,None,78308000,173000,346163000,None,373614000,373614000,99780000,None,None,468048000,None,None,402208000,90624000,0,0,None,0.192,0.96,265842000,668050000,3.85,2012-06-30,11.29,1130430000,7706800000.0,1340005000,256195000,95484000,2975601000,2975601000,None,9647000,None,182815000,None,None,43444000,None,None,387141000,None,None,None,0.307,635581000,1103965000,236040000,108375000,280905000,None,None,None,None,None,None,None,5.13,1.421,2.581,None,None,None,None,None,-446780000,None,0.16,None,1174396000,2025-10-29,quarterly,4.81,USD,pre-market,747671000,-1021644000,0.0575,0.0931,0.028,68.81,644758000,43444000,337173000,282585000,140.47,164.74,24.9351,8366947000,1618081000,583036000,1461071000,6748866000,878035000,1713619000,6905876000,16.16,-222760000,185.17,110.04
2025-12-28,BIIB,10.96,10065900000.0,16.16,None,0.128,124.11,54551000,None,568168000,568168000,-416264000,618000,-221021000,4618000,-19027000,None,None,-89066000,173000,346163000,None,373614000,373614000,99780000,None,None,468048000,None,None,402208000,83945000,0,0,None,0.192,0.96,265842000,668050000,3.85,2012-03-31,11.29,1130430000,7706800000.0,1340005000,256195000,95484000,2975601000,2975601000,None,9647000,None,182815000,None,None,43444000,None,None,302366000,None,None,None,0.307,194625000,1103965000,236040000,108375000,280905000,None,None,None,None,None,None,None,5.13,1.421,2.581,None,None,None,None,None,-463171000,None,0.16,None,1174396000,2025-10-29,quarterly,4.81,USD,pre-market,747671000,-1021644000,0.0575,0.0931,0.028,68.81,644758000,43444000,337173000,282585000,140.47,164.74,24.9351,8366947000,1618081000,583036000,1461071000,6748866000,878035000,1713619000,6905876000,16.16,-222760000,185.17,110.04
2025-12-28,BIIB,10.96,10065900000.0,16.16,None,0.128,124.11,70444000,None,568168000,568168000,-142809000,-389532000,-58367000,-2231000,-23452000,None,None,-56040000,173000,346163000,None,373614000,373614000,99780000,None,None,468048000,None,None,402208000,88721000,2000,2000,None,0.192,0.96,265842000,668050000,3.85,2011-12-31,11.29,1130430000,7706800000.0,1340005000,256195000,95484000,2975601000,2975601000,None,9647000,None,182815000,None,None,43444000,None,None,300210000,None,None,None,0.307,473974000,1103965000,236040000,108375000,280905000,None,None,None,None,None,None,None,5.13,1.421,2.581,None,None,None,None,None,-111400000,None,0.16,None,1174396000,2025-10-29,quarterly,4.81,USD,pre-market,747671000,-1021644000,0.0575,0.0931,0.028,68.81,644758000,43444000,337173000,282585000,140.47,164.74,24.9351,8366947000,1618081000,583036000,1461071000,6748866000,878035000,1713619000,6905876000,16.16,-222760000,185.17,110.04
2025-12-28,BIIB,10.96,10065900000.0,16.16,None,0.128,124.11,51349000,None,568168000,568168000,-99128000,-587177000,-115782000,-6604000,-11059000,None,None,37575000,173000,346163000,None,373614000,373614000,99780000,None,None,468048000,None,None,402208000,87367000,14182000,14182000,None,0.192,0.96,265842000,668050000,3.85,2011-09-30,11.29,1130430000,7706800000.0,1340005000,256195000,95484000,2975601000,2975601000,None,9647000,None,182815000,None,None,43444000,None,None,353662000,None,None,None,0.307,570523000,1103965000,236040000,108375000,280905000,None,None,None,None,None,None,None,5.13,1.421,2.581,None,None,None,None,None,-599000,None,0.16,None,1174396000,2025-10-29,quarterly,4.81,USD,pre-market,747671000,-1021644000,0.0575,0.0931,0.028,68.81,644758000,43444000,337173000,282585000,140.47,164.74,24.9351,8366947000,1618081000,583036000,1461071000,6748866000,878035000,1713619000,6905876000,16.16,-222760000,185.17,110.04
2025-12-28,BIIB,10.96,10065900000.0,16.16,None,0.128,124.11,57629000,None,568168000,568168000,21907000,-546790000,-95217000,2068000,-18210000,None,None,35803000,173000,346163000,None,373614000,373614000,99780000,None,None,468048000,None,None,402208000,90300000,9930000,9930000,None,0.192,0.96,265842000,668050000,3.85,2011-06-30,11.29,1130430000,7706800000.0,1340005000,256195000,95484000,2975601000,2975601000,None,9647000,None,182815000,None,None,43444000,None,None,304048000,None,None,None,0.307,429666000,1103965000,236040000,108375000,280905000,None,None,None,None,None,None,None,5.13,1.421,2.581,None,None,None,None,None,-191288000,None,0.16,None,1174396000,2025-10-29,quarterly,4.81,USD,pre-market,747671000,-1021644000,0.0575,0.0931,0.028,68.81,644758000,43444000,337173000,282585000,140.47,164.74,24.9351,8366947000,1618081000,583036000,1461071000,6748866000,878035000,1713619000,6905876000,16.16,-222760000,185.17,110.04
2025-12-28,BIIB,10.96,10065900000.0,16.16,None,0.128,124.11,43105000,None,568168000,568168000,-99832000,-126795000,26951000,4126000,-6498000,None,None,-90712000,173000,346163000,None,373614000,373614000,99780000,None,None,468048000,None,None,402208000,92545000,0,0,None,0.192,0.96,265842000,668050000,3.85,2011-03-31,11.29,1130430000,7706800000.0,1340005000,256195000,95484000,2975601000,2975601000,None,9647000,None,182815000,None,None,43444000,None,None,308766000,None,None,None,0.307,253578000,1103965000,236040000,108375000,280905000,None,None,None,None,None,None,None,5.13,1.421,2.581,None,None,None,None,None,-195287000,None,0.16,None,1174396000,2025-10-29,quarterly,4.81,USD,pre-market,747671000,-1021644000,0.0575,0.0931,0.028,68.81,644758000,43444000,337173000,282585000,140.47,164.74,24.9351,8366947000,1618081000,583036000,1461071000,6748866000,878035000,1713619000,6905876000,16.16,-222760000,185.17,110.04
2025-12-28,BIIB,10.96,10065900000.0,16.16,None,0.128,124.11,48835000,None,568168000,568168000,225926000,-518622000,138360000,-5519000,-20838000,None,None,-26508000,173000,346163000,None,373614000,373614000,99780000,None,None,468048000,None,None,402208000,94012000,908871000,908871000,None,0.192,0.96,265842000,668050000,3.85,2010-12-31,11.29,1130430000,7706800000.0,1340005000,256195000,95484000,2975601000,2975601000,None,9647000,None,182815000,None,None,43444000,None,None,271752000,None,None,None,0.307,431056000,1103965000,236040000,108375000,280905000,None,None,None,None,None,None,None,5.13,1.421,2.581,None,None,None,None,None,2077579000,None,0.16,None,1174396000,2025-10-29,quarterly,4.81,USD,pre-market,747671000,-1021644000,0.0575,0.0931,0.028,68.81,644758000,43444000,337173000,282585000,140.47,164.74,24.9351,8366947000,1618081000,583036000,1461071000,6748866000,878035000,1713619000,6905876000,16.16,-222760000,185.17,110.04
2025-12-28,BIIB,10.96,10065900000.0,16.16,None,0.128,124.11,38960000,None,568168000,568168000,-461259000,-69754000,-102772000,8567000,-5136000,None,None,-49764000,173000,346163000,None,373614000,373614000,99780000,None,None,468048000,None,None,402208000,90128000,8588000,8588000,None,0.192,0.96,265842000,668050000,3.85,2010-09-30,11.29,1130430000,7706800000.0,1340005000,256195000,95484000,2975601000,2975601000,None,9647000,None,182815000,None,None,43444000,None,None,112179000,None,None,None,0.307,428241000,1103965000,236040000,108375000,280905000,None,None,None,None,None,None,None,5.13,1.421,2.581,None,None,None,None,None,-468245000,None,0.16,None,1174396000,2025-10-29,quarterly,4.81,USD,pre-market,747671000,-1021644000,0.0575,0.0931,0.028,68.81,644758000,43444000,337173000,282585000,140.47,164.74,24.9351,8366947000,1618081000,583036000,1461071000,6748866000,878035000,1713619000,6905876000,16.16,-222760000,185.17,110.04
2025-12-28,BIIB,10.96,10065900000.0,16.16,None,0.128,124.11,47051000,None,568168000,568168000,-1026126000,683964000,86319000,-4916000,9183000,None,None,-2754000,173000,346163000,None,373614000,373614000,99780000,None,None,468048000,None,None,402208000,87451000,2187000,2187000,None,0.192,0.96,265842000,668050000,3.85,2010-06-30,11.29,1130430000,7706800000.0,1340005000,256195000,95484000,2975601000,2975601000,None,9647000,None,182815000,None,None,43444000,None,None,294649000,None,None,None,0.307,428481000,1103965000,236040000,108375000,280905000,None,None,None,None,None,None,None,5.13,1.421,2.581,None,None,None,None,None,-1031754000,None,0.16,None,1174396000,2025-10-29,quarterly,4.81,USD,pre-market,747671000,-1021644000,0.0575,0.0931,0.028,68.81,644758000,43444000,337173000,282585000,140.47,164.74,24.9351,8366947000,1618081000,583036000,1461071000,6748866000,878035000,1713619000,6905876000,16.16,-222760000,185.17,110.04
2025-12-28,BIIB,10.96,10065900000.0,16.16,None,0.128,124.11,38209000,None,568168000,568168000,-523460000,249737000,63172000,-5502000,12264000,None,None,-20201000,173000,346163000,None,373614000,373614000,99780000,None,None,468048000,None,None,402208000,82510000,0,0,None,0.192,0.96,265842000,668050000,3.85,2010-03-31,11.29,1130430000,7706800000.0,1340005000,256195000,95484000,2975601000,2975601000,None,9647000,None,182815000,None,None,43444000,None,None,219993000,None,None,None,0.307,336895000,1103965000,236040000,108375000,280905000,None,None,None,None,None,None,None,5.13,1.421,2.581,None,None,None,None,None,-577580000,None,0.16,None,1174396000,2025-10-29,quarterly,4.81,USD,pre-market,747671000,-1021644000,0.0575,0.0931,0.028,68.81,644758000,43444000,337173000,282585000,140.47,164.74,24.9351,8366947000,1618081000,583036000,1461071000,6748866000,878035000,1713619000,6905876000,16.16,-222760000,185.17,110.04
2025-12-28,BIIB,10.96,10065900000.0,16.16,None,0.128,124.11,55517000,None,568168000,568168000,-669589000,382622000,None,None,-17577000,None,None,None,173000,346163000,None,373614000,373614000,99780000,None,None,468048000,None,None,402208000,93200000,0,0,None,0.192,0.96,265842000,668050000,3.85,2009-12-31,11.29,1130430000,7706800000.0,1340005000,256195000,95484000,2975601000,2975601000,None,9647000,None,182815000,None,None,43444000,None,None,305996000,None,None,None,0.307,282172000,1103965000,236040000,108375000,280905000,None,None,None,None,None,None,None,5.13,1.421,2.581,None,None,None,None,None,-693539000,None,0.16,None,1174396000,2025-10-29,quarterly,4.81,USD,pre-market,747671000,-1021644000,0.0575,0.0931,0.028,68.81,644758000,43444000,337173000,282585000,140.47,164.74,24.9351,8366947000,1618081000,583036000,1461071000,6748866000,878035000,1713619000,6905876000,16.16,-222760000,185.17,110.04
2025-12-28,BIIB,10.96,10065900000.0,16.16,None,0.128,124.11,38408000,None,568168000,568168000,6383000,-474433000,None,None,-10842000,None,None,None,173000,346163000,None,373614000,373614000,99780000,None,None,468048000,None,None,402208000,85884000,0,0,None,0.192,0.96,265842000,668050000,3.85,2009-09-30,11.29,1130430000,7706800000.0,1340005000,256195000,95484000,2975601000,2975601000,None,9647000,None,182815000,None,None,43444000,None,None,279602000,None,None,None,0.307,263425000,1103965000,236040000,108375000,280905000,None,None,None,None,None,None,None,5.13,1.421,2.581,None,None,None,None,None,8800000,None,0.16,None,1174396000,2025-10-29,quarterly,4.81,USD,pre-market,747671000,-1021644000,0.0575,0.0931,0.028,68.81,644758000,43444000,337173000,282585000,140.47,164.74,24.9351,8366947000,1618081000,583036000,1461071000,6748866000,878035000,1713619000,6905876000,16.16,-222760000,185.17,110.04
2025-12-28,BIIB,10.96,10065900000.0,16.16,None,0.128,124.11,34680000,None,568168000,568168000,3151000,-211514000,None,None,-1633000,None,None,None,173000,346163000,None,373614000,373614000,99780000,None,None,468048000,None,None,402208000,126731000,0,0,None,0.192,0.96,265842000,668050000,3.85,2009-06-30,11.29,1130430000,7706800000.0,1340005000,256195000,95484000,2975601000,2975601000,None,9647000,None,182815000,None,None,43444000,None,None,142845000,None,None,None,0.307,228551000,1103965000,236040000,108375000,280905000,None,None,None,None,None,None,None,5.13,1.421,2.581,None,None,None,None,None,7300000,None,0.16,None,1174396000,2025-10-29,quarterly,4.81,USD,pre-market,747671000,-1021644000,0.0575,0.0931,0.028,68.81,644758000,43444000,337173000,282585000,140.47,164.74,24.9351,8366947000,1618081000,583036000,1461071000,6748866000,878035000,1713619000,6905876000,16.16,-222760000,185.17,110.04
2025-12-28,BIIB,10.96,10065900000.0,16.16,None,0.128,124.11,37041000,None,568168000,568168000,-66928000,-91706000,None,None,-12720000,None,None,None,173000,346163000,None,373614000,373614000,99780000,None,None,468048000,None,None,402208000,122146000,None,None,None,0.192,0.96,265842000,668050000,3.85,2009-03-31,11.29,1130430000,7706800000.0,1340005000,256195000,95484000,2975601000,2975601000,None,9647000,None,182815000,None,None,43444000,None,None,243987000,None,None,None,0.307,300750000,1103965000,236040000,108375000,280905000,None,None,None,None,None,None,None,5.13,1.421,2.581,None,None,None,None,None,-57631000,None,0.16,None,1174396000,2025-10-29,quarterly,4.81,USD,pre-market,747671000,-1021644000,0.0575,0.0931,0.028,68.81,644758000,43444000,337173000,282585000,140.47,164.74,24.9351,8366947000,1618081000,583036000,1461071000,6748866000,878035000,1713619000,6905876000,16.16,-222760000,185.17,110.04
2025-12-28,BIIB,10.96,10065900000.0,16.16,None,0.128,124.11,53993000,None,568168000,568168000,-333839000,-465757000,None,None,29884376000,None,None,None,173000,346163000,None,373614000,373614000,99780000,None,None,468048000,None,None,402208000,122017000,1512474000,1512474000,None,0.192,0.96,265842000,668050000,3.85,2008-12-31,11.29,1130430000,7706800000.0,1340005000,256195000,95484000,2975601000,2975601000,None,9647000,None,182815000,None,None,43444000,None,None,206654000,None,None,None,0.307,409292000,1103965000,236040000,108375000,280905000,None,None,None,None,None,None,None,5.13,1.421,2.581,None,None,None,None,None,-179171000,None,0.16,None,1174396000,2025-10-29,quarterly,4.81,USD,pre-market,747671000,-1021644000,0.0575,0.0931,0.028,68.81,644758000,43444000,337173000,282585000,140.47,164.74,24.9351,8366947000,1618081000,583036000,1461071000,6748866000,878035000,1713619000,6905876000,16.16,-222760000,185.17,110.04
2025-12-28,BIIB,10.96,10065900000.0,16.16,None,0.128,124.11,64868000,None,568168000,568168000,134828000,-99470000,None,None,-6189000,None,None,None,173000,346163000,None,373614000,373614000,99780000,None,None,468048000,None,None,402208000,127571000,None,None,None,0.192,0.96,265842000,668050000,3.85,2008-09-30,11.29,1130430000,7706800000.0,1340005000,256195000,95484000,2975601000,2975601000,None,9647000,None,182815000,None,None,43444000,None,None,206788000,None,None,None,0.307,512193000,1103965000,236040000,108375000,280905000,None,None,None,None,None,None,None,5.13,1.421,2.581,None,None,None,None,None,None,None,0.16,None,1174396000,2025-10-29,quarterly,4.81,USD,pre-market,747671000,-1021644000,0.0575,0.0931,0.028,68.81,644758000,43444000,337173000,282585000,140.47,164.74,24.9351,8366947000,1618081000,583036000,1461071000,6748866000,878035000,1713619000,6905876000,16.16,-222760000,185.17,110.04
2025-12-28,BIIB,10.96,10065900000.0,16.16,None,0.128,124.11,71062000,None,568168000,568168000,-250129000,-250223000,None,None,-21843000,None,None,None,173000,346163000,None,373614000,373614000,99780000,None,None,468048000,None,None,402208000,105539000,104000,104000,None,0.192,0.96,265842000,668050000,3.85,2008-06-30,11.29,1130430000,7706800000.0,1340005000,256195000,95484000,2975601000,2975601000,None,9647000,None,182815000,None,None,43444000,None,None,206628000,None,None,None,0.307,276022000,1103965000,236040000,108375000,280905000,None,None,None,None,None,None,None,5.13,1.421,2.581,None,None,None,None,None,-319548000,None,0.16,None,1174396000,2025-10-29,quarterly,4.81,USD,pre-market,747671000,-1021644000,0.0575,0.0931,0.028,68.81,644758000,43444000,337173000,282585000,140.47,164.74,24.9351,8366947000,1618081000,583036000,1461071000,6748866000,878035000,1713619000,6905876000,16.16,-222760000,185.17,110.04
2025-12-28,BIIB,10.96,10065900000.0,16.16,None,0.128,124.11,86031000,None,568168000,568168000,-787532000,449577000,None,None,-6344000,None,None,None,173000,346163000,None,373614000,373614000,99780000,None,None,468048000,None,None,402208000,106932000,986876000,986876000,None,0.192,0.96,265842000,668050000,3.85,2008-03-31,11.29,1130430000,7706800000.0,1340005000,256195000,95484000,2975601000,2975601000,None,9647000,None,182815000,None,None,43444000,None,None,163097000,None,None,None,0.307,366985000,1103965000,236040000,108375000,280905000,None,None,None,None,None,None,None,5.13,1.421,2.581,None,None,None,None,None,-240219000,None,0.16,None,1174396000,2025-10-29,quarterly,4.81,USD,pre-market,747671000,-1021644000,0.0575,0.0931,0.028,68.81,644758000,43444000,337173000,282585000,140.47,164.74,24.9351,8366947000,1618081000,583036000,1461071000,6748866000,878035000,1713619000,6905876000,16.16,-222760000,185.17,110.04
2025-12-28,BIIB,10.96,10065900000.0,16.16,None,0.128,124.11,108356000,None,568168000,568168000,493651000,-616635000,None,None,-12326000,None,None,None,173000,346163000,None,373614000,373614000,99780000,None,None,468048000,None,None,402208000,102263000,19222000,19222000,None,0.192,0.96,265842000,668050000,3.85,2007-12-31,11.29,1130430000,7706800000.0,1340005000,256195000,95484000,2975601000,2975601000,None,9647000,None,182815000,None,None,43444000,None,None,201150000,None,None,None,0.307,345862000,1103965000,236040000,108375000,280905000,None,None,None,None,None,None,None,5.13,1.421,2.581,None,None,None,None,None,-1000,None,0.16,None,1174396000,2025-10-29,quarterly,4.81,USD,pre-market,747671000,-1021644000,0.0575,0.0931,0.028,68.81,644758000,43444000,337173000,282585000,140.47,164.74,24.9351,8366947000,1618081000,583036000,1461071000,6748866000,878035000,1713619000,6905876000,16.16,-222760000,185.17,110.04
2025-12-28,BIIB,10.96,10065900000.0,16.16,None,0.128,124.11,58502000,None,568168000,568168000,-1317684000,-66649000,None,None,-18785000,None,None,None,173000,346163000,None,373614000,373614000,99780000,None,None,468048000,None,None,402208000,96755000,1504163000,1504163000,None,0.192,0.96,265842000,668050000,3.85,2007-09-30,11.29,1130430000,7706800000.0,1340005000,256195000,95484000,2975601000,2975601000,None,9647000,None,182815000,None,None,43444000,None,None,119381000,None,None,None,0.307,210426000,1103965000,236040000,108375000,280905000,None,None,None,None,None,None,None,5.13,1.421,2.581,None,None,None,None,None,-2991183000,None,0.16,None,1174396000,2025-10-29,quarterly,4.81,USD,pre-market,747671000,-1021644000,0.0575,0.0931,0.028,68.81,644758000,43444000,337173000,282585000,140.47,164.74,24.9351,8366947000,1618081000,583036000,1461071000,6748866000,878035000,1713619000,6905876000,16.16,-222760000,185.17,110.04
2025-12-28,BIIB,10.96,10065900000.0,16.16,None,0.128,124.11,79846000,None,568168000,568168000,64412000,564094000,None,None,-28890000,None,None,None,173000,346163000,None,373614000,373614000,99780000,None,None,468048000,None,None,402208000,92460000,None,None,None,0.192,0.96,265842000,668050000,3.85,2007-06-30,11.29,1130430000,7706800000.0,1340005000,256195000,95484000,2975601000,2975601000,None,9647000,None,182815000,None,None,43444000,None,None,186140000,None,None,None,0.307,202018000,1103965000,236040000,108375000,280905000,None,None,None,None,None,None,None,5.13,1.421,2.581,None,None,None,None,None,None,None,0.16,None,1174396000,2025-10-29,quarterly,4.81,USD,pre-market,747671000,-1021644000,0.0575,0.0931,0.028,68.81,644758000,43444000,337173000,282585000,140.47,164.74,24.9351,8366947000,1618081000,583036000,1461071000,6748866000,878035000,1713619000,6905876000,16.16,-222760000,185.17,110.04
2025-12-28,BIIB,10.96,10065900000.0,16.16,None,0.128,124.11,37402000,None,568168000,568168000,24401000,-167382000,None,None,6717000,None,None,None,173000,346163000,None,373614000,373614000,99780000,None,None,468048000,None,None,402208000,88815000,None,None,None,0.192,0.96,265842000,668050000,3.85,2007-03-31,11.29,1130430000,7706800000.0,1340005000,256195000,95484000,2975601000,2975601000,None,9647000,None,182815000,None,None,43444000,None,None,131501000,None,None,None,0.307,262329000,1103965000,236040000,108375000,280905000,None,None,None,None,None,None,None,5.13,1.421,2.581,None,None,None,None,None,None,None,0.16,None,1174396000,2025-10-29,quarterly,4.81,USD,pre-market,747671000,-1021644000,0.0575,0.0931,0.028,68.81,644758000,43444000,337173000,282585000,140.47,164.74,24.9351,8366947000,1618081000,583036000,1461071000,6748866000,878035000,1713619000,6905876000,16.16,-222760000,185.17,110.04
2025-12-28,BIIB,10.96,10065900000.0,16.16,None,0.128,124.11,64472000,None,568168000,568168000,68568000,-63678000,None,None,-13664000,None,None,None,173000,346163000,None,373614000,373614000,99780000,None,None,468048000,None,None,402208000,87217000,None,None,None,0.192,0.96,265842000,668050000,3.85,2006-12-31,11.29,1130430000,7706800000.0,1340005000,256195000,95484000,2975601000,2975601000,None,9647000,None,182815000,None,None,43444000,None,None,108556000,None,None,None,0.307,241805000,1103965000,236040000,108375000,280905000,None,None,None,None,None,None,None,5.13,1.421,2.581,None,None,None,None,None,320268000,None,0.16,None,1174396000,2025-10-29,quarterly,4.81,USD,pre-market,747671000,-1021644000,0.0575,0.0931,0.028,68.81,644758000,43444000,337173000,282585000,140.47,164.74,24.9351,8366947000,1618081000,583036000,1461071000,6748866000,878035000,1713619000,6905876000,16.16,-222760000,185.17,110.04
2025-12-28,BIIB,10.96,10065900000.0,16.16,None,0.128,124.11,54118000,None,568168000,568168000,-311268000,121491000,None,None,605000,None,None,None,173000,346163000,None,373614000,373614000,99780000,None,None,468048000,None,None,402208000,89731000,None,None,None,0.192,0.96,265842000,668050000,3.85,2006-09-30,11.29,1130430000,7706800000.0,1340005000,256195000,95484000,2975601000,2975601000,None,9647000,None,182815000,None,None,43444000,None,None,156599000,None,None,None,0.307,259838000,1103965000,236040000,108375000,280905000,None,None,None,None,None,None,None,5.13,1.421,2.581,None,None,None,None,None,-319902000,None,0.16,None,1174396000,2025-10-29,quarterly,4.81,USD,pre-market,747671000,-1021644000,0.0575,0.0931,0.028,68.81,644758000,43444000,337173000,282585000,140.47,164.74,24.9351,8366947000,1618081000,583036000,1461071000,6748866000,878035000,1713619000,6905876000,16.16,-222760000,185.17,110.04
2025-12-28,BIIB,10.96,10065900000.0,16.16,None,0.128,124.11,14092000,None,568168000,568168000,10634000,-385374000,None,None,-8071000,None,None,None,173000,346163000,None,373614000,373614000,99780000,None,None,468048000,None,None,402208000,75692000,None,None,None,0.192,0.96,265842000,668050000,3.85,2006-06-30,11.29,1130430000,7706800000.0,1340005000,256195000,95484000,2975601000,2975601000,None,9647000,None,182815000,None,None,43444000,None,None,-170613000,None,None,None,0.307,183372000,1103965000,236040000,108375000,280905000,None,None,None,None,None,None,None,5.13,1.421,2.581,None,None,None,None,None,-366000,None,0.16,None,1174396000,2025-10-29,quarterly,4.81,USD,pre-market,747671000,-1021644000,0.0575,0.0931,0.028,68.81,644758000,43444000,337173000,282585000,140.47,164.74,24.9351,8366947000,1618081000,583036000,1461071000,6748866000,878035000,1713619000,6905876000,16.16,-222760000,185.17,110.04
2025-12-28,BIIB,10.96,10065900000.0,16.16,None,0.128,124.11,65630000,None,568168000,568168000,83656000,-272212000,None,None,-15507000,None,None,None,173000,346163000,None,373614000,373614000,99780000,None,None,468048000,None,None,402208000,123230000,None,None,None,0.192,0.96,265842000,668050000,3.85,2006-03-31,11.29,1130430000,7706800000.0,1340005000,256195000,95484000,2975601000,2975601000,None,9647000,None,182815000,None,None,43444000,None,None,122969000,None,None,None,0.307,156253000,1103965000,236040000,108375000,280905000,None,None,None,None,None,None,None,5.13,1.421,2.581,None,None,None,None,None,None,None,0.16,None,1174396000,2025-10-29,quarterly,4.81,USD,pre-market,747671000,-1021644000,0.0575,0.0931,0.028,68.81,644758000,43444000,337173000,282585000,140.47,164.74,24.9351,8366947000,1618081000,583036000,1461071000,6748866000,878035000,1713619000,6905876000,16.16,-222760000,185.17,110.04
2025-12-28,BIIB,10.96,10065900000.0,16.16,None,0.128,124.11,102426000,None,568168000,568168000,67880000,-70944000,None,None,21748000,None,None,None,173000,346163000,None,373614000,373614000,99780000,None,None,468048000,None,None,402208000,97524000,312087000,312087000,None,0.192,0.96,265842000,668050000,3.85,2005-12-31,11.29,1130430000,7706800000.0,1340005000,256195000,95484000,2975601000,2975601000,None,9647000,None,182815000,None,None,43444000,None,None,55562000,None,None,None,0.307,274740000,1103965000,236040000,108375000,280905000,None,None,None,None,None,None,None,5.13,1.421,2.581,None,None,None,None,None,322590000,None,0.16,None,1174396000,2025-10-29,quarterly,4.81,USD,pre-market,747671000,-1021644000,0.0575,0.0931,0.028,68.81,644758000,43444000,337173000,282585000,140.47,164.74,24.9351,8366947000,1618081000,583036000,1461071000,6748866000,878035000,1713619000,6905876000,16.16,-222760000,185.17,110.04
2025-12-28,BIIB,10.96,10065900000.0,16.16,None,0.128,124.11,59734000,None,568168000,568168000,19291000,-534294000,None,None,-4268000,None,None,None,173000,346163000,None,373614000,373614000,99780000,None,None,468048000,None,None,402208000,109751000,None,None,None,0.192,0.96,265842000,668050000,3.85,2005-09-30,11.29,1130430000,7706800000.0,1340005000,256195000,95484000,2975601000,2975601000,None,9647000,None,182815000,None,None,43444000,None,None,27185000,None,None,None,0.307,173095000,1103965000,236040000,108375000,280905000,None,None,None,None,None,None,None,5.13,1.421,2.581,None,None,None,None,None,None,None,0.16,None,1174396000,2025-10-29,quarterly,4.81,USD,pre-market,747671000,-1021644000,0.0575,0.0931,0.028,68.81,644758000,43444000,337173000,282585000,140.47,164.74,24.9351,8366947000,1618081000,583036000,1461071000,6748866000,878035000,1713619000,6905876000,16.16,-222760000,185.17,110.04
2025-12-28,BIIB,10.96,10065900000.0,16.16,None,0.128,124.11,359800000,None,568168000,568168000,-683500000,-799200000,None,None,-273800000,None,None,None,173000,346163000,None,373614000,373614000,99780000,None,None,468048000,None,None,402208000,673200000,None,None,None,0.192,0.96,265842000,668050000,3.85,2024-12-31,11.29,1130430000,7706800000.0,1340005000,256195000,95484000,2975601000,2975601000,None,9647000,None,182815000,None,None,43444000,None,None,1632200000,None,None,None,0.307,2875500000,1103965000,236040000,108375000,280905000,None,None,None,None,None,None,None,5.13,1.421,2.581,None,None,None,None,None,0,None,0.16,None,1174396000,2025-10-29,annual,4.81,USD,pre-market,747671000,-1021644000,0.0575,0.0931,0.028,68.81,644758000,43444000,337173000,282585000,140.47,164.74,24.9351,8366947000,1618081000,583036000,1461071000,6748866000,878035000,1713619000,6905876000,16.16,-222760000,185.17,110.04
2025-12-28,BIIB,10.96,10065900000.0,16.16,None,0.128,124.11,311400000,None,568168000,568168000,137000000,-4088700000,None,None,-130900000,None,None,None,173000,346163000,None,373614000,373614000,99780000,None,None,468048000,None,None,402208000,494800000,None,None,None,0.192,0.96,265842000,668050000,3.85,2023-12-31,11.29,1130430000,7706800000.0,1340005000,256195000,95484000,2975601000,2975601000,None,9647000,None,182815000,None,None,43444000,None,None,1161500000,None,None,None,0.307,1547200000,1103965000,236040000,108375000,280905000,None,None,None,None,None,None,None,5.13,1.421,2.581,None,None,None,None,None,0,None,0.16,None,1174396000,2025-10-29,annual,4.81,USD,pre-market,747671000,-1021644000,0.0575,0.0931,0.028,68.81,644758000,43444000,337173000,282585000,140.47,164.74,24.9351,8366947000,1618081000,583036000,1461071000,6748866000,878035000,1713619000,6905876000,16.16,-222760000,185.17,110.04
2025-12-28,BIIB,10.96,10065900000.0,16.16,None,0.128,124.11,240300000,None,568168000,568168000,-1759700000,1589000000,1213600000,None,-320200000,None,None,-203400000,173000,346163000,None,373614000,373614000,99780000,None,None,468048000,None,None,402208000,518400000,None,None,None,0.192,0.96,265842000,668050000,3.85,2022-12-31,11.29,1130430000,7706800000.0,1340005000,256195000,95484000,2975601000,2975601000,None,9647000,None,182815000,None,None,43444000,None,None,2961600000,None,None,None,0.307,1384300000,1103965000,236040000,108375000,280905000,None,None,None,None,None,None,None,5.13,1.421,2.581,None,None,None,None,None,-750000000,None,0.16,None,1174396000,2025-10-29,annual,4.81,USD,pre-market,747671000,-1021644000,0.0575,0.0931,0.028,68.81,644758000,43444000,337173000,282585000,140.47,164.74,24.9351,8366947000,1618081000,583036000,1461071000,6748866000,878035000,1713619000,6905876000,16.16,-222760000,185.17,110.04
2025-12-28,BIIB,10.96,10065900000.0,16.16,None,0.128,124.11,294900000,None,568168000,568168000,-2086200000,-563700000,990000000,None,-462400000,None,None,324800000,173000,346163000,None,373614000,373614000,99780000,None,None,468048000,None,None,402208000,487700000,700000,700000,None,0.192,0.96,265842000,668050000,3.85,2021-12-31,11.29,1130430000,7706800000.0,1340005000,256195000,95484000,2975601000,2975601000,None,9647000,None,182815000,None,None,43444000,None,None,1727600000,None,None,None,0.307,3639900000,1103965000,236040000,108375000,280905000,None,None,None,None,None,None,None,5.13,1.421,2.581,None,None,None,None,None,-1800000000,None,0.16,None,1174396000,2025-10-29,annual,4.81,USD,pre-market,747671000,-1021644000,0.0575,0.0931,0.028,68.81,644758000,43444000,337173000,282585000,140.47,164.74,24.9351,8366947000,1618081000,583036000,1461071000,6748866000,878035000,1713619000,6905876000,16.16,-222760000,185.17,110.04
2025-12-28,BIIB,10.96,10065900000.0,16.16,None,0.128,124.11,551800000,None,568168000,568168000,-5272700000,-608600000,-1651500000,None,-316300000,None,None,2800000,173000,346163000,None,373614000,373614000,99780000,None,None,468048000,None,None,402208000,457200000,4600000,4600000,None,0.192,0.96,265842000,668050000,3.85,2020-12-31,11.29,1130430000,7706800000.0,1340005000,256195000,95484000,2975601000,2975601000,None,9647000,None,182815000,None,None,43444000,None,None,4060500000,None,None,None,0.307,4229800000,1103965000,236040000,108375000,280905000,None,None,None,None,None,None,None,5.13,1.421,2.581,None,None,None,None,None,-6679100000,None,0.16,None,1174396000,2025-10-29,annual,4.81,USD,pre-market,747671000,-1021644000,0.0575,0.0931,0.028,68.81,644758000,43444000,337173000,282585000,140.47,164.74,24.9351,8366947000,1618081000,583036000,1461071000,6748866000,878035000,1713619000,6905876000,16.16,-222760000,185.17,110.04
2025-12-28,BIIB,10.96,10065900000.0,16.16,None,0.128,124.11,514500000,None,568168000,568168000,-5860400000,470500000,1689100000,400000,-19200000,None,None,68800000,173000,346163000,None,373614000,373614000,99780000,None,None,468048000,None,None,402208000,464600000,None,None,None,0.192,0.96,265842000,668050000,3.85,2019-12-31,11.29,1130430000,7706800000.0,1340005000,256195000,95484000,2975601000,2975601000,None,9647000,None,182815000,None,None,43444000,None,None,5888500000,None,None,None,0.307,7078600000,1103965000,236040000,108375000,280905000,None,None,None,None,None,None,None,5.13,1.421,2.581,None,None,None,None,None,-5868300000,None,0.16,None,1174396000,2025-10-29,annual,4.81,USD,pre-market,747671000,-1021644000,0.0575,0.0931,0.028,68.81,644758000,43444000,337173000,282585000,140.47,164.74,24.9351,8366947000,1618081000,583036000,1461071000,6748866000,878035000,1713619000,6905876000,16.16,-222760000,185.17,110.04
2025-12-28,BIIB,10.96,10065900000.0,16.16,None,0.128,124.11,770600000,None,568168000,568168000,-4472000000,-2046300000,-349200000,-18600000,-52100000,None,None,-205200000,173000,346163000,None,373614000,373614000,99780000,None,None,468048000,None,None,402208000,650500000,36400000,36400000,None,0.192,0.96,265842000,668050000,3.85,2018-12-31,11.29,1130430000,7706800000.0,1340005000,256195000,95484000,2975601000,2975601000,None,9647000,None,182815000,None,None,43444000,None,None,4474000000,None,None,None,0.307,6187700000,1103965000,236040000,108375000,280905000,None,None,None,None,None,None,None,5.13,1.421,2.581,None,None,None,None,None,-4352600000,None,0.16,None,1174396000,2025-10-29,annual,4.81,USD,pre-market,747671000,-1021644000,0.0575,0.0931,0.028,68.81,644758000,43444000,337173000,282585000,140.47,164.74,24.9351,8366947000,1618081000,583036000,1461071000,6748866000,878035000,1713619000,6905876000,16.16,-222760000,185.17,110.04
2025-12-28,BIIB,10.96,10065900000.0,16.16,None,0.128,124.11,867400000,None,568168000,568168000,-2380000000,-2963100000,-792100000,39400000,-94500000,None,None,-435600000,173000,346163000,None,373614000,373614000,99780000,None,None,468048000,None,None,402208000,1081000000,302700000,302700000,None,0.192,0.96,265842000,668050000,3.85,2017-12-31,11.29,1130430000,7706800000.0,1340005000,256195000,95484000,2975601000,2975601000,None,9647000,None,182815000,None,None,43444000,None,None,2670100000,None,None,None,0.307,4551000000,1103965000,236040000,108375000,280905000,None,None,None,None,None,None,None,5.13,1.421,2.581,None,None,None,None,None,-1365400000,None,0.16,None,1174396000,2025-10-29,annual,4.81,USD,pre-market,747671000,-1021644000,0.0575,0.0931,0.028,68.81,644758000,43444000,337173000,282585000,140.47,164.74,24.9351,8366947000,1618081000,583036000,1461071000,6748866000,878035000,1713619000,6905876000,16.16,-222760000,185.17,110.04
2025-12-28,BIIB,10.96,10065900000.0,16.16,None,0.128,124.11,616100000,None,568168000,568168000,-987800000,-2484800000,1049800000,-31300000,-165600000,None,None,-241400000,173000,346163000,None,373614000,373614000,99780000,None,None,468048000,None,None,402208000,682700000,0,0,None,0.192,0.96,265842000,668050000,3.85,2016-12-31,11.29,1130430000,7706800000.0,1340005000,256195000,95484000,2975601000,2975601000,None,9647000,None,182815000,None,None,43444000,None,None,3695700000,None,None,None,0.307,4522400000,1103965000,236040000,108375000,280905000,None,None,None,None,None,None,None,5.13,1.421,2.581,None,None,None,None,None,-1000000000,None,0.16,None,1174396000,2025-10-29,annual,4.81,USD,pre-market,747671000,-1021644000,0.0575,0.0931,0.028,68.81,644758000,43444000,337173000,282585000,140.47,164.74,24.9351,8366947000,1618081000,583036000,1461071000,6748866000,878035000,1713619000,6905876000,16.16,-222760000,185.17,110.04
2025-12-28,BIIB,10.96,10065900000.0,16.16,None,0.128,124.11,643000000,None,568168000,568168000,986400000,-4553600000,148900000,-45800000,-174400000,None,None,29000000,173000,346163000,None,373614000,373614000,99780000,None,None,468048000,None,None,402208000,600400000,5930500000,5930500000,None,0.192,0.96,265842000,668050000,3.85,2015-12-31,11.29,1130430000,7706800000.0,1340005000,256195000,95484000,2975601000,2975601000,None,9647000,None,182815000,None,None,43444000,None,None,3593200000,None,None,None,0.307,3716100000,1103965000,236040000,108375000,280905000,None,None,None,None,None,None,None,5.13,1.421,2.581,None,None,None,None,None,-5000000000,None,0.16,None,1174396000,2025-10-29,annual,4.81,USD,pre-market,747671000,-1021644000,0.0575,0.0931,0.028,68.81,644758000,43444000,337173000,282585000,140.47,164.74,24.9351,8366947000,1618081000,583036000,1461071000,6748866000,878035000,1713619000,6905876000,16.16,-222760000,185.17,110.04
2025-12-28,BIIB,10.96,10065900000.0,16.16,None,0.128,124.11,287800000,None,568168000,568168000,-755873000,-1542976000,643266000,-40904000,-185917000,None,None,-512389000,173000,346163000,None,373614000,373614000,99780000,None,None,468048000,None,None,402208000,637250000,54832113000,54832113000,None,0.192,0.96,265842000,668050000,3.85,2014-12-31,11.29,1130430000,7706800000.0,1340005000,256195000,95484000,2975601000,2975601000,None,9647000,None,182815000,None,None,43444000,None,None,2941565000,None,None,None,0.307,2942115000,1103965000,236040000,108375000,280905000,None,None,None,None,None,None,None,5.13,1.421,2.581,None,None,None,None,None,-886779000,None,0.16,None,1174396000,2025-10-29,annual,4.81,USD,pre-market,747671000,-1021644000,0.0575,0.0931,0.028,68.81,644758000,43444000,337173000,282585000,140.47,164.74,24.9351,8366947000,1618081000,583036000,1461071000,6748866000,878035000,1713619000,6905876000,16.16,-222760000,185.17,110.04
2025-12-28,BIIB,10.96,10065900000.0,16.16,None,0.128,124.11,3509000000,None,568168000,568168000,-716528000,-1604668000,23882000,7959000,-243960000,None,None,-126753000,173000,346163000,None,373614000,373614000,99780000,None,None,468048000,None,None,402208000,531740000,66703230000,66703230000,None,0.192,0.96,265842000,668050000,3.85,2013-12-31,11.29,1130430000,7706800000.0,1340005000,256195000,95484000,2975601000,2975601000,None,9647000,None,182815000,None,None,43444000,None,None,1862341000,None,None,None,0.307,2345078000,1103965000,236040000,108375000,280905000,None,None,None,None,None,None,None,5.13,1.421,2.581,None,None,None,None,None,-400309000,None,0.16,None,1174396000,2025-10-29,annual,4.81,USD,pre-market,747671000,-1021644000,0.0575,0.0931,0.028,68.81,644758000,43444000,337173000,282585000,140.47,164.74,24.9351,8366947000,1618081000,583036000,1461071000,6748866000,878035000,1713619000,6905876000,16.16,-222760000,185.17,110.04
2025-12-28,BIIB,10.96,10065900000.0,16.16,None,0.128,124.11,254548000,None,568168000,568168000,-877478000,-950342000,52077000,4102000,-140309000,None,None,3571000,173000,346163000,None,373614000,373614000,99780000,None,None,468048000,None,None,402208000,365648000,67425507000,67425507000,None,0.192,0.96,265842000,668050000,3.85,2012-12-31,11.29,1130430000,7706800000.0,1340005000,256195000,95484000,2975601000,2975601000,None,9647000,None,182815000,None,None,43444000,None,None,1380033000,None,None,None,0.307,1879897000,1103965000,236040000,108375000,280905000,None,None,None,None,None,None,None,5.13,1.421,2.581,None,None,None,None,None,-984715000,None,0.16,None,1174396000,2025-10-29,annual,4.81,USD,pre-market,747671000,-1021644000,0.0575,0.0931,0.028,68.81,644758000,43444000,337173000,282585000,140.47,164.74,24.9351,8366947000,1618081000,583036000,1461071000,6748866000,878035000,1713619000,6905876000,16.16,-222760000,185.17,110.04
2025-12-28,BIIB,10.96,10065900000.0,16.16,None,0.128,124.11,252175000,None,568168000,568168000,-319862000,-1650294000,-242415000,-2641000,-59219000,None,None,-73374000,173000,346163000,None,373614000,373614000,99780000,None,None,468048000,None,None,402208000,358933000,27062000,27062000,None,0.192,0.96,265842000,668050000,3.85,2011-12-31,11.29,1130430000,7706800000.0,1340005000,256195000,95484000,2975601000,2975601000,None,9647000,None,182815000,None,None,43444000,None,None,1266686000,None,None,None,0.307,1727741000,1103965000,236040000,108375000,280905000,None,None,None,None,None,None,None,5.13,1.421,2.581,None,None,None,None,None,-497975000,None,0.16,None,1174396000,2025-10-29,annual,4.81,USD,pre-market,747671000,-1021644000,0.0575,0.0931,0.028,68.81,644758000,43444000,337173000,282585000,140.47,164.74,24.9351,8366947000,1618081000,583036000,1461071000,6748866000,878035000,1713619000,6905876000,16.16,-222760000,185.17,110.04
2025-12-28,BIIB,10.96,10065900000.0,16.16,None,0.128,124.11,173055000,None,568168000,568168000,-1784919000,345325000,185079000,-7370000,-4527000,None,None,-99227000,173000,346163000,None,373614000,373614000,99780000,None,None,468048000,None,None,402208000,354101000,11781000,11781000,None,0.192,0.96,265842000,668050000,3.85,2010-12-31,11.29,1130430000,7706800000.0,1340005000,256195000,95484000,2975601000,2975601000,None,9647000,None,182815000,None,None,43444000,None,None,898573000,None,None,None,0.307,1624673000,1103965000,236040000,108375000,280905000,None,None,None,None,None,None,None,5.13,1.421,2.581,None,None,None,None,None,-2077579000,None,0.16,None,1174396000,2025-10-29,annual,4.81,USD,pre-market,747671000,-1021644000,0.0575,0.0931,0.028,68.81,644758000,43444000,337173000,282585000,140.47,164.74,24.9351,8366947000,1618081000,583036000,1461071000,6748866000,878035000,1713619000,6905876000,16.16,-222760000,185.17,110.04
2025-12-28,BIIB,10.96,10065900000.0,16.16,None,0.128,124.11,165646000,None,568168000,568168000,-724151000,-395031000,-44284000,3788000,-42772000,None,None,-100442000,173000,346163000,None,373614000,373614000,99780000,None,None,468048000,None,None,402208000,427961000,4356000,4356000,None,0.192,0.96,265842000,668050000,3.85,2009-12-31,11.29,1130430000,7706800000.0,1340005000,256195000,95484000,2975601000,2975601000,None,9647000,None,182815000,None,None,43444000,None,None,977062000,None,None,None,0.307,1074898000,1103965000,236040000,108375000,280905000,None,None,None,None,None,None,None,5.13,1.421,2.581,None,None,None,None,None,-751170000,None,0.16,None,1174396000,2025-10-29,annual,4.81,USD,pre-market,747671000,-1021644000,0.0575,0.0931,0.028,68.81,644758000,43444000,337173000,282585000,140.47,164.74,24.9351,8366947000,1618081000,583036000,1461071000,6748866000,878035000,1713619000,6905876000,16.16,-222760000,185.17,110.04
2025-12-28,BIIB,10.96,10065900000.0,16.16,None,0.128,124.11,275954000,None,568168000,568168000,-1236672000,-365873000,None,None,-54204000,None,None,None,173000,346163000,None,373614000,373614000,99780000,None,None,468048000,None,None,402208000,462059000,986980000,986980000,None,0.192,0.96,265842000,668050000,3.85,2008-12-31,11.29,1130430000,7706800000.0,1340005000,256195000,95484000,2975601000,2975601000,None,9647000,None,182815000,None,None,43444000,None,None,783167000,None,None,None,0.307,1564492000,1103965000,236040000,108375000,280905000,None,None,None,None,None,None,None,5.13,1.421,2.581,None,None,None,None,None,-738938000,None,0.16,None,1174396000,2025-10-29,annual,4.81,USD,pre-market,747671000,-1021644000,0.0575,0.0931,0.028,68.81,644758000,43444000,337173000,282585000,140.47,164.74,24.9351,8366947000,1618081000,583036000,1461071000,6748866000,878035000,1713619000,6905876000,16.16,-222760000,185.17,110.04
2025-12-28,BIIB,10.96,10065900000.0,16.16,None,0.128,124.11,284106000,None,568168000,568168000,-735220000,-286572000,None,None,-83192000,None,None,None,173000,346163000,None,373614000,373614000,99780000,None,None,468048000,None,None,402208000,380293000,1512913000,1512913000,None,0.192,0.96,265842000,668050000,3.85,2007-12-31,11.29,1130430000,7706800000.0,1340005000,256195000,95484000,2975601000,2975601000,None,9647000,None,182815000,None,None,43444000,None,None,638172000,None,None,None,0.307,1020635000,1103965000,236040000,108375000,280905000,None,None,None,None,None,None,None,5.13,1.421,2.581,None,None,None,None,None,-2991184000,None,0.16,None,1174396000,2025-10-29,annual,4.81,USD,pre-market,747671000,-1021644000,0.0575,0.0931,0.028,68.81,644758000,43444000,337173000,282585000,140.47,164.74,24.9351,8366947000,1618081000,583036000,1461071000,6748866000,878035000,1713619000,6905876000,16.16,-222760000,185.17,110.04
2025-12-28,BIIB,10.96,10065900000.0,16.16,None,0.128,124.11,198312000,None,568168000,568168000,-148410000,-599773000,None,None,-36637000,None,None,None,173000,346163000,None,373614000,373614000,99780000,None,None,468048000,None,None,402208000,375870000,None,None,None,0.192,0.96,265842000,668050000,3.85,2006-12-31,11.29,1130430000,7706800000.0,1340005000,256195000,95484000,2975601000,2975601000,None,9647000,None,182815000,None,None,43444000,None,None,217511000,None,None,None,0.307,841268000,1103965000,236040000,108375000,280905000,None,None,None,None,None,None,None,5.13,1.421,2.581,None,None,None,None,None,-320268000,None,0.16,None,1174396000,2025-10-29,annual,4.81,USD,pre-market,747671000,-1021644000,0.0575,0.0931,0.028,68.81,644758000,43444000,337173000,282585000,140.47,164.74,24.9351,8366947000,1618081000,583036000,1461071000,6748866000,878035000,1713619000,6905876000,16.16,-222760000,185.17,110.04
2025-12-28,BIIB,10.96,10065900000.0,16.16,None,0.128,124.11,318376000,None,568168000,568168000,-948523000,417741000,None,None,-15846000,None,None,None,173000,346163000,None,373614000,373614000,99780000,None,None,468048000,None,None,402208000,402208000,10503000,10503000,None,0.192,0.96,265842000,668050000,3.85,2005-12-31,11.29,1130430000,7706800000.0,1340005000,256195000,95484000,2975601000,2975601000,None,9647000,None,182815000,None,None,43444000,None,None,160711000,None,None,None,0.307,889503000,1103965000,236040000,108375000,280905000,None,None,None,None,None,None,None,5.13,1.421,2.581,None,None,None,None,None,-322590000,None,0.16,None,1174396000,2025-10-29,annual,4.81,USD,pre-market,747671000,-1021644000,0.0575,0.0931,0.028,68.81,644758000,43444000,337173000,282585000,140.47,164.74,24.9351,8366947000,1618081000,583036000,1461071000,6748866000,878035000,1713619000,6905876000,16.16,-222760000,185.17,110.04
