date,symbol,eps,revenue_ttm,pe_ratio,accumulateddepreciationamortizationppe,beta,book_value,capitalexpenditures,capitalleaseobligations,cashandcashequivalentsatcarryingvalue,cashandshortterminvestments,cashflowfromfinancing,cashflowfrominvestment,changeincashandcashequivalents,changeinexchangerate,changeininventory,changeinoperatingassets,changeinoperatingliabilities,changeinreceivables,commonstock,commonstocksharesoutstanding,comprehensiveincomenetoftax,costofgoodsandservicessold,costofrevenue,currentaccountspayable,currentdebt,currentlongtermdebt,currentnetreceivables,deferredrevenue,depreciation,depreciationandamortization,depreciationdepletionandamortization,dividend_per_share,dividend_yield,dividendpayout,dividendpayoutcommonstock,dividendpayoutpreferredstock,earnings_growth_yoy,earnings_surprise,ebit,ebitda,estimated_eps,fiscaldateending,forward_pe,goodwill,gross_profit_ttm,grossprofit,incomebeforetax,incometaxexpense,intangibleassets,intangibleassetsexcludinggoodwill,interestanddebtexpense,interestexpense,interestincome,inventory,investmentincomenet,investments,longtermdebt,longtermdebtnoncurrent,longterminvestments,netincome,netincomefromcontinuingoperations,netinterestincome,noninterestincome,operating_margin_ttm,operatingcashflow,operatingexpenses,operatingincome,othercurrentassets,othercurrentliabilities,othernoncurrentassets,othernoncurrentliabilities,othernonoperatingincome,paymentsforoperatingactivities,paymentsforrepurchaseofcommonstock,paymentsforrepurchaseofequity,paymentsforrepurchaseofpreferredstock,peg_ratio,price_to_book,price_to_sales_ttm,proceedsfromissuanceofcommonstock,proceedsfromissuanceoflongtermdebtandcapitalsecuritiesnet,proceedsfromissuanceofpreferredstock,proceedsfromoperatingactivities,proceedsfromrepaymentsofshorttermdebt,proceedsfromrepurchaseofequity,proceedsfromsaleoftreasurystock,profit_margin,profitloss,propertyplantequipment,report_date,report_type,reported_eps,reportedcurrency,reporttime,researchanddevelopment,retainedearnings,return_on_assets_ttm,return_on_equity_ttm,revenue_growth_yoy,revenue_per_share_ttm,sellinggeneralandadministrative,shortlongtermdebttotal,shorttermdebt,shortterminvestments,sma_200,sma_50,surprise_pct,totalassets,totalcurrentassets,totalcurrentliabilities,totalliabilities,totalnoncurrentassets,totalnoncurrentliabilities,totalrevenue,totalshareholderequity,trailing_pe,treasurystock,week_52_high,week_52_low
1999-03-31,BKNG,,,,,,,,,,,,,,,,,,,,,,,,,,,,,,,,,,,,,,0.08,,,-0.8,,,,,,,,,,,,,,,,,,,,,,,,,,,,,,,,,,,,,,,,,,,,,,,,,1999-05-04,,-0.72,,pre-market,,,,,,,,,,,,,10.0,,,,,,,,,,,,
1999-06-30,BKNG,,,,,,,,,,,,,,,,,,,,,,,,,,,,,,,,,,,,,,0.08,,,-0.68,,,,,,,,,,,,,,,,,,,,,,,,,,,,,,,,,,,,,,,,,,,,,,,,,1999-07-19,,-0.6,,pre-market,,,,,,,,,,,,,11.7647,,,,,,,,,,,,
1999-09-30,BKNG,,,,,,,,,,,,,,,,,,,,,,,,,,,,,,,,,,,,,,0.1,,,-0.58,,,,,,,,,,,,,,,,,,,,,,,,,,,,,,,,,,,,,,,,,,,,,,,,,1999-10-28,,-0.48,,pre-market,,,,,,,,,,,,,17.2414,,,,,,,,,,,,
1999-12-31,BKNG,,,,,,,,,,,,,,,,,,,,,,,,,,,,,,,,,,,,,,0.14,,,-0.5,,,,,,,,,,,,,,,,,,,,,,,,,,,,,,,,,,,,,,,,,,,,,,,,,2000-01-27,,-0.36,,pre-market,,,,,,,,,,,,,28.0,,,,,,,,,,,,
2000-03-31,BKNG,,,,,,,,,,,,,,,,,,,,,,,,,,,,,,,,,,,,,,0.12,,,-0.36,,,,,,,,,,,,,,,,,,,,,,,,,,,,,,,,,,,,,,,,,,,,,,,,,2000-04-24,,-0.24,,pre-market,,,,,,,,,,,,,33.3333,,,,,,,,,,,,
2000-06-30,BKNG,,,,,,,,,,,,,,,,,,,,,,,,,,,,,,,,,,,,,,-0.23,,,-0.19,,,,,,,,,,,,,,,,,,,,,,,,,,,,,,,,,,,,,,,,,,,,,,,,,2000-07-24,,-0.42,,pre-market,,,,,,,,,,,,,-121.0526,,,,,,,,,,,,
2000-09-30,BKNG,,,,,,,,,,,,,,,,,,,,,,,,,,,,,,,,,,,,,,0.26,,,-0.32,,,,,,,,,,,,,,,,,,,,,,,,,,,,,,,,,,,,,,,,,,,,,,,,,2000-11-02,,-0.06,,pre-market,,,,,,,,,,,,,81.25,,,,,,,,,,,,
2000-12-31,BKNG,,,,,,,,,,,,,,,,,,,,,,,,,,,,,,,,,,,,,,-0.5,,,-0.4,,,,,,,,,,,,,,,,,,,,,,,,,,,,,,,,,,,,,,,,,,,,,,,,,2001-02-15,,-0.9,,pre-market,,,,,,,,,,,,,-125.0,,,,,,,,,,,,
2001-03-31,BKNG,,,,,,,,,,,,,,,,,,,,,,,,,,,,,,,,,,,,,,0.1,,,-0.28,,,,,,,,,,,,,,,,,,,,,,,,,,,,,,,,,,,,,,,,,,,,,,,,,2001-05-01,,-0.18,,pre-market,,,,,,,,,,,,,35.7143,,,,,,,,,,,,
2001-06-30,BKNG,,,,,,,,,,,,,,,,,,,,,,,,,,,,,,,,,,,,,,0.21,,,0.09,,,,,,,,,,,,,,,,,,,,,,,,,,,,,,,,,,,,,,,,,,,,,,,,,2001-07-31,,0.3,,pre-market,,,,,,,,,,,,,233.3333,,,,,,,,,,,,
2001-09-30,BKNG,,,,,,,,,,,,,,,,,,,,,,,,,,,,,,,,,,,,,,0.11,,,0.07,,,,,,,,,,,,,,,,,,,,,,,,,,,,,,,,,,,,,,,,,,,,,,,,,2001-11-01,,0.18,,pre-market,,,,,,,,,,,,,157.1429,,,,,,,,,,,,
2001-12-31,BKNG,,,,,,,,,,,,,,,,,,,,,,,,,,,,,,,,,,,,,,0.07,,,-0.01,,,,,,,,,,,,,,,,,,,,,,,,,,,,,,,,,,,,,,,,,,,,,,,,,2002-02-04,,0.06,,pre-market,,,,,,,,,,,,,700.0,,,,,,,,,,,,
2002-03-31,BKNG,,,,,,,,,,,,,,,,,,,,,,,,,,,,,,,,,,,,,,0.03,,,0.09,,,,,,,,,,,,,,,,,,,,,,,,,,,,,,,,,,,,,,,,,,,,,,,,,2002-05-01,,0.12,,pre-market,,,,,,,,,,,,,33.3333,,,,,,,,,,,,
2002-06-30,BKNG,,,,,,,,,,,,,,,,,,,,,,,,,,,,,,,,,,,,,,-0.01,,,0.19,,,,,,,,,,,,,,,,,,,,,,,,,,,,,,,,,,,,,,,,,,,,,,,,,2002-07-31,,0.18,,pre-market,,,,,,,,,,,,,-5.2632,,,,,,,,,,,,
2002-09-30,BKNG,,,,,,,,,,,,,,,,,,,,,,,,,,,,,,,,,,,,,,-0.6919,,,0.05,,,,,,,,,,,,,,,,,,,,,,,,,,,,,,,,,,,,,,,,,,,,,,,,,2002-11-05,,-0.6419,,pre-market,,,,,,,,,,,,,-1383.8,,,,,,,,,,,,
2002-12-31,BKNG,,,,,,,,,,,,,,,,,,,,,,,,,,,,,,,,,,,,,,0.05,,,-0.11,,,,,,,,,,,,,,,,,,,,,,,,,,,,,,,,,,,,,,,,,,,,,,,,,2003-02-10,,-0.06,,pre-market,,,,,,,,,,,,,45.4545,,,,,,,,,,,,
2003-03-31,BKNG,,,,,,,,,,,,,,,,,,,,,,,,,,,,,,,,,,,,,,0.04,,,-0.07,,,,,,,,,,,,,,,,,,,,,,,,,,,,,,,,,,,,,,,,,,,,,,,,,2003-05-01,,-0.03,,pre-market,,,,,,,,,,,,,57.1429,,,,,,,,,,,,
2003-06-30,BKNG,,,,,,,,,,,,,,,,,,,,,,,,,,,,,,,,,,,,,,0.06,,,0.14,,,,,,,,,,,,,,,,,,,,,,,,,,,,,,,,,,,,,,,,,,,,,,,,,2003-07-24,,0.2,,pre-market,,,,,,,,,,,,,42.8571,,,,,,,,,,,,
2003-09-30,BKNG,,,,,,,,,,,,,,,,,,,,,,,,,,,,,,,,,,,,,,0.03,,,0.21,,,,,,,,,,,,,,,,,,,,,,,,,,,,,,,,,,,,,,,,,,,,,,,,,2003-11-04,,0.24,,pre-market,,,,,,,,,,,,,14.2857,,,,,,,,,,,,
2003-12-31,BKNG,,,,,,,,,,,,,,,,,,,,,,,,,,,,,,,,,,,,,,0.02,,,0.04,,,,,,,,,,,,,,,,,,,,,,,,,,,,,,,,,,,,,,,,,,,,,,,,,2004-02-10,,0.06,,pre-market,,,,,,,,,,,,,50.0,,,,,,,,,,,,
2004-03-31,BKNG,,,,,,,,,,,,,,,,,,,,,,,,,,,,,,,,,,,,,,0.05,,,0.08,,,,,,,,,,,,,,,,,,,,,,,,,,,,,,,,,,,,,,,,,,,,,,,,,2004-05-03,,0.13,,pre-market,,,,,,,,,,,,,62.5,,,,,,,,,,,,
2004-06-30,BKNG,,,,,,,,,,,,,,,,,,,,,,,,,,,,,,,,,,,,,,0.01,,,0.31,,,,,,,,,,,,,,,,,,,,,,,,,,,,,,,,,,,,,,,,,,,,,,,,,2004-08-02,,0.32,,pre-market,,,,,,,,,,,,,3.2258,,,,,,,,,,,,
2004-09-30,BKNG,,,,,,,,,,,,,,,,,,,,,,,,,,,,,,,,,,,,,,0.01,,,0.27,,,,,,,,,,,,,,,,,,,,,,,,,,,,,,,,,,,,,,,,,,,,,,,,,2004-11-02,,0.28,,pre-market,,,,,,,,,,,,,3.7037,,,,,,,,,,,,
2004-12-31,BKNG,,,,,,,,,,,,,,,,,,,,,,,,,,,,,,,,,,,,,,0.06,,,0.16,,,,,,,,,,,,,,,,,,,,,,,,,,,,,,,,,,,,,,,,,,,,,,,,,2005-02-17,,0.22,,pre-market,,,,,,,,,,,,,37.5,,,,,,,,,,,,
2005-03-31,BKNG,,,,,,,,,,,,,,,,,,,,,,,,,,,,,,,,,,,,,,0.01,,,0.2,,,,,,,,,,,,,,,,,,,,,,,,,,,,,,,,,,,,,,,,,,,,,,,,,2005-05-09,,0.21,,pre-market,,,,,,,,,,,,,5.0,,,,,,,,,,,,
2005-06-30,BKNG,,,,,,,,,,,,,,,,,,,,,,,,,,,,,,,,,,,,,,0.04,,,0.37,,,,,,,,,,,,,,,,,,,,,,,,,,,,,,,,,,,,,,,,,,,,,,,,,2005-08-08,,0.41,,pre-market,,,,,,,,,,,,,10.8108,,,,,,,,,,,,
2005-09-30,BKNG,,,,,,,,,,,,,,,,,,,,,,,,,,,,,,,,,,,,,,0.1,,,0.37,,,,,,,,,,,,,,,,,,,,,,,,,,,,,,,,,,,,,,,,,,,,,,,,,2005-11-02,,0.47,,pre-market,,,,,,,,,,,,,27.027,,,,,,,,,,,,
2005-12-31,BKNG,,,,,,,,,,,,,,,,,,,,,,,,,,,,,,,,,,,,,,0.01,,,0.27,,,,,,,,,,,,,,,,,,,,,,,,,,,,,,,,,,,,,,,,,,,,,,,,,2006-02-16,,0.28,,pre-market,,,,,,,,,,,,,3.7037,,,,,,,,,,,,
2006-03-31,BKNG,,,,,,,,,,,,,,,,,,,,,,,,,,,,,,,,,,,,,,0.0,,,0.19,,,,,,,,,,,,,,,,,,,,,,,,,,,,,,,,,,,,,,,,,,,,,,,,,2006-05-03,,0.19,,pre-market,,,,,,,,,,,,,0.0,,,,,,,,,,,,
2006-06-30,BKNG,,,,,,,,,,,,,,,,,,,,,,,,,,,,,,,,,,,,,,0.04,,,0.51,,,,,,,,,,,,,,,,,,,,,,,,,,,,,,,,,,,,,,,,,,,,,,,,,2006-08-07,,0.55,,pre-market,,,,,,,,,,,,,7.8431,,,,,,,,,,,,
2006-09-30,BKNG,,,,,,,,,,,,,,,,,,,,,,,,,,,,,,,,,,,,,,0.05,,,0.67,,,,,,,,,,,,,,,,,,,,,,,,,,,,,,,,,,,,,,,,,,,,,,,,,2006-11-08,,0.72,,pre-market,,,,,,,,,,,,,7.4627,,,,,,,,,,,,
2006-12-31,BKNG,,,,,,,,,,,,,,,,,,,,,,,,,,,,,,,,,,,,,,0.18,,,0.4,,,,,,,,,,,,,,,,,,,,,,,,,,,,,,,,,,,,,,,,,,,,,,,,,2007-02-12,,0.58,,pre-market,,,,,,,,,,,,,45.0,,,,,,,,,,,,
2007-03-31,BKNG,,,,,,,,,,,,,,,,,,,,,,,,,,,,,,,,,,,,,,0.1,,,0.33,,,,,,,,,,,,,,,,,,,,,,,,,,,,,,,,,,,,,,,,,,,,,,,,,2007-05-08,,0.43,,pre-market,,,,,,,,,,,,,30.303,,,,,,,,,,,,
2007-06-30,BKNG,,,,,,,,,,,,,,,,,,,,,,,,,,,,,,,,,,,,,,0.22,,,0.89,,,,,,,,,,,,,,,,,,,,,,,,,,,,,,,,,,,,,,,,,,,,,,,,,2007-08-07,,1.11,,pre-market,,,,,,,,,,,,,24.7191,,,,,,,,,,,,
2007-09-30,BKNG,,,,,,,,,,,,,,,,,,,,,,,,,,,,,,,,,,,,,,0.3,,,1.28,,,,,,,,,,,,,,,,,,,,,,,,,,,,,,,,,,,,,,,,,,,,,,,,,2007-11-08,,1.58,,pre-market,,,,,,,,,,,,,23.4375,,,,,,,,,,,,
2007-12-31,BKNG,,,,,,,,,,,,,,,,,,,,,,,,,,,,,,,,,,,,,,0.12,,,0.84,,,,,,,,,,,,,,,,,,,,,,,,,,,,,,,,,,,,,,,,,,,,,,,,,2008-02-14,,0.96,,pre-market,,,,,,,,,,,,,14.2857,,,,,,,,,,,,
2008-03-31,BKNG,,,,,,,,,,,,,,,,,,,,,,,,,,,,,,,,,,,,,,0.19,,,0.57,,,,,,,,,,,,,,,,,,,,,,,,,,,,,,,,,,,,,,,,,,,,,,,,,2008-05-08,,0.76,,pre-market,,,,,,,,,,,,,33.3333,,,,,,,,,,,,
2008-06-30,BKNG,,,,,,,,,,,,,,,,,,,,,,,,,,,,,,,,,,,,,,0.14,,,1.41,,,,,,,,,,,,,,,,,,,,,,,,,,,,,,,,,,,,,,,,,,,,,,,,,2008-08-05,,1.55,,pre-market,,,,,,,,,,,,,9.9291,,,,,,,,,,,,
2008-09-30,BKNG,,,,,,,,,,,,,,,,,,,,,,,,,,,,,,,,,,,,,,0.29,,,2.1,,,,,,,,,,,,,,,,,,,,,,,,,,,,,,,,,,,,,,,,,,,,,,,,,2008-11-06,,2.39,,pre-market,,,,,,,,,,,,,13.8095,,,,,,,,,,,,
2008-12-31,BKNG,,,,,,,,,,,,,,,,,,,,,,,,,,,,,,,,,,,,,,0.24,,,1.05,,,,,,,,,,,,,,,,,,,,,,,,,,,,,,,,,,,,,,,,,,,,,,,,,2009-02-18,,1.29,,pre-market,,,,,,,,,,,,,22.8571,,,,,,,,,,,,
2009-03-31,BKNG,,,,,,,,,,,,,,,,,,,,,,,,,,,,,,,,,,,,,,0.18,,,0.91,,,,,,,,,,,,,,,,,,,,,,,,,,,,,,,,,,,,,,,,,,,,,,,,,2009-05-11,,1.09,,pre-market,,,,,,,,,,,,,19.7802,,,,,,,,,,,,
2009-06-30,BKNG,,,,,,,,,,,,,,,,,,,,,,,,,,,,,,,,,,,,,,0.25,,,1.77,,,,,,,,,,,,,,,,,,,,,,,,,,,,,,,,,,,,,,,,,,,,,,,,,2009-08-10,,2.02,,pre-market,,,,,,,,,,,,,14.1243,,,,,,,,,,,,
2009-09-30,BKNG,,,,,,,,,,,,,,,,,,,,,,,,,,,,,,,,,,,,,,0.53,,,2.92,,,,,,,,,,,,,,,,,,,,,,,,,,,,,,,,,,,,,,,,,,,,,,,,,2009-11-09,,3.45,,pre-market,,,,,,,,,,,,,18.1507,,,,,,,,,,,,
2009-12-31,BKNG,,,,,,,,,,,,,,,,,,,,,,,,,,,,,,,,,,,,,,0.31,,,1.68,,,,,,,,,,,,,,,,,,,,,,,,,,,,,,,,,,,,,,,,,,,,,,,,,2010-02-17,,1.99,,pre-market,,,,,,,,,,,,,18.4524,,,,,,,,,,,,
2010-03-31,BKNG,,,,,,,,,,,,,,,,,,,,,,,,,,,,,,,,,,,,,,0.04,,,1.66,,,,,,,,,,,,,,,,,,,,,,,,,,,,,,,,,,,,,,,,,,,,,,,,,2010-05-10,,1.7,,pre-market,,,,,,,,,,,,,2.4096,,,,,,,,,,,,
2010-06-30,BKNG,,,,,,,,,,,,,,,,,,,,,,,,,,,,,,,,,,,,,,0.44,,,2.65,,,,,,,,,,,,,,,,,,,,,,,,,,,,,,,,,,,,,,,,,,,,,,,,,2010-08-03,,3.09,,pre-market,,,,,,,,,,,,,16.6038,,,,,,,,,,,,
2010-09-30,BKNG,,,,,,,,,,,,,,,,,,,,,,,,,,,,,,,,,,,,,,0.36,,,4.97,,,,,,,,,,,,,,,,,,,,,,,,,,,,,,,,,,,,,,,,,,,,,,,,,2010-11-08,,5.33,,pre-market,,,,,,,,,,,,,7.2435,,,,,,,,,,,,
2010-12-31,BKNG,,,,,,,,,,,,,,,,,,,,,,,,,,,,,,,,,,,,,,0.31,,,3.09,,,,,,,,,,,,,,,,,,,,,,,,,,,,,,,,,,,,,,,,,,,,,,,,,2011-02-23,,3.4,,pre-market,,,,,,,,,,,,,10.0324,,,,,,,,,,,,
2011-03-31,BKNG,,,,,,,,,,,,,,,,,,,,,,,,,,,,,,,,,,,,,,0.2,,,2.46,,,,,,,,,,,,,,,,,,,,,,,,,,,,,,,,,,,,,,,,,,,,,,,,,2011-05-05,,2.66,,pre-market,,,,,,,,,,,,,8.1301,,,,,,,,,,,,
2011-06-30,BKNG,,,,,,,,,,,,,,,,,,,,,,,,,,,,,,,,,,,,,,0.58,,,4.91,,,,,,,,,,,,,,,,,,,,,,,,,,,,,,,,,,,,,,,,,,,,,,,,,2011-08-04,,5.49,,pre-market,,,,,,,,,,,,,11.8126,,,,,,,,,,,,
2011-09-30,BKNG,,,,,,,,,,,,,,,,,,,,,,,,,,,,,,,,,,,,,,0.65,,,9.3,,,,,,,,,,,,,,,,,,,,,,,,,,,,,,,,,,,,,,,,,,,,,,,,,2011-11-07,,9.95,,pre-market,,,,,,,,,,,,,6.9892,,,,,,,,,,,,
2011-12-31,BKNG,,,,,,,,,,,,,,,,,,,,,,,,,,,,,,,,,,,,,,0.32,,,5.05,,,,,,,,,,,,,,,,,,,,,,,,,,,,,,,,,,,,,,,,,,,,,,,,,2012-02-27,,5.37,,pre-market,,,,,,,,,,,,,6.3366,,,,,,,,,,,,
2012-03-31,BKNG,,,,,,,,,,,,,,,,,,,,,,,,,,,,,,,,,,,,,,0.33,,,3.95,,,,,,,,,,,,,,,,,,,,,,,,,,,,,,,,,,,,,,,,,,,,,,,,,2012-05-09,,4.28,,pre-market,,,,,,,,,,,,,8.3544,,,,,,,,,,,,
2012-06-30,BKNG,,,,,,,,,,,,,,,,,,,,,,,,,,,,,,,,,,,,,,0.49,,,7.36,,,,,,,,,,,,,,,,,,,,,,,,,,,,,,,,,,,,,,,,,,,,,,,,,2012-08-07,,7.85,,pre-market,,,,,,,,,,,,,6.6576,,,,,,,,,,,,
2012-09-30,BKNG,,,,,,,,,,,,,,,,,,,,,,,,,,,,,,,,,,,,,,0.59,,,11.81,,,,,,,,,,,,,,,,,,,,,,,,,,,,,,,,,,,,,,,,,,,,,,,,,2012-11-01,,12.4,,pre-market,,,,,,,,,,,,,4.9958,,,,,,,,,,,,
2012-12-31,BKNG,,,,,,,,,,,,,,,,,,,,,,,,,,,,,,,,,,,,,,0.23,,,6.54,,,,,,,,,,,,,,,,,,,,,,,,,,,,,,,,,,,,,,,,,,,,,,,,,2013-02-26,,6.77,,pre-market,,,,,,,,,,,,,3.5168,,,,,,,,,,,,
2013-03-31,BKNG,,,,,,,,,,,,,,,,,,,,,,,,,,,,,,,,,,,,,,0.49,,,5.27,,,,,,,,,,,,,,,,,,,,,,,,,,,,,,,,,,,,,,,,,,,,,,,,,2013-05-09,,5.76,,pre-market,,,,,,,,,,,,,9.2979,,,,,,,,,,,,
2013-06-30,BKNG,,,,,,,,,,,,,,,,,,,,,,,,,,,,,,,,,,,,,,0.34,,,9.36,,,,,,,,,,,,,,,,,,,,,,,,,,,,,,,,,,,,,,,,,,,,,,,,,2013-08-08,,9.7,,pre-market,,,,,,,,,,,,,3.6325,,,,,,,,,,,,
2013-09-30,BKNG,,,,,,,,,,,,,,,,,,,,,,,,,,,,,,,,,,,,,,1.15,,,16.15,,,,,,,,,,,,,,,,,,,,,,,,,,,,,,,,,,,,,,,,,,,,,,,,,2013-11-07,,17.3,,pre-market,,,,,,,,,,,,,7.1207,,,,,,,,,,,,
2013-12-31,BKNG,,,,,,,,,,,,,,,,,,,,,,,,,,,,,,,,,,,,,,0.56,,,8.29,,,,,,,,,,,,,,,,,,,,,,,,,,,,,,,,,,,,,,,,,,,,,,,,,2014-02-20,,8.85,,pre-market,,,,,,,,,,,,,6.7551,,,,,,,,,,,,
2014-03-31,BKNG,,,,,,,,,,,,,,,,,,,,,,,,,,,,,,,,,,,,,,0.89,,,6.92,,,,,,,,,,,,,,,,,,,,,,,,,,,,,,,,,,,,,,,,,,,,,,,,,2014-05-08,,7.81,,pre-market,,,,,,,,,,,,,12.8613,,,,,,,,,,,,
2014-06-30,BKNG,,,,,,,,,,,,,,,,,,,,,,,,,,,,,,,,,,,,,,0.47,,,12.04,,,,,,,,,,,,,,,,,,,,,,,,,,,,,,,,,,,,,,,,,,,,,,,,,2014-08-11,,12.51,,pre-market,,,,,,,,,,,,,3.9037,,,,,,,,,,,,
2014-09-30,BKNG,,,,,,,,,,,,,,,,,,,,,,,,,,,,,,,,,,,,,,1.05,,,21.11,,,,,,,,,,,,,,,,,,,,,,,,,,,,,,,,,,,,,,,,,,,,,,,,,2014-11-04,,22.16,,pre-market,,,,,,,,,,,,,4.9739,,,,,,,,,,,,
2014-12-31,BKNG,,,,,,,,,,,,,,,,,,,,,,,,,,,,,,,,,,,,,,0.75,,,10.1,,,,,,,,,,,,,,,,,,,,,,,,,,,,,,,,,,,,,,,,,,,,,,,,,2015-02-19,,10.85,,pre-market,,,,,,,,,,,,,7.4257,,,,,,,,,,,,
2015-03-31,BKNG,,,,,,,,,,,,,,,,,,,,,,,,,,,,,,,,,,,,,,0.4,,,7.72,,,,,,,,,,,,,,,,,,,,,,,,,,,,,,,,,,,,,,,,,,,,,,,,,2015-05-07,,8.12,,pre-market,,,,,,,,,,,,,5.1813,,,,,,,,,,,,
2015-06-30,BKNG,,,,,,,,,,,,,,,,,,,,,,,,,,,,,,,,,,,,,,0.47,,,11.98,,,,,,,,,,,,,,,,,,,,,,,,,,,,,,,,,,,,,,,,,,,,,,,,,2015-08-05,,12.45,,pre-market,,,,,,,,,,,,,3.9232,,,,,,,,,,,,
2015-09-30,BKNG,,,,,,,,,,,,,,,,,,,,,,,,,,,,,,,,,,,,,,1.12,,,24.23,,,,,,,,,,,,,,,,,,,,,,,,,,,,,,,,,,,,,,,,,,,,,,,,,2015-11-09,,25.35,,pre-market,,,,,,,,,,,,,4.6224,,,,,,,,,,,,
2015-12-31,BKNG,,,,,,,,,,,,,,,,,,,,,,,,,,,,,,,,,,,,,,0.83,,,11.8,,,,,,,,,,,,,,,,,,,,,,,,,,,,,,,,,,,,,,,,,,,,,,,,,2016-02-17,,12.63,,pre-market,,,,,,,,,,,,,7.0339,,,,,,,,,,,,
2016-03-31,BKNG,,,,,,,,,,,,,,,,,,,,,,,,,,,,,,,,,,,,,,0.89,,,9.65,,,,,,,,,,,,,,,,,,,,,,,,,,,,,,,,,,,,,,,,,,,,,,,,,2016-05-04,,10.54,,pre-market,,,,,,,,,,,,,9.2228,,,,,,,,,,,,
2016-06-30,BKNG,,,,,,,,,,,,,,,,,,,,,,,,,,,,,,,,,,,,,,1.24,,,12.69,,,,,,,,,,,,,,,,,,,,,,,,,,,,,,,,,,,,,,,,,,,,,,,,,2016-08-04,,13.93,,post-market,,,,,,,,,,,,,9.7715,,,,,,,,,,,,
2016-09-30,BKNG,,,,,,,,,,,,,,,,,,,,,,,,,,,,,,,,,,,,,,1.27,,,29.91,,,,,,,,,,,,,,,,,,,,,,,,,,,,,,,,,,,,,,,,,,,,,,,,,2016-11-07,,31.18,,post-market,,,,,,,,,,,,,4.2461,,,,,,,,,,,,
2016-12-31,BKNG,,,,,,,,,,,,,,,,,,,,,,,,,,,,,,,,,,,,,,1.2,,,13.01,,,,,,,,,,,,,,,,,,,,,,,,,,,,,,,,,,,,,,,,,,,,,,,,,2017-02-27,,14.21,,post-market,,,,,,,,,,,,,9.2237,,,,,,,,,,,,
2017-03-31,BKNG,,,,,,,,,,,,,,,,,,,,,,,,,,,,,,,,,,,,,,0.99,,,8.89,,,,,,,,,,,,,,,,,,,,,,,,,,,,,,,,,,,,,,,,,,,,,,,,,2017-05-09,,9.88,,post-market,,,,,,,,,,,,,11.1361,,,,,,,,,,,,
2017-06-30,BKNG,,,,,,,,,,,,,,,,,,,,,,,,,,,,,,,,,,,,,,0.94,,,14.2,,,,,,,,,,,,,,,,,,,,,,,,,,,,,,,,,,,,,,,,,,,,,,,,,2017-08-08,,15.14,,post-market,,,,,,,,,,,,,6.6197,,,,,,,,,,,,
2017-09-30,BKNG,,,,,,,,,,,,,,,,,,,,,,,,,,,,,,,,,,,,,,0.97,,,34.25,,,,,,,,,,,,,,,,,,,,,,,,,,,,,,,,,,,,,,,,,,,,,,,,,2017-11-06,,35.22,,post-market,,,,,,,,,,,,,2.8321,,,,,,,,,,,,
2017-12-31,BKNG,,,,,,,,,,,,,,,,,,,,,,,,,,,,,,,,,,,,,,2.74,,,14.12,,,,,,,,,,,,,,,,,,,,,,,,,,,,,,,,,,,,,,,,,,,,,,,,,2018-02-27,,16.86,,post-market,,,,,,,,,,,,,19.4051,,,,,,,,,,,,
2018-03-31,BKNG,,,,,,,,,,,,,,,,,,,,,,,,,,,,,,,,,,,,,,1.3,,,10.7,,,,,,,,,,,,,,,,,,,,,,,,,,,,,,,,,,,,,,,,,,,,,,,,,2018-05-09,,12.0,,post-market,,,,,,,,,,,,,12.1495,,,,,,,,,,,,
2018-06-30,BKNG,,,,,,,,,,,,,,,,,,,,,,,,,,,,,,,,,,,,,,3.33,,,17.34,,,,,,,,,,,,,,,,,,,,,,,,,,,,,,,,,,,,,,,,,,,,,,,,,2018-08-09,,20.67,,pre-market,,,,,,,,,,,,,19.2042,,,,,,,,,,,,
2018-09-30,BKNG,,,,,,,,,,,,,,,,,,,,,,,,,,,,,,,,,,,,,,-0.43,,,38.21,,,,,,,,,,,,,,,,,,,,,,,,,,,,,,,,,,,,,,,,,,,,,,,,,2018-11-05,,37.78,,post-market,,,,,,,,,,,,,-1.1254,,,,,,,,,,,,
2018-12-31,BKNG,,,,,,,,,,,,,,,,,,,,,,,,,,,,,,,,,,,,,,3.07,,,19.42,,,,,,,,,,,,,,,,,,,,,,,,,,,,,,,,,,,,,,,,,,,,,,,,,2019-02-27,,22.49,,post-market,,,,,,,,,,,,,15.8084,,,,,,,,,,,,
2019-03-31,BKNG,,,,,,,,,,,,,,,,,,,,,,,,,,,,,,,,,,,,,,-0.1,,,11.27,,,,,,,,,,,,,,,,,,,,,,,,,,,,,,,,,,,,,,,,,,,,,,,,,2019-05-09,,11.17,,post-market,,,,,,,,,,,,,-0.8873,,,,,,,,,,,,
2019-06-30,BKNG,,,,,,,,,,,,,,,,,,,,,,,,,,,,,,,,,,,,,,0.88,,,22.71,,,,,,,,,,,,,,,,,,,,,,,,,,,,,,,,,,,,,,,,,,,,,,,,,2019-08-07,,23.59,,post-market,,,,,,,,,,,,,3.8749,,,,,,,,,,,,
2019-09-30,BKNG,,,,,,,,,,,,,,,,,,,,,,,,,,,,,,,,,,,,,,0.79,,,44.57,,,,,,,,,,,,,,,,,,,,,,,,,,,,,,,,,,,,,,,,,,,,,,,,,2019-11-07,,45.36,,post-market,,,,,,,,,,,,,1.7725,,,,,,,,,,,,
2019-12-31,BKNG,,,,,,,,,,,,,,,,,,,,,,,,,,,,,,,,,,,,,,1.26,,,22.04,,,,,,,,,,,,,,,,,,,,,,,,,,,,,,,,,,,,,,,,,,,,,,,,,2020-02-26,,23.3,,post-market,,,,,,,,,,,,,5.7169,,,,,,,,,,,,
2020-03-31,BKNG,,,,,,,,,,,,,,,,,,,,,,,,,,,,,,,,,,,,,,-1.87,,,5.64,,,,,,,,,,,,,,,,,,,,,,,,,,,,,,,,,,,,,,,,,,,,,,,,,2020-05-07,,3.77,,post-market,,,,,,,,,,,,,-33.156,,,,,,,,,,,,
2020-06-30,BKNG,,,,,,,,,,,,,,,,,,,,,,,,,,,,,,,,,,,,,,-0.52,,,-10.29,,,,,,,,,,,,,,,,,,,,,,,,,,,,,,,,,,,,,,,,,,,,,,,,,2020-08-06,,-10.81,,post-market,,,,,,,,,,,,,-5.0534,,,,,,,,,,,,
2020-09-30,BKNG,,,,,,,,,,,,,,,,,,,,,,,,,,,,,,,,,,,,,,-1.86,,,14.13,,,,,,,,,,,,,,,,,,,,,,,,,,,,,,,,,,,,,,,,,,,,,,,,,2020-11-05,,12.27,,post-market,,,,,,,,,,,,,-13.1635,,,,,,,,,,,,
2020-12-31,BKNG,,,,,,,,,,,,,,,,,,,,,,,,,,,,,,,,,,,,,,3.71,,,-4.28,,,,,,,,,,,,,,,,,,,,,,,,,,,,,,,,,,,,,,,,,,,,,,,,,2021-02-24,,-0.57,,post-market,,,,,,,,,,,,,86.6822,,,,,,,,,,,,
2021-03-31,BKNG,,,,,,,,,,,,,,,,,,,,,,,,,,,,,,,,,,,,,,0.61,,,-5.87,,,,,,,,,,,,,,,,,,,,,,,,,,,,,,,,,,,,,,,,,,,,,,,,,2021-05-05,,-5.26,,post-market,,,,,,,,,,,,,10.3918,,,,,,,,,,,,
2021-06-30,BKNG,,,,,,,,,,,,,,,,,,,,,,,,,,,,,,,,,,,,,,-0.51,,,-2.04,,,,,,,,,,,,,,,,,,,,,,,,,,,,,,,,,,,,,,,,,,,,,,,,,2021-08-04,,-2.55,,post-market,,,,,,,,,,,,,-25.0,,,,,,,,,,,,
2021-09-30,BKNG,,,,,,,,,,,,,,,,,,,,,,,,,,,,,,,,,,,,,,4.8,,,32.9,,,,,,,,,,,,,,,,,,,,,,,,,,,,,,,,,,,,,,,,,,,,,,,,,2021-11-03,,37.7,,post-market,,,,,,,,,,,,,14.5897,,,,,,,,,,,,
2021-12-31,BKNG,,,,,,,,,,,,,,,,,,,,,,,,,,,,,,,,,,,,,,2.15,,,13.68,,,,,,,,,,,,,,,,,,,,,,,,,,,,,,,,,,,,,,,,,,,,,,,,,2022-02-23,,15.83,,post-market,,,,,,,,,,,,,15.7164,,,,,,,,,,,,
2022-03-31,BKNG,,,,,,,,,,,,,,,,,,,,,,,,,,,,,,,,,,,,,,3.0,,,0.9,,,,,,,,,,,,,,,,,,,,,,,,,,,,,,,,,,,,,,,,,,,,,,,,,2022-05-04,,3.9,,post-market,,,,,,,,,,,,,333.3333,,,,,,,,,,,,
2022-06-30,BKNG,,,,,,,,,,,,,,,,,,,,,,,,,,,,,,,,,,,,,,1.6,,,17.48,,,,,,,,,,,,,,,,,,,,,,,,,,,,,,,,,,,,,,,,,,,,,,,,,2022-08-03,,19.08,,post-market,,,,,,,,,,,,,9.1533,,,,,,,,,,,,
2022-09-30,BKNG,,,,,,,,,,,,,,,,,,,,,,,,,,,,,,,,,,,,,,3.11,,,49.92,,,,,,,,,,,,,,,,,,,,,,,,,,,,,,,,,,,,,,,,,,,,,,,,,2022-11-02,,53.03,,post-market,,,,,,,,,,,,,6.23,,,,,,,,,,,,
2022-12-31,BKNG,,,,,,,,,,,,,,,,,,,,,,,,,,,,,,,,,,,,,,2.51,,,22.23,,,,,,,,,,,,,,,,,,,,,,,,,,,,,,,,,,,,,,,,,,,,,,,,,2023-02-23,,24.74,,post-market,,,,,,,,,,,,,11.291,,,,,,,,,,,,
2023-03-31,BKNG,,,,,,,,,,,,,,,,,,,,,,,,,,,,,,,,,,,,,,0.99,,,10.61,,,,,,,,,,,,,,,,,,,,,,,,,,,,,,,,,,,,,,,,,,,,,,,,,2023-05-04,,11.6,,post-market,,,,,,,,,,,,,9.3308,,,,,,,,,,,,
2023-06-30,BKNG,,,,,,,,,,,,,,,,,,,,,,,,,,,,,,,,,,,,,,8.72,,,28.9,,,,,,,,,,,,,,,,,,,,,,,,,,,,,,,,,,,,,,,,,,,,,,,,,2023-08-03,,37.62,,post-market,,,,,,,,,,,,,30.173,,,,,,,,,,,,
2023-09-30,BKNG,,,,,,,,,,,,,,,,,,,,,,,,,,,,,,,,,,,,,,4.71,,,67.61,,,,,,,,,,,,,,,,,,,,,,,,,,,,,,,,,,,,,,,,,,,,,,,,,2023-11-02,,72.32,,post-market,,,,,,,,,,,,,6.9664,,,,,,,,,,,,
2023-12-31,BKNG,,,,,,,,,,,,,,,,,,,,,,,,,,,,,,,,,,,,,,2.14,,,29.86,,,,,,,,,,,,,,,,,,,,,,,,,,,,,,,,,,,,,,,,,,,,,,,,,2024-02-22,,32.0,,post-market,,,,,,,,,,,,,7.1668,,,,,,,,,,,,
2024-03-31,BKNG,,,,,,,,,,,,,,,,,,,,,,,,,,,,,,,,,,,,,,6.3,,,14.09,,,,,,,,,,,,,,,,,,,,,,,,,,,,,,,,,,,,,,,,,,,,,,,,,2024-05-02,,20.39,,post-market,,,,,,,,,,,,,44.7126,,,,,,,,,,,,
2024-06-30,BKNG,,,,,,,,,,,,,,,,,,,,,,,,,,,,,,,,,,,,,,3.53,,,38.37,,,,,,,,,,,,,,,,,,,,,,,,,,,,,,,,,,,,,,,,,,,,,,,,,2024-08-01,,41.9,,post-market,,,,,,,,,,,,,9.1999,,,,,,,,,,,,
2024-09-30,BKNG,,,,,,,,,,,,,,,,,,,,,,,,,,,,,,,,,,,,,,6.37,,,77.52,,,,,,,,,,,,,,,,,,,,,,,,,,,,,,,,,,,,,,,,,,,,,,,,,2024-10-30,,83.89,,post-market,,,,,,,,,,,,,8.2172,,,,,,,,,,,,
2024-12-31,BKNG,,,,,,,,,,,,,,,,,,,,,,,,,,,,,,,,,,,,,,5.4963,,,36.0537,,,,,,,,,,,,,,,,,,,,,,,,,,,,,,,,,,,,,,,,,,,,,,,,,2025-02-20,,41.55,,post-market,,,,,,,,,,,,,15.2448,,,,,,,,,,,,
2025-03-31,BKNG,,,,,,,,,,,,,,,,,,,,,,,,,,,,,,,,,,,,,,4.16,,,20.65,,,,,,,,,,,,,,,,,,,,,,,,,,,,,,,,,,,,,,,,,,,,,,,,,2025-04-29,,24.81,,post-market,,,,,,,,,,,,,20.1453,,,,,,,,,,,,
2025-06-30,BKNG,,,,,,,,,,,,,,,,,,,,,,,,,,,,,,,,,,,,,,5.45,,,49.95,,,,,,,,,,,,,,,,,,,,,,,,,,,,,,,,,,,,,,,,,,,,,,,,,2025-07-29,,55.4,,post-market,,,,,,,,,,,,,10.9109,,,,,,,,,,,,
2025-09-30,BKNG,,,,,,,,,,,,,,,,,,,,,,,,,,,,,,,,,,,,,,4.06,,,95.44,,,,,,,,,,,,,,,,,,,,,,,,,,,,,,,,,,,,,,,,,,,,,,,,,2025-10-28,,99.5,,pre-market,,,,,,,,,,,,,4.254,,,,,,,,,,,,
2025-12-28,BKNG,153.41,26038999000.0,35.46,,1.254,-146.6,,,,,,,,,,,,,,,,,,,,,,,,,,37.55,0.0069,,,,0.135,4.06,,,95.44,,20.58,,22652000000.0,,,,,,,,,,,,,,,,,,,0.449,,,,,,,,,,,,,1.084,34.95,6.77,,,,,,,,0.194,,,2025-10-28,,99.5,,pre-market,,,0.203,2.257,0.127,796.51,,,,,5232.22,5094.51,4.254,,,,,,,,,35.46,,5818.24,4074.35
2025-12-28,BKNG,153.41,26038999000.0,35.46,,1.254,-146.6,,,,,,,,,,,,,,,None,199000000,199000000,,,,,,None,160000000,,37.55,0.0069,,,,0.135,4.06,3770000000,3930000000,95.44,2025-09-30,20.58,,22652000000.0,9008000000,3469000000,721000000,,,None,301000000,248000000,,None,,,,,2748000000,2748000000,-53000000,None,0.449,,5525000000,3483000000,,,,,None,,,,,1.084,34.95,6.77,,,,,,,,0.194,,,2025-10-28,quarterly,99.5,USD,pre-market,None,,0.203,2.257,0.127,796.51,1199000000,,,,5232.22,5094.51,4.254,,,,,,,9008000000,,35.46,,5818.24,4074.35
2025-12-28,BKNG,153.41,26038999000.0,35.46,,1.254,-146.6,,,,,,,,,,,,,,,None,194000000,194000000,,,,,,None,194000000,,37.55,0.0069,,,,0.135,4.06,1522000000,1716000000,95.44,2025-06-30,20.58,,22652000000.0,6798000000,1104000000,209000000,,,None,418000000,234000000,,None,,,,,895000000,895000000,-184000000,None,0.449,,4548000000,2250000000,,,,,None,,,,,1.084,34.95,6.77,,,,,,,,0.194,,,2025-10-28,quarterly,99.5,USD,pre-market,None,,0.203,2.257,0.127,796.51,1095000000,,,,5232.22,5094.51,4.254,,,,,,,6798000000,,35.46,,5818.24,4074.35
2025-12-28,BKNG,153.41,26038999000.0,35.46,,1.254,-146.6,,,,,,,,,,,,,,,None,184000000,184000000,,,,,,None,184000000,,37.55,0.0069,,,,0.135,4.06,1045000000,1229000000,95.44,2025-03-31,20.58,,22652000000.0,4762000000,396000000,63000000,,,None,649000000,241000000,,None,,,,,333000000,333000000,-408000000,None,0.449,,3700000000,1062000000,,,,,None,,,,,1.084,34.95,6.77,,,,,,,,0.194,,,2025-10-28,quarterly,99.5,USD,pre-market,None,,0.203,2.257,0.127,796.51,835000000,,,,5232.22,5094.51,4.254,,,,,,,4762000000,,35.46,,5818.24,4074.35
2025-12-28,BKNG,153.41,26038999000.0,35.46,,1.254,-146.6,,,,,,,,,,,,,,,None,203000000,203000000,,,,,,None,203000000,,37.55,0.0069,,,,0.135,4.06,2071000000,2274000000,95.44,2024-12-31,20.58,,22652000000.0,5471000000,1564000000,496000000,,,None,507000000,251000000,,None,,,,,1068000000,1068000000,-256000000,None,0.449,,3742000000,1729000000,,,,,None,,,,,1.084,34.95,6.77,,,,,,,,0.194,,,2025-10-28,quarterly,99.5,USD,pre-market,None,,0.203,2.257,0.127,796.51,1016000000,,,,5232.22,5094.51,4.254,,,,,,,5471000000,,35.46,,5818.24,4074.35
2025-12-28,BKNG,153.41,26038999000.0,35.46,,1.254,-146.6,,,,,,,,,,,,,,,None,190000000,190000000,,,,,,None,190000000,,37.55,0.0069,,,,0.135,4.06,3174000000,3364000000,95.44,2024-09-30,20.58,,22652000000.0,7994000000,2869000000,352000000,,,None,305000000,327000000,,None,,,,,2517000000,2517000000,22000000,None,0.449,,4815000000,3179000000,,,,,None,,,,,1.084,34.95,6.77,,,,,,,,0.194,,,2025-10-28,quarterly,99.5,USD,pre-market,None,,0.203,2.257,0.127,796.51,1443000000,,,,5232.22,5094.51,4.254,,,,,,,7994000000,,35.46,,5818.24,4074.35
2025-12-28,BKNG,153.41,26038999000.0,35.46,,1.254,-146.6,,,,,,,,,,,,,,,None,142000000,142000000,,,,,,None,181000000,,37.55,0.0069,,,,0.135,4.06,2186000000,2367000000,95.44,2024-06-30,20.58,,22652000000.0,5859000000,1922000000,401000000,,,None,264000000,293000000,,None,,,,,1521000000,1521000000,29000000,None,0.449,,4003000000,1856000000,,,,,None,,,,,1.084,34.95,6.77,,,,,,,,0.194,,,2025-10-28,quarterly,99.5,USD,pre-market,None,,0.203,2.257,0.127,796.51,919000000,,,,5232.22,5094.51,4.254,,,,,,,5859000000,,35.46,,5818.24,4074.35
2025-12-28,BKNG,153.41,26038999000.0,35.46,,1.254,-146.6,,,,,,,,,,,,,,,None,177000000,177000000,,,,,,None,177000000,,37.55,0.0069,,,,0.135,4.06,1156000000,1333000000,95.44,2024-03-31,20.58,,22652000000.0,4415000000,937000000,161000000,,,None,219000000,243000000,,None,,,,,776000000,776000000,24000000,None,0.449,,3624000000,791000000,,,,,None,,,,,1.084,34.95,6.77,,,,,,,,0.194,,,2025-10-28,quarterly,99.5,USD,pre-market,None,,0.203,2.257,0.127,796.51,1012000000,,,,5232.22,5094.51,4.254,,,,,,,4415000000,,35.46,,5818.24,4074.35
2025-12-28,BKNG,153.41,26038999000.0,35.46,,1.254,-146.6,,,,,,,,,,,,,,,None,175000000,175000000,,,,,,None,175000000,,37.55,0.0069,,,,0.135,4.06,619000000,794000000,95.44,2023-12-31,20.58,,22652000000.0,4784000000,411000000,189000000,,,None,208000000,237000000,,None,,,,,222000000,222000000,29000000,None,0.449,,4175000000,609000000,,,,,None,,,,,1.084,34.95,6.77,,,,,,,,0.194,,,2025-10-28,quarterly,99.5,USD,pre-market,None,,0.203,2.257,0.127,796.51,1607000000,,,,5232.22,5094.51,4.254,,,,,,,4784000000,,35.46,,5818.24,4074.35
2025-12-28,BKNG,153.41,26038999000.0,35.46,,1.254,-146.6,,,,,,,,,,,,,,,None,169000000,169000000,,,,,,None,169000000,,37.55,0.0069,,,,0.135,4.06,3403000000,3572000000,95.44,2023-09-30,20.58,,22652000000.0,7341000000,3149000000,638000000,,,None,254000000,289000000,,None,,,,,2511000000,2511000000,35000000,None,0.449,,4238000000,3103000000,,,,,None,,,,,1.084,34.95,6.77,,,,,,,,0.194,,,2025-10-28,quarterly,99.5,USD,pre-market,None,,0.203,2.257,0.127,796.51,1093000000,,,,5232.22,5094.51,4.254,,,,,,,7341000000,,35.46,,5818.24,4074.35
2025-12-28,BKNG,153.41,26038999000.0,35.46,,1.254,-146.6,,,,,,,,,,,,,,,None,160000000,160000000,,,,,,None,160000000,,37.55,0.0069,,,,0.135,4.06,1859000000,2019000000,95.44,2023-06-30,20.58,,22652000000.0,5462000000,1618000000,328000000,,,None,241000000,266000000,,None,,,,,1290000000,1290000000,25000000,None,0.449,,3789000000,1673000000,,,,,186000000,,,,,1.084,34.95,6.77,,,,,,,,0.194,,,2025-10-28,quarterly,99.5,USD,pre-market,None,,0.203,2.257,0.127,796.51,1006000000,,,,5232.22,5094.51,4.254,,,,,,,5462000000,,35.46,,5818.24,4074.35
2025-12-28,BKNG,153.41,26038999000.0,35.46,,1.254,-146.6,,,,,,,,,,,,,,,None,161000000,161000000,,,,,,None,161000000,,37.55,0.0069,,,,0.135,4.06,497000000,658000000,95.44,2023-03-31,20.58,,22652000000.0,3778000000,303000000,37000000,,,None,194000000,228000000,,None,,,,,266000000,266000000,-194000000,None,0.449,,3328000000,450000000,,,,,47000000,,,,,1.084,34.95,6.77,,,,,,,,0.194,,,2025-10-28,quarterly,99.5,USD,pre-market,None,,0.203,2.257,0.127,796.51,984000000,,,,5232.22,5094.51,4.254,,,,,,,3778000000,,35.46,,5818.24,4074.35
2025-12-28,BKNG,153.41,26038999000.0,35.46,,1.254,-146.6,,,,,,,,,,,,,,,None,163000000,163000000,,,,,,None,163000000,,37.55,0.0069,,,,0.135,4.06,1597000000,1760000000,95.44,2022-12-31,20.58,,22652000000.0,4049000000,1452000000,217000000,,,None,145000000,131000000,,None,,,,,1235000000,1235000000,-14000000,None,0.449,,2704000000,1345000000,,,,,252000000,,,,,1.084,34.95,6.77,,,,,,,,0.194,,,2025-10-28,quarterly,99.5,USD,pre-market,None,,0.203,2.257,0.127,796.51,905000000,,,,5232.22,5094.51,4.254,,,,,,,4049000000,,35.46,,5818.24,4074.35
2025-12-28,BKNG,153.41,26038999000.0,35.46,,1.254,-146.6,,,,,,,,,,,,,,,None,145000000,145000000,,,,,,None,145000000,,37.55,0.0069,,,,0.135,4.06,2278000000,2423000000,95.44,2022-09-30,20.58,,22652000000.0,6052000000,2176000000,510000000,,,None,102000000,61000000,,None,,,,,1666000000,1666000000,-41000000,None,0.449,,3469000000,2583000000,,,,,-305000000,,,,,1.084,34.95,6.77,,,,,,,,0.194,,,2025-10-28,quarterly,99.5,USD,pre-market,None,,0.203,2.257,0.127,796.51,898000000,,,,5232.22,5094.51,4.254,,,,,,,6052000000,,35.46,,5818.24,4074.35
2025-12-28,BKNG,153.41,26038999000.0,35.46,,1.254,-146.6,,,,,,,,,,,,,,,None,149000000,149000000,,,,,,None,149000000,,37.55,0.0069,,,,0.135,4.06,1220000000,1369000000,95.44,2022-06-30,20.58,,22652000000.0,4294000000,1144000000,287000000,,,None,76000000,24000000,,None,,,,,857000000,857000000,-52000000,None,0.449,,3294000000,1000000000,,,,,220000000,,,,,1.084,34.95,6.77,,,,,,,,0.194,,,2025-10-28,quarterly,99.5,USD,pre-market,None,,0.203,2.257,0.127,796.51,842000000,,,,5232.22,5094.51,4.254,,,,,,,4294000000,,35.46,,5818.24,4074.35
2025-12-28,BKNG,153.41,26038999000.0,35.46,,1.254,-146.6,,,,,,,,,,,,,,,None,150000000,150000000,,,,,,None,150000000,,37.55,0.0069,,,,0.135,4.06,-781000000,-631000000,95.44,2022-03-31,20.58,,22652000000.0,2695000000,-849000000,-149000000,,,None,68000000,None,,None,,,,,-700000000,-700000000,-68000000,None,0.449,,2521000000,174000000,,,,,-955000000,,,,,1.084,34.95,6.77,,,,,,,,0.194,,,2025-10-28,quarterly,99.5,USD,pre-market,None,,0.203,2.257,0.127,796.51,754000000,,,,5232.22,5094.51,4.254,,,,,,,2695000000,,35.46,,5818.24,4074.35
2025-12-28,BKNG,153.41,26038999000.0,35.46,,1.254,-146.6,,,,,,,,,,,,,,,None,141000000,141000000,,,,,,None,141000000,,37.55,0.0069,,,,0.135,4.06,891000000,1032000000,95.44,2021-12-31,20.58,,22652000000.0,2981000000,816000000,198000000,,,None,75000000,4000000,,None,,,,,618000000,618000000,-71000000,None,0.449,,2133000000,848000000,,,,,43000000,,,,,1.084,34.95,6.77,,,,,,,,0.194,,,2025-10-28,quarterly,99.5,USD,pre-market,None,,0.203,2.257,0.127,796.51,673000000,,,,5232.22,5094.51,4.254,,,,,,,2981000000,,35.46,,5818.24,4074.35
2025-12-28,BKNG,153.41,26038999000.0,35.46,,1.254,-146.6,,,,,,,,,,,,,,,None,146000000,146000000,,,,,,None,146000000,,37.55,0.0069,,,,0.135,4.06,1048000000,1194000000,95.44,2021-09-30,20.58,,22652000000.0,4676000000,968000000,199000000,,,None,80000000,4000000,,None,,,,,769000000,769000000,-76000000,None,0.449,,2661000000,2015000000,,,,,-967000000,,,,,1.084,34.95,6.77,,,,,,,,0.194,,,2025-10-28,quarterly,99.5,USD,pre-market,None,,0.203,2.257,0.127,796.51,770000000,,,,5232.22,5094.51,4.254,,,,,,,4676000000,,35.46,,5818.24,4074.35
2025-12-28,BKNG,153.41,26038999000.0,35.46,,1.254,-146.6,,,,,,,,,,,,,,,None,154000000,154000000,,,,,,None,154000000,,37.55,0.0069,,,,0.135,4.06,40000000,194000000,95.44,2021-06-30,20.58,,22652000000.0,2160000000,-41000000,126000000,,,None,81000000,4000000,,None,,,,,-167000000,-167000000,-77000000,None,0.449,,2216000000,-56000000,,,,,96000000,,,,,1.084,34.95,6.77,,,,,,,,0.194,,,2025-10-28,quarterly,99.5,USD,pre-market,None,,0.203,2.257,0.127,796.51,820000000,,,,5232.22,5094.51,4.254,,,,,,,2160000000,,35.46,,5818.24,4074.35
2025-12-28,BKNG,153.41,26038999000.0,35.46,,1.254,-146.6,,,,,,,,,,,,,,,None,158000000,158000000,,,,,,None,158000000,,37.55,0.0069,,,,0.135,4.06,-180000000,-22000000,95.44,2021-03-31,20.58,,22652000000.0,1141000000,-278000000,-223000000,,,None,98000000,4000000,,None,,,,,-55000000,-55000000,-94000000,None,0.449,,1452000000,-311000000,,,,,131000000,,,,,1.084,34.95,6.77,,,,,,,,0.194,,,2025-10-28,quarterly,99.5,USD,pre-market,None,,0.203,2.257,0.127,796.51,671000000,,,,5232.22,5094.51,4.254,,,,,,,1141000000,,35.46,,5818.24,4074.35
2025-12-28,BKNG,153.41,26038999000.0,35.46,,1.254,-146.6,,,,,,,,,,,,,,,None,161000000,161000000,,,,,,None,161000000,,37.55,0.0069,,,,0.135,4.06,343000000,504000000,95.44,2020-12-31,20.58,,22652000000.0,1238000000,245000000,410000000,,,None,98000000,5000000,,None,,,,,-165000000,-165000000,-98000000,None,0.449,,1391000000,-153000000,,,,,496000000,,,,,1.084,34.95,6.77,,,,,,,,0.194,,,2025-10-28,quarterly,99.5,USD,pre-market,None,,0.203,2.257,0.127,796.51,619000000,,,,5232.22,5094.51,4.254,,,,,,,1238000000,,35.46,,5818.24,4074.35
2025-12-28,BKNG,153.41,26038999000.0,35.46,,1.254,-146.6,,,,,,,,,,,,,,,None,161000000,161000000,,,,,,None,161000000,,37.55,0.0069,,,,0.135,4.06,933000000,1094000000,95.44,2020-09-30,20.58,,22652000000.0,2640000000,835000000,34000000,,,None,98000000,5000000,,None,,,,,801000000,801000000,-93000000,None,0.449,,2325000000,315000000,,,,,618000000,,,,,1.084,34.95,6.77,,,,,,,,0.194,,,2025-10-28,quarterly,99.5,USD,pre-market,None,,0.203,2.257,0.127,796.51,665000000,,,,5232.22,5094.51,4.254,,,,,,,2640000000,,35.46,,5818.24,4074.35
2025-12-28,BKNG,153.41,26038999000.0,35.46,,1.254,-146.6,,,,,,,,,,,,,,,None,157000000,157000000,,,,,,None,157000000,,37.55,0.0069,,,,0.135,4.06,305000000,462000000,95.44,2020-06-30,20.58,,22652000000.0,630000000,209000000,87000000,,,None,96000000,12000000,,None,,,,,122000000,122000000,-84000000,None,0.449,,1114000000,-484000000,,,,,789000000,,,,,1.084,34.95,6.77,,,,,,,,0.194,,,2025-10-28,quarterly,99.5,USD,pre-market,None,,0.203,2.257,0.127,796.51,556000000,,,,5232.22,5094.51,4.254,,,,,,,630000000,,35.46,,5818.24,4074.35
2025-12-28,BKNG,153.41,26038999000.0,35.46,,1.254,-146.6,,,,,,,,,,,,,,,None,163000000,163000000,,,,,,None,163000000,,37.55,0.0069,,,,0.135,4.06,-658000000,-495000000,95.44,2020-03-31,20.58,,22652000000.0,2288000000,-722000000,-23000000,,,None,64000000,32000000,,None,,,,,-699000000,-699000000,-32000000,None,0.449,,2597000000,-309000000,,,,,-349000000,,,,,1.084,34.95,6.77,,,,,,,,0.194,,,2025-10-28,quarterly,99.5,USD,pre-market,None,,0.203,2.257,0.127,796.51,685000000,,,,5232.22,5094.51,4.254,,,,,,,2288000000,,35.46,,5818.24,4074.35
2025-12-28,BKNG,153.41,26038999000.0,35.46,,1.254,-146.6,,,,,,,,,,,,,,,None,162000000,162000000,,,,,,None,162000000,,37.55,0.0069,,,,0.135,4.06,1482000000,1644000000,95.44,2019-12-31,20.58,,22652000000.0,3339000000,1420000000,249000000,,,None,62000000,39000000,,None,,,,,1171000000,1171000000,-23000000,None,0.449,,2167000000,1172000000,,,,,310000000,,,,,1.084,34.95,6.77,,,,,,,,0.194,,,2025-10-28,quarterly,99.5,USD,pre-market,79000000,,0.203,2.257,0.127,796.51,763000000,,,,5232.22,5094.51,4.254,,,,,,,3339000000,,35.46,,5818.24,4074.35
2025-12-28,BKNG,153.41,26038999000.0,35.46,,1.254,-146.6,,,,,,,,,,,,,,,None,159000000,159000000,,,,,,None,159000000,,37.55,0.0069,,,,0.135,4.06,2433000000,2592000000,95.44,2019-09-30,20.58,,22652000000.0,5040000000,2363000000,413000000,,,None,70000000,44000000,,None,,,,,1950000000,1950000000,-26000000,None,0.449,,2670000000,2370000000,,,,,63000000,,,,,1.084,34.95,6.77,,,,,,,,0.194,,,2025-10-28,quarterly,99.5,USD,pre-market,71000000,,0.203,2.257,0.127,796.51,791000000,,,,5232.22,5094.51,4.254,,,,,,,5040000000,,35.46,,5818.24,4074.35
2025-12-28,BKNG,153.41,26038999000.0,35.46,,1.254,-146.6,,,,,,,,,,,,,,,None,162000000,162000000,,,,,,None,162000000,,37.55,0.0069,,,,0.135,4.06,1275000000,1437000000,95.44,2019-06-30,20.58,,22652000000.0,3850000000,1207000000,228000000,,,None,68000000,34000000,,None,,,,,979000000,979000000,-34000000,None,0.449,,2603000000,1247000000,,,,,28000000,,,,,1.084,34.95,6.77,,,,,,,,0.194,,,2025-10-28,quarterly,99.5,USD,pre-market,70000000,,0.203,2.257,0.127,796.51,799000000,,,,5232.22,5094.51,4.254,,,,,,,3850000000,,35.46,,5818.24,4074.35
2025-12-28,BKNG,153.41,26038999000.0,35.46,,1.254,-146.6,,,,,,,,,,,,,,,None,158000000,158000000,,,,,,None,158000000,,37.55,0.0069,,,,0.135,4.06,1034000000,1192000000,95.44,2019-03-31,20.58,,22652000000.0,2837000000,968000000,203000000,,,None,66000000,412000000,,None,,,,,765000000,765000000,-31000000,None,0.449,,2281000000,556000000,,,,,478000000,,,,,1.084,34.95,6.77,,,,,,,,0.194,,,2025-10-28,quarterly,99.5,USD,pre-market,65000000,,0.203,2.257,0.127,796.51,692000000,,,,5232.22,5094.51,4.254,,,,,,,2837000000,,35.46,,5818.24,4074.35
2025-12-28,BKNG,153.41,26038999000.0,35.46,,1.254,-146.6,,,,,,,,,,,,,,,None,109000000,109000000,,,,,,None,108603000,,37.55,0.0069,,,,0.135,4.06,697664000,806267000,95.44,2018-12-31,20.58,,22652000000.0,3212615000,631906000,-13934000,,,None,65758000,None,,None,,,,,645840000,645840000,None,None,0.449,,2069694000,1142921000,,,,,-445257000,,,,,1.084,34.95,6.77,,,,,,,,0.194,,,2025-10-28,quarterly,99.5,USD,pre-market,55867000,,0.203,2.257,0.127,796.51,679008000,,,,5232.22,5094.51,4.254,,,,,,,3212615000,,35.46,,5818.24,4074.35
2025-12-28,BKNG,153.41,26038999000.0,35.46,,1.254,-146.6,,,,,,,,,,,,,,,None,107641000,107641000,,,,,,None,107000000,,37.55,0.0069,,,,0.135,4.06,2308000000,2415000000,95.44,2018-09-30,20.58,,22652000000.0,4849000000,2240000000,473000000,,,None,68000000,None,,None,,,,,1767000000,1767578000,None,None,0.449,,2602000000,2247000000,,,,,62427000,,,,,1.084,34.95,6.77,,,,,,,,0.194,,,2025-10-28,quarterly,99.5,USD,pre-market,58000000,,0.203,2.257,0.127,796.51,720000000,,,,5232.22,5094.51,4.254,,,,,,,4849000000,,35.46,,5818.24,4074.35
2025-12-28,BKNG,153.41,26038999000.0,35.46,,1.254,-146.6,,,,,,,,,,,,,,,None,106666000,106666000,,,,,,None,107000000,,37.55,0.0069,,,,0.135,4.06,1275000000,1382000000,95.44,2018-06-30,20.58,,22652000000.0,3537000000,1210000000,232000000,,,None,65000000,None,,None,,,,,978000000,977372000,None,None,0.449,,2316000000,1221000000,,,,,52493000,,,,,1.084,34.95,6.77,,,,,,,,0.194,,,2025-10-28,quarterly,99.5,USD,pre-market,59000000,,0.203,2.257,0.127,796.51,681000000,,,,5232.22,5094.51,4.254,,,,,,,3537000000,,35.46,,5818.24,4074.35
2025-12-28,BKNG,153.41,26038999000.0,35.46,,1.254,-146.6,,,,,,,,,,,,,,,None,103090000,103090000,,,,,,None,103000000,,37.55,0.0069,,,,0.135,4.06,823000000,926000000,95.44,2018-03-31,20.58,,22652000000.0,2928000000,753000000,146000000,,,None,70000000,None,,None,,,,,607000000,607210000,None,None,0.449,,2198000000,730000000,,,,,93337000,,,,,1.084,34.95,6.77,,,,,,,,0.194,,,2025-10-28,quarterly,99.5,USD,pre-market,60000000,,0.203,2.257,0.127,796.51,662000000,,,,5232.22,5094.51,4.254,,,,,,,2928000000,,35.46,,5818.24,4074.35
2025-12-28,BKNG,153.41,26038999000.0,35.46,,1.254,-146.6,,,,,,,,,,,,,,,None,33150000,33150000,,,,,,None,97562000,,37.55,0.0069,,,,0.135,4.06,1011729000,1109291000,95.44,2017-12-31,20.58,,22652000000.0,2769943000,940750000,1496208000,,,None,70979000,None,,None,,,,,-555458000,-555458000,None,None,0.449,,1783473000,986470000,,,,,25259000,,,,,1.084,34.95,6.77,,,,,,,,0.194,,,2025-10-28,quarterly,99.5,USD,pre-market,56667000,,0.203,2.257,0.127,796.51,604942000,,,,5232.22,5094.51,4.254,,,,,,,2803093000,,35.46,,5818.24,4074.35
2025-12-28,BKNG,153.41,26038999000.0,35.46,,1.254,-146.6,,,,,,,,,,,,,,,None,54181000,54181000,,,,,,None,95910000,,37.55,0.0069,,,,0.135,4.06,2133183000,2229093000,95.44,2017-09-30,20.58,,22652000000.0,4379848000,2066845000,346454000,,,None,66338000,None,,None,,,,,1720391000,1720391000,None,None,0.449,,2278047000,2101801000,,,,,31382000,,,,,1.084,34.95,6.77,,,,,,,,0.194,,,2025-10-28,quarterly,99.5,USD,pre-market,47901000,,0.203,2.257,0.127,796.51,626261000,,,,5232.22,5094.51,4.254,,,,,,,4434029000,,35.46,,5818.24,4074.35
2025-12-28,BKNG,153.41,26038999000.0,35.46,,1.254,-146.6,,,,,,,,,,,,,,,None,67425000,67425000,,,,,,None,85872000,,37.55,0.0069,,,,0.135,4.06,924059000,1009931000,95.44,2017-06-30,20.58,,22652000000.0,2957131000,863117000,142908000,,,None,60942000,None,,None,,,,,720209000,720209000,None,None,0.449,,2063872000,893259000,,,,,30800000,,,,,1.084,34.95,6.77,,,,,,,,0.194,,,2025-10-28,quarterly,99.5,USD,pre-market,44831000,,0.203,2.257,0.127,796.51,529590000,,,,5232.22,5094.51,4.254,,,,,,,3024556000,,35.46,,5818.24,4074.35
2025-12-28,BKNG,153.41,26038999000.0,35.46,,1.254,-146.6,,,,,,,,,,,,,,,None,80401000,80401000,,,,,,None,83430000,,37.55,0.0069,,,,0.135,4.06,583327000,666757000,95.44,2017-03-31,20.58,,22652000000.0,2339003000,527610000,71987000,,,None,55717000,None,,None,,,,,455623000,455623000,None,None,0.449,,1782541000,556462000,,,,,26865000,,,,,1.084,34.95,6.77,,,,,,,,0.194,,,2025-10-28,quarterly,99.5,USD,pre-market,39945000,,0.203,2.257,0.127,796.51,486577000,,,,5232.22,5094.51,4.254,,,,,,,2419404000,,35.46,,5818.24,4074.35
2025-12-28,BKNG,153.41,26038999000.0,35.46,,1.254,-146.6,,,,,,,,,,,,,,,None,72072000,72072000,,,,,,None,79807000,,37.55,0.0069,,,,0.135,4.06,817899000,897706000,95.44,2016-12-31,20.58,,22652000000.0,2276361000,762663000,88755000,,,None,55236000,None,,None,,,,,673908000,673908000,None,None,0.449,,1486000000,790361000,,,,,27538000,,,,,1.084,34.95,6.77,,,,,,,,0.194,,,2025-10-28,quarterly,99.5,USD,pre-market,37419000,,0.203,2.257,0.127,796.51,477053000,,,,5232.22,5094.51,4.254,,,,,,,2348433000,,35.46,,5818.24,4074.35
2025-12-28,BKNG,153.41,26038999000.0,35.46,,1.254,-146.6,,,,,,,,,,,,,,,None,101489000,101489000,,,,,,None,78745000,,37.55,0.0069,,,,0.135,4.06,853014000,931759000,95.44,2016-09-30,20.58,,22652000000.0,3589063000,797534000,291517000,,,None,55480000,None,,None,,,,,506017000,506017000,None,None,0.449,,2755836000,833227000,,,,,19787000,,,,,1.084,34.95,6.77,,,,,,,,0.194,,,2025-10-28,quarterly,99.5,USD,pre-market,36389000,,0.203,2.257,0.127,796.51,462196000,,,,5232.22,5094.51,4.254,,,,,,,3690552000,,35.46,,5818.24,4074.35
2025-12-28,BKNG,153.41,26038999000.0,35.46,,1.254,-146.6,,,,,,,,,,,,,,,None,126084000,126084000,,,,,,None,77712000,,37.55,0.0069,,,,0.135,4.06,742838000,820550000,95.44,2016-06-30,20.58,,22652000000.0,2429818000,692548000,111910000,,,None,50290000,None,,None,,,,,580638000,580638000,None,None,0.449,,1697411000,732407000,,,,,10431000,,,,,1.084,34.95,6.77,,,,,,,,0.194,,,2025-10-28,quarterly,99.5,USD,pre-market,35797000,,0.203,2.257,0.127,796.51,445296000,,,,5232.22,5094.51,4.254,,,,,,,2555902000,,35.46,,5818.24,4074.35
2025-12-28,BKNG,153.41,26038999000.0,35.46,,1.254,-146.6,,,,,,,,,,,,,,,None,128669000,128669000,,,,,,None,72871000,,37.55,0.0069,,,,0.135,4.06,507387000,580258000,95.44,2016-03-31,20.58,,22652000000.0,2019450000,460493000,86069000,,,None,46894000,None,,None,,,,,374424000,374424000,None,None,0.449,,1469132000,550318000,,,,,-42931000,,,,,1.084,34.95,6.77,,,,,,,,0.194,,,2025-10-28,quarterly,99.5,USD,pre-market,32788000,,0.203,2.257,0.127,796.51,421396000,,,,5232.22,5094.51,4.254,,,,,,,2148119000,,35.46,,5818.24,4074.35
2025-12-28,BKNG,153.41,26038999000.0,35.46,,1.254,-146.6,,,,,,,,,,,,,,,None,120612000,120612000,,,,,,None,70764000,,37.55,0.0069,,,,0.135,4.06,660297000,731061000,95.44,2015-12-31,20.58,,22652000000.0,1879383000,616530000,112261000,,,None,43767000,None,,None,,,,,504269000,504269000,None,None,0.449,,1221483000,657900000,,,,,2397000,,,,,1.084,34.95,6.77,,,,,,,,0.194,,,2025-10-28,quarterly,99.5,USD,pre-market,32270000,,0.203,2.257,0.127,796.51,419348000,,,,5232.22,5094.51,4.254,,,,,,,1999995000,,35.46,,5818.24,4074.35
2025-12-28,BKNG,153.41,26038999000.0,35.46,,1.254,-146.6,,,,,,,,,,,,,,,None,155619000,155619000,,,,,,None,69054000,,37.55,0.0069,,,,0.135,4.06,1497606000,1566660000,95.44,2015-09-30,20.58,,22652000000.0,2947282000,1456170000,259438000,,,None,41436000,None,,None,,,,,1196732000,1196732000,None,None,0.449,,1458575000,1488707000,,,,,8899000,,,,,1.084,34.95,6.77,,,,,,,,0.194,,,2025-10-28,quarterly,99.5,USD,pre-market,28830000,,0.203,2.257,0.127,796.51,415035000,,,,5232.22,5094.51,4.254,,,,,,,3102901000,,35.46,,5818.24,4074.35
2025-12-28,BKNG,153.41,26038999000.0,35.46,,1.254,-146.6,,,,,,,,,,,,,,,None,187491000,187491000,,,,,,None,67674000,,37.55,0.0069,,,,0.135,4.06,689924000,757598000,95.44,2015-06-30,20.58,,22652000000.0,2092906000,648377000,131345000,,,None,41547000,None,,None,,,,,517032000,517032000,None,None,0.449,,1414575000,678331000,,,,,11593000,,,,,1.084,34.95,6.77,,,,,,,,0.194,,,2025-10-28,quarterly,99.5,USD,pre-market,27156000,,0.203,2.257,0.127,796.51,388101000,,,,5232.22,5094.51,4.254,,,,,,,2280397000,,35.46,,5818.24,4074.35
2025-12-28,BKNG,153.41,26038999000.0,35.46,,1.254,-146.6,,,,,,,,,,,,,,,None,168458000,168458000,,,,,,None,65002000,,37.55,0.0069,,,,0.135,4.06,440722000,505724000,95.44,2015-03-31,20.58,,22652000000.0,1672236000,407243000,73916000,,,None,33479000,None,,None,,,,,333327000,333327000,None,None,0.449,,1238267000,433969000,,,,,6753000,,,,,1.084,34.95,6.77,,,,,,,,0.194,,,2025-10-28,quarterly,99.5,USD,pre-market,25361000,,0.203,2.257,0.127,796.51,359162000,,,,5232.22,5094.51,4.254,,,,,,,1840694000,,35.46,,5818.24,4074.35
2025-12-28,BKNG,153.41,26038999000.0,35.46,,1.254,-146.6,,,,,,,,,,,,,,,None,165412000,165412000,,,,,,None,71558000,,37.55,0.0069,,,,0.135,4.06,582590000,654148000,95.44,2014-12-31,20.58,,22652000000.0,1674685000,552041000,100210000,,,None,30549000,None,,None,,,,,451831000,451831000,None,None,0.449,,1095818000,578867000,,,,,3723000,,,,,1.084,34.95,6.77,,,,,,,,0.194,,,2025-10-28,quarterly,99.5,USD,pre-market,25430000,,0.203,2.257,0.127,796.51,365256000,,,,5232.22,5094.51,4.254,,,,,,,1840097000,,35.46,,5818.24,4074.35
2025-12-28,BKNG,153.41,26038999000.0,35.46,,1.254,-146.6,,,,,,,,,,,,,,,None,216519000,216519000,,,,,,None,57599000,,37.55,0.0069,,,,0.135,4.06,1328542000,1386141000,95.44,2014-09-30,20.58,,22652000000.0,2619978000,1305589000,243336000,,,None,22953000,None,,None,,,,,1062253000,1062253000,None,None,0.449,,1297273000,1322705000,,,,,5837000,,,,,1.084,34.95,6.77,,,,,,,,0.194,,,2025-10-28,quarterly,99.5,USD,pre-market,24802000,,0.203,2.257,0.127,796.51,357373000,,,,5232.22,5094.51,4.254,,,,,,,2836497000,,35.46,,5818.24,4074.35
2025-12-28,BKNG,153.41,26038999000.0,35.46,,1.254,-146.6,,,,,,,,,,,,,,,None,240579000,240579000,,,,,,None,40287000,,37.55,0.0069,,,,0.135,4.06,732871000,773158000,95.44,2014-06-30,20.58,,22652000000.0,1882996000,715765000,139314000,,,None,17106000,None,,None,,,,,576451000,576451000,None,None,0.449,,1149982000,733014000,,,,,-143000,,,,,1.084,34.95,6.77,,,,,,,,0.194,,,2025-10-28,quarterly,99.5,USD,pre-market,24042000,,0.203,2.257,0.127,796.51,312919000,,,,5232.22,5094.51,4.254,,,,,,,2123575000,,35.46,,5818.24,4074.35
2025-12-28,BKNG,153.41,26038999000.0,35.46,,1.254,-146.6,,,,,,,,,,,,,,,None,235331000,235331000,,,,,,None,38376000,,37.55,0.0069,,,,0.135,4.06,433798000,472174000,95.44,2014-03-31,20.58,,22652000000.0,1406471000,416053000,84835000,,,None,17745000,None,,None,,,,,331218000,331218000,None,None,0.449,,967745000,438726000,,,,,-4928000,,,,,1.084,34.95,6.77,,,,,,,,0.194,,,2025-10-28,quarterly,99.5,USD,pre-market,23224000,,0.203,2.257,0.127,796.51,267512000,,,,5232.22,5094.51,4.254,,,,,,,1641802000,,35.46,,5818.24,4074.35
2025-12-28,BKNG,153.41,26038999000.0,35.46,,1.254,-146.6,,,,,,,,,,,,,,,None,207852000,207852000,,,,,,None,37121000,,37.55,0.0069,,,,0.135,4.06,472379000,509500000,95.44,2013-12-31,20.58,,22652000000.0,1333301000,450187000,72110000,,,None,22192000,None,,None,,,,,378077000,378077000,None,None,0.449,,832454000,500847000,,,,,-28468000,,,,,1.084,34.95,6.77,,,,,,,,0.194,,,2025-10-28,quarterly,99.5,USD,pre-market,23173000,,0.203,2.257,0.127,796.51,286833000,,,,5232.22,5094.51,4.254,,,,,,,1541153000,,35.46,,5818.24,4074.35
2025-12-28,BKNG,153.41,26038999000.0,35.46,,1.254,-146.6,,,,,,,,,,,,,,,None,280838000,280838000,,,,,,None,35747000,,37.55,0.0069,,,,0.135,4.06,1044486000,1080233000,95.44,2013-09-30,20.58,,22652000000.0,1989065000,1020351000,187362000,,,None,24135000,None,,None,,,,,832989000,832989000,None,None,0.449,,942168000,1046897000,,,,,-2411000,,,,,1.084,34.95,6.77,,,,,,,,0.194,,,2025-10-28,quarterly,99.5,USD,pre-market,18536000,,0.203,2.257,0.127,796.51,249556000,,,,5232.22,5094.51,4.254,,,,,,,2269903000,,35.46,,5818.24,4074.35
2025-12-28,BKNG,153.41,26038999000.0,35.46,,1.254,-146.6,,,,,,,,,,,,,,,None,296383000,296383000,,,,,,None,26027000,,37.55,0.0069,,,,0.135,4.06,555190000,581217000,95.44,2013-06-30,20.58,,22652000000.0,1383855000,535557000,98117000,,,None,19633000,None,,None,,,,,437326000,437440000,None,None,0.449,,829024000,554831000,,,,,359000,,,,,1.084,34.95,6.77,,,,,,,,0.194,,,2025-10-28,quarterly,99.5,USD,pre-market,16959000,,0.203,2.257,0.127,796.51,230918000,,,,5232.22,5094.51,4.254,,,,,,,1680238000,,35.46,,5818.24,4074.35
2025-12-28,BKNG,153.41,26038999000.0,35.46,,1.254,-146.6,,,,,,,,,,,,,,,None,292347000,292347000,,,,,,None,19080000,,37.55,0.0069,,,,0.135,4.06,307771000,326851000,95.44,2013-03-31,20.58,,22652000000.0,1009665000,290442000,46150000,,,None,17329000,None,,None,,,,,244271000,244292000,None,None,0.449,,699826000,309839000,,,,,-2068000,,,,,1.084,34.95,6.77,,,,,,,,0.194,,,2025-10-28,quarterly,99.5,USD,pre-market,13222000,,0.203,2.257,0.127,796.51,184379000,,,,5232.22,5094.51,4.254,,,,,,,1302012000,,35.46,,5818.24,4074.35
2025-12-28,BKNG,153.41,26038999000.0,35.46,,1.254,-146.6,,,,,,,,,,,,,,,None,250890000,250890000,,,,,,None,17628000,,37.55,0.0069,,,,0.135,4.06,372878000,390506000,95.44,2012-12-31,20.58,,22652000000.0,939750000,356022000,66427000,,,None,16856000,None,,None,,,,,288663000,289594000,None,None,0.449,,565435000,374315000,,,,,-1437000,,,,,1.084,34.95,6.77,,,,,,,,0.194,,,2025-10-28,quarterly,99.5,USD,pre-market,11711000,,0.203,2.257,0.127,796.51,173315000,,,,5232.22,5094.51,4.254,,,,,,,1190640000,,35.46,,5818.24,4074.35
2025-12-28,BKNG,153.41,26038999000.0,35.46,,1.254,-146.6,,,,,,,,,,,,,,,None,309809000,309809000,,,,,,None,16008000,,37.55,0.0069,,,,0.135,4.06,748241000,764249000,95.44,2012-09-30,20.58,,22652000000.0,1396501000,731174000,131201000,,,None,17067000,None,,None,,,,,596586000,599973000,None,None,0.449,,640909000,755592000,,,,,-7351000,,,,,1.084,34.95,6.77,,,,,,,,0.194,,,2025-10-28,quarterly,99.5,USD,pre-market,10799000,,0.203,2.257,0.127,796.51,177497000,,,,5232.22,5094.51,4.254,,,,,,,1706310000,,35.46,,5818.24,4074.35
2025-12-28,BKNG,153.41,26038999000.0,35.46,,1.254,-146.6,,,,,,,,,,,,,,,None,322617000,322617000,,,,,,None,15663000,,37.55,0.0069,,,,0.135,4.06,462561000,478224000,95.44,2012-06-30,20.58,,22652000000.0,1004142000,445679000,93025000,,,None,16882000,None,,None,,,,,352347000,352654000,None,None,0.449,,545787000,458355000,,,,,4206000,,,,,1.084,34.95,6.77,,,,,,,,0.194,,,2025-10-28,quarterly,99.5,USD,pre-market,10440000,,0.203,2.257,0.127,796.51,147837000,,,,5232.22,5094.51,4.254,,,,,,,1326759000,,35.46,,5818.24,4074.35
2025-12-28,BKNG,153.41,26038999000.0,35.46,,1.254,-146.6,,,,,,,,,,,,,,,None,293959000,293959000,,,,,,None,15842000,,37.55,0.0069,,,,0.135,4.06,240253000,256095000,95.44,2012-03-31,20.58,,22652000000.0,743288000,228995000,47179000,,,None,11258000,None,,None,,,,,181970000,181816000,None,None,0.449,,501757000,241531000,,,,,-1278000,,,,,1.084,34.95,6.77,,,,,,,,0.194,,,2025-10-28,quarterly,99.5,USD,pre-market,10735000,,0.203,2.257,0.127,796.51,141350000,,,,5232.22,5094.51,4.254,,,,,,,1037247000,,35.46,,5818.24,4074.35
2025-12-28,BKNG,153.41,26038999000.0,35.46,,1.254,-146.6,,,,,,,,,,,,,,,None,266073000,266073000,,,,,,None,13737000,,37.55,0.0069,,,,0.135,4.06,306992000,320729000,95.44,2011-12-31,20.58,,22652000000.0,724698000,298660000,72704000,,,None,8332000,None,,None,,,,,225716000,225955000,None,None,0.449,,420920000,303778000,,,,,3214000,,,,,1.084,34.95,6.77,,,,,,,,0.194,,,2025-10-28,quarterly,99.5,USD,pre-market,10357000,,0.203,2.257,0.127,796.51,133163000,,,,5232.22,5094.51,4.254,,,,,,,990771000,,35.46,,5818.24,4074.35
2025-12-28,BKNG,153.41,26038999000.0,35.46,,1.254,-146.6,,,,,,,,,,,,,,,None,352656000,352656000,,,,,,None,13957000,,37.55,0.0069,,,,0.135,4.06,619731000,633688000,95.44,2011-09-30,20.58,,22652000000.0,1100148000,611852000,138966000,,,None,7879000,None,,None,,,,,469499000,472886000,None,None,0.449,,483770000,616378000,,,,,3353000,,,,,1.084,34.95,6.77,,,,,,,,0.194,,,2025-10-28,quarterly,99.5,USD,pre-market,8548000,,0.203,2.257,0.127,796.51,126180000,,,,5232.22,5094.51,4.254,,,,,,,1452804000,,35.46,,5818.24,4074.35
2025-12-28,BKNG,153.41,26038999000.0,35.46,,1.254,-146.6,,,,,,,,,,,,,,,None,353489000,353489000,,,,,,None,13651000,,37.55,0.0069,,,,0.135,4.06,324386000,338037000,95.44,2011-06-30,20.58,,22652000000.0,749227000,316591000,60314000,,,None,7795000,None,,None,,,,,256368000,256277000,None,None,0.449,,424519000,324708000,,,,,-322000,,,,,1.084,34.95,6.77,,,,,,,,0.194,,,2025-10-28,quarterly,99.5,USD,pre-market,8239000,,0.203,2.257,0.127,796.51,115502000,,,,5232.22,5094.51,4.254,,,,,,,1102716000,,35.46,,5818.24,4074.35
2025-12-28,BKNG,153.41,26038999000.0,35.46,,1.254,-146.6,,,,,,,,,,,,,,,None,303512000,303512000,,,,,,None,12479000,,37.55,0.0069,,,,0.135,4.06,148407000,160886000,95.44,2011-03-31,20.58,,22652000000.0,505808000,140692000,36679000,,,None,7715000,None,,None,,,,,104790000,104013000,None,None,0.449,,351749000,154059000,,,,,-5652000,,,,,1.084,34.95,6.77,,,,,,,,0.194,,,2025-10-28,quarterly,99.5,USD,pre-market,6670000,,0.203,2.257,0.127,796.51,101100000,,,,5232.22,5094.51,4.254,,,,,,,809320000,,35.46,,5818.24,4074.35
2025-12-28,BKNG,153.41,26038999000.0,35.46,,1.254,-146.6,,,,,,,,,,,,,,,None,252902000,252902000,,,,,,None,14203000,,37.55,0.0069,,,,0.135,4.06,188483000,202686000,95.44,2010-12-31,20.58,,22652000000.0,478412000,180905000,45794000,,,None,7578000,None,,None,,,,,135729000,0,None,None,0.449,,289452000,188960000,,,,,None,,,,,1.084,34.95,6.77,,,,,,,,0.194,,,2025-10-28,quarterly,99.5,USD,pre-market,6148000,,0.203,2.257,0.127,796.51,100397000,,,,5232.22,5094.51,4.254,,,,,,,731314000,,35.46,,5818.24,4074.35
2025-12-28,BKNG,153.41,26038999000.0,35.46,,1.254,-146.6,,,,,,,,,,,,,,,None,335569000,335569000,,,,,,None,14795000,,37.55,0.0069,,,,0.135,4.06,326972000,341767000,95.44,2010-09-30,20.58,,22652000000.0,666188000,318679000,94119000,,,None,8293000,None,,None,,,,,222980000,224560000,None,None,0.449,,329419000,336769000,,,,,-9797000,,,,,1.084,34.95,6.77,,,,,,,,0.194,,,2025-10-28,quarterly,99.5,USD,pre-market,5347000,,0.203,2.257,0.127,796.51,97737000,,,,5232.22,5094.51,4.254,,,,,,,1001757000,,35.46,,5818.24,4074.35
2025-12-28,BKNG,153.41,26038999000.0,35.46,,1.254,-146.6,,,,,,,,,,,,,,,None,322184000,322184000,,,,,,None,11687000,,37.55,0.0069,,,,0.135,4.06,175138000,186825000,95.44,2010-06-30,20.58,,22652000000.0,445255000,165871000,51275000,,,None,9267000,None,,None,,,,,114957000,114596000,None,None,0.449,,272096000,173159000,,,,,1979000,,,,,1.084,34.95,6.77,,,,,,,,0.194,,,2025-10-28,quarterly,99.5,USD,pre-market,4895000,,0.203,2.257,0.127,796.51,85312000,,,,5232.22,5094.51,4.254,,,,,,,767439000,,35.46,,5818.24,4074.35
2025-12-28,BKNG,153.41,26038999000.0,35.46,,1.254,-146.6,,,,,,,,,,,,,,,None,265278000,265278000,,,,,,None,9779000,,37.55,0.0069,,,,0.135,4.06,85634000,95413000,95.44,2010-03-31,20.58,,22652000000.0,319116000,80828000,26953000,,,None,4806000,None,,None,,,,,53875000,0,None,None,0.449,,231207000,87909000,,,,,None,,,,,1.084,34.95,6.77,,,,,,,,0.194,,,2025-10-28,quarterly,99.5,USD,pre-market,4608000,,0.203,2.257,0.127,796.51,67810000,,,,5232.22,5094.51,4.254,,,,,,,584394000,,35.46,,5818.24,4074.35
2025-12-28,BKNG,153.41,26038999000.0,35.46,,1.254,-146.6,,,,,,,,,,,,,,,None,228564000,228564000,,,,,,None,10011000,,37.55,0.0069,,,,0.135,4.06,113001000,123012000,95.44,2009-12-31,20.58,,22652000000.0,313189000,108138000,29683000,,,None,4863000,None,,None,,,,,78455000,0,None,None,0.449,,195327000,117862000,,,,,None,,,,,1.084,34.95,6.77,,,,,,,,0.194,,,2025-10-28,quarterly,99.5,USD,pre-market,5137000,,0.203,2.257,0.127,796.51,64493000,,,,5232.22,5094.51,4.254,,,,,,,541753000,,35.46,,5818.24,4074.35
2025-12-28,BKNG,153.41,26038999000.0,35.46,,1.254,-146.6,,,,,,,,,,,,,,,None,296654000,296654000,,,,,,None,10098000,,37.55,0.0069,,,,0.135,4.06,200006000,210104000,95.44,2009-09-30,20.58,,22652000000.0,434006000,194095000,-124887000,,,None,5911000,None,,None,,,,,318982000,0,None,None,0.449,,233251000,200755000,,,,,None,,,,,1.084,34.95,6.77,,,,,,,,0.194,,,2025-10-28,quarterly,99.5,USD,pre-market,4777000,,0.203,2.257,0.127,796.51,70326000,,,,5232.22,5094.51,4.254,,,,,,,730660000,,35.46,,5818.24,4074.35
2025-12-28,BKNG,153.41,26038999000.0,35.46,,1.254,-146.6,,,,,,,,,,,,,,,None,298503000,298503000,,,,,,None,9723000,,37.55,0.0069,,,,0.135,4.06,105978000,115701000,95.44,2009-06-30,20.58,,22652000000.0,305238000,99473000,32495000,,,None,6505000,None,,None,,,,,67011000,0,None,None,0.449,,195863000,109375000,,,,,None,,,,,1.084,34.95,6.77,,,,,,,,0.194,,,2025-10-28,quarterly,99.5,USD,pre-market,4697000,,0.203,2.257,0.127,796.51,59592000,,,,5232.22,5094.51,4.254,,,,,,,603741000,,35.46,,5818.24,4074.35
2025-12-28,BKNG,153.41,26038999000.0,35.46,,1.254,-146.6,,,,,,,,,,,,,,,None,253728000,253728000,,,,,,None,9361000,,37.55,0.0069,,,,0.135,4.06,47400000,56761000,95.44,2009-03-31,20.58,,22652000000.0,208330000,40595000,15541000,,,None,6805000,None,,None,,,,,25023000,0,None,None,0.449,,165488000,42842000,,,,,None,,,,,1.084,34.95,6.77,,,,,,,,0.194,,,2025-10-28,quarterly,99.5,USD,pre-market,4527000,,0.203,2.257,0.127,796.51,54298000,,,,5232.22,5094.51,4.254,,,,,,,462058000,,35.46,,5818.24,4074.35
2025-12-28,BKNG,153.41,26038999000.0,35.46,,1.254,-146.6,,,,,,,,,,,,,,,None,200977000,200977000,,,,,,None,10444000,,37.55,0.0069,,,,0.135,4.06,64303000,74747000,95.44,2008-12-31,20.58,,22652000000.0,205065000,53129000,19827000,,,None,9375000,None,,None,,,,,33255000,0,None,None,0.449,,156232000,48833000,,,,,None,,,,,1.084,34.95,6.77,,,,,,,,0.194,,,2025-10-28,quarterly,99.5,USD,pre-market,0,,0.203,2.257,0.127,796.51,13657000,,,,5232.22,5094.51,4.254,,,,,,,406042000,,35.46,,5818.24,4074.35
2025-12-28,BKNG,153.41,26038999000.0,35.46,,1.254,-146.6,,,,,,,,,,,,,,,None,245531000,245531000,,,,,,None,10935000,,37.55,0.0069,,,,0.135,4.06,134570000,145505000,95.44,2008-09-30,20.58,,22652000000.0,316078000,126831000,40445000,,,None,7739000,None,,None,,,,,84486000,0,None,None,0.449,,188156000,127922000,,,,,None,,,,,1.084,34.95,6.77,,,,,,,,0.194,,,2025-10-28,quarterly,99.5,USD,pre-market,4402000,,0.203,2.257,0.127,796.51,58783000,,,,5232.22,5094.51,4.254,,,,,,,561609000,,35.46,,5818.24,4074.35
2025-12-28,BKNG,153.41,26038999000.0,35.46,,1.254,-146.6,,,,,,,,,,,,,,,None,260251000,260251000,,,,,,None,11064000,,37.55,0.0069,,,,0.135,4.06,83848000,94912000,95.44,2008-06-30,20.58,,22652000000.0,253725000,74327000,23258000,,,None,9521000,None,,None,,,,,49838000,0,None,None,0.449,,172771000,80954000,,,,,None,,,,,1.084,34.95,6.77,,,,,,,,0.194,,,2025-10-28,quarterly,99.5,USD,pre-market,5136000,,0.203,2.257,0.127,796.51,53853000,,,,5232.22,5094.51,4.254,,,,,,,513976000,,35.46,,5818.24,4074.35
2025-12-28,BKNG,153.41,26038999000.0,35.46,,1.254,-146.6,,,,,,,,,,,,,,,None,222077000,222077000,,,,,,None,10625000,,37.55,0.0069,,,,0.135,4.06,30853000,41478000,95.44,2008-03-31,20.58,,22652000000.0,181103000,20792000,6506000,,,None,10061000,None,,None,,,,,13776000,0,None,None,0.449,,149338000,31765000,,,,,None,,,,,1.084,34.95,6.77,,,,,,,,0.194,,,2025-10-28,quarterly,99.5,USD,pre-market,4149000,,0.203,2.257,0.127,796.51,48672000,,,,5232.22,5094.51,4.254,,,,,,,403180000,,35.46,,5818.24,4074.35
2025-12-28,BKNG,153.41,26038999000.0,35.46,,1.254,-146.6,,,,,,,,,,,,,,,None,174700000,174700000,,,,,,None,11712000,,37.55,0.0069,,,,0.135,4.06,44012000,55724000,95.44,2007-12-31,20.58,,22652000000.0,160153000,45145000,11228000,,,None,10412000,None,,None,,,,,32862000,0,None,None,0.449,,116141000,44012000,,,,,None,,,,,1.084,34.95,6.77,,,,,,,,0.194,,,2025-10-28,quarterly,99.5,USD,pre-market,0,,0.203,2.257,0.127,796.51,41553000,,,,5232.22,5094.51,4.254,,,,,,,334853000,,35.46,,5818.24,4074.35
2025-12-28,BKNG,153.41,26038999000.0,35.46,,1.254,-146.6,,,,,,,,,,,,,,,None,214956000,214956000,,,,,,None,9916000,,37.55,0.0069,,,,0.135,4.06,78084000,88000000,95.44,2007-09-30,20.58,,22652000000.0,202331000,80224000,-26657000,,,None,2607000,None,,None,,,,,104365000,0,None,None,0.449,,124247000,78084000,,,,,None,,,,,1.084,34.95,6.77,,,,,,,,0.194,,,2025-10-28,quarterly,99.5,USD,pre-market,0,,0.203,2.257,0.127,796.51,52859000,,,,5232.22,5094.51,4.254,,,,,,,417287000,,35.46,,5818.24,4074.35
2025-12-28,BKNG,153.41,26038999000.0,35.46,,1.254,-146.6,,,,,,,,,,,,,,,None,198669000,198669000,,,,,,None,9805000,,37.55,0.0069,,,,0.135,4.06,47574000,57379000,95.44,2007-06-30,20.58,,22652000000.0,157211000,50870000,14964000,,,None,2484000,None,,None,,,,,34572000,0,None,None,0.449,,109637000,47574000,,,,,None,,,,,1.084,34.95,6.77,,,,,,,,0.194,,,2025-10-28,quarterly,99.5,USD,pre-market,0,,0.203,2.257,0.127,796.51,47889000,,,,5232.22,5094.51,4.254,,,,,,,355880000,,35.46,,5818.24,4074.35
2025-12-28,BKNG,153.41,26038999000.0,35.46,,1.254,-146.6,,,,,,,,,,,,,,,None,181672000,181672000,,,,,,None,9268000,,37.55,0.0069,,,,0.135,4.06,-31735000,-22467000,95.44,2007-03-31,20.58,,22652000000.0,119717000,-26216000,-11593000,,,None,2470000,None,,None,,,,,-14716000,0,None,None,0.449,,151452000,-31735000,,,,,None,,,,,1.084,34.95,6.77,,,,,,,,0.194,,,2025-10-28,quarterly,99.5,USD,pre-market,0,,0.203,2.257,0.127,796.51,99686000,,,,5232.22,5094.51,4.254,,,,,,,301389000,,35.46,,5818.24,4074.35
2025-12-28,BKNG,153.41,26038999000.0,35.46,,1.254,-146.6,,,,,,,,,,,,,,,None,160554000,160554000,,,,,,None,9780000,,37.55,0.0069,,,,0.135,4.06,12576000,22356000,95.44,2006-12-31,20.58,,22652000000.0,99517000,14660000,889000,,,None,7060000,None,,None,,,,,13232000,0,None,None,0.449,,86941000,12576000,,,,,None,,,,,1.084,34.95,6.77,,,,,,,,0.194,,,2025-10-28,quarterly,99.5,USD,pre-market,0,,0.203,2.257,0.127,796.51,44685000,,,,5232.22,5094.51,4.254,,,,,,,260071000,,35.46,,5818.24,4074.35
2025-12-28,BKNG,153.41,26038999000.0,35.46,,1.254,-146.6,,,,,,,,,,,,,,,None,189920000,189920000,,,,,,None,9340000,,37.55,0.0069,,,,0.135,4.06,31602000,40942000,95.44,2006-09-30,20.58,,22652000000.0,123547000,33032000,-18113000,,,None,1550000,None,,None,,,,,48817000,0,None,None,0.449,,91945000,31602000,,,,,None,,,,,1.084,34.95,6.77,,,,,,,,0.194,,,2025-10-28,quarterly,99.5,USD,pre-market,0,,0.203,2.257,0.127,796.51,42056000,,,,5232.22,5094.51,4.254,,,,,,,313467000,,35.46,,5818.24,4074.35
2025-12-28,BKNG,153.41,26038999000.0,35.46,,1.254,-146.6,,,,,,,,,,,,,,,None,201847000,201847000,,,,,,None,9066000,,37.55,0.0069,,,,0.135,4.06,19037000,28103000,95.44,2006-06-30,20.58,,22652000000.0,105804000,18982000,5578000,,,None,1554000,None,,None,,,,,12517000,0,None,None,0.449,,86767000,19037000,,,,,None,,,,,1.084,34.95,6.77,,,,,,,,0.194,,,2025-10-28,quarterly,99.5,USD,pre-market,0,,0.203,2.257,0.127,796.51,39053000,,,,5232.22,5094.51,4.254,,,,,,,307651000,,35.46,,5818.24,4074.35
2025-12-28,BKNG,153.41,26038999000.0,35.46,,1.254,-146.6,,,,,,,,,,,,,,,None,169683000,169683000,,,,,,None,8645000,,37.55,0.0069,,,,0.135,4.06,-1094000,7551000,95.44,2006-03-31,20.58,,22652000000.0,72231000,-1041000,-741000,,,None,1498000,None,,None,,,,,-99000,0,None,None,0.449,,73460000,-1229000,,,,,None,,,,,1.084,34.95,6.77,,,,,,,,0.194,,,2025-10-28,quarterly,99.5,USD,pre-market,0,,0.203,2.257,0.127,796.51,34080000,,,,5232.22,5094.51,4.254,,,,,,,241914000,,35.46,,5818.24,4074.35
2025-12-28,BKNG,153.41,26038999000.0,35.46,,1.254,-146.6,,,,,,,,,,,,,,,None,138994000,138994000,,,,,,None,8469000,,37.55,0.0069,,,,0.135,4.06,6034000,14503000,95.44,2005-12-31,20.58,,22652000000.0,64919000,5917000,2250000,,,None,5075000,None,,None,,,,,3790000,0,None,None,0.449,,58885000,6034000,,,,,None,,,,,1.084,34.95,6.77,,,,,,,,0.194,,,2025-10-28,quarterly,99.5,USD,pre-market,0,,0.203,2.257,0.127,796.51,30161000,,,,5232.22,5094.51,4.254,,,,,,,203913000,,35.46,,5818.24,4074.35
2025-12-28,BKNG,153.41,26038999000.0,35.46,,1.254,-146.6,,,,,,,,,,,,,,,None,178795000,178795000,,,,,,None,8369000,,37.55,0.0069,,,,0.135,4.06,14892000,23261000,95.44,2005-09-30,20.58,,22652000000.0,80002000,12672000,-158573000,,,None,1245000,None,,None,,,,,171570000,0,None,None,0.449,,67110000,12892000,,,,,None,,,,,1.084,34.95,6.77,,,,,,,,0.194,,,2025-10-28,quarterly,99.5,USD,pre-market,0,,0.203,2.257,0.127,796.51,30787000,,,,5232.22,5094.51,4.254,,,,,,,258797000,,35.46,,5818.24,4074.35
2025-12-28,BKNG,153.41,26038999000.0,35.46,,1.254,-146.6,,,,,,,,,,,,,,,None,751000000,751000000,,,,,,None,751000000,,37.55,0.0069,,,,0.135,4.06,8587000000,9338000000,95.44,2024-12-31,20.58,,22652000000.0,23739000000,7292000000,1410000000,,,None,1295000000,1114000000,,None,,,,,5882000000,5882000000,-181000000,None,0.449,,16184000000,7555000000,,,,,None,,,,,1.084,34.95,6.77,,,,,,,,0.194,,,2025-10-28,annual,99.5,USD,pre-market,None,,0.203,2.257,0.127,796.51,4390000000,,,,5232.22,5094.51,4.254,,,,,,,23739000000,,35.46,,5818.24,4074.35
2025-12-28,BKNG,153.41,26038999000.0,35.46,,1.254,-146.6,,,,,,,,,,,,,,,None,665000000,665000000,,,,,,None,665000000,,37.55,0.0069,,,,0.135,4.06,6378000000,7043000000,95.44,2023-12-31,20.58,,22652000000.0,21365000000,5481000000,1192000000,,,None,897000000,914000000,,None,,,,,4289000000,5302000000,80000000,None,0.449,,15530000000,5835000000,,,,,None,,,,,1.084,34.95,6.77,,,,,,,,0.194,,,2025-10-28,annual,99.5,USD,pre-market,None,,0.203,2.257,0.127,796.51,4849000000,,,,5232.22,5094.51,4.254,,,,,,,21365000000,,35.46,,5818.24,4074.35
2025-12-28,BKNG,153.41,26038999000.0,35.46,,1.254,-146.6,,,,,,,,,,,,,,,None,607000000,607000000,,,,,,None,607000000,,37.55,0.0069,,,,0.135,4.06,4314000000,4921000000,95.44,2022-12-31,20.58,,22652000000.0,17090000000,3923000000,865000000,,,None,391000000,219000000,,None,,,,,3058000000,3058000000,-172000000,None,0.449,,11988000000,5102000000,,,,,-788000000,,,,,1.084,34.95,6.77,,,,,,,,0.194,,,2025-10-28,annual,99.5,USD,pre-market,None,,0.203,2.257,0.127,796.51,3231000000,,,,5232.22,5094.51,4.254,,,,,,,17090000000,,35.46,,5818.24,4074.35
2025-12-28,BKNG,153.41,26038999000.0,35.46,,1.254,-146.6,,,,,,,,,,,,,,,None,599000000,599000000,,,,,,None,599000000,,37.55,0.0069,,,,0.135,4.06,1799000000,2398000000,95.44,2021-12-31,20.58,,22652000000.0,10958000000,1465000000,300000000,,,None,334000000,16000000,,None,,,,,1165000000,1165000000,-318000000,None,0.449,,8462000000,2496000000,,,,,-697000000,,,,,1.084,34.95,6.77,,,,,,,,0.194,,,2025-10-28,annual,99.5,USD,pre-market,None,,0.203,2.257,0.127,796.51,2836000000,,,,5232.22,5094.51,4.254,,,,,,,10958000000,,35.46,,5818.24,4074.35
2025-12-28,BKNG,153.41,26038999000.0,35.46,,1.254,-146.6,,,,,,,,,,,,,,,None,642000000,642000000,,,,,,None,642000000,,37.55,0.0069,,,,0.135,4.06,923000000,1565000000,95.44,2020-12-31,20.58,,22652000000.0,6796000000,567000000,508000000,,,None,356000000,54000000,,None,,,,,59000000,59000000,-356000000,None,0.449,,7427000000,-631000000,,,,,1554000000,,,,,1.084,34.95,6.77,,,,,,,,0.194,,,2025-10-28,annual,99.5,USD,pre-market,None,,0.203,2.257,0.127,796.51,2525000000,,,,5232.22,5094.51,4.254,,,,,,,6796000000,,35.46,,5818.24,4074.35
2025-12-28,BKNG,153.41,26038999000.0,35.46,,1.254,-146.6,,,,,,,,,,,,,,,None,641000000,641000000,,,,,,None,641000000,,37.55,0.0069,,,,0.135,4.06,6224000000,6865000000,95.44,2019-12-31,20.58,,22652000000.0,15066000000,5958000000,1093000000,,,None,266000000,152000000,,None,,,,,4865000000,4865000000,-114000000,None,0.449,,9721000000,5345000000,,,,,879000000,,,,,1.084,34.95,6.77,,,,,,,,0.194,,,2025-10-28,annual,99.5,USD,pre-market,285000000,,0.203,2.257,0.127,796.51,3045000000,,,,5232.22,5094.51,4.254,,,,,,,15066000000,,35.46,,5818.24,4074.35
2025-12-28,BKNG,153.41,26038999000.0,35.46,,1.254,-146.6,,,,,,,,,,,,,,,None,426000000,426000000,,,,,,None,426000000,,37.55,0.0069,,,,0.135,4.06,5104000000,5530000000,95.44,2018-12-31,20.58,,22652000000.0,14527000000,4835000000,837000000,,,None,269000000,187000000,,None,,,,,3998000000,3998000000,-82000000,None,0.449,,9186000000,5341000000,,,,,-237000000,,,,,1.084,34.95,6.77,,,,,,,,0.194,,,2025-10-28,annual,99.5,USD,pre-market,233000000,,0.203,2.257,0.127,796.51,2741000000,,,,5232.22,5094.51,4.254,,,,,,,14527000000,,35.46,,5818.24,4074.35
2025-12-28,BKNG,153.41,26038999000.0,35.46,,1.254,-146.6,,,,,,,,,,,,,,,None,242000000,242000000,,,,,,None,363000000,,37.55,0.0069,,,,0.135,4.06,4653000000,5016000000,95.44,2017-12-31,20.58,,22652000000.0,12439000000,4399000000,2058000000,,,None,254000000,157194000,,None,,,,,2341000000,2340765000,-96782000,None,0.449,,7901000000,4538000000,,,,,114306000,,,,,1.084,34.95,6.77,,,,,,,,0.194,,,2025-10-28,annual,99.5,USD,pre-market,189000000,,0.203,2.257,0.127,796.51,2236000000,,,,5232.22,5094.51,4.254,,,,,,,12681000000,,35.46,,5818.24,4074.35
2025-12-28,BKNG,153.41,26038999000.0,35.46,,1.254,-146.6,,,,,,,,,,,,,,,None,415000000,415000000,,,,,,None,309000000,,37.55,0.0069,,,,0.135,4.06,2921000000,3230000000,95.44,2016-12-31,20.58,,22652000000.0,10328000000,2713000000,578000000,,,None,208000000,94946000,,None,,,,,2135000000,2134987000,-112954000,None,0.449,,7422000000,2906000000,,,,,14825000,,,,,1.084,34.95,6.77,,,,,,,,0.194,,,2025-10-28,annual,99.5,USD,pre-market,142000000,,0.203,2.257,0.127,796.51,1802000000,,,,5232.22,5094.51,4.254,,,,,,,10743000000,,35.46,,5818.24,4074.35
2025-12-28,BKNG,153.41,26038999000.0,35.46,,1.254,-146.6,,,,,,,,,,,,,,,None,632180000,632180000,,,,,,None,272494000,,37.55,0.0069,,,,0.135,4.06,3288549000,3561043000,95.44,2015-12-31,20.58,,22652000000.0,8591807000,3128320000,576960000,,,None,160229000,130587000,,None,,,,,2551360000,2551360000,None,None,0.449,,5332900000,3258907000,,,,,29642000,,,,,1.084,34.95,6.77,,,,,,,,0.194,,,2025-10-28,annual,99.5,USD,pre-market,113617000,,0.203,2.257,0.127,796.51,1581646000,,,,5232.22,5094.51,4.254,,,,,,,9223987000,,35.46,,5818.24,4074.35
2025-12-28,BKNG,153.41,26038999000.0,35.46,,1.254,-146.6,,,,,,,,,,,,,,,None,857841000,857841000,,,,,,None,207820000,,37.55,0.0069,,,,0.135,4.06,3077801000,3285621000,95.44,2014-12-31,20.58,,22652000000.0,7584130000,2989448000,567695000,,,None,88353000,None,,None,,,,,2421753000,2421753000,None,None,0.449,,4510818000,3073312000,,,,,4489000,,,,,1.084,34.95,6.77,,,,,,,,0.194,,,2025-10-28,annual,99.5,USD,pre-market,97498000,,0.203,2.257,0.127,796.51,1303060000,,,,5232.22,5094.51,4.254,,,,,,,8441971000,,35.46,,5818.24,4074.35
2025-12-28,BKNG,153.41,26038999000.0,35.46,,1.254,-146.6,,,,,,,,,,,,,,,None,1077420000,1077420000,,,,,,None,117975000,,37.55,0.0069,,,,0.135,4.06,2379826000,2497801000,95.44,2013-12-31,20.58,,22652000000.0,5715886000,2296537000,403739000,,,None,83289000,None,,None,,,,,1892663000,1892798000,None,None,0.449,,3303472000,2412414000,,,,,-32588000,,,,,1.084,34.95,6.77,,,,,,,,0.194,,,2025-10-28,annual,99.5,USD,pre-market,71890000,,0.203,2.257,0.127,796.51,951686000,,,,5232.22,5094.51,4.254,,,,,,,6793306000,,35.46,,5818.24,4074.35
2025-12-28,BKNG,153.41,26038999000.0,35.46,,1.254,-146.6,,,,,,,,,,,,,,,None,1177275000,1177275000,,,,,,None,65141000,,37.55,0.0069,,,,0.135,4.06,1823933000,1889074000,95.44,2012-12-31,20.58,,22652000000.0,4083681000,1761869000,337832000,,,None,62064000,None,,None,,,,,1419566000,1424037000,None,None,0.449,,2253888000,1829793000,,,,,-5860000,,,,,1.084,34.95,6.77,,,,,,,,0.194,,,2025-10-28,annual,99.5,USD,pre-market,43685000,,0.203,2.257,0.127,796.51,639999000,,,,5232.22,5094.51,4.254,,,,,,,5260956000,,35.46,,5818.24,4074.35
2025-12-28,BKNG,153.41,26038999000.0,35.46,,1.254,-146.6,,,,,,,,,,,,,,,None,1275730000,1275730000,,,,,,None,53824000,,37.55,0.0069,,,,0.135,4.06,1399515000,1453339000,95.44,2011-12-31,20.58,,22652000000.0,3079880000,1367794000,308663000,,,None,31721000,None,,None,,,,,1056371000,1059131000,None,None,0.449,,1680958000,1398922000,,,,,593000,,,,,1.084,34.95,6.77,,,,,,,,0.194,,,2025-10-28,annual,99.5,USD,pre-market,33813000,,0.203,2.257,0.127,796.51,475947000,,,,5232.22,5094.51,4.254,,,,,,,4355610000,,35.46,,5818.24,4074.35
2025-12-28,BKNG,153.41,26038999000.0,35.46,,1.254,-146.6,,,,,,,,,,,,,,,None,1175934000,1175934000,,,,,,None,50464000,,37.55,0.0069,,,,0.135,4.06,776227000,826691000,95.44,2010-12-31,20.58,,22652000000.0,1908971000,746283000,218141000,,,None,29944000,None,,None,,,,,527541000,528142000,None,None,0.449,,1122174000,786797000,,,,,-10570000,,,,,1.084,34.95,6.77,,,,,,,,0.194,,,2025-10-28,annual,99.5,USD,pre-market,20998000,,0.203,2.257,0.127,796.51,351256000,,,,5232.22,5094.51,4.254,,,,,,,3084905000,,35.46,,5818.24,4074.35
2025-12-28,BKNG,153.41,26038999000.0,35.46,,1.254,-146.6,,,,,,,,,,,,,,,None,1077449000,1077449000,,,,,,None,39193000,,37.55,0.0069,,,,0.135,4.06,466386000,505579000,95.44,2009-12-31,20.58,,22652000000.0,1260763000,442302000,-47168000,,,None,24084000,None,,None,,,,,489472000,None,None,None,0.449,,789928000,470835000,,,,,None,,,,,1.084,34.95,6.77,,,,,,,,0.194,,,2025-10-28,annual,99.5,USD,pre-market,19139000,,0.203,2.257,0.127,796.51,248707000,,,,5232.22,5094.51,4.254,,,,,,,2338212000,,35.46,,5818.24,4074.35
2025-12-28,BKNG,153.41,26038999000.0,35.46,,1.254,-146.6,,,,,,,,,,,,,,,None,928835000,928835000,,,,,,None,43068000,,37.55,0.0069,,,,0.135,4.06,310958000,354026000,95.44,2008-12-31,20.58,,22652000000.0,955971000,276105000,90171000,,,None,34853000,None,,None,,,,,182246000,None,None,None,0.449,,666497000,289474000,,,,,None,,,,,1.084,34.95,6.77,,,,,,,,0.194,,,2025-10-28,annual,99.5,USD,pre-market,17956000,,0.203,2.257,0.127,796.51,219052000,,,,5232.22,5094.51,4.254,,,,,,,1884806000,,35.46,,5818.24,4074.35
2025-12-28,BKNG,153.41,26038999000.0,35.46,,1.254,-146.6,,,,,,,,,,,,,,,None,769997000,769997000,,,,,,None,37500000,,37.55,0.0069,,,,0.135,4.06,160435000,197935000,95.44,2007-12-31,20.58,,22652000000.0,639412000,150023000,-12059000,,,None,10412000,None,,None,,,,,155527000,None,None,None,0.449,,501477000,137935000,,,,,None,,,,,1.084,34.95,6.77,,,,,,,,0.194,,,2025-10-28,annual,99.5,USD,pre-market,13779000,,0.203,2.257,0.127,796.51,194829000,,,,5232.22,5094.51,4.254,,,,,,,1409409000,,35.46,,5818.24,4074.35
2025-12-28,BKNG,153.41,26038999000.0,35.46,,1.254,-146.6,,,,,,,,,,,,,,,None,722004000,722004000,,,,,,None,36831000,,37.55,0.0069,,,,0.135,4.06,62121000,98952000,95.44,2006-12-31,20.58,,22652000000.0,401099000,65632000,-12388000,,,None,7060000,None,,None,,,,,74466000,None,None,None,0.449,,339113000,61986000,,,,,None,,,,,1.084,34.95,6.77,,,,,,,,0.194,,,2025-10-28,annual,99.5,USD,pre-market,None,,0.203,2.257,0.127,796.51,159876000,,,,5232.22,5094.51,4.254,,,,,,,1123103000,,35.46,,5818.24,4074.35
2025-12-28,BKNG,153.41,26038999000.0,35.46,,1.254,-146.6,,,,,,,,,,,,,,,None,694797000,694797000,,,,,,None,28778000,,37.55,0.0069,,,,0.135,4.06,37548000,66326000,95.44,2005-12-31,20.58,,22652000000.0,267863000,35703000,-156277000,,,None,5075000,None,,None,,,,,192729000,None,None,None,0.449,,231979000,35884000,,,,,None,,,,,1.084,34.95,6.77,,,,,,,,0.194,,,2025-10-28,annual,99.5,USD,pre-market,None,,0.203,2.257,0.127,796.51,115457000,,,,5232.22,5094.51,4.254,,,,,,,962660000,,35.46,,5818.24,4074.35
2025-12-28,BKNG,153.41,26038999000.0,35.46,None,1.254,-146.6,,533000000,16509000000,16509000000,,,,,,,,,1000000,32558000,None,694797000,694797000,4025000000,None,999000000,4013000000,None,None,28778000,,37.55,0.0069,,,,0.135,4.06,37548000,66326000,95.44,2025-09-30,20.58,2669000000,22652000000.0,267863000,35703000,-156277000,961000000,961000000,None,5075000,None,None,None,None,15997000000,None,651000000,192729000,None,None,None,0.449,,231979000,35884000,1181000000,11241000000,None,679000000,None,,,,,1.084,34.95,6.77,,,,,,,,0.194,,None,2025-10-28,quarterly,99.5,USD,pre-market,None,39553000000,0.203,2.257,0.127,796.51,115457000,17529000000,999000000,None,5232.22,5094.51,4.254,28752000000,21703000000,16265000000,33488000000,7049000000,17223000000,962660000,-4736000000,35.46,None,5818.24,4074.35
2025-12-28,BKNG,153.41,26038999000.0,35.46,None,1.254,-146.6,,517000000,17595000000,17595000000,,,,,,,,,1000000,32619000,None,694797000,694797000,4280000000,None,999000000,4370000000,None,None,28778000,,37.55,0.0069,,,,0.135,4.06,37548000,66326000,95.44,2025-06-30,20.58,2855000000,22652000000.0,267863000,35703000,-156277000,1291000000,1291000000,None,5075000,None,None,None,None,17473000000,None,559000000,192729000,None,None,None,0.449,,231979000,35884000,1298000000,4208000000,None,679000000,None,,,,,1.084,34.95,6.77,,,,,,,,0.194,,None,2025-10-28,quarterly,99.5,USD,pre-market,None,37119000000,0.203,2.257,0.127,796.51,115457000,18989000000,999000000,None,5232.22,5094.51,4.254,30684000000,23263000000,18636000000,37341000000,7421000000,18705000000,962660000,-6657000000,35.46,None,5818.24,4074.35
2025-12-28,BKNG,153.41,26038999000.0,35.46,None,1.254,-146.6,,476000000,15578000000,15578000000,,,,,,,,,1000000,33093000,None,694797000,694797000,3292000000,None,655000000,3290000000,None,None,28778000,,37.55,0.0069,,,,0.135,4.06,37548000,66326000,95.44,2025-03-31,20.58,2816000000,22652000000.0,267863000,35703000,-156277000,1333000000,1333000000,None,5075000,None,None,None,None,15369000000,None,538000000,192729000,None,None,None,0.449,,231979000,35884000,1082000000,5576000000,None,653000000,None,,,,,1.084,34.95,6.77,,,,,,,,0.194,,None,2025-10-28,quarterly,99.5,USD,pre-market,None,36539000000,0.203,2.257,0.127,796.51,115457000,16500000000,655000000,None,5232.22,5094.51,4.254,27191000000,19950000000,16394000000,33303000000,7241000000,16909000000,962660000,-6112000000,35.46,None,5818.24,4074.35
2025-12-28,BKNG,153.41,26038999000.0,35.46,None,1.254,-146.6,,483000000,16164000000,16164000000,,,,,,,,,None,33426000,None,694797000,694797000,3824000000,None,1745000000,3199000000,None,None,28778000,,37.55,0.0069,,,,0.135,4.06,37548000,66326000,95.44,2024-12-31,20.58,2799000000,22652000000.0,267863000,35703000,-156277000,1382000000,1382000000,None,5075000,None,None,None,None,14853000000,None,536000000,192729000,None,None,None,0.449,,231979000,35884000,1128000000,6047000000,None,199000000,None,,,,,1.084,34.95,6.77,,,,,,,,0.194,,None,2025-10-28,quarterly,99.5,USD,pre-market,None,36525000000,0.203,2.257,0.127,796.51,115457000,17081000000,1745000000,0,5232.22,5094.51,4.254,27708000000,20491000000,15647000000,31728000000,7217000000,16081000000,962660000,-4020000000,35.46,None,5818.24,4074.35
2025-12-28,BKNG,153.41,26038999000.0,35.46,None,1.254,-146.6,,508000000,15775000000,15775000000,,,,,,,,,None,33864000,None,694797000,694797000,4065000000,None,2419000000,3649000000,None,None,28778000,,37.55,0.0069,,,,0.135,4.06,37548000,66326000,95.44,2024-09-30,20.58,2838000000,22652000000.0,267863000,35703000,-156277000,1450000000,1450000000,None,5075000,None,None,None,None,13793000000,None,500000000,192729000,None,None,None,0.449,,231979000,35884000,1105000000,5287000000,None,204000000,None,,,,,1.084,34.95,6.77,,,,,,,,0.194,,None,2025-10-28,quarterly,99.5,USD,pre-market,None,35749000000,0.203,2.257,0.127,796.51,115457000,16720000000,2419000000,0,5232.22,5094.51,4.254,27978000000,20529000000,16678000000,31631000000,7449000000,14953000000,962660000,-3653000000,35.46,None,5818.24,4074.35
2025-12-28,BKNG,153.41,26038999000.0,35.46,None,1.254,-146.6,,529000000,16290000000,16290000000,,,,,,,,,None,34267000,None,694797000,694797000,3928000000,None,3447000000,3814000000,None,None,28778000,,37.55,0.0069,,,,0.135,4.06,37548000,66326000,95.44,2024-06-30,20.58,2814000000,22652000000.0,267863000,35703000,-156277000,1498000000,1498000000,None,5075000,None,None,None,None,13361000000,None,468000000,192729000,None,None,None,0.449,,231979000,35884000,1152000000,3900000000,None,200000000,None,,,,,1.084,34.95,6.77,,,,,,,,0.194,,None,2025-10-28,quarterly,99.5,USD,pre-market,None,33527000000,0.203,2.257,0.127,796.51,115457000,17337000000,3447000000,37000000,5232.22,5094.51,4.254,28541000000,21293000000,18206000000,32817000000,7248000000,14611000000,962660000,-4276000000,35.46,None,5818.24,4074.35
2025-12-28,BKNG,153.41,26038999000.0,35.46,None,1.254,-146.6,,556000000,15629000000,15629000000,,,,,,,,,None,34706000,None,694797000,694797000,3268000000,None,3462000000,3296000000,None,None,28778000,,37.55,0.0069,,,,0.135,4.06,37548000,66326000,95.44,2024-03-31,20.58,2815000000,22652000000.0,267863000,35703000,-156277000,1553000000,1553000000,None,5075000,None,None,None,None,13438000000,None,443000000,192729000,None,None,None,0.449,,231979000,35884000,1189000000,4774000000,None,152000000,None,,,,,1.084,34.95,6.77,,,,,,,,0.194,,None,2025-10-28,quarterly,99.5,USD,pre-market,None,32304000000,0.203,2.257,0.127,796.51,115457000,17456000000,3462000000,362000000,5232.22,5094.51,4.254,27728000000,20476000000,16832000000,31780000000,7252000000,14948000000,962660000,-4052000000,35.46,None,5818.24,4074.35
2025-12-28,BKNG,153.41,26038999000.0,35.46,None,1.254,-146.6,,599000000,12107000000,12107000000,,,,,,,,,None,35222000,None,694797000,694797000,3374000000,None,1961000000,3253000000,None,None,28778000,,37.55,0.0069,,,,0.135,4.06,37548000,66326000,95.44,2023-12-31,20.58,2826000000,22652000000.0,267863000,35703000,-156277000,1613000000,1613000000,None,5075000,None,None,None,None,12223000000,None,440000000,192729000,None,None,None,0.449,,231979000,35884000,1098000000,3741000000,None,161000000,None,,,,,1.084,34.95,6.77,,,,,,,,0.194,,None,2025-10-28,quarterly,99.5,USD,pre-market,None,31830000000,0.203,2.257,0.127,796.51,115457000,14783000000,1961000000,576000000,5232.22,5094.51,4.254,24342000000,17034000000,13330000000,27086000000,7308000000,13756000000,962660000,-2744000000,35.46,None,5818.24,4074.35
2025-12-28,BKNG,153.41,26038999000.0,35.46,None,1.254,-146.6,,547000000,13294000000,13294000000,,,,,,,,,None,35987000,None,694797000,694797000,3020000000,None,1913000000,3447000000,None,None,28778000,,37.55,0.0069,,,,0.135,4.06,37548000,66326000,95.44,2023-09-30,20.58,2804000000,22652000000.0,267863000,35703000,-156277000,1660000000,1660000000,None,5075000,None,680000000,None,None,11856000000,None,420000000,192729000,None,None,None,0.449,,231979000,35884000,1114000000,4182000000,None,160000000,None,,,,,1.084,34.95,6.77,,,,,,,,0.194,,None,2025-10-28,quarterly,99.5,USD,pre-market,None,31608000000,0.203,2.257,0.127,796.51,115457000,14316000000,1913000000,624000000,5232.22,5094.51,4.254,25635000000,18479000000,12832000000,26260000000,7156000000,13428000000,962660000,-625000000,35.46,None,5818.24,4074.35
2025-12-28,BKNG,153.41,26038999000.0,35.46,None,1.254,-146.6,,533000000,14602000000,14602000000,,,,,,,,,None,36964000,None,694797000,694797000,2123000000,None,855000000,2805000000,None,None,28778000,,37.55,0.0069,,,,0.135,4.06,37548000,66326000,95.44,2023-06-30,20.58,2821000000,22652000000.0,267863000,35703000,-156277000,1722000000,1722000000,None,5075000,None,849000000,None,None,13198000000,None,440000000,192729000,None,None,None,0.449,,231979000,35884000,1302000000,3463000000,None,1206000000,None,,,,,1.084,34.95,6.77,,,,,,,,0.194,,732000000,2025-10-28,quarterly,99.5,USD,pre-market,None,29097000000,0.203,2.257,0.127,796.51,115457000,14586000000,855000000,640000000,5232.22,5094.51,4.254,26558000000,19349000000,12481000000,27223000000,7209000000,14742000000,962660000,-665000000,35.46,-36319000000,5818.24,4074.35
2025-12-28,BKNG,153.41,26038999000.0,35.46,None,1.254,-146.6,,539000000,14140000000,14140000000,,,,,,,,,None,37983000,None,694797000,694797000,2132000000,None,854000000,2048000000,None,None,28778000,,37.55,0.0069,,,,0.135,4.06,37548000,66326000,95.44,2023-03-31,20.58,2816000000,22652000000.0,267863000,35703000,-156277000,1777000000,1777000000,None,5075000,None,655000000,None,None,11272000000,None,806000000,192729000,None,None,None,0.449,,231979000,35884000,1085000000,3584000000,None,1422000000,None,,,,,1.084,34.95,6.77,,,,,,,,0.194,,699000000,2025-10-28,quarterly,99.5,USD,pre-market,None,27807000000,0.203,2.257,0.127,796.51,115457000,12665000000,854000000,359000000,5232.22,5094.51,4.254,25206000000,17632000000,11070000000,24132000000,7574000000,13062000000,962660000,1074000000,35.46,-33178000000,5818.24,4074.35
2025-12-28,BKNG,153.41,26038999000.0,35.46,None,1.254,-146.6,,552000000,12221000000,12221000000,,,,,,,,,None,38709000,None,694797000,694797000,2507000000,None,500000000,2229000000,None,None,28778000,,37.55,0.0069,,,,0.135,4.06,37548000,66326000,95.44,2022-12-31,20.58,2807000000,22652000000.0,267863000,35703000,-156277000,1829000000,1829000000,None,5075000,None,477000000,None,None,11985000000,None,2789000000,192729000,None,None,None,0.449,,231979000,35884000,1143000000,2364000000,None,172000000,None,,,,,1.084,34.95,6.77,,,,,,,,0.194,,669000000,2025-10-28,quarterly,99.5,USD,pre-market,None,27541000000,0.203,2.257,0.127,796.51,115457000,13037000000,500000000,175000000,5232.22,5094.51,4.254,25361000000,15798000000,8474000000,22579000000,9563000000,14105000000,962660000,2782000000,35.46,-30983000000,5818.24,4074.35
2025-12-28,BKNG,153.41,26038999000.0,35.46,None,1.254,-146.6,,286000000,9021000000,9021000000,,,,,,,,,None,39671000,None,694797000,694797000,2131000000,None,1234000000,2284000000,None,None,28778000,,37.55,0.0069,,,,0.135,4.06,37548000,66326000,95.44,2022-09-30,20.58,2808000000,22652000000.0,267863000,35703000,-156277000,1855000000,1855000000,None,5075000,None,612000000,None,None,7950000000,None,2650000000,192729000,None,None,None,0.449,,231979000,35884000,989000000,2925000000,None,1177000000,None,,,,,1.084,34.95,6.77,,,,,,,,0.194,,879000000,2025-10-28,quarterly,99.5,USD,pre-market,None,26306000000,0.203,2.257,0.127,796.51,115457000,9470000000,1234000000,116000000,5232.22,5094.51,4.254,22063000000,12410000000,8543000000,18393000000,9653000000,9850000000,962660000,3670000000,35.46,-28630000000,5818.24,4074.35
2025-12-28,BKNG,153.41,26038999000.0,35.46,None,1.254,-146.6,,323000000,11841000000,11841000000,,,,,,,,,None,40665000,None,694797000,694797000,2240000000,None,1283000000,2249000000,None,None,28778000,,37.55,0.0069,,,,0.135,4.06,37548000,66326000,95.44,2022-06-30,20.58,2842000000,22652000000.0,267863000,35703000,-156277000,1925000000,1925000000,None,5075000,None,492000000,None,None,8190000000,None,2381000000,192729000,None,None,None,0.449,,231979000,35884000,834000000,2364000000,None,1214000000,None,,,,,1.084,34.95,6.77,,,,,,,,0.194,,858000000,2025-10-28,quarterly,99.5,USD,pre-market,None,24640000000,0.203,2.257,0.127,796.51,115457000,9796000000,1283000000,25000000,5232.22,5094.51,4.254,24493000000,14924000000,10282000000,20491000000,9569000000,10209000000,962660000,4002000000,35.46,-26664000000,5818.24,4074.35
2025-12-28,BKNG,153.41,26038999000.0,35.46,None,1.254,-146.6,,349000000,10549000000,10549000000,,,,,,,,,None,40921000,None,694797000,694797000,1504000000,None,1333000000,1611000000,None,None,28778000,,37.55,0.0069,,,,0.135,4.06,37548000,66326000,95.44,2022-03-31,20.58,2878000000,22652000000.0,267863000,35703000,-156277000,1997000000,1997000000,None,5075000,None,395000000,None,None,8435000000,None,2200000000,192729000,None,None,None,0.449,,231979000,35884000,715000000,1876000000,None,1377000000,None,,,,,1.084,34.95,6.77,,,,,,,,0.194,,844000000,2025-10-28,quarterly,99.5,USD,pre-market,None,23783000000,0.203,2.257,0.127,796.51,115457000,10117000000,1333000000,24000000,5232.22,5094.51,4.254,22384000000,12875000000,7478000000,18011000000,9509000000,10533000000,962660000,4373000000,35.46,-25390000000,5818.24,4074.35
2025-12-28,BKNG,153.41,26038999000.0,35.46,None,1.254,-146.6,,351000000,11127000000,11127000000,,,,,,,,,None,41371000,None,694797000,694797000,1586000000,None,1989000000,1358000000,None,None,28778000,,37.55,0.0069,,,,0.135,4.06,37548000,66326000,95.44,2021-12-31,20.58,2887000000,22652000000.0,267863000,35703000,-156277000,2057000000,2057000000,None,5075000,None,404000000,None,None,8937000000,None,3175000000,192729000,None,None,None,0.449,,231979000,35884000,635000000,1765000000,None,1375000000,None,,,,,1.084,34.95,6.77,,,,,,,,0.194,,822000000,2025-10-28,quarterly,99.5,USD,pre-market,None,24453000000,0.203,2.257,0.127,796.51,115457000,11277000000,1989000000,25000000,5232.22,5094.51,4.254,23641000000,13145000000,6246000000,17463000000,10496000000,11217000000,962660000,6178000000,35.46,-24290000000,5818.24,4074.35
2025-12-28,BKNG,153.41,26038999000.0,35.46,None,1.254,-146.6,,295000000,11643000000,11643000000,,,,,,,,,None,41342000,None,694797000,694797000,1466000000,None,1158000000,1555000000,None,None,28778000,,37.55,0.0069,,,,0.135,4.06,37548000,66326000,95.44,2021-09-30,20.58,1872000000,22652000000.0,267863000,35703000,-156277000,1677000000,1677000000,None,5075000,None,394000000,None,None,9876000000,None,3283000000,192729000,None,None,None,0.449,,231979000,35884000,632000000,2069000000,None,1235000000,None,,,,,1.084,34.95,6.77,,,,,,,,0.194,,762000000,2025-10-28,quarterly,99.5,USD,pre-market,None,23835000000,0.203,2.257,0.127,796.51,115457000,11329000000,1158000000,522000000,5232.22,5094.51,4.254,23341000000,14352000000,5779000000,17796000000,8989000000,12017000000,962660000,5545000000,35.46,-24286000000,5818.24,4074.35
2025-12-28,BKNG,153.41,26038999000.0,35.46,None,1.254,-146.6,,314000000,11231000000,11231000000,,,,,,,,,None,41054000,None,694797000,694797000,1028000000,None,2180000000,1290000000,None,None,28778000,,37.55,0.0069,,,,0.135,4.06,37548000,66326000,95.44,2021-06-30,20.58,1886000000,22652000000.0,267863000,35703000,-156277000,1725000000,1725000000,None,5075000,None,332000000,None,None,9986000000,None,4319000000,192729000,None,None,None,0.449,,231979000,35884000,767000000,1620000000,None,122000000,None,,,,,1.084,34.95,6.77,,,,,,,,0.194,,1205000000,2025-10-28,quarterly,99.5,USD,pre-market,None,23066000000,0.203,2.257,0.127,796.51,115457000,12480000000,2180000000,501000000,5232.22,5094.51,4.254,23881000000,13789000000,6724000000,19077000000,10092000000,12353000000,962660000,4804000000,35.46,-24283000000,5818.24,4074.35
2025-12-28,BKNG,153.41,26038999000.0,35.46,None,1.254,-146.6,,331000000,12151000000,12151000000,,,,,,,,,None,40973000,None,694797000,694797000,570000000,None,3905000000,586000000,None,None,28778000,,37.55,0.0069,,,,0.135,4.06,37548000,66326000,95.44,2021-03-31,20.58,1882000000,22652000000.0,267863000,35703000,-156277000,1762000000,1762000000,None,5075000,None,286000000,None,None,9930000000,None,3788000000,192729000,None,None,None,0.449,,231979000,35884000,871000000,1350000000,None,1382000000,None,,,,,1.084,34.95,6.77,,,,,,,,0.194,,734000000,2025-10-28,quarterly,99.5,USD,pre-market,None,23233000000,0.203,2.257,0.127,796.51,115457000,14166000000,3905000000,500000000,5232.22,5094.51,4.254,23655000000,14108000000,6468000000,18891000000,9547000000,12423000000,962660000,4764000000,35.46,-24274000000,5818.24,4074.35
2025-12-28,BKNG,153.41,26038999000.0,35.46,None,1.254,-146.6,,366000000,10562000000,10562000000,,,,,,,,,None,40944000,None,694797000,694797000,735000000,None,985000000,529000000,None,None,28778000,,37.55,0.0069,,,,0.135,4.06,37548000,66326000,95.44,2020-12-31,20.58,1895000000,22652000000.0,267863000,35703000,-156277000,1812000000,1812000000,None,5075000,None,337000000,None,None,11029000000,None,3759000000,192729000,None,None,None,0.449,,231979000,35884000,614000000,1382000000,None,1400000000,None,,,,,1.084,34.95,6.77,,,,,,,,0.194,,756000000,2025-10-28,quarterly,99.5,USD,pre-market,None,23288000000,0.203,2.257,0.127,796.51,115457000,12380000000,985000000,501000000,5232.22,5094.51,4.254,21874000000,12206000000,3425000000,16981000000,9668000000,13556000000,962660000,4893000000,35.46,-24128000000,5818.24,4074.35
2025-12-28,BKNG,153.41,26038999000.0,35.46,None,1.254,-146.6,,401000000,11197000000,11197000000,,,,,,,,,None,41081000,None,694797000,694797000,1114000000,None,979000000,859000000,None,None,28778000,,37.55,0.0069,,,,0.135,4.06,37548000,66326000,95.44,2020-09-30,20.58,1865000000,22652000000.0,267863000,35703000,-156277000,1838000000,1838000000,None,5075000,None,None,None,None,10829000000,None,3672000000,192729000,None,None,None,0.449,,231979000,35884000,527000000,1388000000,None,1429000000,None,,,,,1.084,34.95,6.77,,,,,,,,0.194,,744000000,2025-10-28,quarterly,99.5,USD,pre-market,None,23453000000,0.203,2.257,0.127,796.51,115457000,12209000000,979000000,3672000000,5232.22,5094.51,4.254,22145000000,12583000000,3968000000,17232000000,9562000000,13264000000,962660000,4913000000,35.46,-24123000000,5818.24,4074.35
2025-12-28,BKNG,153.41,26038999000.0,35.46,None,1.254,-146.6,,417000000,10404000000,10404000000,,,,,,,,,None,40995000,None,694797000,694797000,581000000,None,973000000,566000000,None,None,28778000,,37.55,0.0069,,,,0.135,4.06,37548000,66326000,95.44,2020-06-30,20.58,2412000000,22652000000.0,267863000,35703000,-156277000,1865000000,1865000000,None,5075000,None,None,None,None,10633000000,None,2946000000,192729000,None,None,None,0.449,,231979000,35884000,444000000,1445000000,None,1440000000,None,,,,,1.084,34.95,6.77,,,,,,,,0.194,,736000000,2025-10-28,quarterly,99.5,USD,pre-market,None,22652000000,0.203,2.257,0.127,796.51,115457000,12023000000,973000000,0,5232.22,5094.51,4.254,20912000000,11453000000,3909000000,16913000000,9459000000,13004000000,962660000,3999000000,35.46,-24119000000,5818.24,4074.35
2025-12-28,BKNG,153.41,26038999000.0,35.46,None,1.254,-146.6,,438000000,6363000000,6363000000,,,,,,,,,None,41093000,None,694797000,694797000,926000000,None,995000000,667000000,None,None,28778000,,37.55,0.0069,,,,0.135,4.06,37548000,66326000,95.44,2020-03-31,20.58,2391000000,22652000000.0,267863000,35703000,-156277000,1897000000,1897000000,None,5075000,None,None,None,None,7557000000,None,2056000000,192729000,None,None,None,0.449,,231979000,35884000,1372000000,1255000000,None,1552000000,None,,,,,1.084,34.95,6.77,,,,,,,,0.194,,720000000,2025-10-28,quarterly,99.5,USD,pre-market,None,22530000000,0.203,2.257,0.127,796.51,115457000,8986000000,995000000,826000000,5232.22,5094.51,4.254,17862000000,9260000000,4136000000,14027000000,8602000000,9891000000,962660000,3835000000,35.46,-24115000000,5818.24,4074.35
2025-12-28,BKNG,153.41,26038999000.0,35.46,None,1.254,-146.6,,462000000,6312000000,6312000000,,,,,,,,,None,42210000,None,694797000,694797000,1239000000,None,988000000,1680000000,None,None,28778000,,37.55,0.0069,,,,0.135,4.06,37548000,66326000,95.44,2019-12-31,20.58,2913000000,22652000000.0,267863000,35703000,-156277000,1954000000,1954000000,None,5075000,None,None,None,None,7640000000,None,4477000000,192729000,None,None,None,0.449,,231979000,35884000,843000000,1578000000,None,1587000000,None,,,,,1.084,34.95,6.77,,,,,,,,0.194,,738000000,2025-10-28,quarterly,99.5,USD,pre-market,None,23232000000,0.203,2.257,0.127,796.51,115457000,9090000000,988000000,998000000,5232.22,5094.51,4.254,21402000000,9833000000,5366000000,15469000000,11569000000,10103000000,962660000,5933000000,35.46,-22864000000,5818.24,4074.35
2025-12-28,BKNG,153.41,26038999000.0,35.46,None,1.254,-146.6,,466000000,6466000000,6466000000,,,,,,,,,None,42831000,None,694797000,694797000,1275000000,None,982000000,1788000000,None,None,28778000,,37.55,0.0069,,,,0.135,4.06,37548000,66326000,95.44,2019-09-30,20.58,2885000000,22652000000.0,267863000,35703000,-156277000,1985000000,1985000000,None,5075000,None,None,None,None,7512000000,None,4319000000,192729000,None,None,None,0.449,,231979000,35884000,810000000,1704000000,None,1587000000,None,,,,,1.084,34.95,6.77,,,,,,,,0.194,,706000000,2025-10-28,quarterly,99.5,USD,pre-market,None,22061000000,0.203,2.257,0.127,796.51,115457000,8960000000,982000000,973000000,5232.22,5094.51,4.254,21446000000,10056000000,5528000000,15495000000,11390000000,9967000000,962660000,5951000000,35.46,-21523000000,5818.24,4074.35
2025-12-28,BKNG,153.41,26038999000.0,35.46,None,1.254,-146.6,,495000000,5256000000,5256000000,,,,,,,,,None,43601000,None,694797000,694797000,1291000000,None,975000000,1973000000,None,None,28778000,,37.55,0.0069,,,,0.135,4.06,37548000,66326000,95.44,2019-06-30,20.58,2915000000,22652000000.0,267863000,35703000,-156277000,2041000000,2041000000,None,5075000,None,None,None,None,7686000000,None,4618000000,192729000,None,None,None,0.449,,231979000,35884000,1217000000,1740000000,None,1648000000,None,,,,,1.084,34.95,6.77,,,,,,,,0.194,,716000000,2025-10-28,quarterly,99.5,USD,pre-market,None,20111000000,0.203,2.257,0.127,796.51,115457000,9156000000,975000000,1553000000,5232.22,5094.51,4.254,21494000000,10020000000,6349000000,16187000000,11474000000,9838000000,962660000,5307000000,35.46,-20173000000,5818.24,4074.35
2025-12-28,BKNG,153.41,26038999000.0,35.46,None,1.254,-146.6,,488000000,2334000000,2334000000,,,,,,,,,None,45436000,None,694797000,694797000,934000000,None,968000000,1491000000,None,None,28778000,,37.55,0.0069,,,,0.135,4.06,37548000,66326000,95.44,2019-03-31,20.58,2907000000,22652000000.0,267863000,35703000,-156277000,2078000000,2078000000,None,5075000,None,None,None,None,7619000000,None,8445000000,192729000,None,None,None,0.449,,231979000,35884000,1250000000,1877000000,None,1743000000,None,,,,,1.084,34.95,6.77,,,,,,,,0.194,,695000000,2025-10-28,quarterly,99.5,USD,pre-market,None,19132000000,0.203,2.257,0.127,796.51,115457000,9075000000,968000000,1981000000,5232.22,5094.51,4.254,22366000000,7077000000,5576000000,15451000000,15289000000,9875000000,962660000,6915000000,35.46,-17567000000,5818.24,4074.35
2025-12-28,BKNG,153.41,26038999000.0,35.46,None,1.254,-146.6,,None,2624000000,2624000000,,,,,,,,,None,46589000,None,694797000,694797000,1134000000,None,None,1523000000,None,None,28778000,,37.55,0.0069,,,,0.135,4.06,37548000,66326000,95.44,2018-12-31,20.58,2910000000,22652000000.0,267863000,35703000,-156277000,2125000000,2125000000,None,5075000,None,None,None,None,8649000000,None,8408000000,192729000,None,None,None,0.449,,231979000,35884000,575000000,1399000000,None,1328000000,None,,,,,1.084,34.95,6.77,,,,,,,,0.194,,656000000,2025-10-28,quarterly,99.5,USD,pre-market,None,18367000000,0.203,2.257,0.127,796.51,115457000,8649000000,None,3660000000,5232.22,5094.51,4.254,22687000000,8407000000,3555000000,13902000000,14280000000,10347000000,962660000,8785000000,35.46,-14711000000,5818.24,4074.35
2025-12-28,BKNG,153.41,26038999000.0,35.46,None,1.254,-146.6,,None,2973096000,2973096000,,,,,,,,,489000,47751000,None,694797000,694797000,1174599000,None,None,1719059000,None,None,28778000,,37.55,0.0069,,,,0.135,4.06,37548000,66326000,95.44,2018-09-30,20.58,2845129000,22652000000.0,267863000,35703000,-156277000,2117275000,2117275000,None,5075000,None,0,None,None,8703901000,None,9114218000,192729000,None,None,None,0.449,,231979000,35884000,578326000,1654370000,None,1293381000,None,,,,,1.084,34.95,6.77,,,,,,,,0.194,,642861000,2025-10-28,quarterly,99.5,USD,pre-market,None,17720656000,0.203,2.257,0.127,796.51,115457000,8703901000,None,4158076000,5232.22,5094.51,4.254,24370476000,9467847000,3930224000,14418666000,14902629000,10488442000,962660000,9951810000,35.46,-12879305000,5818.24,4074.35
2025-12-28,BKNG,153.41,26038999000.0,35.46,None,1.254,-146.6,,None,3186665000,3186665000,,,,,,,,,489000,48550000,None,694797000,694797000,1053509000,None,948190000,1715055000,None,None,28778000,,37.55,0.0069,,,,0.135,4.06,37548000,66326000,95.44,2018-06-30,20.58,2850396000,22652000000.0,267863000,35703000,-156277000,2162766000,2162766000,None,5075000,None,0,None,None,7810223000,None,9444908000,192729000,None,None,None,0.449,,231979000,35884000,985901000,1418603000,None,1288333000,None,,,,,1.084,34.95,6.77,,,,,,,,0.194,,613462000,2025-10-28,quarterly,99.5,USD,pre-market,None,15953078000,0.203,2.257,0.127,796.51,115457000,8758413000,948190000,4145753000,5232.22,5094.51,4.254,25296253000,10033374000,5222484000,14777978000,15262879000,9555494000,962660000,10518275000,35.46,-10630361000,5818.24,4074.35
2025-12-28,BKNG,153.41,26038999000.0,35.46,None,1.254,-146.6,,None,2622086000,2622086000,,,,,,,,,488000,49205000,None,694797000,694797000,841274000,None,941657000,1530321000,None,None,28778000,,37.55,0.0069,,,,0.135,4.06,37548000,66326000,95.44,2018-03-31,20.58,2754747000,22652000000.0,267863000,35703000,-156277000,2140098000,2140098000,None,5075000,None,0,None,None,8041816000,None,9432763000,192729000,None,None,None,0.449,,231979000,35884000,1111753000,1238815000,None,1412186000,None,,,,,1.084,34.95,6.77,,,,,,,,0.194,,573040000,2025-10-28,quarterly,99.5,USD,pre-market,None,14975706000,0.203,2.257,0.127,796.51,115457000,8983473000,941657000,4240704000,5232.22,5094.51,4.254,25018960000,9504864000,4447395000,14331219000,15514096000,9883824000,962660000,10687741000,35.46,-9430421000,5818.24,4074.35
2025-12-28,BKNG,153.41,26038999000.0,35.46,None,1.254,-146.6,,None,2541604000,2541604000,,,,,,,,,487000,48679000,None,694797000,694797000,667523000,None,711000000,1217801000,None,None,28778000,,37.55,0.0069,,,,0.135,4.06,37548000,66326000,95.44,2017-12-31,20.58,2737671000,22652000000.0,267863000,35703000,-156277000,2176823000,2176823000,None,5075000,None,0,None,None,8812751000,None,10421600000,192729000,None,None,None,0.449,,231979000,35884000,415527000,1138980000,None,1398907000,None,,,,,1.084,34.95,6.77,,,,,,,,0.194,,480081000,2025-10-28,quarterly,99.5,USD,pre-market,None,13938869000,0.203,2.257,0.127,796.51,115457000,9523661000,710910000,4859873000,5232.22,5094.51,4.254,25451263000,9034805000,3497868000,14187702000,16416458000,10689834000,962660000,11263561000,35.46,-8698829000,5818.24,4074.35
2025-12-28,BKNG,153.41,26038999000.0,35.46,None,1.254,-146.6,,None,2846300000,2846300000,,,,,,,,,486000,49972000,None,694797000,694797000,805740000,None,899802000,1437762000,None,None,28778000,,37.55,0.0069,,,,0.135,4.06,37548000,66326000,95.44,2017-09-30,20.58,2727897000,22652000000.0,267863000,35703000,-156277000,2218152000,2218152000,None,5075000,None,1,None,None,8736080000,None,11114314000,192729000,None,None,None,0.449,,231979000,35884000,433505000,1091372000,None,143827000,None,,,,,1.084,34.95,6.77,,,,,,,,0.194,,457548000,2025-10-28,quarterly,99.5,USD,pre-market,None,14513392000,0.203,2.257,0.127,796.51,115457000,9635882000,899802000,4407028000,5232.22,5094.51,4.254,25789111000,9124595000,3624275000,12902716000,16664516000,9278441000,962660000,12886395000,35.46,-7997881000,5818.24,4074.35
2025-12-28,BKNG,153.41,26038999000.0,35.46,None,1.254,-146.6,,None,2634264000,2634264000,,,,,,,,,486000,50056000,None,694797000,694797000,598200000,None,8485297000,1230602000,None,None,28778000,,37.55,0.0069,,,,0.135,4.06,37548000,66326000,95.44,2017-06-30,20.58,2418630000,22652000000.0,267863000,35703000,-156277000,1914767000,1914767000,None,5075000,None,1,None,None,7579713000,None,10263659000,192729000,None,None,None,0.449,,231979000,35884000,685879000,1073632000,None,134537000,None,,,,,1.084,34.95,6.77,,,,,,,,0.194,,425100000,2025-10-28,quarterly,99.5,USD,pre-market,None,12793001000,0.203,2.257,0.127,796.51,115457000,8479197000,899484000,3721825000,5232.22,5094.51,4.254,23458323000,8272570000,3756955000,11853577000,15185753000,8096622000,962660000,11604746000,35.46,-7411392000,5818.24,4074.35
2025-12-28,BKNG,153.41,26038999000.0,35.46,None,1.254,-146.6,,None,2434020000,2434020000,,,,,,,,,486000,50025000,None,694797000,694797000,407575000,None,974538000,934254000,None,None,28778000,,37.55,0.0069,,,,0.135,4.06,37548000,66326000,95.44,2017-03-31,20.58,2402306000,22652000000.0,267863000,35703000,-156277000,1951999000,1951999000,None,5075000,None,1,None,None,7308623000,None,10140630000,192729000,None,None,None,0.449,,231979000,35884000,683450000,986681000,None,128564000,None,,,,,1.084,34.95,6.77,,,,,,,,0.194,,381197000,2025-10-28,quarterly,99.5,USD,pre-market,None,12072792000,0.203,2.257,0.127,796.51,115457000,8283161000,974538000,2936158000,5232.22,5094.51,4.254,21994252000,6987882000,3248199000,11160712000,15006370000,7912513000,962660000,10833540000,35.46,-7067508000,5818.24,4074.35
2025-12-28,BKNG,153.41,26038999000.0,35.46,None,1.254,-146.6,,None,2081075000,2081075000,,,,,,,,,485000,50020000,None,694797000,694797000,419108000,None,967734000,860115000,None,None,28778000,,37.55,0.0069,,,,0.135,4.06,37548000,66326000,95.44,2016-12-31,20.58,2396906000,22652000000.0,267863000,35703000,-156277000,1993885000,1993885000,None,5075000,None,0,None,None,6199060000,None,9591067000,192729000,None,None,None,0.449,,231979000,35884000,241449000,857467000,None,138767000,None,,,,,1.084,34.95,6.77,,,,,,,,0.194,,347017000,2025-10-28,quarterly,99.5,USD,pre-market,None,11326852000,0.203,2.257,0.127,796.51,115457000,7166794000,967734000,2218880000,5232.22,5094.51,4.254,19838973000,5401519000,2858670000,9990293000,14437454000,7131623000,962660000,9848680000,35.46,-6855164000,5818.24,4074.35
2025-12-28,BKNG,153.41,26038999000.0,35.46,None,1.254,-146.6,,None,2422269000,2422269000,,,,,,,,,484000,49975000,None,694797000,694797000,494607000,None,None,1105086000,None,None,28778000,,37.55,0.0069,,,,0.135,4.06,37548000,66326000,95.44,2016-09-30,20.58,2416338000,22652000000.0,267863000,35703000,-156277000,2040213000,2040213000,None,5075000,None,0,None,None,6381709000,None,9296417000,192729000,None,None,None,0.449,,231979000,35884000,350180000,882081000,None,141096000,None,,,,,1.084,34.95,6.77,,,,,,,,0.194,,339805000,2025-10-28,quarterly,99.5,USD,pre-market,None,10652944000,0.203,2.257,0.127,796.51,115457000,7342693000,960984000,1956047000,5232.22,5094.51,4.254,20033784000,5833582000,2905976000,10196710000,14200202000,7290734000,962660000,9837074000,35.46,-6584117000,5818.24,4074.35
2025-12-28,BKNG,153.41,26038999000.0,35.46,None,1.254,-146.6,,None,2693718000,2693718000,,,,,,,,,484000,50059000,None,694797000,694797000,431870000,None,None,982993000,None,None,28778000,,37.55,0.0069,,,,0.135,4.06,37548000,66326000,95.44,2016-06-30,20.58,3360585000,22652000000.0,267863000,35703000,-156277000,2082120000,2082120000,None,5075000,None,1,None,None,7255205000,None,7954414000,192729000,None,None,None,0.449,,231979000,35884000,560514000,1777781000,None,143674000,None,,,,,1.084,34.95,6.77,,,,,,,,0.194,,320450000,2025-10-28,quarterly,99.5,USD,pre-market,None,10146927000,0.203,2.257,0.127,796.51,115457000,7255205000,None,1677242000,5232.22,5094.51,4.254,19687170000,5914467000,2209651000,10412465000,13772703000,8202814000,962660000,9274705000,35.46,-6385308000,5818.24,4074.35
2025-12-28,BKNG,153.41,26038999000.0,35.46,None,1.254,-146.6,,None,1857165000,1857165000,,,,,,,,,484000,50129000,None,694797000,694797000,334783000,None,None,857140000,None,None,28778000,,37.55,0.0069,,,,0.135,4.06,37548000,66326000,95.44,2016-03-31,20.58,3378327000,22652000000.0,267863000,35703000,-156277000,2128539000,2128539000,None,5075000,None,0,None,None,6321202000,None,7594338000,192729000,None,None,None,0.449,,231979000,35884000,624821000,1652791000,None,143242000,None,,,,,1.084,34.95,6.77,,,,,,,,0.194,,299845000,2025-10-28,quarterly,99.5,USD,pre-market,None,9566289000,0.203,2.257,0.127,796.51,115457000,6321202000,None,1525637000,5232.22,5094.51,4.254,18334546000,4864763000,1987574000,9282179000,13469783000,7294605000,962660000,9052367000,35.46,-6086001000,5818.24,4074.35
2025-12-28,BKNG,153.41,26038999000.0,35.46,None,1.254,-146.6,,None,1477265000,1477265000,,,,,,,,,482000,50403000,None,694797000,694797000,322842000,None,6158443000,645169000,None,None,28778000,,37.55,0.0069,,,,0.135,4.06,37548000,66326000,95.44,2015-12-31,20.58,3375000000,22652000000.0,267863000,35703000,-156277000,2167533000,2167533000,None,5075000,None,1,None,None,6158443000,None,7931363000,192729000,None,None,None,0.449,,231979000,35884000,259557000,681587000,None,134777000,None,,,,,1.084,34.95,6.77,,,,,,,,0.194,,274786000,2025-10-28,quarterly,99.5,USD,pre-market,None,9191865000,0.203,2.257,0.127,796.51,115457000,6158443000,6158443000,1171246000,5232.22,5094.51,4.254,17420575000,3553237000,1439310000,8625106000,13867338000,7185796000,962660000,8795469000,35.46,-5826640000,5818.24,4074.35
2025-12-28,BKNG,153.41,26038999000.0,35.46,None,1.254,-146.6,,None,1841658000,1841658000,,,,,,,,,482000,51130000,None,694797000,694797000,388528000,None,None,890532000,None,None,28778000,,37.55,0.0069,,,,0.135,4.06,37548000,66326000,95.44,2015-09-30,20.58,3386519000,22652000000.0,267863000,35703000,-156277000,2203270000,2203270000,None,5075000,None,0,None,None,5421328000,None,6327630000,192729000,None,None,None,0.449,,231979000,35884000,355583000,1194279000,None,131474000,None,,,,,1.084,34.95,6.77,,,,,,,,0.194,,257135000,2025-10-28,quarterly,99.5,USD,pre-market,None,8687596000,0.203,2.257,0.127,796.51,115457000,5421328000,None,1211184000,5232.22,5094.51,4.254,16614770000,4298957000,1582807000,8087997000,12315813000,6505190000,962660000,8526773000,35.46,-5073400000,5818.24,4074.35
2025-12-28,BKNG,153.41,26038999000.0,35.46,None,1.254,-146.6,,None,1888949000,1888949000,,,,,,,,,482000,52038000,None,694797000,694797000,367221000,None,None,889868000,None,None,28778000,,37.55,0.0069,,,,0.135,4.06,37548000,66326000,95.44,2015-06-30,20.58,3366396000,22652000000.0,267863000,35703000,-156277000,2246629000,2246629000,None,5075000,None,1,None,None,5399966000,None,6395468000,192729000,None,None,None,0.449,,231979000,35884000,615527000,1563913000,None,146399000,None,,,,,1.084,34.95,6.77,,,,,,,,0.194,,246102000,2025-10-28,quarterly,99.5,USD,pre-market,None,7490864000,0.203,2.257,0.127,796.51,115457000,5399966000,None,1299127000,5232.22,5094.51,4.254,17027346000,4693471000,1931134000,8469381000,12333875000,6538247000,962660000,8557965000,35.46,-3900011000,5818.24,4074.35
2025-12-28,BKNG,153.41,26038999000.0,35.46,None,1.254,-146.6,,None,3255814000,3255814000,,,,,,,,,481000,52406000,None,694797000,694797000,567322000,None,None,706776000,None,None,28778000,,37.55,0.0069,,,,0.135,4.06,37548000,66326000,95.44,2015-03-31,20.58,3327784000,22652000000.0,267863000,35703000,-156277000,2282347000,2282347000,None,5075000,None,1,None,None,5304108000,None,4973644000,192729000,None,None,None,0.449,,231979000,35884000,625250000,1135912000,None,132987000,None,,,,,1.084,34.95,6.77,,,,,,,,0.194,,214863000,2025-10-28,quarterly,99.5,USD,pre-market,None,6973832000,0.203,2.257,0.127,796.51,115457000,5304108000,None,1379641000,5232.22,5094.51,4.254,16842492000,5967481000,1703234000,8212367000,10875011000,6509133000,962660000,8630125000,35.46,-3046203000,5818.24,4074.35
2025-12-28,BKNG,153.41,26038999000.0,35.46,None,1.254,-146.6,,None,3148651000,3148651000,,,,,,,,,480000,53023000,None,694797000,694797000,281480000,None,37150000,643894000,None,None,28778000,,37.55,0.0069,,,,0.135,4.06,37548000,66326000,95.44,2014-12-31,20.58,3326474000,22652000000.0,267863000,35703000,-156277000,2334761000,2334761000,None,5075000,None,1,None,None,3850085000,None,3755653000,192729000,None,None,None,0.449,,231979000,35884000,332647000,600758000,None,103533000,None,,,,,1.084,34.95,6.77,,,,,,,,0.194,,198953000,2025-10-28,quarterly,99.5,USD,pre-market,None,6640505000,0.203,2.257,0.127,796.51,115457000,3887280000,37195000,1142182000,5232.22,5094.51,4.254,14940563000,5267374000,1379991000,6373540000,9673189000,4993549000,962660000,8567023000,35.46,-2737585000,5818.24,4074.35
2025-12-28,BKNG,153.41,26038999000.0,35.46,None,1.254,-146.6,,None,5043724000,5043724000,,,,,,,,,480000,53024000,None,694797000,694797000,525441000,None,None,843560000,None,None,28778000,,37.55,0.0069,,,,0.135,4.06,37548000,66326000,95.44,2014-09-30,20.58,3483144000,22652000000.0,267863000,35703000,-156277000,2175214000,2175214000,None,5075000,None,1,None,None,3888019000,None,1965182000,192729000,None,None,None,0.449,,231979000,35884000,223228000,609071000,None,107938000,None,,,,,1.084,34.95,6.77,,,,,,,,0.194,,203790000,2025-10-28,quarterly,99.5,USD,pre-market,None,6188674000,0.203,2.257,0.127,796.51,115457000,3925800000,37781000,1193353000,5232.22,5094.51,4.254,15184380000,7303865000,1589145000,6450493000,7880515000,4861348000,962660000,8733887000,35.46,-2232663000,5818.24,4074.35
2025-12-28,BKNG,153.41,26038999000.0,35.46,None,1.254,-146.6,,None,3503899000,3503899000,,,,,,,,,480000,52955000,None,694797000,694797000,340903000,None,None,841133000,None,None,28778000,,37.55,0.0069,,,,0.135,4.06,37548000,66326000,95.44,2014-06-30,20.58,1905551000,22652000000.0,267863000,35703000,-156277000,976946000,976946000,None,5075000,None,0,None,None,1765699000,None,None,192729000,None,None,None,0.449,,231979000,35884000,502920000,555716000,None,106858000,None,,,,,1.084,34.95,6.77,,,,,,,,0.194,,168681000,2025-10-28,quarterly,99.5,USD,pre-market,None,5126421000,0.203,2.257,0.127,796.51,115457000,1807015000,41316000,3660807000,5232.22,5094.51,4.254,11600323000,8508759000,1507245000,3774956000,3091564000,2267711000,962660000,7825367000,35.46,-2084533000,5818.24,4074.35
2025-12-28,BKNG,153.41,26038999000.0,35.46,None,1.254,-146.6,,None,1288150000,1288150000,,,,,,,,,478000,53018000,None,694797000,694797000,299411000,None,None,627160000,None,None,28778000,,37.55,0.0069,,,,0.135,4.06,37548000,66326000,95.44,2014-03-31,20.58,1771548000,22652000000.0,267863000,35703000,-156277000,998307000,998307000,None,5075000,None,1,None,None,1753160000,None,None,192729000,None,None,None,0.449,,231979000,35884000,518272000,561915000,None,81177000,None,,,,,1.084,34.95,6.77,,,,,,,,0.194,,149373000,2025-10-28,quarterly,99.5,USD,pre-market,None,4549970000,0.203,2.257,0.127,796.51,115457000,1855185000,97707000,5422358000,5232.22,5094.51,4.254,10813684000,7855940000,1430989000,3599957000,2957744000,2168968000,962660000,7213727000,35.46,-2083867000,5818.24,4074.35
2025-12-28,BKNG,153.41,26038999000.0,35.46,None,1.254,-146.6,,None,1289994000,1289994000,,,,,,,,,476000,52938000,None,694797000,694797000,247345000,None,None,535962000,None,None,28778000,,37.55,0.0069,,,,0.135,4.06,37548000,66326000,95.44,2013-12-31,20.58,1767912000,22652000000.0,267863000,35703000,-156277000,1019985000,1019985000,None,5075000,None,1,None,None,1750580000,None,None,192729000,None,None,None,0.449,,231979000,35884000,192265000,545342000,None,75981000,None,,,,,1.084,34.95,6.77,,,,,,,,0.194,,135053000,2025-10-28,quarterly,99.5,USD,pre-market,None,4218752000,0.203,2.257,0.127,796.51,115457000,1902511000,151931000,5462720000,5232.22,5094.51,4.254,10444460000,7480941000,1381745000,3526198000,2963519000,2144453000,962660000,6918262000,35.46,-1987207000,5818.24,4074.35
2025-12-28,BKNG,153.41,26038999000.0,35.46,None,1.254,-146.6,,None,1096094000,1096094000,,,,,,,,,468000,52984000,None,694797000,694797000,312896000,None,None,706234000,None,None,28778000,,37.55,0.0069,,,,0.135,4.06,37548000,66326000,95.44,2013-09-30,20.58,1761194000,22652000000.0,267863000,35703000,-156277000,1038863000,1038863000,None,5075000,None,1,None,None,1731027000,None,None,192729000,None,None,None,0.449,,231979000,35884000,199193000,544021000,None,83934000,None,,,,,1.084,34.95,6.77,,,,,,,,0.194,,119766000,2025-10-28,quarterly,99.5,USD,pre-market,None,3840675000,0.203,2.257,0.127,796.51,115457000,2306023000,538266000,5487526000,5232.22,5094.51,4.254,10445655000,7489047000,1825844000,4012303000,2956608000,2186459000,962660000,6433352000,35.46,-1943615000,5818.24,4074.35
2025-12-28,BKNG,153.41,26038999000.0,35.46,None,1.254,-146.6,,None,1762214000,1762214000,,,,,,,,,467000,52111000,None,694797000,694797000,316251000,None,None,649250000,None,None,28778000,,37.55,0.0069,,,,0.135,4.06,37548000,66326000,95.44,2013-06-30,20.58,1738346000,22652000000.0,267863000,35703000,-156277000,1052087000,1052087000,None,5075000,None,0,None,None,1762890000,None,None,192729000,None,None,None,0.449,,231979000,35884000,331826000,387336000,None,88088000,None,,,,,1.084,34.95,6.77,,,,,,,,0.194,,109141000,2025-10-28,quarterly,99.5,USD,pre-market,None,3007686000,0.203,2.257,0.127,796.51,115457000,2295096000,532206000,4182860000,5232.22,5094.51,4.254,9867371000,6926150000,1771437000,3966918000,2941221000,2195481000,962660000,5900453000,35.46,-1483892000,5818.24,4074.35
2025-12-28,BKNG,153.41,26038999000.0,35.46,None,1.254,-146.6,,None,1611210000,1611210000,,,,,,,,,452000,51353000,None,694797000,694797000,250546000,None,None,471807000,None,None,28778000,,37.55,0.0069,,,,0.135,4.06,37548000,66326000,95.44,2013-03-31,20.58,502295000,22652000000.0,267863000,35703000,-156277000,191135000,191135000,None,5075000,None,0,None,None,935997000,None,None,192729000,None,None,None,0.449,,231979000,35884000,377028000,425032000,None,90589000,None,,,,,1.084,34.95,6.77,,,,,,,,0.194,,92500000,2025-10-28,quarterly,99.5,USD,pre-market,None,2570114000,0.203,2.257,0.127,796.51,115457000,1462228000,526231000,3570407000,5232.22,5094.51,4.254,6855127000,6030452000,1605339000,2815524000,824675000,1210185000,962660000,4039603000,35.46,-1136987000,5818.24,4074.35
2025-12-28,BKNG,153.41,26038999000.0,35.46,None,1.254,-146.6,,None,1536349000,1536349000,,,,,,,,,450000,51241000,None,694797000,694797000,184648000,None,None,367512000,None,None,28778000,,37.55,0.0069,,,,0.135,4.06,37548000,66326000,95.44,2012-12-31,20.58,522672000,22652000000.0,267863000,35703000,-156277000,208113000,208113000,None,5075000,None,0,None,None,936651000,None,None,192729000,None,None,None,0.449,,231979000,35884000,131669000,387911000,None,68944000,None,,,,,1.084,34.95,6.77,,,,,,,,0.194,,89269000,2025-10-28,quarterly,99.5,USD,pre-market,None,2368611000,0.203,2.257,0.127,796.51,115457000,1456995000,520344000,3646845000,5232.22,5094.51,4.254,6569742000,5682375000,1461726000,2618112000,887367000,1156386000,962660000,3951630000,35.46,-1060607000,5818.24,4074.35
2025-12-28,BKNG,153.41,26038999000.0,35.46,None,1.254,-146.6,,None,898470000,898470000,,,,,,,,,450000,51185000,None,694797000,694797000,240176000,None,None,493777000,None,None,28778000,,37.55,0.0069,,,,0.135,4.06,37548000,66326000,95.44,2012-09-30,20.58,517721000,22652000000.0,267863000,35703000,-156277000,192488000,192488000,None,5075000,None,0,None,None,937266000,None,None,192729000,None,None,None,0.449,,231979000,35884000,203955000,720622000,None,47813000,None,,,,,1.084,34.95,6.77,,,,,,,,0.194,,81931000,2025-10-28,quarterly,99.5,USD,pre-market,None,2105386000,0.203,2.257,0.127,796.51,115457000,1451808000,514542000,3769527000,5232.22,5094.51,4.254,6217809000,5365729000,1475340000,2506724000,852080000,1031384000,962660000,3577864000,35.46,-1058983000,5818.24,4074.35
2025-12-28,BKNG,153.41,26038999000.0,35.46,None,1.254,-146.6,,None,812786000,812786000,,,,,,,,,450000,51226000,None,694797000,694797000,201203000,None,None,429520000,None,None,28778000,,37.55,0.0069,,,,0.135,4.06,37548000,66326000,95.44,2012-06-30,20.58,508331000,22652000000.0,267863000,35703000,-156277000,196037000,196037000,None,5075000,None,0,None,None,937841000,None,None,192729000,None,None,None,0.449,,231979000,35884000,206437000,656606000,None,41122000,None,,,,,1.084,34.95,6.77,,,,,,,,0.194,,78616000,2025-10-28,quarterly,99.5,USD,pre-market,None,1524615000,0.203,2.257,0.127,796.51,115457000,1446667000,508826000,3129556000,5232.22,5094.51,4.254,5428806000,4578299000,1366635000,2390835000,850507000,1024200000,962660000,2927787000,35.46,-1058754000,5818.24,4074.35
2025-12-28,BKNG,153.41,26038999000.0,35.46,None,1.254,-146.6,,None,1192075000,1192075000,,,,,,,,,449000,51347000,None,694797000,694797000,173984000,None,None,324562000,None,None,28778000,,37.55,0.0069,,,,0.135,4.06,37548000,66326000,95.44,2012-03-31,20.58,520769000,22652000000.0,267863000,35703000,-156277000,210918000,210918000,None,5075000,None,0,None,None,938377000,None,None,192729000,None,None,None,0.449,,231979000,35884000,259797000,613053000,None,43526000,None,,,,,1.084,34.95,6.77,,,,,,,,0.194,,73520000,2025-10-28,quarterly,99.5,USD,pre-market,None,1163494000,0.203,2.257,0.127,796.51,115457000,1441569000,503192000,2426628000,5232.22,5094.51,4.254,5092827000,4203062000,1290229000,2317852000,889765000,1027623000,962660000,2591659000,35.46,-1057811000,5818.24,4074.35
2025-12-28,BKNG,153.41,26038999000.0,35.46,None,1.254,-146.6,,None,632836000,632836000,,,,,,,,,446000,51211000,None,694797000,694797000,146867000,None,None,264453000,None,None,28778000,,37.55,0.0069,,,,0.135,4.06,37548000,66326000,95.44,2011-12-31,20.58,504784000,22652000000.0,267863000,35703000,-156277000,200151000,200151000,None,5075000,None,0,None,None,77360000,None,None,192729000,None,None,None,0.449,,231979000,35884000,144728000,424536000,None,39183000,None,,,,,1.084,34.95,6.77,,,,,,,,0.194,,64322000,2025-10-28,quarterly,99.5,USD,pre-market,None,1033738000,0.203,2.257,0.127,796.51,115457000,575000000,497640000,2024827000,5232.22,5094.51,4.254,3970671000,3066844000,1105798000,1269331000,903827000,163533000,962660000,2574295000,35.46,-803586000,5818.24,4074.35
2025-12-28,BKNG,153.41,26038999000.0,35.46,None,1.254,-146.6,,None,421166000,421166000,,,,,,,,,446000,51184000,None,694797000,694797000,169545000,None,None,345339000,None,None,28778000,,37.55,0.0069,,,,0.135,4.06,37548000,66326000,95.44,2011-09-30,20.58,510154000,22652000000.0,267863000,35703000,-156277000,210693000,210693000,None,5075000,None,0,None,None,82831000,None,None,192729000,None,None,None,0.449,,231979000,35884000,132005000,519547000,None,37119000,None,,,,,1.084,34.95,6.77,,,,,,,,0.194,,53843000,2025-10-28,quarterly,99.5,USD,pre-market,None,858438000,0.203,2.257,0.127,796.51,115457000,575000000,492169000,1983467000,5232.22,5094.51,4.254,3815573000,2881977000,1181261000,1348659000,933596000,167398000,962660000,2390299000,35.46,-802784000,5818.24,4074.35
2025-12-28,BKNG,153.41,26038999000.0,35.46,None,1.254,-146.6,,None,611249000,611249000,,,,,,,,,446000,51105000,None,694797000,694797000,127794000,None,None,321358000,None,None,28778000,,37.55,0.0069,,,,0.135,4.06,37548000,66326000,95.44,2011-06-30,20.58,529594000,22652000000.0,267863000,35703000,-156277000,228885000,228885000,None,5075000,None,0,None,None,88222000,None,None,192729000,None,None,None,0.449,,231979000,35884000,105659000,511621000,None,33858000,None,,,,,1.084,34.95,6.77,,,,,,,,0.194,,49346000,2025-10-28,quarterly,99.5,USD,pre-market,None,396528000,0.203,2.257,0.127,796.51,115457000,575000000,486778000,1338169000,5232.22,5094.51,4.254,3360075000,2376435000,1126193000,1302952000,983640000,176759000,962660000,1989627000,35.46,-799106000,5818.24,4074.35
2025-12-28,BKNG,153.41,26038999000.0,35.46,None,1.254,-146.6,,None,551074000,551074000,,,,,,,,,445000,51159000,None,694797000,694797000,115512000,None,None,221978000,None,None,28778000,,37.55,0.0069,,,,0.135,4.06,37548000,66326000,95.44,2011-03-31,20.58,525801000,22652000000.0,267863000,35703000,-156277000,234063000,234063000,None,5075000,None,0,None,None,93569000,None,None,192729000,None,None,None,0.449,,231979000,35884000,138106000,489540000,None,47209000,None,,,,,1.084,34.95,6.77,,,,,,,,0.194,,44386000,2025-10-28,quarterly,99.5,USD,pre-market,None,163545000,0.203,2.257,0.127,796.51,115457000,575213000,481644000,1194512000,5232.22,5094.51,4.254,3065351000,2105670000,1086696000,1283412000,959681000,196716000,962660000,1724401000,35.46,-797677000,5818.24,4074.35
2025-12-28,BKNG,153.41,26038999000.0,35.46,None,1.254,-146.6,,None,358967000,358967000,,,,,,,,,438000,50988000,None,694797000,694797000,90311000,None,None,162426000,None,None,28778000,,37.55,0.0069,,,,0.135,4.06,37548000,66326000,95.44,2010-12-31,20.58,510894000,22652000000.0,267863000,35703000,-156277000,232030000,232030000,None,5075000,None,0,None,None,476268000,None,None,192729000,None,None,None,0.449,,231979000,35884000,132820000,380682000,None,42990000,None,,,,,1.084,34.95,6.77,,,,,,,,0.194,,39739000,2025-10-28,quarterly,99.5,USD,pre-market,None,69110000,0.203,2.257,0.127,796.51,115457000,476443000,175000,1303251000,5232.22,5094.51,4.254,2905953000,1957464000,471168000,1046866000,948489000,575698000,962660000,1813336000,35.46,-640415000,5818.24,4074.35
2025-12-28,BKNG,153.41,26038999000.0,35.46,None,1.254,-146.6,,None,533121000,533121000,,,,,,,,,438000,50559000,None,694797000,694797000,112753000,None,None,248946000,None,None,28778000,,37.55,0.0069,,,,0.135,4.06,37548000,66326000,95.44,2010-09-30,20.58,453618000,22652000000.0,267863000,35703000,-156277000,243243000,243243000,None,5075000,None,0,None,None,471112000,None,None,192729000,None,None,None,0.449,,231979000,35884000,116043000,313736000,None,28481000,None,,,,,1.084,34.95,6.77,,,,,,,,0.194,,35905000,2025-10-28,quarterly,99.5,USD,pre-market,None,-62861000,0.203,2.257,0.127,796.51,115457000,471286000,174000,941948000,5232.22,5094.51,4.254,2746545000,1840058000,506329000,1065324000,906487000,558995000,962660000,1636999000,35.46,-636623000,5818.24,4074.35
2025-12-28,BKNG,153.41,26038999000.0,35.46,None,1.254,-146.6,,None,356035000,356035000,,,,,,,,,432000,50847000,None,694797000,694797000,119138000,None,None,208056000,None,None,28778000,,37.55,0.0069,,,,0.135,4.06,37548000,66326000,95.44,2010-06-30,20.58,426324000,22652000000.0,267863000,35703000,-156277000,236547000,236547000,None,5075000,None,0,None,None,474051000,None,None,192729000,None,None,None,0.449,,231979000,35884000,129421000,304657000,None,26894000,None,,,,,1.084,34.95,6.77,,,,,,,,0.194,,34988000,2025-10-28,quarterly,99.5,USD,pre-market,None,-285841000,0.203,2.257,0.127,796.51,115457000,516032000,41981000,864164000,5232.22,5094.51,4.254,2445739000,1557676000,465776000,1061255000,888063000,595479000,962660000,1384484000,35.46,-636393000,5818.24,4074.35
2025-12-28,BKNG,153.41,26038999000.0,35.46,None,1.254,-146.6,,None,348775000,348775000,,,,,,,,,424000,50862000,None,694797000,694797000,75256000,None,None,132497000,None,None,28778000,,37.55,0.0069,,,,0.135,4.06,37548000,66326000,95.44,2010-03-31,20.58,333531000,22652000000.0,267863000,35703000,-156277000,156832000,156832000,None,5075000,None,None,None,None,460978000,None,None,192729000,None,None,None,0.449,,231979000,35884000,108436000,190007000,None,None,None,,,,,1.084,34.95,6.77,,,,,,,,0.194,,30816000,2025-10-28,quarterly,99.5,USD,pre-market,None,-400798000,0.203,2.257,0.127,796.51,115457000,558453000,78329000,886893000,5232.22,5094.51,4.254,2201561000,1476601000,343592000,884933000,724960000,541341000,962660000,1316628000,35.46,-629902000,5818.24,4074.35
2025-12-28,BKNG,153.41,26038999000.0,35.46,None,1.254,-146.6,,None,202141000,202141000,,,,,,,,,405000,49522000,None,694797000,694797000,60568000,None,None,118659000,None,None,28778000,,37.55,0.0069,,,,0.135,4.06,37548000,66326000,95.44,2009-12-31,20.58,350630000,22652000000.0,267863000,35703000,-156277000,172080000,172080000,None,5075000,None,None,None,None,None,None,None,192729000,None,None,None,0.449,,231979000,35884000,104127000,127561000,None,None,None,,,,,1.084,34.95,6.77,,,,,,,,0.194,,30489000,2025-10-28,quarterly,99.5,USD,pre-market,None,-454673000,0.203,2.257,0.127,796.51,115457000,195863000,159878000,598014000,5232.22,5094.51,4.254,1834224000,1022941000,408765000,512595000,811283000,103830000,962660000,1321629000,35.46,-510970000,5818.24,4074.35
2025-12-28,BKNG,153.41,26038999000.0,35.46,None,1.254,-146.6,,None,362473000,362473000,,,,,,,,,391000,49670000,None,694797000,694797000,62995000,None,None,169864000,None,None,28778000,,37.55,0.0069,,,,0.135,4.06,37548000,66326000,95.44,2009-09-30,20.58,349981000,22652000000.0,267863000,35703000,-156277000,179794000,179794000,None,5075000,None,None,None,None,None,None,None,192729000,None,None,None,0.449,,231979000,35884000,61228000,193868000,None,None,None,,,,,1.084,34.95,6.77,,,,,,,,0.194,,29339000,2025-10-28,quarterly,99.5,USD,pre-market,None,-533128000,0.203,2.257,0.127,796.51,115457000,270938000,220725000,356793000,5232.22,5094.51,4.254,1797036000,950358000,477588000,595311000,846678000,117723000,962660000,1201725000,35.46,-507724000,5818.24,4074.35
2025-12-28,BKNG,153.41,26038999000.0,35.46,None,1.254,-146.6,,None,333449000,333449000,,,,,,,,,377000,48479000,None,694797000,694797000,77168000,None,None,150045000,None,None,28778000,,37.55,0.0069,,,,0.135,4.06,37548000,66326000,95.44,2009-06-30,20.58,347221000,22652000000.0,267863000,35703000,-156277000,183042000,183042000,None,5075000,None,None,None,None,None,None,None,192729000,None,None,None,0.449,,231979000,35884000,57382000,143692000,None,None,None,,,,,1.084,34.95,6.77,,,,,,,,0.194,,29669000,2025-10-28,quarterly,99.5,USD,pre-market,None,-852111000,0.203,2.257,0.127,796.51,115457000,356480000,297878000,256119000,5232.22,5094.51,4.254,1492337000,796995000,518738000,644885000,695342000,126147000,962660000,847452000,35.46,-506793000,5818.24,4074.35
2025-12-28,BKNG,153.41,26038999000.0,35.46,None,1.254,-146.6,,None,291260000,291260000,,,,,,,,,373000,47013000,None,694797000,694797000,77832000,None,None,104747000,None,None,28778000,,37.55,0.0069,,,,0.135,4.06,37548000,66326000,95.44,2009-03-31,20.58,321122000,22652000000.0,267863000,35703000,-156277000,174886000,174886000,None,5075000,None,None,None,None,None,None,None,192729000,None,None,None,0.449,,231979000,35884000,44584000,110066000,None,None,None,,,,,1.084,34.95,6.77,,,,,,,,0.194,,28560000,2025-10-28,quarterly,99.5,USD,pre-market,None,-919122000,0.203,2.257,0.127,796.51,115457000,372480000,306412000,205794000,5232.22,5094.51,4.254,1328028000,646385000,494310000,623361000,681643000,129051000,962660000,704667000,35.46,-506662000,5818.24,4074.35
2025-12-28,BKNG,153.41,26038999000.0,35.46,None,1.254,-146.6,,None,364550000,364550000,,,,,,,,,367000,48671000,None,694797000,694797000,46290000,None,None,92328000,None,None,28778000,,37.55,0.0069,,,,0.135,4.06,37548000,66326000,95.44,2008-12-31,20.58,326863000,22652000000.0,267863000,35703000,-156277000,193231000,193231000,None,5075000,None,None,None,None,None,None,None,192729000,None,None,None,0.449,,231979000,35884000,38133000,152788000,None,None,None,,,,,1.084,34.95,6.77,,,,,,,,0.194,,29404000,2025-10-28,quarterly,99.5,USD,pre-market,None,-913033000,0.203,2.257,0.127,796.51,115457000,392985000,317910000,98888000,5232.22,5094.51,4.254,1343977000,623839000,546652000,613595000,720138000,66943000,962660000,730382000,35.46,-493555000,5818.24,4074.35
2025-12-28,BKNG,153.41,26038999000.0,35.46,None,1.254,-146.6,,None,413386000,413386000,,,,,,,,,362000,48656000,None,694797000,694797000,65802000,None,None,138875000,None,None,28778000,,37.55,0.0069,,,,0.135,4.06,37548000,66326000,95.44,2008-09-30,20.58,353407000,22652000000.0,267863000,35703000,-156277000,213392000,213392000,None,5075000,None,None,None,None,None,None,None,192729000,None,None,None,0.449,,231979000,35884000,48061000,123148000,None,None,None,,,,,1.084,34.95,6.77,,,,,,,,0.194,,28450000,2025-10-28,quarterly,99.5,USD,pre-market,None,-946288000,0.203,2.257,0.127,796.51,115457000,467519000,467519000,38850000,5232.22,5094.51,4.254,1456113000,639172000,656469000,727693000,816941000,71224000,962660000,728420000,35.46,-493442000,5818.24,4074.35
2025-12-28,BKNG,153.41,26038999000.0,35.46,None,1.254,-146.6,,None,471068000,471068000,,,,,,,,,355000,49948000,None,694797000,694797000,78356000,None,None,132523000,None,None,28778000,,37.55,0.0069,,,,0.135,4.06,37548000,66326000,95.44,2008-06-30,20.58,311200000,22652000000.0,267863000,35703000,-156277000,192555000,192555000,None,5075000,None,None,None,None,None,None,None,192729000,None,None,None,0.449,,231979000,35884000,39441000,114009000,None,None,None,,,,,1.084,34.95,6.77,,,,,,,,0.194,,27534000,2025-10-28,quarterly,99.5,USD,pre-market,None,-1034256000,0.203,2.257,0.127,796.51,115457000,520076000,520076000,80153000,5232.22,5094.51,4.254,1491546000,723185000,712441000,778125000,768361000,65684000,962660000,696416000,35.46,-492511000,5818.24,4074.35
2025-12-28,BKNG,153.41,26038999000.0,35.46,None,1.254,-146.6,,None,508235000,508235000,,,,,,,,,347000,49134000,None,694797000,694797000,68934000,None,None,97261000,None,None,28778000,,37.55,0.0069,,,,0.135,4.06,37548000,66326000,95.44,2008-03-31,20.58,295332000,22652000000.0,267863000,35703000,-156277000,182841000,182841000,None,5075000,None,None,None,None,None,None,None,192729000,None,None,None,0.449,,231979000,35884000,36676000,79894000,None,None,None,,,,,1.084,34.95,6.77,,,,,,,,0.194,,26885000,2025-10-28,quarterly,99.5,USD,pre-market,None,-1088352000,0.203,2.257,0.127,796.51,115457000,570077000,570077000,41426000,5232.22,5094.51,4.254,1428191000,683598000,718905000,779650000,744593000,60745000,962660000,628985000,35.46,-492379000,5818.24,4074.35
2025-12-28,BKNG,153.41,26038999000.0,35.46,None,1.254,-146.6,,None,385359000,385359000,,,,,,,,,346000,45504000,None,694797000,694797000,47708000,None,None,70712000,None,None,28778000,,37.55,0.0069,,,,0.135,4.06,37548000,66326000,95.44,2007-12-31,20.58,287159000,22652000000.0,267863000,35703000,-156277000,182748000,182748000,None,5075000,None,None,None,None,None,None,None,192729000,None,None,None,0.449,,231979000,35884000,34430000,59589000,None,None,None,,,,,1.084,34.95,6.77,,,,,,,,0.194,,27088000,2025-10-28,quarterly,99.5,USD,pre-market,None,-1106506000,0.203,2.257,0.127,796.51,115457000,569796000,569796000,122499000,5232.22,5094.51,4.254,1350856000,613000000,694843000,754713000,737856000,59870000,962660000,579107000,35.46,-489106000,5818.24,4074.35
2025-12-28,BKNG,153.41,26038999000.0,35.46,None,1.254,-146.6,,None,423508000,423508000,,,,,,,,,345000,45924000,None,694797000,694797000,59359000,None,None,103558000,None,None,28778000,,37.55,0.0069,,,,0.135,4.06,37548000,66326000,95.44,2007-09-30,20.58,270807000,22652000000.0,267863000,35703000,-156277000,182438000,182438000,None,5075000,None,None,None,None,None,None,None,192729000,None,None,None,0.449,,231979000,35884000,29708000,132246000,None,None,None,,,,,1.084,34.95,6.77,,,,,,,,0.194,,25056000,2025-10-28,quarterly,99.5,USD,pre-market,None,-1139368000,0.203,2.257,0.127,796.51,115457000,569453000,569453000,73048000,5232.22,5094.51,4.254,1370709000,629822000,761058000,820719000,740887000,59661000,962660000,534863000,35.46,-488691000,5818.24,4074.35
2025-12-28,BKNG,153.41,26038999000.0,35.46,None,1.254,-146.6,,None,426521000,426521000,,,,,,,,,343000,43667000,None,694797000,694797000,58999000,None,None,76831000,None,None,28778000,,37.55,0.0069,,,,0.135,4.06,37548000,66326000,95.44,2007-06-30,20.58,236612000,22652000000.0,267863000,35703000,-156277000,152241000,152241000,None,5075000,None,None,None,None,None,None,None,192729000,None,None,None,0.449,,231979000,35884000,26610000,60792000,None,None,None,,,,,1.084,34.95,6.77,,,,,,,,0.194,,22137000,2025-10-28,quarterly,99.5,USD,pre-market,None,-1243732000,0.203,2.257,0.127,796.51,115457000,569161000,569161000,22410000,5232.22,5094.51,4.254,1167664000,552372000,688952000,741236000,615292000,52284000,962660000,405202000,35.46,-488098000,5818.24,4074.35
2025-12-28,BKNG,153.41,26038999000.0,35.46,None,1.254,-146.6,,None,454988000,454988000,,,,,,,,,342000,37191000,None,694797000,694797000,57906000,None,None,52134000,None,None,28778000,,37.55,0.0069,,,,0.135,4.06,37548000,66326000,95.44,2007-03-31,20.58,228354000,22652000000.0,267863000,35703000,-156277000,148261000,148261000,None,5075000,None,None,None,None,None,None,None,192729000,None,None,None,0.449,,231979000,35884000,48631000,105302000,None,None,None,,,,,1.084,34.95,6.77,,,,,,,,0.194,,21400000,2025-10-28,quarterly,99.5,USD,pre-market,None,-1278304000,0.203,2.257,0.127,796.51,115457000,568980000,568980000,7983000,5232.22,5094.51,4.254,1165739000,555753000,732188000,782814000,609986000,50626000,962660000,359707000,35.46,-487893000,5818.24,4074.35
2025-12-28,BKNG,153.41,26038999000.0,35.46,None,1.254,-146.6,,None,423577000,423577000,,,,,,,,,331000,44722000,None,694797000,694797000,49032000,None,None,48536000,None,None,28778000,,37.55,0.0069,,,,0.135,4.06,37548000,66326000,95.44,2006-12-31,20.58,226707000,22652000000.0,267863000,35703000,-156277000,152925000,152925000,None,5075000,None,None,None,None,568865000,None,None,192729000,None,None,None,0.449,,231979000,35884000,22993000,51640000,None,None,None,,,,,1.084,34.95,6.77,,,,,,,,0.194,,21691000,2025-10-28,quarterly,99.5,USD,pre-market,None,-1262033000,0.203,2.257,0.127,796.51,115457000,568865000,None,7983000,5232.22,5094.51,4.254,1105648000,503089000,100672000,734606000,602559000,633934000,962660000,348556000,35.46,-486468000,5818.24,4074.35
2025-12-28,BKNG,153.41,26038999000.0,35.46,None,1.254,-146.6,,None,308670000,308670000,,,,,,,,,329000,46385000,None,694797000,694797000,53806000,None,None,58577000,None,None,28778000,,37.55,0.0069,,,,0.135,4.06,37548000,66326000,95.44,2006-09-30,20.58,218813000,22652000000.0,267863000,35703000,-156277000,153114000,153114000,None,5075000,None,None,None,None,523718000,None,None,192729000,None,None,None,0.449,,231979000,35884000,37697000,50534000,None,None,None,,,,,1.084,34.95,6.77,,,,,,,,0.194,,20738000,2025-10-28,quarterly,99.5,USD,pre-market,None,-1275265000,0.203,2.257,0.127,796.51,115457000,523718000,None,32686000,5232.22,5094.51,4.254,1034534000,437630000,104340000,696774000,596904000,592434000,962660000,317050000,35.46,-486253000,5818.24,4074.35
2025-12-28,BKNG,153.41,26038999000.0,35.46,None,1.254,-146.6,,None,118771000,118771000,,,,,,,,,327000,46993000,None,694797000,694797000,56402000,None,None,53025000,None,None,28778000,,37.55,0.0069,,,,0.135,4.06,37548000,66326000,95.44,2006-06-30,20.58,213846000,22652000000.0,267863000,35703000,-156277000,149270000,149270000,None,5075000,None,None,None,None,223261000,None,None,192729000,None,None,None,0.449,,231979000,35884000,42335000,47328000,None,None,None,,,,,1.084,34.95,6.77,,,,,,,,0.194,,20004000,2025-10-28,quarterly,99.5,USD,pre-market,None,-1323019000,0.203,2.257,0.127,796.51,115457000,223261000,None,72722000,5232.22,5094.51,4.254,828177000,286853000,103730000,394052000,541324000,290322000,962660000,408495000,35.46,-356307000,5818.24,4074.35
2025-12-28,BKNG,153.41,26038999000.0,35.46,None,1.254,-146.6,,None,81907000,81907000,,,,,,,,,325000,39380000,None,694797000,694797000,49387000,None,None,33821000,None,None,28778000,,37.55,0.0069,,,,0.135,4.06,37548000,66326000,95.44,2006-03-31,20.58,201339000,22652000000.0,267863000,35703000,-156277000,146462000,146462000,None,5075000,None,None,None,None,223216000,None,None,192729000,None,None,None,0.449,,231979000,35884000,42558000,38861000,None,None,None,,,,,1.084,34.95,6.77,,,,,,,,0.194,,18034000,2025-10-28,quarterly,99.5,USD,pre-market,None,-1335536000,0.203,2.257,0.127,796.51,115457000,223216000,None,85546000,5232.22,5094.51,4.254,773432000,243832000,88248000,377280000,529600000,289032000,962660000,371949000,35.46,-356244000,5818.24,4074.35
2025-12-28,BKNG,153.41,26038999000.0,35.46,None,1.254,-146.6,,None,80341000,80341000,,,,,,,,,323000,46436000,None,694797000,694797000,37851000,None,None,30043000,None,None,28778000,,37.55,0.0069,,,,0.135,4.06,37548000,66326000,95.44,2005-12-31,20.58,198417000,22652000000.0,267863000,35703000,-156277000,348092000,348092000,None,5075000,None,None,None,None,223549000,None,None,192729000,None,None,None,0.449,,231979000,35884000,40553000,33164000,None,None,None,,,,,1.084,34.95,6.77,,,,,,,,0.194,,18271000,2025-10-28,quarterly,99.5,USD,pre-market,None,-1334572000,0.203,2.257,0.127,796.51,115457000,223549000,None,72745000,5232.22,5094.51,4.254,754028000,223682000,71015000,361298000,530346000,290283000,962660000,369071000,35.46,-350628000,5818.24,4074.35
2025-12-28,BKNG,153.41,26038999000.0,35.46,None,1.254,-146.6,,None,100089000,100089000,,,,,,,,,321000,46485000,None,694797000,694797000,48922000,None,None,36200000,None,None,28778000,,37.55,0.0069,,,,0.135,4.06,37548000,66326000,95.44,2005-09-30,20.58,202469000,22652000000.0,267863000,35703000,-156277000,361374000,361374000,None,5075000,None,None,None,None,223562000,None,None,192729000,None,None,None,0.449,,231979000,35884000,41671000,39169000,None,None,None,,,,,1.084,34.95,6.77,,,,,,,,0.194,,17706000,2025-10-28,quarterly,99.5,USD,pre-market,None,-1338362000,0.203,2.257,0.127,796.51,115457000,223562000,None,52881000,5232.22,5094.51,4.254,775831000,230841000,88091000,372799000,544990000,284708000,962660000,379116000,35.46,-350628000,5818.24,4074.35
2025-12-28,BKNG,153.41,26038999000.0,35.46,None,1.254,-146.6,,483000000,16164000000,16164000000,,,,,,,,,None,34064000,None,694797000,694797000,3824000000,None,1745000000,3199000000,None,None,28778000,,37.55,0.0069,,,,0.135,4.06,37548000,66326000,95.44,2024-12-31,20.58,2799000000,22652000000.0,267863000,35703000,-156277000,1382000000,1382000000,None,5075000,None,None,None,None,14853000000,None,536000000,192729000,None,None,None,0.449,,231979000,35884000,1128000000,6047000000,None,199000000,None,,,,,1.084,34.95,6.77,,,,,,,,0.194,,None,2025-10-28,annual,99.5,USD,pre-market,None,36525000000,0.203,2.257,0.127,796.51,115457000,17081000000,1745000000,0,5232.22,5094.51,4.254,27708000000,20491000000,15647000000,31728000000,7217000000,16081000000,962660000,-4020000000,35.46,None,5818.24,4074.35
2025-12-28,BKNG,153.41,26038999000.0,35.46,None,1.254,-146.6,,599000000,12107000000,12107000000,,,,,,,,,None,36530000,None,694797000,694797000,3374000000,None,1961000000,3253000000,None,None,28778000,,37.55,0.0069,,,,0.135,4.06,37548000,66326000,95.44,2023-12-31,20.58,2826000000,22652000000.0,267863000,35703000,-156277000,1613000000,1613000000,None,5075000,None,-644000000,None,None,12223000000,None,440000000,192729000,None,None,None,0.449,,231979000,35884000,1098000000,3741000000,None,161000000,None,,,,,1.084,34.95,6.77,,,,,,,,0.194,,None,2025-10-28,annual,99.5,USD,pre-market,None,31830000000,0.203,2.257,0.127,796.51,115457000,14783000000,1961000000,576000000,5232.22,5094.51,4.254,24342000000,17034000000,13330000000,27086000000,7308000000,13756000000,962660000,-2744000000,35.46,None,5818.24,4074.35
2025-12-28,BKNG,153.41,26038999000.0,35.46,None,1.254,-146.6,,552000000,12221000000,12221000000,,,,,,,,,None,40052000,None,694797000,694797000,2507000000,None,500000000,2229000000,None,None,28778000,,37.55,0.0069,,,,0.135,4.06,37548000,66326000,95.44,2022-12-31,20.58,2807000000,22652000000.0,267863000,35703000,-156277000,1829000000,1829000000,None,5075000,None,477000000,None,None,11985000000,None,2789000000,192729000,None,None,None,0.449,,231979000,35884000,1143000000,2364000000,None,172000000,None,,,,,1.084,34.95,6.77,,,,,,,,0.194,,669000000,2025-10-28,annual,99.5,USD,pre-market,None,27541000000,0.203,2.257,0.127,796.51,115457000,13037000000,500000000,175000000,5232.22,5094.51,4.254,25361000000,15798000000,8474000000,22579000000,9563000000,14105000000,962660000,2782000000,35.46,-30983000000,5818.24,4074.35
2025-12-28,BKNG,153.41,26038999000.0,35.46,None,1.254,-146.6,,351000000,11127000000,11127000000,,,,,,,,,None,41362000,None,694797000,694797000,1586000000,None,1989000000,1358000000,None,None,28778000,,37.55,0.0069,,,,0.135,4.06,37548000,66326000,95.44,2021-12-31,20.58,2887000000,22652000000.0,267863000,35703000,-156277000,2057000000,2057000000,None,5075000,None,404000000,None,None,8937000000,None,3175000000,192729000,None,None,None,0.449,,231979000,35884000,635000000,1765000000,None,1375000000,None,,,,,1.084,34.95,6.77,,,,,,,,0.194,,822000000,2025-10-28,annual,99.5,USD,pre-market,None,24453000000,0.203,2.257,0.127,796.51,115457000,11277000000,1989000000,25000000,5232.22,5094.51,4.254,23641000000,13145000000,6246000000,17463000000,10496000000,11217000000,962660000,6178000000,35.46,-24290000000,5818.24,4074.35
2025-12-28,BKNG,153.41,26038999000.0,35.46,None,1.254,-146.6,,366000000,10562000000,10562000000,,,,,,,,,None,41160000,None,694797000,694797000,735000000,None,985000000,529000000,None,None,28778000,,37.55,0.0069,,,,0.135,4.06,37548000,66326000,95.44,2020-12-31,20.58,1895000000,22652000000.0,267863000,35703000,-156277000,1812000000,1812000000,None,5075000,None,337000000,None,None,11029000000,None,3759000000,192729000,None,None,None,0.449,,231979000,35884000,614000000,1382000000,None,1400000000,None,,,,,1.084,34.95,6.77,,,,,,,,0.194,,756000000,2025-10-28,annual,99.5,USD,pre-market,None,23288000000,0.203,2.257,0.127,796.51,115457000,12380000000,985000000,501000000,5232.22,5094.51,4.254,21874000000,12206000000,3425000000,16981000000,9668000000,13556000000,962660000,4893000000,35.46,-24128000000,5818.24,4074.35
2025-12-28,BKNG,153.41,26038999000.0,35.46,None,1.254,-146.6,,462000000,6312000000,6312000000,,,,,,,,,None,43509000,None,694797000,694797000,1239000000,None,988000000,1680000000,None,None,28778000,,37.55,0.0069,,,,0.135,4.06,37548000,66326000,95.44,2019-12-31,20.58,2913000000,22652000000.0,267863000,35703000,-156277000,1954000000,1954000000,None,5075000,None,None,None,None,7640000000,None,4477000000,192729000,None,None,None,0.449,,231979000,35884000,843000000,1578000000,None,1587000000,None,,,,,1.084,34.95,6.77,,,,,,,,0.194,,738000000,2025-10-28,annual,99.5,USD,pre-market,None,23232000000,0.203,2.257,0.127,796.51,115457000,9090000000,988000000,998000000,5232.22,5094.51,4.254,21402000000,9833000000,5366000000,15469000000,11569000000,10103000000,962660000,5933000000,35.46,-22864000000,5818.24,4074.35
2025-12-28,BKNG,153.41,26038999000.0,35.46,None,1.254,-146.6,,None,2624000000,2624000000,,,,,,,,,None,48017000,None,694797000,694797000,1134000000,None,None,1523000000,None,None,28778000,,37.55,0.0069,,,,0.135,4.06,37548000,66326000,95.44,2018-12-31,20.58,2910000000,22652000000.0,267863000,35703000,-156277000,2125000000,2125000000,None,5075000,None,None,None,None,8649000000,None,8408000000,192729000,None,None,None,0.449,,231979000,35884000,600000000,1399000000,None,1328000000,None,,,,,1.084,34.95,6.77,,,,,,,,0.194,,656000000,2025-10-28,annual,99.5,USD,pre-market,None,18367000000,0.203,2.257,0.127,796.51,115457000,8674000000,25000000,3660000000,5232.22,5094.51,4.254,22687000000,8407000000,3555000000,13902000000,14280000000,10347000000,962660000,8785000000,35.46,-14711000000,5818.24,4074.35
2025-12-28,BKNG,153.41,26038999000.0,35.46,None,1.254,-146.6,,None,2541604000,2541604000,,,,,,,,,487000,49954000,None,694797000,694797000,667523000,None,710910000,1217801000,None,None,28778000,,37.55,0.0069,,,,0.135,4.06,37548000,66326000,95.44,2017-12-31,20.58,2737671000,22652000000.0,267863000,35703000,-156277000,2176823000,2176823000,None,5075000,None,0,None,None,8812751000,None,10421600000,192729000,None,None,None,0.449,,231979000,35884000,415527000,1138980000,None,1398907000,None,,,,,1.084,34.95,6.77,,,,,,,,0.194,,480081000,2025-10-28,annual,99.5,USD,pre-market,None,13938869000,0.203,2.257,0.127,796.51,115457000,9523661000,710910000,4859873000,5232.22,5094.51,4.254,25451263000,9034805000,3497868000,14187702000,16416458000,10689834000,962660000,11263561000,35.46,-8698829000,5818.24,4074.35
2025-12-28,BKNG,153.41,26038999000.0,35.46,None,1.254,-146.6,,None,2081075000,2081075000,,,,,,,,,485000,50063000,None,694797000,694797000,419108000,None,967734000,860115000,None,None,28778000,,37.55,0.0069,,,,0.135,4.06,37548000,66326000,95.44,2016-12-31,20.58,2396906000,22652000000.0,267863000,35703000,-156277000,1993885000,1993885000,None,5075000,None,0,None,None,6199060000,None,9591067000,192729000,None,None,None,0.449,,231979000,35884000,241449000,857467000,None,138767000,None,,,,,1.084,34.95,6.77,,,,,,,,0.194,,347017000,2025-10-28,annual,99.5,USD,pre-market,None,11326852000,0.203,2.257,0.127,796.51,115457000,7166794000,967734000,2218880000,5232.22,5094.51,4.254,19838973000,5401519000,2858670000,9990293000,14437454000,7131623000,962660000,9848680000,35.46,-6855164000,5818.24,4074.35
2025-12-28,BKNG,153.41,26038999000.0,35.46,None,1.254,-146.6,,None,1477265000,1477265000,,,,,,,,,482000,51593000,None,694797000,694797000,322842000,None,6158443000,645169000,None,None,28778000,,37.55,0.0069,,,,0.135,4.06,37548000,66326000,95.44,2015-12-31,20.58,3375000000,22652000000.0,267863000,35703000,-156277000,2167533000,2167533000,None,5075000,None,1,None,None,6158443000,None,7931363000,192729000,None,None,None,0.449,,231979000,35884000,259557000,681587000,None,134777000,None,,,,,1.084,34.95,6.77,,,,,,,,0.194,,274786000,2025-10-28,annual,99.5,USD,pre-market,None,9191865000,0.203,2.257,0.127,796.51,115457000,6158443000,6158443000,1171246000,5232.22,5094.51,4.254,17420575000,3553237000,1439310000,8625106000,13867338000,7185796000,962660000,8795469000,35.46,-5826640000,5818.24,4074.35
2025-12-28,BKNG,153.41,26038999000.0,35.46,None,1.254,-146.6,,None,3148651000,3148651000,,,,,,,,,480000,53023000,None,694797000,694797000,281480000,None,37150000,643894000,None,None,28778000,,37.55,0.0069,,,,0.135,4.06,37548000,66326000,95.44,2014-12-31,20.58,3326474000,22652000000.0,267863000,35703000,-156277000,2334761000,2334761000,None,5075000,None,1,None,None,3850085000,None,3755653000,192729000,None,None,None,0.449,,231979000,35884000,332647000,600758000,None,103533000,None,,,,,1.084,34.95,6.77,,,,,,,,0.194,,198953000,2025-10-28,annual,99.5,USD,pre-market,None,6640505000,0.203,2.257,0.127,796.51,115457000,3887280000,37195000,1142182000,5232.22,5094.51,4.254,14940563000,5267374000,1379991000,6373540000,9673189000,4993549000,962660000,8567023000,35.46,-2737585000,5818.24,4074.35
2025-12-28,BKNG,153.41,26038999000.0,35.46,None,1.254,-146.6,,None,1289994000,1289994000,,,,,,,,,476000,52413000,None,694797000,694797000,247345000,None,None,535962000,None,None,28778000,,37.55,0.0069,,,,0.135,4.06,37548000,66326000,95.44,2013-12-31,20.58,1767912000,22652000000.0,267863000,35703000,-156277000,1019985000,1019985000,None,5075000,None,1,None,None,1750580000,None,None,192729000,None,None,None,0.449,,231979000,35884000,192265000,545342000,None,75981000,None,,,,,1.084,34.95,6.77,,,,,,,,0.194,,135053000,2025-10-28,annual,99.5,USD,pre-market,None,4218752000,0.203,2.257,0.127,796.51,115457000,1902511000,151931000,5462720000,5232.22,5094.51,4.254,10444460000,7480941000,1381745000,3526198000,2963519000,2144453000,962660000,6918262000,35.46,-1987207000,5818.24,4074.35
2025-12-28,BKNG,153.41,26038999000.0,35.46,None,1.254,-146.6,,None,1536349000,1536349000,,,,,,,,,450000,51326000,None,694797000,694797000,184648000,None,None,367512000,None,None,28778000,,37.55,0.0069,,,,0.135,4.06,37548000,66326000,95.44,2012-12-31,20.58,522672000,22652000000.0,267863000,35703000,-156277000,208113000,208113000,None,5075000,None,0,None,None,936651000,None,None,192729000,None,None,None,0.449,,231979000,35884000,131669000,387911000,None,68944000,None,,,,,1.084,34.95,6.77,,,,,,,,0.194,,89269000,2025-10-28,annual,99.5,USD,pre-market,None,2368611000,0.203,2.257,0.127,796.51,115457000,1456995000,520344000,3646845000,5232.22,5094.51,4.254,6569742000,5682375000,1461726000,2618112000,887367000,1156386000,962660000,3951630000,35.46,-1060607000,5818.24,4074.35
2025-12-28,BKNG,153.41,26038999000.0,35.46,None,1.254,-146.6,,None,632836000,632836000,,,,,,,,,446000,51211000,None,694797000,694797000,146867000,None,None,264453000,None,None,28778000,,37.55,0.0069,,,,0.135,4.06,37548000,66326000,95.44,2011-12-31,20.58,504784000,22652000000.0,267863000,35703000,-156277000,200151000,200151000,None,5075000,None,0,None,None,77360000,None,None,192729000,None,None,None,0.449,,231979000,35884000,144728000,461291000,None,39183000,None,,,,,1.084,34.95,6.77,,,,,,,,0.194,,64322000,2025-10-28,annual,99.5,USD,pre-market,None,1033738000,0.203,2.257,0.127,796.51,115457000,575000000,497640000,2024827000,5232.22,5094.51,4.254,3970671000,3066844000,1105798000,1269331000,903827000,163533000,962660000,2574295000,35.46,-803586000,5818.24,4074.35
2025-12-28,BKNG,153.41,26038999000.0,35.46,None,1.254,-146.6,,None,358967000,358967000,,,,,,,,,438000,50988000,None,694797000,694797000,90311000,None,None,162426000,None,None,28778000,,37.55,0.0069,,,,0.135,4.06,37548000,66326000,95.44,2010-12-31,20.58,510894000,22652000000.0,267863000,35703000,-156277000,232030000,232030000,None,5075000,None,0,None,None,476268000,None,None,192729000,None,None,None,0.449,,231979000,35884000,132820000,380682000,None,42990000,None,,,,,1.084,34.95,6.77,,,,,,,,0.194,,39739000,2025-10-28,annual,99.5,USD,pre-market,None,69110000,0.203,2.257,0.127,796.51,115457000,476443000,175000,1303251000,5232.22,5094.51,4.254,2905953000,1957464000,471168000,1046866000,948489000,575698000,962660000,1813336000,35.46,-640415000,5818.24,4074.35
2025-12-28,BKNG,153.41,26038999000.0,35.46,None,1.254,-146.6,,None,202141000,202141000,,,,,,,,,405000,49522000,None,694797000,694797000,60568000,None,None,118659000,None,None,28778000,,37.55,0.0069,,,,0.135,4.06,37548000,66326000,95.44,2009-12-31,20.58,350630000,22652000000.0,267863000,35703000,-156277000,172080000,172080000,None,5075000,None,None,None,None,None,None,None,192729000,None,None,None,0.449,,231979000,35884000,104127000,127561000,None,None,None,,,,,1.084,34.95,6.77,,,,,,,,0.194,,30489000,2025-10-28,annual,99.5,USD,pre-market,None,-454673000,0.203,2.257,0.127,796.51,115457000,195863000,159878000,598014000,5232.22,5094.51,4.254,1834224000,1022941000,408765000,512595000,811283000,103830000,962660000,1321629000,35.46,-510970000,5818.24,4074.35
2025-12-28,BKNG,153.41,26038999000.0,35.46,None,1.254,-146.6,,None,364550000,364550000,,,,,,,,,367000,48671000,None,694797000,694797000,46290000,None,None,92328000,None,None,28778000,,37.55,0.0069,,,,0.135,4.06,37548000,66326000,95.44,2008-12-31,20.58,326863000,22652000000.0,267863000,35703000,-156277000,193231000,193231000,None,5075000,None,None,None,None,None,None,None,192729000,None,None,None,0.449,,231979000,35884000,38133000,152788000,None,None,None,,,,,1.084,34.95,6.77,,,,,,,,0.194,,29404000,2025-10-28,annual,99.5,USD,pre-market,None,-913033000,0.203,2.257,0.127,796.51,115457000,392985000,317910000,98888000,5232.22,5094.51,4.254,1343977000,623839000,546652000,613595000,720138000,66943000,962660000,730382000,35.46,-493555000,5818.24,4074.35
2025-12-28,BKNG,153.41,26038999000.0,35.46,None,1.254,-146.6,,None,385359000,385359000,,,,,,,,,346000,45504000,None,694797000,694797000,47708000,None,None,70712000,None,None,28778000,,37.55,0.0069,,,,0.135,4.06,37548000,66326000,95.44,2007-12-31,20.58,287159000,22652000000.0,267863000,35703000,-156277000,182748000,182748000,None,5075000,None,None,None,None,None,None,None,192729000,None,None,None,0.449,,231979000,35884000,34430000,59589000,None,None,None,,,,,1.084,34.95,6.77,,,,,,,,0.194,,27088000,2025-10-28,annual,99.5,USD,pre-market,None,-1106506000,0.203,2.257,0.127,796.51,115457000,569796000,569796000,122499000,5232.22,5094.51,4.254,1350856000,613000000,694843000,754713000,737856000,59870000,962660000,579107000,35.46,-489106000,5818.24,4074.35
2025-12-28,BKNG,153.41,26038999000.0,35.46,None,1.254,-146.6,,None,423577000,423577000,,,,,,,,,331000,44722000,None,694797000,694797000,49032000,None,None,48536000,None,None,28778000,,37.55,0.0069,,,,0.135,4.06,37548000,66326000,95.44,2006-12-31,20.58,226707000,22652000000.0,267863000,35703000,-156277000,152925000,152925000,None,5075000,None,None,None,None,568865000,None,None,192729000,None,None,None,0.449,,231979000,35884000,22993000,51640000,None,None,None,,,,,1.084,34.95,6.77,,,,,,,,0.194,,21691000,2025-10-28,annual,99.5,USD,pre-market,None,-1262033000,0.203,2.257,0.127,796.51,115457000,568865000,None,7983000,5232.22,5094.51,4.254,1105648000,503089000,100672000,734606000,602559000,633934000,962660000,348556000,35.46,-486468000,5818.24,4074.35
2025-12-28,BKNG,153.41,26038999000.0,35.46,None,1.254,-146.6,,None,80341000,80341000,,,,,,,,,323000,46436000,None,694797000,694797000,37851000,None,None,30043000,None,None,28778000,,37.55,0.0069,,,,0.135,4.06,37548000,66326000,95.44,2005-12-31,20.58,198417000,22652000000.0,267863000,35703000,-156277000,149675000,149675000,None,5075000,None,None,None,None,223549000,None,None,192729000,None,None,None,0.449,,231979000,35884000,40553000,33164000,None,None,None,,,,,1.084,34.95,6.77,,,,,,,,0.194,,18271000,2025-10-28,annual,99.5,USD,pre-market,None,-1334572000,0.203,2.257,0.127,796.51,115457000,223549000,None,72745000,5232.22,5094.51,4.254,754028000,223682000,71015000,361298000,530346000,290283000,962660000,369071000,35.46,-350628000,5818.24,4074.35
2025-12-28,BKNG,153.41,26038999000.0,35.46,None,1.254,-146.6,64000000,None,80341000,80341000,-2484000000,-63000000,None,None,None,None,None,None,323000,46436000,None,694797000,694797000,37851000,None,None,30043000,None,None,28778000,199000000,37.55,0.0069,310000000,310000000,None,0.135,4.06,37548000,66326000,95.44,2025-09-30,20.58,198417000,22652000000.0,267863000,35703000,-156277000,149675000,149675000,None,5075000,None,None,None,None,223549000,None,None,2748000000,None,None,None,0.449,1435000000,231979000,35884000,40553000,33164000,None,None,None,None,None,None,None,1.084,34.95,6.77,None,None,None,None,None,-653000000,None,0.194,None,18271000,2025-10-28,quarterly,99.5,USD,pre-market,None,-1334572000,0.203,2.257,0.127,796.51,115457000,223549000,None,72745000,5232.22,5094.51,4.254,754028000,223682000,71015000,361298000,530346000,290283000,962660000,369071000,35.46,-350628000,5818.24,4074.35
2025-12-28,BKNG,153.41,26038999000.0,35.46,None,1.254,-146.6,64000000,None,80341000,80341000,-1797000000,-61000000,None,None,None,None,None,None,323000,46436000,None,694797000,694797000,37851000,None,None,30043000,None,None,28778000,194000000,37.55,0.0069,312000000,312000000,None,0.135,4.06,37548000,66326000,95.44,2025-06-30,20.58,198417000,22652000000.0,267863000,35703000,-156277000,149675000,149675000,None,5075000,None,None,None,None,223549000,None,None,895000000,None,None,None,0.449,3201000000,231979000,35884000,40553000,33164000,None,None,None,None,None,None,None,1.084,34.95,6.77,None,None,None,None,None,-1498000000,None,0.194,None,18271000,2025-10-28,quarterly,99.5,USD,pre-market,None,-1334572000,0.203,2.257,0.127,796.51,115457000,223549000,None,72745000,5232.22,5094.51,4.254,754028000,223682000,71015000,361298000,530346000,290283000,962660000,369071000,35.46,-350628000,5818.24,4074.35
2025-12-28,BKNG,153.41,26038999000.0,35.46,None,1.254,-146.6,121000000,None,80341000,80341000,-3967000000,-118000000,None,None,None,None,None,None,323000,46436000,None,694797000,694797000,37851000,None,None,30043000,None,None,28778000,184000000,37.55,0.0069,319000000,319000000,None,0.135,4.06,37548000,66326000,95.44,2025-03-31,20.58,198417000,22652000000.0,267863000,35703000,-156277000,149675000,149675000,None,5075000,None,None,None,None,223549000,None,None,333000000,None,None,None,0.449,3283000000,231979000,35884000,40553000,33164000,None,None,None,None,None,None,None,1.084,34.95,6.77,None,None,None,None,None,-2170000000,None,0.194,None,18271000,2025-10-28,quarterly,99.5,USD,pre-market,None,-1334572000,0.203,2.257,0.127,796.51,115457000,223549000,None,72745000,5232.22,5094.51,4.254,754028000,223682000,71015000,361298000,530346000,290283000,962660000,369071000,35.46,-350628000,5818.24,4074.35
2025-12-28,BKNG,153.41,26038999000.0,35.46,None,1.254,-146.6,76000000,None,80341000,80341000,143000000,-75000000,None,None,None,None,None,None,323000,46436000,None,694797000,694797000,37851000,None,None,30043000,None,None,28778000,203000000,37.55,0.0069,289000000,289000000,None,0.135,4.06,37548000,66326000,95.44,2024-12-31,20.58,198417000,22652000000.0,267863000,35703000,-156277000,149675000,149675000,None,5075000,None,None,None,None,223549000,None,None,1068000000,None,None,None,0.449,721000000,231979000,35884000,40553000,33164000,None,None,None,None,None,None,None,1.084,34.95,6.77,None,None,None,None,None,-1227000000,None,0.194,None,18271000,2025-10-28,quarterly,99.5,USD,pre-market,None,-1334572000,0.203,2.257,0.127,796.51,115457000,223549000,None,72745000,5232.22,5094.51,4.254,754028000,223682000,71015000,361298000,530346000,290283000,962660000,369071000,35.46,-350628000,5818.24,4074.35
2025-12-28,BKNG,153.41,26038999000.0,35.46,None,1.254,-146.6,77000000,None,80341000,80341000,-3165000000,-2000000,None,None,None,None,None,None,323000,46436000,None,694797000,694797000,37851000,None,None,30043000,None,None,28778000,190000000,37.55,0.0069,291000000,291000000,None,0.135,4.06,37548000,66326000,95.44,2024-09-30,20.58,198417000,22652000000.0,267863000,35703000,-156277000,149675000,149675000,None,5075000,None,None,None,None,223549000,None,None,2517000000,None,None,None,0.449,2373000000,231979000,35884000,40553000,33164000,None,None,None,None,None,None,None,1.084,34.95,6.77,None,None,None,None,None,-1764000000,None,0.194,None,18271000,2025-10-28,quarterly,99.5,USD,pre-market,None,-1334572000,0.203,2.257,0.127,796.51,115457000,223549000,None,72745000,5232.22,5094.51,4.254,754028000,223682000,71015000,361298000,530346000,290283000,962660000,369071000,35.46,-350628000,5818.24,4074.35
2025-12-28,BKNG,153.41,26038999000.0,35.46,None,1.254,-146.6,146000000,None,80341000,80341000,-1966000000,137000000,None,None,None,None,None,None,323000,46436000,None,694797000,694797000,37851000,None,None,30043000,None,None,28778000,181000000,37.55,0.0069,295000000,295000000,None,0.135,4.06,37548000,66326000,95.44,2024-06-30,20.58,198417000,22652000000.0,267863000,35703000,-156277000,149675000,149675000,None,5075000,None,None,None,None,223549000,None,None,1521000000,None,None,None,0.449,2525000000,231979000,35884000,40553000,33164000,None,None,None,None,None,None,None,1.084,34.95,6.77,None,None,None,None,None,-1662000000,None,0.194,None,18271000,2025-10-28,quarterly,99.5,USD,pre-market,None,-1334572000,0.203,2.257,0.127,796.51,115457000,223549000,None,72745000,5232.22,5094.51,4.254,754028000,223682000,71015000,361298000,530346000,290283000,962660000,369071000,35.46,-350628000,5818.24,4074.35
2025-12-28,BKNG,153.41,26038999000.0,35.46,None,1.254,-146.6,130000000,None,80341000,80341000,784000000,69000000,None,None,None,None,None,None,323000,46436000,None,694797000,694797000,37851000,None,None,30043000,None,None,28778000,177000000,37.55,0.0069,299000000,299000000,None,0.135,4.06,37548000,66326000,95.44,2024-03-31,20.58,198417000,22652000000.0,267863000,35703000,-156277000,149675000,149675000,None,5075000,None,None,None,None,223549000,None,None,776000000,None,None,None,0.449,2704000000,231979000,35884000,40553000,33164000,None,None,None,None,None,None,None,1.084,34.95,6.77,None,None,None,None,None,-1856000000,None,0.194,None,18271000,2025-10-28,quarterly,99.5,USD,pre-market,None,-1334572000,0.203,2.257,0.127,796.51,115457000,223549000,None,72745000,5232.22,5094.51,4.254,754028000,223682000,71015000,361298000,530346000,290283000,962660000,369071000,35.46,-350628000,5818.24,4074.35
2025-12-28,BKNG,153.41,26038999000.0,35.46,None,1.254,-146.6,94000000,None,80341000,80341000,-2490000000,-39000000,None,None,None,None,None,None,323000,46436000,None,694797000,694797000,37851000,None,None,30043000,None,None,28778000,175000000,37.55,0.0069,3093000000,3093000000,None,0.135,4.06,37548000,66326000,95.44,2023-12-31,20.58,198417000,22652000000.0,267863000,35703000,-156277000,149675000,149675000,None,5075000,None,None,None,None,223549000,None,None,222000000,None,None,None,0.449,1346000000,231979000,35884000,40553000,33164000,None,None,None,None,None,None,None,1.084,34.95,6.77,None,None,None,None,None,-2488000000,None,0.194,None,18271000,2025-10-28,quarterly,99.5,USD,pre-market,None,-1334572000,0.203,2.257,0.127,796.51,115457000,223549000,None,72745000,5232.22,5094.51,4.254,754028000,223682000,71015000,361298000,530346000,290283000,962660000,369071000,35.46,-350628000,5818.24,4074.35
2025-12-28,BKNG,153.41,26038999000.0,35.46,None,1.254,-146.6,71000000,None,80341000,80341000,-2632000000,-22000000,None,None,None,None,None,None,323000,46436000,None,694797000,694797000,37851000,None,None,30043000,None,None,28778000,169000000,37.55,0.0069,0,0,None,0.135,4.06,37548000,66326000,95.44,2023-09-30,20.58,198417000,22652000000.0,267863000,35703000,-156277000,149675000,149675000,None,5075000,None,None,None,None,223549000,None,None,2511000000,None,None,None,0.449,1372000000,231979000,35884000,40553000,33164000,None,None,None,None,None,None,None,1.084,34.95,6.77,None,None,None,None,None,-2640000000,None,0.194,None,18271000,2025-10-28,quarterly,99.5,USD,pre-market,None,-1334572000,0.203,2.257,0.127,796.51,115457000,223549000,None,72745000,5232.22,5094.51,4.254,754028000,223682000,71015000,361298000,530346000,290283000,962660000,369071000,35.46,-350628000,5818.24,4074.35
2025-12-28,BKNG,153.41,26038999000.0,35.46,None,1.254,-146.6,92000000,None,80341000,80341000,-1225000000,-39000000,473000000,None,None,None,None,-830000000,323000,46436000,None,694797000,694797000,37851000,None,None,30043000,None,None,28778000,160000000,37.55,0.0069,1897000000,1897000000,None,0.135,4.06,37548000,66326000,95.44,2023-06-30,20.58,198417000,22652000000.0,267863000,35703000,-156277000,149675000,149675000,None,5075000,None,None,None,None,223549000,None,None,1290000000,None,None,None,0.449,1737000000,231979000,35884000,40553000,33164000,None,None,None,None,None,None,None,1.084,34.95,6.77,None,None,None,None,None,-3099000000,None,0.194,None,18271000,2025-10-28,quarterly,99.5,USD,pre-market,None,-1334572000,0.203,2.257,0.127,796.51,115457000,223549000,None,72745000,5232.22,5094.51,4.254,754028000,223682000,71015000,361298000,530346000,290283000,962660000,369071000,35.46,-350628000,5818.24,4074.35
2025-12-28,BKNG,153.41,26038999000.0,35.46,None,1.254,-146.6,88000000,None,80341000,80341000,-2562000000,1586000000,1913000000,None,None,None,None,158000000,323000,46436000,None,694797000,694797000,37851000,None,None,30043000,None,None,28778000,161000000,37.55,0.0069,0,0,None,0.135,4.06,37548000,66326000,95.44,2023-03-31,20.58,198417000,22652000000.0,267863000,35703000,-156277000,149675000,149675000,None,5075000,None,None,None,None,223549000,None,None,266000000,None,None,None,0.449,2889000000,231979000,35884000,40553000,33164000,None,None,None,None,None,None,None,1.084,34.95,6.77,None,None,None,None,None,-2150000000,None,0.194,None,18271000,2025-10-28,quarterly,99.5,USD,pre-market,None,-1334572000,0.203,2.257,0.127,796.51,115457000,223549000,None,72745000,5232.22,5094.51,4.254,754028000,223682000,71015000,361298000,530346000,290283000,962660000,369071000,35.46,-350628000,5818.24,4074.35
2025-12-28,BKNG,153.41,26038999000.0,35.46,None,1.254,-146.6,75000000,None,80341000,80341000,479000000,510000000,3162000000,None,None,None,None,130000000,323000,46436000,None,694797000,694797000,37851000,None,None,30043000,None,None,28778000,163000000,37.55,0.0069,None,None,None,0.135,4.06,37548000,66326000,95.44,2022-12-31,20.58,198417000,22652000000.0,267863000,35703000,-156277000,149675000,149675000,None,5075000,None,None,None,None,223549000,None,None,1235000000,None,None,None,0.449,2173000000,231979000,35884000,40553000,33164000,None,None,None,None,None,None,None,1.084,34.95,6.77,None,None,None,None,None,-2343000000,None,0.194,None,18271000,2025-10-28,quarterly,99.5,USD,pre-market,None,-1334572000,0.203,2.257,0.127,796.51,115457000,223549000,None,72745000,5232.22,5094.51,4.254,754028000,223682000,71015000,361298000,530346000,290283000,962660000,369071000,35.46,-350628000,5818.24,4074.35
2025-12-28,BKNG,153.41,26038999000.0,35.46,None,1.254,-146.6,98000000,None,80341000,80341000,-1999000000,-785000000,-2782000000,None,None,None,None,-242000000,323000,46436000,None,694797000,694797000,37851000,None,None,30043000,None,None,28778000,145000000,37.55,0.0069,61000000,61000000,None,0.135,4.06,37548000,66326000,95.44,2022-09-30,20.58,198417000,22652000000.0,267863000,35703000,-156277000,149675000,149675000,None,5075000,None,None,None,None,223549000,None,None,1666000000,None,None,None,0.449,2000000,231979000,35884000,40553000,33164000,None,None,None,None,None,None,None,1.084,34.95,6.77,None,None,None,None,None,-1990000000,None,0.194,None,18271000,2025-10-28,quarterly,99.5,USD,pre-market,None,-1334572000,0.203,2.257,0.127,796.51,115457000,223549000,None,72745000,5232.22,5094.51,4.254,754028000,223682000,71015000,361298000,530346000,290283000,962660000,369071000,35.46,-350628000,5818.24,4074.35
2025-12-28,BKNG,153.41,26038999000.0,35.46,None,1.254,-146.6,86000000,None,80341000,80341000,-1238000000,-122000000,1324000000,None,None,None,None,-790000000,323000,46436000,None,694797000,694797000,37851000,None,None,30043000,None,None,28778000,149000000,37.55,0.0069,None,None,None,0.135,4.06,37548000,66326000,95.44,2022-06-30,20.58,198417000,22652000000.0,267863000,35703000,-156277000,149675000,149675000,None,5075000,None,None,None,None,223549000,None,None,857000000,None,None,None,0.449,2684000000,231979000,35884000,40553000,33164000,None,None,None,None,None,None,None,1.084,34.95,6.77,None,None,None,None,None,-1239000000,None,0.194,None,18271000,2025-10-28,quarterly,99.5,USD,pre-market,None,-1334572000,0.203,2.257,0.127,796.51,115457000,223549000,None,72745000,5232.22,5094.51,4.254,754028000,223682000,71015000,361298000,530346000,290283000,962660000,369071000,35.46,-350628000,5818.24,4074.35
2025-12-28,BKNG,153.41,26038999000.0,35.46,None,1.254,-146.6,109000000,None,80341000,80341000,-2139000000,-121000000,-565000000,None,None,None,None,-326000000,323000,46436000,None,694797000,694797000,37851000,None,None,30043000,None,None,28778000,150000000,37.55,0.0069,None,None,None,0.135,4.06,37548000,66326000,95.44,2022-03-31,20.58,198417000,22652000000.0,267863000,35703000,-156277000,149675000,149675000,None,5075000,None,None,None,None,223549000,None,None,-700000000,None,None,None,0.449,1695000000,231979000,35884000,40553000,33164000,None,None,None,None,None,None,None,1.084,34.95,6.77,None,None,None,None,None,-1049000000,None,0.194,None,18271000,2025-10-28,quarterly,99.5,USD,pre-market,None,-1334572000,0.203,2.257,0.127,796.51,115457000,223549000,None,72745000,5232.22,5094.51,4.254,754028000,223682000,71015000,361298000,530346000,290283000,962660000,369071000,35.46,-350628000,5818.24,4074.35
2025-12-28,BKNG,153.41,26038999000.0,35.46,None,1.254,-146.6,101000000,None,80341000,80341000,-5000000,-783000000,-509000000,None,None,None,None,170000000,323000,46436000,None,694797000,694797000,37851000,None,None,30043000,None,None,28778000,141000000,37.55,0.0069,None,None,None,0.135,4.06,37548000,66326000,95.44,2021-12-31,20.58,198417000,22652000000.0,267863000,35703000,-156277000,149675000,149675000,None,5075000,None,None,None,None,223549000,None,None,618000000,None,None,None,0.449,279000000,231979000,35884000,40553000,33164000,None,None,None,None,None,None,None,1.084,34.95,6.77,None,None,None,None,None,-4000000,None,0.194,None,18271000,2025-10-28,quarterly,99.5,USD,pre-market,None,-1334572000,0.203,2.257,0.127,796.51,115457000,223549000,None,72745000,5232.22,5094.51,4.254,754028000,223682000,71015000,361298000,530346000,290283000,962660000,369071000,35.46,-350628000,5818.24,4074.35
2025-12-28,BKNG,153.41,26038999000.0,35.46,None,1.254,-146.6,79000000,None,80341000,80341000,-1096000000,-79000000,421000000,None,None,None,None,-352000000,323000,46436000,None,694797000,694797000,37851000,None,None,30043000,None,None,28778000,146000000,37.55,0.0069,None,None,None,0.135,4.06,37548000,66326000,95.44,2021-09-30,20.58,198417000,22652000000.0,267863000,35703000,-156277000,149675000,149675000,None,5075000,None,None,None,None,223549000,None,None,769000000,None,None,None,0.449,1596000000,231979000,35884000,40553000,33164000,None,None,None,None,None,None,None,1.084,34.95,6.77,None,None,None,None,None,-9000000,None,0.194,None,18271000,2025-10-28,quarterly,99.5,USD,pre-market,None,-1334572000,0.203,2.257,0.127,796.51,115457000,223549000,None,72745000,5232.22,5094.51,4.254,754028000,223682000,71015000,361298000,530346000,290283000,962660000,369071000,35.46,-350628000,5818.24,4074.35
2025-12-28,BKNG,153.41,26038999000.0,35.46,None,1.254,-146.6,59000000,None,80341000,80341000,-2007000000,-71000000,-926000000,None,None,None,None,-748000000,323000,46436000,None,694797000,694797000,37851000,None,None,30043000,None,None,28778000,154000000,37.55,0.0069,None,None,None,0.135,4.06,37548000,66326000,95.44,2021-06-30,20.58,198417000,22652000000.0,267863000,35703000,-156277000,149675000,149675000,None,5075000,None,None,None,None,223549000,None,None,-167000000,None,None,None,0.449,1152000000,231979000,35884000,40553000,33164000,None,None,None,None,None,None,None,1.084,34.95,6.77,None,None,None,None,None,-13000000,None,0.194,None,18271000,2025-10-28,quarterly,99.5,USD,pre-market,None,-1334572000,0.203,2.257,0.127,796.51,115457000,223549000,None,72745000,5232.22,5094.51,4.254,754028000,223682000,71015000,361298000,530346000,290283000,962660000,369071000,35.46,-350628000,5818.24,4074.35
2025-12-28,BKNG,153.41,26038999000.0,35.46,None,1.254,-146.6,65000000,None,80341000,80341000,1869000000,-65000000,1597000000,None,None,None,None,-72000000,323000,46436000,None,694797000,694797000,37851000,None,None,30043000,None,None,28778000,158000000,37.55,0.0069,None,None,None,0.135,4.06,37548000,66326000,95.44,2021-03-31,20.58,198417000,22652000000.0,267863000,35703000,-156277000,149675000,149675000,None,5075000,None,None,None,None,223549000,None,None,-55000000,None,None,None,0.449,-207000000,231979000,35884000,40553000,33164000,None,None,None,None,None,None,None,1.084,34.95,6.77,None,None,None,None,None,-137000000,None,0.194,None,18271000,2025-10-28,quarterly,99.5,USD,pre-market,None,-1334572000,0.203,2.257,0.127,796.51,115457000,223549000,None,72745000,5232.22,5094.51,4.254,754028000,223682000,71015000,361298000,530346000,290283000,962660000,369071000,35.46,-350628000,5818.24,4074.35
2025-12-28,BKNG,153.41,26038999000.0,35.46,None,1.254,-146.6,64000000,None,80341000,80341000,-4000000,-66000000,-647000000,None,None,None,None,337000000,323000,46436000,None,694797000,694797000,37851000,None,None,30043000,None,None,28778000,161000000,37.55,0.0069,None,None,None,0.135,4.06,37548000,66326000,95.44,2020-12-31,20.58,198417000,22652000000.0,267863000,35703000,-156277000,149675000,149675000,None,5075000,None,None,None,None,223549000,None,None,-165000000,None,None,None,0.449,-577000000,231979000,35884000,40553000,33164000,None,None,None,None,None,None,None,1.084,34.95,6.77,None,None,None,None,None,-4000000,None,0.194,None,18271000,2025-10-28,quarterly,99.5,USD,pre-market,None,-1334572000,0.203,2.257,0.127,796.51,115457000,223549000,None,72745000,5232.22,5094.51,4.254,754028000,223682000,71015000,361298000,530346000,290283000,962660000,369071000,35.46,-350628000,5818.24,4074.35
2025-12-28,BKNG,153.41,26038999000.0,35.46,None,1.254,-146.6,72000000,None,80341000,80341000,-61000000,-72000000,787000000,None,None,None,None,-251000000,323000,46436000,None,694797000,694797000,37851000,None,None,30043000,None,None,28778000,161000000,37.55,0.0069,5000000,5000000,None,0.135,4.06,37548000,66326000,95.44,2020-09-30,20.58,198417000,22652000000.0,267863000,35703000,-156277000,149675000,149675000,None,5075000,None,None,None,None,223549000,None,None,801000000,None,None,None,0.449,920000000,231979000,35884000,40553000,33164000,None,None,None,None,None,None,None,1.084,34.95,6.77,None,None,None,None,None,-5000000,None,0.194,None,18271000,2025-10-28,quarterly,99.5,USD,pre-market,None,-1334572000,0.203,2.257,0.127,796.51,115457000,223549000,None,72745000,5232.22,5094.51,4.254,754028000,223682000,71015000,361298000,530346000,290283000,962660000,369071000,35.46,-350628000,5818.24,4074.35
2025-12-28,BKNG,153.41,26038999000.0,35.46,None,1.254,-146.6,70000000,None,80341000,80341000,2874000000,1042000000,4038000000,None,None,None,None,45000000,323000,46436000,None,694797000,694797000,37851000,None,None,30043000,None,None,28778000,157000000,37.55,0.0069,None,None,None,0.135,4.06,37548000,66326000,95.44,2020-06-30,20.58,198417000,22652000000.0,267863000,35703000,-156277000,149675000,149675000,None,5075000,None,None,None,None,223549000,None,None,122000000,None,None,None,0.449,122000000,231979000,35884000,40553000,33164000,None,None,None,None,None,None,None,1.084,34.95,6.77,None,None,None,None,None,-13000000,None,0.194,None,18271000,2025-10-28,quarterly,99.5,USD,pre-market,None,-1334572000,0.203,2.257,0.127,796.51,115457000,223549000,None,72745000,5232.22,5094.51,4.254,754028000,223682000,71015000,361298000,530346000,290283000,962660000,369071000,35.46,-350628000,5818.24,4074.35
2025-12-28,BKNG,153.41,26038999000.0,35.46,None,1.254,-146.6,80000000,None,80341000,80341000,-1281000000,1733000000,72000000,None,None,None,None,760000000,323000,46436000,None,694797000,694797000,37851000,None,None,30043000,None,None,28778000,163000000,37.55,0.0069,None,None,None,0.135,4.06,37548000,66326000,95.44,2020-03-31,20.58,198417000,22652000000.0,267863000,35703000,-156277000,149675000,149675000,None,5075000,None,None,None,None,223549000,None,None,-699000000,None,None,None,0.449,-380000000,231979000,35884000,40553000,33164000,None,None,None,None,None,None,None,1.084,34.95,6.77,None,None,None,None,None,-1281000000,None,0.194,None,18271000,2025-10-28,quarterly,99.5,USD,pre-market,None,-1334572000,0.203,2.257,0.127,796.51,115457000,223549000,None,72745000,5232.22,5094.51,4.254,754028000,223682000,71015000,361298000,530346000,290283000,962660000,369071000,35.46,-350628000,5818.24,4074.35
2025-12-28,BKNG,153.41,26038999000.0,35.46,None,1.254,-146.6,87000000,None,80341000,80341000,-1344000000,96000000,-171000000,None,-810000000,None,None,119000000,323000,46436000,None,694797000,694797000,37851000,None,None,30043000,None,None,28778000,162000000,37.55,0.0069,None,None,None,0.135,4.06,37548000,66326000,95.44,2019-12-31,20.58,198417000,22652000000.0,267863000,35703000,-156277000,149675000,149675000,None,5075000,None,None,None,None,223549000,None,None,1171000000,None,None,None,0.449,1077000000,231979000,35884000,40553000,33164000,None,None,None,None,None,None,None,1.084,34.95,6.77,None,None,None,None,None,-1347000000,None,0.194,None,18271000,2025-10-28,quarterly,99.5,USD,pre-market,None,-1334572000,0.203,2.257,0.127,796.51,115457000,223549000,None,72745000,5232.22,5094.51,4.254,754028000,223682000,71015000,361298000,530346000,290283000,962660000,369071000,35.46,-350628000,5818.24,4074.35
2025-12-28,BKNG,153.41,26038999000.0,35.46,None,1.254,-146.6,82000000,None,80341000,80341000,-1389000000,765000000,1227000000,None,None,None,None,81000000,323000,46436000,None,694797000,694797000,37851000,None,None,30043000,None,None,28778000,159000000,37.55,0.0069,None,None,None,0.135,4.06,37548000,66326000,95.44,2019-09-30,20.58,198417000,22652000000.0,267863000,35703000,-156277000,149675000,149675000,None,5075000,None,None,None,None,223549000,None,None,1950000000,None,None,None,0.449,1851000000,231979000,35884000,40553000,33164000,None,None,None,None,None,None,None,1.084,34.95,6.77,None,None,None,None,None,-1349000000,None,0.194,None,18271000,2025-10-28,quarterly,99.5,USD,pre-market,None,-1334572000,0.203,2.257,0.127,796.51,115457000,223549000,None,72745000,5232.22,5094.51,4.254,754028000,223682000,71015000,361298000,530346000,290283000,962660000,369071000,35.46,-350628000,5818.24,4074.35
2025-12-28,BKNG,153.41,26038999000.0,35.46,None,1.254,-146.6,88000000,None,80341000,80341000,-2939000000,4080000000,2928000000,None,None,None,None,-499000000,323000,46436000,None,694797000,694797000,37851000,None,None,30043000,None,None,28778000,162000000,37.55,0.0069,None,None,None,0.135,4.06,37548000,66326000,95.44,2019-06-30,20.58,198417000,22652000000.0,267863000,35703000,-156277000,149675000,149675000,None,5075000,None,None,None,None,223549000,None,None,979000000,None,None,None,0.449,1787000000,231979000,35884000,40553000,33164000,None,None,None,None,None,None,None,1.084,34.95,6.77,None,None,None,None,None,-2718000000,None,0.194,None,18271000,2025-10-28,quarterly,99.5,USD,pre-market,None,-1334572000,0.203,2.257,0.127,796.51,115457000,223549000,None,72745000,5232.22,5094.51,4.254,754028000,223682000,71015000,361298000,530346000,290283000,962660000,369071000,35.46,-350628000,5818.24,4074.35
2025-12-28,BKNG,153.41,26038999000.0,35.46,None,1.254,-146.6,111000000,None,80341000,80341000,-2548000000,2109000000,-289000000,None,-669000000,None,None,-24000000,323000,46436000,None,694797000,694797000,37851000,None,None,30043000,None,None,28778000,158000000,37.55,0.0069,None,None,None,0.135,4.06,37548000,66326000,95.44,2019-03-31,20.58,198417000,22652000000.0,267863000,35703000,-156277000,149675000,149675000,None,5075000,None,None,None,None,223549000,None,None,765000000,None,None,None,0.449,150000000,231979000,35884000,40553000,33164000,None,None,None,None,None,None,None,1.084,34.95,6.77,None,None,None,None,None,-2773000000,None,0.194,None,18271000,2025-10-28,quarterly,99.5,USD,pre-market,None,-1334572000,0.203,2.257,0.127,796.51,115457000,223549000,None,72745000,5232.22,5094.51,4.254,754028000,223682000,71015000,361298000,530346000,290283000,962660000,369071000,35.46,-350628000,5818.24,4074.35
2025-12-28,BKNG,153.41,26038999000.0,35.46,None,1.254,-146.6,85989000,None,80341000,80341000,-1838702000,409199000,-345691000,None,-1005083000,None,None,131071000,323000,46436000,None,694797000,694797000,37851000,None,None,30043000,None,None,28778000,108603000,37.55,0.0069,2000000,2000000,None,0.135,4.06,37548000,66326000,95.44,2018-12-31,20.58,198417000,22652000000.0,267863000,35703000,-156277000,149675000,149675000,None,5075000,None,None,None,None,223549000,None,None,645840000,None,None,None,0.449,1083812000,231979000,35884000,40553000,33164000,None,None,None,None,None,None,None,1.084,34.95,6.77,None,None,None,None,None,-1860696000,None,0.194,None,18271000,2025-10-28,quarterly,99.5,USD,pre-market,None,-1334572000,0.203,2.257,0.127,796.51,115457000,223549000,None,72745000,5232.22,5094.51,4.254,754028000,223682000,71015000,361298000,530346000,290283000,962660000,369071000,35.46,-350628000,5818.24,4074.35
2025-12-28,BKNG,153.41,26038999000.0,35.46,None,1.254,-146.6,120976000,None,80341000,80341000,-2203923000,42648000,-197306000,None,0,None,None,-58269000,323000,46436000,None,694797000,694797000,37851000,None,None,30043000,None,None,28778000,107641000,37.55,0.0069,0,0,None,0.135,4.06,37548000,66326000,95.44,2018-09-30,20.58,198417000,22652000000.0,267863000,35703000,-156277000,149675000,149675000,None,5075000,None,None,None,None,223549000,None,None,1767578000,None,None,None,0.449,1963969000,231979000,35884000,40553000,33164000,None,None,None,None,None,None,None,1.084,34.95,6.77,None,None,None,None,None,-2205000000,None,0.194,None,18271000,2025-10-28,quarterly,99.5,USD,pre-market,None,-1334572000,0.203,2.257,0.127,796.51,115457000,223549000,None,72745000,5232.22,5094.51,4.254,754028000,223682000,71015000,361298000,530346000,290283000,962660000,369071000,35.46,-350628000,5818.24,4074.35
2025-12-28,BKNG,153.41,26038999000.0,35.46,None,1.254,-146.6,103048000,None,80341000,80341000,-1183138000,127637000,594343000,None,0,None,None,-295768000,323000,46436000,None,694797000,694797000,37851000,None,None,30043000,None,None,28778000,106666000,37.55,0.0069,0,0,None,0.135,4.06,37548000,66326000,95.44,2018-06-30,20.58,198417000,22652000000.0,267863000,35703000,-156277000,149675000,149675000,None,5075000,None,None,None,None,223549000,None,None,977372000,None,None,None,0.449,1649844000,231979000,35884000,40553000,33164000,None,None,None,None,None,None,None,1.084,34.95,6.77,None,None,None,None,None,-1187000000,None,0.194,None,18271000,2025-10-28,quarterly,99.5,USD,pre-market,None,-1334572000,0.203,2.257,0.127,796.51,115457000,223549000,None,72745000,5232.22,5094.51,4.254,754028000,223682000,71015000,361298000,530346000,290283000,962660000,369071000,35.46,-350628000,5818.24,4074.35
2025-12-28,BKNG,153.41,26038999000.0,35.46,None,1.254,-146.6,131987000,None,80341000,80341000,-2205237000,1635516000,70654000,None,-708925000,None,None,-96034000,323000,46436000,None,694797000,694797000,37851000,None,None,30043000,None,None,28778000,103090000,37.55,0.0069,0,0,None,0.135,4.06,37548000,66326000,95.44,2018-03-31,20.58,198417000,22652000000.0,267863000,35703000,-156277000,149675000,149675000,None,5075000,None,None,None,None,223549000,None,None,607210000,None,None,None,0.449,640375000,231979000,35884000,40553000,33164000,None,None,None,None,None,None,None,1.084,34.95,6.77,None,None,None,None,None,-718941000,None,0.194,None,18271000,2025-10-28,quarterly,99.5,USD,pre-market,None,-1334572000,0.203,2.257,0.127,796.51,115457000,223549000,None,72745000,5232.22,5094.51,4.254,754028000,223682000,71015000,361298000,530346000,290283000,962660000,369071000,35.46,-350628000,5818.24,4074.35
2025-12-28,BKNG,153.41,26038999000.0,35.46,None,1.254,-146.6,64113000,None,80341000,80341000,-900123000,-558977000,-285489000,None,-861670000,None,None,209452000,323000,46436000,None,694797000,694797000,37851000,None,None,30043000,None,None,28778000,97562000,37.55,0.0069,5140000,5140000,None,0.135,4.06,37548000,66326000,95.44,2017-12-31,20.58,198417000,22652000000.0,267863000,35703000,-156277000,149675000,149675000,None,5075000,None,None,None,None,223549000,None,None,-555458000,None,None,None,0.449,1173611000,231979000,35884000,40553000,33164000,None,None,None,None,None,None,None,1.084,34.95,6.77,None,None,None,None,None,-704817000,None,0.194,None,18271000,2025-10-28,quarterly,99.5,USD,pre-market,None,-1334572000,0.203,2.257,0.127,796.51,115457000,223549000,None,72745000,5232.22,5094.51,4.254,754028000,223682000,71015000,361298000,530346000,290283000,962660000,369071000,35.46,-350628000,5818.24,4074.35
2025-12-28,BKNG,153.41,26038999000.0,35.46,None,1.254,-146.6,76423000,None,80341000,80341000,401072000,-2105632000,182031000,None,302337000,None,None,-145639000,323000,46436000,None,694797000,694797000,37851000,None,None,30043000,None,None,28778000,95910000,37.55,0.0069,0,0,None,0.135,4.06,37548000,66326000,95.44,2017-09-30,20.58,198417000,22652000000.0,267863000,35703000,-156277000,149675000,149675000,None,5075000,None,None,None,None,223549000,None,None,1720391000,None,None,None,0.449,1886591000,231979000,35884000,40553000,33164000,None,None,None,None,None,None,None,1.084,34.95,6.77,None,None,None,None,None,-567852000,None,0.194,None,18271000,2025-10-28,quarterly,99.5,USD,pre-market,None,-1334572000,0.203,2.257,0.127,796.51,115457000,223549000,None,72745000,5232.22,5094.51,4.254,754028000,223682000,71015000,361298000,530346000,290283000,962660000,369071000,35.46,-350628000,5818.24,4074.35
2025-12-28,BKNG,153.41,26038999000.0,35.46,None,1.254,-146.6,76710000,None,80341000,80341000,-423012000,-644612000,153592000,None,0,None,None,-255117000,323000,46436000,None,694797000,694797000,37851000,None,None,30043000,None,None,28778000,85872000,37.55,0.0069,0,0,None,0.135,4.06,37548000,66326000,95.44,2017-06-30,20.58,198417000,22652000000.0,267863000,35703000,-156277000,149675000,149675000,None,5075000,None,None,None,None,223549000,None,None,720209000,None,None,None,0.449,1221216000,231979000,35884000,40553000,33164000,None,None,None,None,None,None,None,1.084,34.95,6.77,None,None,None,None,None,-345453000,None,0.194,None,18271000,2025-10-28,quarterly,99.5,USD,pre-market,None,-1334572000,0.203,2.257,0.127,796.51,115457000,223549000,None,72745000,5232.22,5094.51,4.254,754028000,223682000,71015000,361298000,530346000,290283000,962660000,369071000,35.46,-350628000,5818.24,4074.35
2025-12-28,BKNG,153.41,26038999000.0,35.46,None,1.254,-146.6,70559000,None,80341000,80341000,843400000,-892814000,331204000,None,-443643000,None,None,-78428000,323000,46436000,None,694797000,694797000,37851000,None,None,30043000,None,None,28778000,83430000,37.55,0.0069,0,0,None,0.135,4.06,37548000,66326000,95.44,2017-03-31,20.58,198417000,22652000000.0,267863000,35703000,-156277000,149675000,149675000,None,5075000,None,None,None,None,223549000,None,None,455623000,None,None,None,0.449,380618000,231979000,35884000,40553000,33164000,None,None,None,None,None,None,None,1.084,34.95,6.77,None,None,None,None,None,-209797000,None,0.194,None,18271000,2025-10-28,quarterly,99.5,USD,pre-market,None,-1334572000,0.203,2.257,0.127,796.51,115457000,223549000,None,72745000,5232.22,5094.51,4.254,754028000,223682000,71015000,361298000,530346000,290283000,962660000,369071000,35.46,-350628000,5818.24,4074.35
2025-12-28,BKNG,153.41,26038999000.0,35.46,None,1.254,-146.6,51813000,None,80341000,80341000,-264869000,-1130719000,-295865000,None,-416822000,None,None,186074000,323000,46436000,None,694797000,694797000,37851000,None,None,30043000,None,None,28778000,79807000,37.55,0.0069,0,0,None,0.135,4.06,37548000,66326000,95.44,2016-12-31,20.58,198417000,22652000000.0,267863000,35703000,-156277000,149675000,149675000,None,5075000,None,None,None,None,223549000,None,None,673908000,None,None,None,0.449,1106509000,231979000,35884000,40553000,33164000,None,None,None,None,None,None,None,1.084,34.95,6.77,None,None,None,None,None,-256049000,None,0.194,None,18271000,2025-10-28,quarterly,99.5,USD,pre-market,None,-1334572000,0.203,2.257,0.127,796.51,115457000,223549000,None,72745000,5232.22,5094.51,4.254,754028000,223682000,71015000,361298000,530346000,290283000,962660000,369071000,35.46,-350628000,5818.24,4074.35
2025-12-28,BKNG,153.41,26038999000.0,35.46,None,1.254,-146.6,102871000,None,80341000,80341000,-218191000,-1563282000,-271449000,2170000,0,None,None,-126148000,323000,46436000,None,694797000,694797000,37851000,None,None,30043000,None,None,28778000,78745000,37.55,0.0069,0,0,None,0.135,4.06,37548000,66326000,95.44,2016-09-30,20.58,198417000,22652000000.0,267863000,35703000,-156277000,149675000,149675000,None,5075000,None,None,None,None,223549000,None,None,506017000,None,None,None,0.449,1507854000,231979000,35884000,40553000,33164000,None,None,None,None,None,None,None,1.084,34.95,6.77,None,None,None,None,None,-233776000,None,0.194,None,18271000,2025-10-28,quarterly,99.5,USD,pre-market,None,-1334572000,0.203,2.257,0.127,796.51,115457000,223549000,None,72745000,5232.22,5094.51,4.254,754028000,223682000,71015000,361298000,530346000,290283000,962660000,369071000,35.46,-350628000,5818.24,4074.35
2025-12-28,BKNG,153.41,26038999000.0,35.46,None,1.254,-146.6,60443000,None,80341000,80341000,674770000,-786568000,836553000,-17656000,0,None,None,-152443000,323000,46436000,None,694797000,694797000,37851000,None,None,30043000,None,None,28778000,77712000,37.55,0.0069,0,0,None,0.135,4.06,37548000,66326000,95.44,2016-06-30,20.58,198417000,22652000000.0,267863000,35703000,-156277000,149675000,149675000,None,5075000,None,None,None,None,223549000,None,None,580638000,None,None,None,0.449,966007000,231979000,35884000,40553000,33164000,None,None,None,None,None,None,None,1.084,34.95,6.77,None,None,None,None,None,-278847000,None,0.194,None,18271000,2025-10-28,quarterly,99.5,USD,pre-market,None,-1334572000,0.203,2.257,0.127,796.51,115457000,223549000,None,72745000,5232.22,5094.51,4.254,754028000,223682000,71015000,361298000,530346000,290283000,962660000,369071000,35.46,-350628000,5818.24,4074.35
2025-12-28,BKNG,153.41,26038999000.0,35.46,None,1.254,-146.6,53256000,None,80341000,80341000,-133973000,147274000,379900000,22272000,-340485000,None,None,-191704000,323000,46436000,None,694797000,694797000,37851000,None,None,30043000,None,None,28778000,72871000,37.55,0.0069,0,0,None,0.135,4.06,37548000,66326000,95.44,2016-03-31,20.58,198417000,22652000000.0,267863000,35703000,-156277000,149675000,149675000,None,5075000,None,None,None,None,223549000,None,None,374424000,None,None,None,0.449,344327000,231979000,35884000,40553000,33164000,None,None,None,None,None,None,None,1.084,34.95,6.77,None,None,None,None,None,-241719000,None,0.194,None,18271000,2025-10-28,quarterly,99.5,USD,pre-market,None,-1334572000,0.203,2.257,0.127,796.51,115457000,223549000,None,72745000,5232.22,5094.51,4.254,754028000,223682000,71015000,361298000,530346000,290283000,962660000,369071000,35.46,-350628000,5818.24,4074.35
2025-12-28,BKNG,153.41,26038999000.0,35.46,None,1.254,-146.6,47278000,None,80341000,80341000,-20801000,-1220479000,-364393000,-4185000,-186684000,None,None,220910000,323000,46436000,None,694797000,694797000,37851000,None,None,30043000,None,None,28778000,70764000,37.55,0.0069,984944000,984944000,None,0.135,4.06,37548000,66326000,95.44,2015-12-31,20.58,198417000,22652000000.0,267863000,35703000,-156277000,149675000,149675000,None,5075000,None,None,None,None,223549000,None,None,504269000,None,None,None,0.449,881072000,231979000,35884000,40553000,33164000,None,None,None,None,None,None,None,1.084,34.95,6.77,None,None,None,None,None,-821671000,None,0.194,None,18271000,2025-10-28,quarterly,99.5,USD,pre-market,None,-1334572000,0.203,2.257,0.127,796.51,115457000,223549000,None,72745000,5232.22,5094.51,4.254,754028000,223682000,71015000,361298000,530346000,290283000,962660000,369071000,35.46,-350628000,5818.24,4074.35
2025-12-28,BKNG,153.41,26038999000.0,35.46,None,1.254,-146.6,42286000,None,80341000,80341000,-1262730000,-94123000,-47291000,-238000,0,None,None,-1664000,323000,46436000,None,694797000,694797000,37851000,None,None,30043000,None,None,28778000,69054000,37.55,0.0069,0,0,None,0.135,4.06,37548000,66326000,95.44,2015-09-30,20.58,198417000,22652000000.0,267863000,35703000,-156277000,149675000,149675000,None,5075000,None,None,None,None,223549000,None,None,1196732000,None,None,None,0.449,1309800000,231979000,35884000,40553000,33164000,None,None,None,None,None,None,None,1.084,34.95,6.77,None,None,None,None,None,-1280803000,None,0.194,None,18271000,2025-10-28,quarterly,99.5,USD,pre-market,None,-1334572000,0.203,2.257,0.127,796.51,115457000,223549000,None,72745000,5232.22,5094.51,4.254,754028000,223682000,71015000,361298000,530346000,290283000,962660000,369071000,35.46,-350628000,5818.24,4074.35
2025-12-28,BKNG,153.41,26038999000.0,35.46,None,1.254,-146.6,53088000,None,80341000,80341000,-660713000,-1439096000,-1366865000,30568000,0,None,None,-167347000,323000,46436000,None,694797000,694797000,37851000,None,None,30043000,None,None,28778000,67674000,37.55,0.0069,0,0,None,0.135,4.06,37548000,66326000,95.44,2015-06-30,20.58,198417000,22652000000.0,267863000,35703000,-156277000,149675000,149675000,None,5075000,None,None,None,None,223549000,None,None,517032000,None,None,None,0.449,702376000,231979000,35884000,40553000,33164000,None,None,None,None,None,None,None,1.084,34.95,6.77,None,None,None,None,None,-677963000,None,0.194,None,18271000,2025-10-28,quarterly,99.5,USD,pre-market,None,-1334572000,0.203,2.257,0.127,796.51,115457000,223549000,None,72745000,5232.22,5094.51,4.254,754028000,223682000,71015000,361298000,530346000,290283000,962660000,369071000,35.46,-350628000,5818.24,4074.35
2025-12-28,BKNG,153.41,26038999000.0,35.46,None,1.254,-146.6,31263000,None,80341000,80341000,1214248000,-1140820000,107163000,-175248000,-292668000,None,None,-120593000,323000,46436000,None,694797000,694797000,37851000,None,None,30043000,None,None,28778000,65002000,37.55,0.0069,0,0,None,0.135,4.06,37548000,66326000,95.44,2015-03-31,20.58,198417000,22652000000.0,267863000,35703000,-156277000,149675000,149675000,None,5075000,None,None,None,None,223549000,None,None,333327000,None,None,None,0.449,208983000,231979000,35884000,40553000,33164000,None,None,None,None,None,None,None,1.084,34.95,6.77,None,None,None,None,None,-308618000,None,0.194,None,18271000,2025-10-28,quarterly,99.5,USD,pre-market,None,-1334572000,0.203,2.257,0.127,796.51,115457000,223549000,None,72745000,5232.22,5094.51,4.254,754028000,223682000,71015000,361298000,530346000,290283000,962660000,369071000,35.46,-350628000,5818.24,4074.35
2025-12-28,BKNG,153.41,26038999000.0,35.46,None,1.254,-146.6,40779000,None,80341000,80341000,-496174000,-2066134000,-1895073000,-88045000,-223148000,None,None,171148000,323000,46436000,None,694797000,694797000,37851000,None,None,30043000,None,None,28778000,71558000,37.55,0.0069,12434000,12434000,None,0.135,4.06,37548000,66326000,95.44,2014-12-31,20.58,198417000,22652000000.0,267863000,35703000,-156277000,149675000,149675000,None,5075000,None,None,None,None,223549000,None,None,451831000,None,None,None,0.449,755280000,231979000,35884000,40553000,33164000,None,None,None,None,None,None,None,1.084,34.95,6.77,None,None,None,None,None,-504922000,None,0.194,None,18271000,2025-10-28,quarterly,99.5,USD,pre-market,None,-1334572000,0.203,2.257,0.127,796.51,115457000,223549000,None,72745000,5232.22,5094.51,4.254,754028000,223682000,71015000,361298000,530346000,290283000,962660000,369071000,35.46,-350628000,5818.24,4074.35
2025-12-28,BKNG,153.41,26038999000.0,35.46,None,1.254,-146.6,28739000,None,80341000,80341000,2118416000,-1817721000,1539825000,-53002000,0,None,None,-40398000,323000,46436000,None,694797000,694797000,37851000,None,None,30043000,None,None,28778000,57599000,37.55,0.0069,0,0,None,0.135,4.06,37548000,66326000,95.44,2014-09-30,20.58,198417000,22652000000.0,267863000,35703000,-156277000,149675000,149675000,None,5075000,None,None,None,None,223549000,None,None,1062253000,None,None,None,0.449,1292132000,231979000,35884000,40553000,33164000,None,None,None,None,None,None,None,1.084,34.95,6.77,None,None,None,None,None,-148130000,None,0.194,None,18271000,2025-10-28,quarterly,99.5,USD,pre-market,None,-1334572000,0.203,2.257,0.127,796.51,115457000,223549000,None,72745000,5232.22,5094.51,4.254,754028000,223682000,71015000,361298000,530346000,290283000,962660000,369071000,35.46,-350628000,5818.24,4074.35
2025-12-28,BKNG,153.41,26038999000.0,35.46,None,1.254,-146.6,32255000,None,80341000,80341000,-51331000,1576166000,2215749000,933000,0,None,None,-218803000,323000,46436000,None,694797000,694797000,37851000,None,None,30043000,None,None,28778000,40287000,37.55,0.0069,0,0,None,0.135,4.06,37548000,66326000,95.44,2014-06-30,20.58,198417000,22652000000.0,267863000,35703000,-156277000,149675000,149675000,None,5075000,None,None,None,None,223549000,None,None,576451000,None,None,None,0.449,689981000,231979000,35884000,40553000,33164000,None,None,None,None,None,None,None,1.084,34.95,6.77,None,None,None,None,None,-666000,None,0.194,None,18271000,2025-10-28,quarterly,99.5,USD,pre-market,None,-1334572000,0.203,2.257,0.127,796.51,115457000,223549000,None,72745000,5232.22,5094.51,4.254,754028000,223682000,71015000,361298000,530346000,290283000,962660000,369071000,35.46,-350628000,5818.24,4074.35
2025-12-28,BKNG,153.41,26038999000.0,35.46,None,1.254,-146.6,29731000,None,80341000,80341000,-141917000,-40855000,-1844000,3924000,-317812000,None,None,-94156000,323000,46436000,None,694797000,694797000,37851000,None,None,30043000,None,None,28778000,38376000,37.55,0.0069,0,0,None,0.135,4.06,37548000,66326000,95.44,2014-03-31,20.58,198417000,22652000000.0,267863000,35703000,-156277000,149675000,149675000,None,5075000,None,None,None,None,223549000,None,None,331218000,None,None,None,0.449,177004000,231979000,35884000,40553000,33164000,None,None,None,None,None,None,None,1.084,34.95,6.77,None,None,None,None,None,-96660000,None,0.194,None,18271000,2025-10-28,quarterly,99.5,USD,pre-market,None,-1334572000,0.203,2.257,0.127,796.51,115457000,223549000,None,72745000,5232.22,5094.51,4.254,754028000,223682000,71015000,361298000,530346000,290283000,962660000,369071000,35.46,-350628000,5818.24,4074.35
2025-12-28,BKNG,153.41,26038999000.0,35.46,None,1.254,-146.6,27487000,None,80341000,80341000,-405492000,39126000,193900000,5793000,1605000,None,None,172389000,323000,46436000,None,694797000,694797000,37851000,None,None,30043000,None,None,28778000,37121000,37.55,0.0069,86310000,86310000,None,0.135,4.06,37548000,66326000,95.44,2013-12-31,20.58,198417000,22652000000.0,267863000,35703000,-156277000,149675000,149675000,None,5075000,None,None,None,None,223549000,None,None,378077000,None,None,None,0.449,554473000,231979000,35884000,40553000,33164000,None,None,None,None,None,None,None,1.084,34.95,6.77,None,None,None,None,None,-507000,None,0.194,None,18271000,2025-10-28,quarterly,99.5,USD,pre-market,None,-1334572000,0.203,2.257,0.127,796.51,115457000,223549000,None,72745000,5232.22,5094.51,4.254,754028000,223682000,71015000,361298000,530346000,290283000,962660000,369071000,35.46,-350628000,5818.24,4074.35
2025-12-28,BKNG,153.41,26038999000.0,35.46,None,1.254,-146.6,20477000,None,80341000,80341000,-451561000,-1215426000,-666120000,30403000,0,None,None,-40978000,323000,46436000,None,694797000,694797000,37851000,None,None,30043000,None,None,28778000,35747000,37.55,0.0069,0,0,None,0.135,4.06,37548000,66326000,95.44,2013-09-30,20.58,198417000,22652000000.0,267863000,35703000,-156277000,149675000,149675000,None,5075000,None,None,None,None,223549000,None,None,832989000,None,None,None,0.449,970464000,231979000,35884000,40553000,33164000,None,None,None,None,None,None,None,1.084,34.95,6.77,None,None,None,None,None,-459723000,None,0.194,None,18271000,2025-10-28,quarterly,99.5,USD,pre-market,None,-1334572000,0.203,2.257,0.127,796.51,115457000,223549000,None,72745000,5232.22,5094.51,4.254,754028000,223682000,71015000,361298000,530346000,290283000,962660000,369071000,35.46,-350628000,5818.24,4074.35
2025-12-28,BKNG,153.41,26038999000.0,35.46,None,1.254,-146.6,21430000,None,80341000,80341000,524514000,-969965000,151004000,3073000,0,None,None,-127821000,323000,46436000,None,694797000,694797000,37851000,None,None,30043000,None,None,28778000,26027000,37.55,0.0069,0,0,None,0.135,4.06,37548000,66326000,95.44,2013-06-30,20.58,198417000,22652000000.0,267863000,35703000,-156277000,149675000,149675000,None,5075000,None,None,None,None,223549000,None,None,437440000,None,None,None,0.449,593382000,231979000,35884000,40553000,33164000,None,None,None,None,None,None,None,1.084,34.95,6.77,None,None,None,None,None,-346905000,None,0.194,None,18271000,2025-10-28,quarterly,99.5,USD,pre-market,None,-1334572000,0.203,2.257,0.127,796.51,115457000,223549000,None,72745000,5232.22,5094.51,4.254,754028000,223682000,71015000,361298000,530346000,290283000,962660000,369071000,35.46,-350628000,5818.24,4074.35
2025-12-28,BKNG,153.41,26038999000.0,35.46,None,1.254,-146.6,15051000,None,80341000,80341000,-70972000,-16002000,74861000,-21282000,-207993000,None,None,-115162000,323000,46436000,None,694797000,694797000,37851000,None,None,30043000,None,None,28778000,19080000,37.55,0.0069,0,0,None,0.135,4.06,37548000,66326000,95.44,2013-03-31,20.58,198417000,22652000000.0,267863000,35703000,-156277000,149675000,149675000,None,5075000,None,None,None,None,223549000,None,None,244292000,None,None,None,0.449,183117000,231979000,35884000,40553000,33164000,None,None,None,None,None,None,None,1.084,34.95,6.77,None,None,None,None,None,-76380000,None,0.194,None,18271000,2025-10-28,quarterly,99.5,USD,pre-market,None,-1334572000,0.203,2.257,0.127,796.51,115457000,223549000,None,72745000,5232.22,5094.51,4.254,754028000,223682000,71015000,361298000,530346000,290283000,962660000,369071000,35.46,-350628000,5818.24,4074.35
2025-12-28,BKNG,153.41,26038999000.0,35.46,None,1.254,-146.6,16208000,None,80341000,80341000,-9318000,137840000,637879000,12538000,-261790000,None,None,127383000,323000,46436000,None,694797000,694797000,37851000,None,None,30043000,None,None,28778000,17628000,37.55,0.0069,0,0,None,0.135,4.06,37548000,66326000,95.44,2012-12-31,20.58,198417000,22652000000.0,267863000,35703000,-156277000,149675000,149675000,None,5075000,None,None,None,None,223549000,None,None,289595000,None,None,None,0.449,496819000,231979000,35884000,40553000,33164000,None,None,None,None,None,None,None,1.084,34.95,6.77,None,None,None,None,None,-1624000,None,0.194,None,18271000,2025-10-28,quarterly,99.5,USD,pre-market,None,-1334572000,0.203,2.257,0.127,796.51,115457000,223549000,None,72745000,5232.22,5094.51,4.254,754028000,223682000,71015000,361298000,530346000,290283000,962660000,369071000,35.46,-350628000,5818.24,4074.35
2025-12-28,BKNG,153.41,26038999000.0,35.46,None,1.254,-146.6,10527000,None,80341000,80341000,635000,-598279000,85684000,8383000,0,None,None,-55939000,323000,46436000,None,694797000,694797000,37851000,None,None,30043000,None,None,28778000,16008000,37.55,0.0069,0,0,None,0.135,4.06,37548000,66326000,95.44,2012-09-30,20.58,198417000,22652000000.0,267863000,35703000,-156277000,149675000,149675000,None,5075000,None,None,None,None,223549000,None,None,599972000,None,None,None,0.449,674945000,231979000,35884000,40553000,33164000,None,None,None,None,None,None,None,1.084,34.95,6.77,None,None,None,None,None,-229000,None,0.194,None,18271000,2025-10-28,quarterly,99.5,USD,pre-market,None,-1334572000,0.203,2.257,0.127,796.51,115457000,223549000,None,72745000,5232.22,5094.51,4.254,754028000,223682000,71015000,361298000,530346000,290283000,962660000,369071000,35.46,-350628000,5818.24,4074.35
2025-12-28,BKNG,153.41,26038999000.0,35.46,None,1.254,-146.6,14726000,None,80341000,80341000,-52995000,-730773000,-379289000,-27127000,0,None,None,-118486000,323000,46436000,None,694797000,694797000,37851000,None,None,30043000,None,None,28778000,15663000,37.55,0.0069,0,0,None,0.135,4.06,37548000,66326000,95.44,2012-06-30,20.58,198417000,22652000000.0,267863000,35703000,-156277000,149675000,149675000,None,5075000,None,None,None,None,223549000,None,None,352654000,None,None,None,0.449,431606000,231979000,35884000,40553000,33164000,None,None,None,None,None,None,None,1.084,34.95,6.77,None,None,None,None,None,-943000,None,0.194,None,18271000,2025-10-28,quarterly,99.5,USD,pre-market,None,-1334572000,0.203,2.257,0.127,796.51,115457000,223549000,None,72745000,5232.22,5094.51,4.254,754028000,223682000,71015000,361298000,530346000,290283000,962660000,369071000,35.46,-350628000,5818.24,4074.35
2025-12-28,BKNG,153.41,26038999000.0,35.46,None,1.254,-146.6,13697000,None,80341000,80341000,730533000,-371501000,559239000,17827000,-145345000,None,None,-58235000,323000,46436000,None,694797000,694797000,37851000,None,None,30043000,None,None,28778000,15842000,37.55,0.0069,0,0,None,0.135,4.06,37548000,66326000,95.44,2012-03-31,20.58,198417000,22652000000.0,267863000,35703000,-156277000,149675000,149675000,None,5075000,None,None,None,None,223549000,None,None,181816000,None,None,None,0.449,182380000,231979000,35884000,40553000,33164000,None,None,None,None,None,None,None,1.084,34.95,6.77,None,None,None,None,None,-254225000,None,0.194,None,18271000,2025-10-28,quarterly,99.5,USD,pre-market,None,-1334572000,0.203,2.257,0.127,796.51,115457000,223549000,None,72745000,5232.22,5094.51,4.254,754028000,223682000,71015000,361298000,530346000,290283000,962660000,369071000,35.46,-350628000,5818.24,4074.35
2025-12-28,BKNG,153.41,26038999000.0,35.46,None,1.254,-146.6,17063000,None,80341000,80341000,5554000,-66615000,211670000,-9110000,-285928000,None,None,76294000,323000,46436000,None,694797000,694797000,37851000,None,None,30043000,None,None,28778000,13737000,37.55,0.0069,3991000,3991000,None,0.135,4.06,37548000,66326000,95.44,2011-12-31,20.58,198417000,22652000000.0,267863000,35703000,-156277000,149675000,149675000,None,5075000,None,None,None,None,223549000,None,None,225956000,None,None,None,0.449,281841000,231979000,35884000,40553000,33164000,None,None,None,None,None,None,None,1.084,34.95,6.77,None,None,None,None,None,-802000,None,0.194,None,18271000,2025-10-28,quarterly,99.5,USD,pre-market,None,-1334572000,0.203,2.257,0.127,796.51,115457000,223549000,None,72745000,5232.22,5094.51,4.254,754028000,223682000,71015000,361298000,530346000,290283000,962660000,369071000,35.46,-350628000,5818.24,4074.35
2025-12-28,BKNG,153.41,26038999000.0,35.46,None,1.254,-146.6,11693000,None,80341000,80341000,-734000,-738023000,-190083000,-11795000,0,None,None,-47871000,323000,46436000,None,694797000,694797000,37851000,None,None,30043000,None,None,28778000,13957000,37.55,0.0069,0,0,None,0.135,4.06,37548000,66326000,95.44,2011-09-30,20.58,198417000,22652000000.0,267863000,35703000,-156277000,149675000,149675000,None,5075000,None,None,None,None,223549000,None,None,472884000,None,None,None,0.449,560469000,231979000,35884000,40553000,33164000,None,None,None,None,None,None,None,1.084,34.95,6.77,None,None,None,None,None,-3678000,None,0.194,None,18271000,2025-10-28,quarterly,99.5,USD,pre-market,None,-1334572000,0.203,2.257,0.127,796.51,115457000,223549000,None,72745000,5232.22,5094.51,4.254,754028000,223682000,71015000,361298000,530346000,290283000,962660000,369071000,35.46,-350628000,5818.24,4074.35
2025-12-28,BKNG,153.41,26038999000.0,35.46,None,1.254,-146.6,9798000,None,80341000,80341000,-8649000,-155181000,60175000,722000,0,None,None,-97729000,323000,46436000,None,694797000,694797000,37851000,None,None,30043000,None,None,28778000,13651000,37.55,0.0069,0,0,None,0.135,4.06,37548000,66326000,95.44,2011-06-30,20.58,198417000,22652000000.0,267863000,35703000,-156277000,149675000,149675000,None,5075000,None,None,None,None,223549000,None,None,256278000,None,None,None,0.449,223283000,231979000,35884000,40553000,33164000,None,None,None,None,None,None,None,1.084,34.95,6.77,None,None,None,None,None,-1429000,None,0.194,None,18271000,2025-10-28,quarterly,99.5,USD,pre-market,None,-1334572000,0.203,2.257,0.127,796.51,115457000,223549000,None,72745000,5232.22,5094.51,4.254,754028000,223682000,71015000,361298000,530346000,290283000,962660000,369071000,35.46,-350628000,5818.24,4074.35
2025-12-28,BKNG,153.41,26038999000.0,35.46,None,1.254,-146.6,8279000,None,80341000,80341000,-147198000,55051000,192107000,8035000,3307000,None,None,-56487000,323000,46436000,None,694797000,694797000,37851000,None,None,30043000,None,None,28778000,12479000,37.55,0.0069,0,0,None,0.135,4.06,37548000,66326000,95.44,2011-03-31,20.58,198417000,22652000000.0,267863000,35703000,-156277000,149675000,149675000,None,5075000,None,None,None,None,223549000,None,None,104013000,None,None,None,0.449,276219000,231979000,35884000,40553000,33164000,None,None,None,None,None,None,None,1.084,34.95,6.77,None,None,None,None,None,-157262000,None,0.194,None,18271000,2025-10-28,quarterly,99.5,USD,pre-market,None,-1334572000,0.203,2.257,0.127,796.51,115457000,223549000,None,72745000,5232.22,5094.51,4.254,754028000,223682000,71015000,361298000,530346000,290283000,962660000,369071000,35.46,-350628000,5818.24,4074.35
2025-12-28,BKNG,153.41,26038999000.0,35.46,None,1.254,-146.6,8122000,None,80341000,80341000,38433000,-392006000,None,None,-184237000,None,None,None,323000,46436000,None,694797000,694797000,37851000,None,None,30043000,None,None,28778000,14203000,37.55,0.0069,24623000,24623000,None,0.135,4.06,37548000,66326000,95.44,2010-12-31,20.58,198417000,22652000000.0,267863000,35703000,-156277000,149675000,149675000,None,5075000,None,None,None,None,223549000,None,None,135111000,None,None,None,0.449,179917000,231979000,35884000,40553000,33164000,None,None,None,None,None,None,None,1.084,34.95,6.77,None,None,None,None,None,-3792000,None,0.194,None,18271000,2025-10-28,quarterly,99.5,USD,pre-market,None,-1334572000,0.203,2.257,0.127,796.51,115457000,223549000,None,72745000,5232.22,5094.51,4.254,754028000,223682000,71015000,361298000,530346000,290283000,962660000,369071000,35.46,-350628000,5818.24,4074.35
2025-12-28,BKNG,153.41,26038999000.0,35.46,None,1.254,-146.6,4238000,None,80341000,80341000,-118439000,-29519000,None,None,0,None,None,None,323000,46436000,None,694797000,694797000,37851000,None,None,30043000,None,None,28778000,14795000,37.55,0.0069,0,0,None,0.135,4.06,37548000,66326000,95.44,2010-09-30,20.58,198417000,22652000000.0,267863000,35703000,-156277000,149675000,149675000,None,5075000,None,None,None,None,223549000,None,None,224560000,None,None,None,0.449,305364000,231979000,35884000,40553000,33164000,None,None,None,None,None,None,None,1.084,34.95,6.77,None,None,None,None,None,-230000,None,0.194,None,18271000,2025-10-28,quarterly,99.5,USD,pre-market,None,-1334572000,0.203,2.257,0.127,796.51,115457000,223549000,None,72745000,5232.22,5094.51,4.254,754028000,223682000,71015000,361298000,530346000,290283000,962660000,369071000,35.46,-350628000,5818.24,4074.35
2025-12-28,BKNG,153.41,26038999000.0,35.46,None,1.254,-146.6,5402000,None,80341000,80341000,-66032000,-108099000,None,None,0,None,None,None,323000,46436000,None,694797000,694797000,37851000,None,None,30043000,None,None,28778000,11687000,37.55,0.0069,0,0,None,0.135,4.06,37548000,66326000,95.44,2010-06-30,20.58,198417000,22652000000.0,267863000,35703000,-156277000,149675000,149675000,None,5075000,None,None,None,None,223549000,None,None,114596000,None,None,None,0.449,187319000,231979000,35884000,40553000,33164000,None,None,None,None,None,None,None,1.084,34.95,6.77,None,None,None,None,None,-6491000,None,0.194,None,18271000,2025-10-28,quarterly,99.5,USD,pre-market,None,-1334572000,0.203,2.257,0.127,796.51,115457000,223549000,None,72745000,5232.22,5094.51,4.254,754028000,223682000,71015000,361298000,530346000,290283000,962660000,369071000,35.46,-350628000,5818.24,4074.35
2025-12-28,BKNG,153.41,26038999000.0,35.46,None,1.254,-146.6,4831000,None,80341000,80341000,358995000,-311474000,None,None,1893000,None,None,None,323000,46436000,None,694797000,694797000,37851000,None,None,30043000,None,None,28778000,9779000,37.55,0.0069,None,None,None,0.135,4.06,37548000,66326000,95.44,2010-03-31,20.58,198417000,22652000000.0,267863000,35703000,-156277000,149675000,149675000,None,5075000,None,None,None,None,223549000,None,None,53875000,None,None,None,0.449,104697000,231979000,35884000,40553000,33164000,None,None,None,None,None,None,None,1.084,34.95,6.77,None,None,None,None,None,-118932000,None,0.194,None,18271000,2025-10-28,quarterly,99.5,USD,pre-market,None,-1334572000,0.203,2.257,0.127,796.51,115457000,223549000,None,72745000,5232.22,5094.51,4.254,754028000,223682000,71015000,361298000,530346000,290283000,962660000,369071000,35.46,-350628000,5818.24,4074.35
2025-12-28,BKNG,153.41,26038999000.0,35.46,None,1.254,-146.6,5204000,None,80341000,80341000,-43728000,-262057000,None,None,-99727000,None,None,None,323000,46436000,None,694797000,694797000,37851000,None,None,30043000,None,None,28778000,10011000,37.55,0.0069,9404000,9404000,None,0.135,4.06,37548000,66326000,95.44,2009-12-31,20.58,198417000,22652000000.0,267863000,35703000,-156277000,149675000,149675000,None,5075000,None,None,None,None,223549000,None,None,78455000,None,None,None,0.449,146265000,231979000,35884000,40553000,33164000,None,None,None,None,None,None,None,1.084,34.95,6.77,None,None,None,None,None,-3246000,None,0.194,None,18271000,2025-10-28,quarterly,99.5,USD,pre-market,None,-1334572000,0.203,2.257,0.127,796.51,115457000,223549000,None,72745000,5232.22,5094.51,4.254,754028000,223682000,71015000,361298000,530346000,290283000,962660000,369071000,35.46,-350628000,5818.24,4074.35
2025-12-28,BKNG,153.41,26038999000.0,35.46,None,1.254,-146.6,1788000,None,80341000,80341000,-83329000,-83784000,None,None,None,None,None,None,323000,46436000,None,694797000,694797000,37851000,None,None,30043000,None,None,28778000,10098000,37.55,0.0069,None,None,None,0.135,4.06,37548000,66326000,95.44,2009-09-30,20.58,198417000,22652000000.0,267863000,35703000,-156277000,149675000,149675000,None,5075000,None,None,None,None,223549000,None,None,318983000,None,None,None,0.449,195179000,231979000,35884000,40553000,33164000,None,None,None,None,None,None,None,1.084,34.95,6.77,None,None,None,None,None,-931000,None,0.194,None,18271000,2025-10-28,quarterly,99.5,USD,pre-market,None,-1334572000,0.203,2.257,0.127,796.51,115457000,223549000,None,72745000,5232.22,5094.51,4.254,754028000,223682000,71015000,361298000,530346000,290283000,962660000,369071000,35.46,-350628000,5818.24,4074.35
2025-12-28,BKNG,153.41,26038999000.0,35.46,None,1.254,-146.6,5023000,None,80341000,80341000,-10770000,-45236000,None,None,None,None,None,None,323000,46436000,None,694797000,694797000,37851000,None,None,30043000,None,None,28778000,9723000,37.55,0.0069,None,None,None,0.135,4.06,37548000,66326000,95.44,2009-06-30,20.58,198417000,22652000000.0,267863000,35703000,-156277000,149675000,149675000,None,5075000,None,None,None,None,223549000,None,None,67011000,None,None,None,0.449,94057000,231979000,35884000,40553000,33164000,None,None,None,None,None,None,None,1.084,34.95,6.77,None,None,None,None,None,-131000,None,0.194,None,18271000,2025-10-28,quarterly,99.5,USD,pre-market,None,-1334572000,0.203,2.257,0.127,796.51,115457000,223549000,None,72745000,5232.22,5094.51,4.254,754028000,223682000,71015000,361298000,530346000,290283000,962660000,369071000,35.46,-350628000,5818.24,4074.35
2025-12-28,BKNG,153.41,26038999000.0,35.46,None,1.254,-146.6,3091000,None,80341000,80341000,-31133000,-110383000,None,None,-167000,None,None,None,323000,46436000,None,694797000,694797000,37851000,None,None,30043000,None,None,28778000,9361000,37.55,0.0069,None,None,None,0.135,4.06,37548000,66326000,95.44,2009-03-31,20.58,198417000,22652000000.0,267863000,35703000,-156277000,149675000,149675000,None,5075000,None,None,None,None,223549000,None,None,25023000,None,None,None,0.449,74164000,231979000,35884000,40553000,33164000,None,None,None,None,None,None,None,1.084,34.95,6.77,None,None,None,None,None,-13107000,None,0.194,None,18271000,2025-10-28,quarterly,99.5,USD,pre-market,None,-1334572000,0.203,2.257,0.127,796.51,115457000,223549000,None,72745000,5232.22,5094.51,4.254,754028000,223682000,71015000,361298000,530346000,290283000,962660000,369071000,35.46,-350628000,5818.24,4074.35
2025-12-28,BKNG,153.41,26038999000.0,35.46,None,1.254,-146.6,5437000,None,80341000,80341000,-73119000,-53584000,None,None,19951000,None,None,None,323000,46436000,None,694797000,694797000,37851000,None,None,30043000,None,None,28778000,10444000,37.55,0.0069,None,None,None,0.135,4.06,37548000,66326000,95.44,2008-12-31,20.58,198417000,22652000000.0,267863000,35703000,-156277000,149675000,149675000,None,5075000,None,None,None,None,223549000,None,None,33255000,None,None,None,0.449,80353000,231979000,35884000,40553000,33164000,None,None,None,None,None,None,None,1.084,34.95,6.77,None,None,None,None,None,-113000,None,0.194,None,18271000,2025-10-28,quarterly,99.5,USD,pre-market,None,-1334572000,0.203,2.257,0.127,796.51,115457000,223549000,None,72745000,5232.22,5094.51,4.254,754028000,223682000,71015000,361298000,530346000,290283000,962660000,369071000,35.46,-350628000,5818.24,4074.35
2025-12-28,BKNG,153.41,26038999000.0,35.46,None,1.254,-146.6,5858000,None,80341000,80341000,-47259000,-91102000,None,None,None,None,None,None,323000,46436000,None,694797000,694797000,37851000,None,None,30043000,None,None,28778000,9275000,37.55,0.0069,None,None,None,0.135,4.06,37548000,66326000,95.44,2008-09-30,20.58,198417000,22652000000.0,267863000,35703000,-156277000,149675000,149675000,None,5075000,None,None,None,None,223549000,None,None,87968000,None,None,None,0.449,101916000,231979000,35884000,40553000,33164000,None,None,None,None,None,None,None,1.084,34.95,6.77,None,None,None,None,None,-931000,None,0.194,None,18271000,2025-10-28,quarterly,99.5,USD,pre-market,None,-1334572000,0.203,2.257,0.127,796.51,115457000,223549000,None,72745000,5232.22,5094.51,4.254,754028000,223682000,71015000,361298000,530346000,290283000,962660000,369071000,35.46,-350628000,5818.24,4074.35
2025-12-28,BKNG,153.41,26038999000.0,35.46,None,1.254,-146.6,12505000,None,80341000,80341000,-47113000,-79819000,None,None,None,None,None,None,323000,46436000,None,694797000,694797000,37851000,None,None,30043000,None,None,28778000,11953000,37.55,0.0069,None,None,None,0.135,4.06,37548000,66326000,95.44,2008-06-30,20.58,198417000,22652000000.0,267863000,35703000,-156277000,149675000,149675000,None,5075000,None,None,None,None,223549000,None,None,54096000,None,None,None,0.449,89902000,231979000,35884000,40553000,33164000,None,None,None,None,None,None,None,1.084,34.95,6.77,None,None,None,None,None,-132000,None,0.194,None,18271000,2025-10-28,quarterly,99.5,USD,pre-market,None,-1334572000,0.203,2.257,0.127,796.51,115457000,223549000,None,72745000,5232.22,5094.51,4.254,754028000,223682000,71015000,361298000,530346000,290283000,962660000,369071000,35.46,-350628000,5818.24,4074.35
2025-12-28,BKNG,153.41,26038999000.0,35.46,None,1.254,-146.6,19532000,None,80341000,80341000,-1357000,72600000,None,None,1757000,None,None,None,323000,46436000,None,694797000,694797000,37851000,None,None,30043000,None,None,28778000,11396000,37.55,0.0069,None,None,None,0.135,4.06,37548000,66326000,95.44,2008-03-31,20.58,198417000,22652000000.0,267863000,35703000,-156277000,149675000,149675000,None,5075000,None,None,None,None,223549000,None,None,18154000,None,None,None,0.449,43382000,231979000,35884000,40553000,33164000,None,None,None,None,None,None,None,1.084,34.95,6.77,None,None,None,None,None,-3273000,None,0.194,None,18271000,2025-10-28,quarterly,99.5,USD,pre-market,None,-1334572000,0.203,2.257,0.127,796.51,115457000,223549000,None,72745000,5232.22,5094.51,4.254,754028000,223682000,71015000,361298000,530346000,290283000,962660000,369071000,35.46,-350628000,5818.24,4074.35
2025-12-28,BKNG,153.41,26038999000.0,35.46,None,1.254,-146.6,4938000,None,80341000,80341000,20360000,-127207000,None,None,22851000,None,None,None,323000,46436000,None,694797000,694797000,37851000,None,None,30043000,None,None,28778000,11712000,37.55,0.0069,None,None,None,0.135,4.06,37548000,66326000,95.44,2007-12-31,20.58,198417000,22652000000.0,267863000,35703000,-156277000,149675000,149675000,None,5075000,None,None,None,None,223549000,None,None,32862000,None,None,None,0.449,66681000,231979000,35884000,40553000,33164000,None,None,None,None,None,None,None,1.084,34.95,6.77,None,None,None,None,None,-415000,None,0.194,None,18271000,2025-10-28,quarterly,99.5,USD,pre-market,None,-1334572000,0.203,2.257,0.127,796.51,115457000,223549000,None,72745000,5232.22,5094.51,4.254,754028000,223682000,71015000,361298000,530346000,290283000,962660000,369071000,35.46,-350628000,5818.24,4074.35
2025-12-28,BKNG,153.41,26038999000.0,35.46,None,1.254,-146.6,5504000,None,80341000,80341000,5627000,-74146000,None,None,None,None,None,None,323000,46436000,None,694797000,694797000,37851000,None,None,30043000,None,None,28778000,9916000,37.55,0.0069,None,None,None,0.135,4.06,37548000,66326000,95.44,2007-09-30,20.58,198417000,22652000000.0,267863000,35703000,-156277000,149675000,149675000,None,5075000,None,None,None,None,223549000,None,None,104364000,None,None,None,0.449,61686000,231979000,35884000,40553000,33164000,None,None,None,None,None,None,None,1.084,34.95,6.77,None,None,None,None,None,-593000,None,0.194,None,18271000,2025-10-28,quarterly,99.5,USD,pre-market,None,-1334572000,0.203,2.257,0.127,796.51,115457000,223549000,None,72745000,5232.22,5094.51,4.254,754028000,223682000,71015000,361298000,530346000,290283000,962660000,369071000,35.46,-350628000,5818.24,4074.35
2025-12-28,BKNG,153.41,26038999000.0,35.46,None,1.254,-146.6,3290000,None,80341000,80341000,-12875000,-25765000,None,None,None,None,None,None,323000,46436000,None,694797000,694797000,37851000,None,None,30043000,None,None,28778000,9805000,37.55,0.0069,None,None,None,0.135,4.06,37548000,66326000,95.44,2007-06-30,20.58,198417000,22652000000.0,267863000,35703000,-156277000,149675000,149675000,None,5075000,None,None,None,None,223549000,None,None,34572000,None,None,None,0.449,8895000,231979000,35884000,40553000,33164000,None,None,None,None,None,None,None,1.084,34.95,6.77,None,None,None,None,None,-205000,None,0.194,None,18271000,2025-10-28,quarterly,99.5,USD,pre-market,None,-1334572000,0.203,2.257,0.127,796.51,115457000,223549000,None,72745000,5232.22,5094.51,4.254,754028000,223682000,71015000,361298000,530346000,290283000,962660000,369071000,35.46,-350628000,5818.24,4074.35
2025-12-28,BKNG,153.41,26038999000.0,35.46,None,1.254,-146.6,2217000,None,80341000,80341000,6333000,5619000,None,None,-25355000,None,None,None,323000,46436000,None,694797000,694797000,37851000,None,None,30043000,None,None,28778000,9268000,37.55,0.0069,None,None,None,0.135,4.06,37548000,66326000,95.44,2007-03-31,20.58,198417000,22652000000.0,267863000,35703000,-156277000,149675000,149675000,None,5075000,None,None,None,None,223549000,None,None,-14716000,None,None,None,0.449,18753000,231979000,35884000,40553000,33164000,None,None,None,None,None,None,None,1.084,34.95,6.77,None,None,None,None,None,-1425000,None,0.194,None,18271000,2025-10-28,quarterly,99.5,USD,pre-market,None,-1334572000,0.203,2.257,0.127,796.51,115457000,223549000,None,72745000,5232.22,5094.51,4.254,754028000,223682000,71015000,361298000,530346000,290283000,962660000,369071000,35.46,-350628000,5818.24,4074.35
2025-12-28,BKNG,153.41,26038999000.0,35.46,None,1.254,-146.6,3223000,None,80341000,80341000,43508000,36849000,None,None,-3752000,None,None,None,323000,46436000,None,694797000,694797000,37851000,None,None,30043000,None,None,28778000,9780000,37.55,0.0069,None,None,None,0.135,4.06,37548000,66326000,95.44,2006-12-31,20.58,198417000,22652000000.0,267863000,35703000,-156277000,149675000,149675000,None,5075000,None,None,None,None,223549000,None,None,13232000,None,None,None,0.449,31797000,231979000,35884000,40553000,33164000,None,None,None,None,None,None,None,1.084,34.95,6.77,None,None,None,None,None,-20045000,None,0.194,None,18271000,2025-10-28,quarterly,99.5,USD,pre-market,None,-1334572000,0.203,2.257,0.127,796.51,115457000,223549000,None,72745000,5232.22,5094.51,4.254,754028000,223682000,71015000,361298000,530346000,290283000,962660000,369071000,35.46,-350628000,5818.24,4074.35
2025-12-28,BKNG,153.41,26038999000.0,35.46,None,1.254,-146.6,3340000,None,80341000,80341000,114394000,40238000,None,None,None,None,None,None,323000,46436000,None,694797000,694797000,37851000,None,None,30043000,None,None,28778000,9340000,37.55,0.0069,None,None,None,0.135,4.06,37548000,66326000,95.44,2006-09-30,20.58,198417000,22652000000.0,267863000,35703000,-156277000,149675000,149675000,None,5075000,None,None,None,None,223549000,None,None,48816000,None,None,None,0.449,34835000,231979000,35884000,40553000,33164000,None,None,None,None,None,None,None,1.084,34.95,6.77,None,None,None,None,None,-129946000,None,0.194,None,18271000,2025-10-28,quarterly,99.5,USD,pre-market,None,-1334572000,0.203,2.257,0.127,796.51,115457000,223549000,None,72745000,5232.22,5094.51,4.254,754028000,223682000,71015000,361298000,530346000,290283000,962660000,369071000,35.46,-350628000,5818.24,4074.35
2025-12-28,BKNG,153.41,26038999000.0,35.46,None,1.254,-146.6,4213000,None,80341000,80341000,3865000,6448000,None,None,None,None,None,None,323000,46436000,None,694797000,694797000,37851000,None,None,30043000,None,None,28778000,9066000,37.55,0.0069,None,None,None,0.135,4.06,37548000,66326000,95.44,2006-06-30,20.58,198417000,22652000000.0,267863000,35703000,-156277000,149675000,149675000,None,5075000,None,None,None,None,223549000,None,None,12517000,None,None,None,0.449,25102000,231979000,35884000,40553000,33164000,None,None,None,None,None,None,None,1.084,34.95,6.77,None,None,None,None,None,-63000,None,0.194,None,18271000,2025-10-28,quarterly,99.5,USD,pre-market,None,-1334572000,0.203,2.257,0.127,796.51,115457000,223549000,None,72745000,5232.22,5094.51,4.254,754028000,223682000,71015000,361298000,530346000,290283000,962660000,369071000,35.46,-350628000,5818.24,4074.35
2025-12-28,BKNG,153.41,26038999000.0,35.46,None,1.254,-146.6,2075000,None,80341000,80341000,-4474000,-14714000,None,None,None,None,None,None,323000,46436000,None,694797000,694797000,37851000,None,None,30043000,None,None,28778000,8645000,37.55,0.0069,None,None,None,0.135,4.06,37548000,66326000,95.44,2006-03-31,20.58,198417000,22652000000.0,267863000,35703000,-156277000,149675000,149675000,None,5075000,None,None,None,None,223549000,None,None,-99000,None,None,None,0.449,20347000,231979000,35884000,40553000,33164000,None,None,None,None,None,None,None,1.084,34.95,6.77,None,None,None,None,None,-5616000,None,0.194,None,18271000,2025-10-28,quarterly,99.5,USD,pre-market,None,-1334572000,0.203,2.257,0.127,796.51,115457000,223549000,None,72745000,5232.22,5094.51,4.254,754028000,223682000,71015000,361298000,530346000,290283000,962660000,369071000,35.46,-350628000,5818.24,4074.35
2025-12-28,BKNG,153.41,26038999000.0,35.46,None,1.254,-146.6,2996000,None,80341000,80341000,-8731000,-23828000,None,None,5460000,None,None,None,323000,46436000,None,694797000,694797000,37851000,None,None,30043000,None,None,28778000,8469000,37.55,0.0069,None,None,None,0.135,4.06,37548000,66326000,95.44,2005-12-31,20.58,198417000,22652000000.0,267863000,35703000,-156277000,149675000,149675000,None,5075000,None,None,None,None,223549000,None,None,3790000,None,None,None,0.449,13537000,231979000,35884000,40553000,33164000,None,None,None,None,None,None,None,1.084,34.95,6.77,None,None,None,None,None,-12150000,None,0.194,None,18271000,2025-10-28,quarterly,99.5,USD,pre-market,None,-1334572000,0.203,2.257,0.127,796.51,115457000,223549000,None,72745000,5232.22,5094.51,4.254,754028000,223682000,71015000,361298000,530346000,290283000,962660000,369071000,35.46,-350628000,5818.24,4074.35
2025-12-28,BKNG,153.41,26038999000.0,35.46,None,1.254,-146.6,1831000,None,80341000,80341000,19242000,-50368000,None,None,None,None,None,None,323000,46436000,None,694797000,694797000,37851000,None,None,30043000,None,None,28778000,8369000,37.55,0.0069,None,None,None,0.135,4.06,37548000,66326000,95.44,2005-09-30,20.58,198417000,22652000000.0,267863000,35703000,-156277000,149675000,149675000,None,5075000,None,None,None,None,223549000,None,None,171571000,None,None,None,0.449,12443000,231979000,35884000,40553000,33164000,None,None,None,None,None,None,None,1.084,34.95,6.77,None,None,None,None,None,None,None,0.194,None,18271000,2025-10-28,quarterly,99.5,USD,pre-market,None,-1334572000,0.203,2.257,0.127,796.51,115457000,223549000,None,72745000,5232.22,5094.51,4.254,754028000,223682000,71015000,361298000,530346000,290283000,962660000,369071000,35.46,-350628000,5818.24,4074.35
2025-12-28,BKNG,153.41,26038999000.0,35.46,None,1.254,-146.6,429000000,None,80341000,80341000,-4204000000,129000000,None,None,None,None,None,None,323000,46436000,None,694797000,694797000,37851000,None,None,30043000,None,None,28778000,751000000,37.55,0.0069,1174000000,1174000000,None,0.135,4.06,37548000,66326000,95.44,2024-12-31,20.58,198417000,22652000000.0,267863000,35703000,-156277000,149675000,149675000,None,5075000,None,None,None,None,223549000,None,None,5882000000,None,None,None,0.449,8323000000,231979000,35884000,40553000,33164000,None,None,None,None,None,None,None,1.084,34.95,6.77,None,None,None,None,None,-6509000000,None,0.194,None,18271000,2025-10-28,annual,99.5,USD,pre-market,None,-1334572000,0.203,2.257,0.127,796.51,115457000,223549000,None,72745000,5232.22,5094.51,4.254,754028000,223682000,71015000,361298000,530346000,290283000,962660000,369071000,35.46,-350628000,5818.24,4074.35
2025-12-28,BKNG,153.41,26038999000.0,35.46,None,1.254,-146.6,345000000,None,80341000,80341000,-8909000000,1486000000,None,None,None,None,None,None,323000,46436000,None,694797000,694797000,37851000,None,None,30043000,None,None,28778000,665000000,37.55,0.0069,2786000000,2786000000,None,0.135,4.06,37548000,66326000,95.44,2023-12-31,20.58,198417000,22652000000.0,267863000,35703000,-156277000,149675000,149675000,None,5075000,None,None,None,None,223549000,None,None,4289000000,None,None,None,0.449,7344000000,231979000,35884000,40553000,33164000,None,None,None,None,None,None,None,1.084,34.95,6.77,None,None,None,None,None,-10377000000,None,0.194,None,18271000,2025-10-28,annual,99.5,USD,pre-market,None,-1334572000,0.203,2.257,0.127,796.51,115457000,223549000,None,72745000,5232.22,5094.51,4.254,754028000,223682000,71015000,361298000,530346000,290283000,962660000,369071000,35.46,-350628000,5818.24,4074.35
2025-12-28,BKNG,153.41,26038999000.0,35.46,None,1.254,-146.6,368000000,None,80341000,80341000,-4897000000,-518000000,1139000000,None,None,None,None,-1228000000,323000,46436000,None,694797000,694797000,37851000,None,None,30043000,None,None,28778000,607000000,37.55,0.0069,0,0,None,0.135,4.06,37548000,66326000,95.44,2022-12-31,20.58,198417000,22652000000.0,267863000,35703000,-156277000,149675000,149675000,None,5075000,None,None,None,None,223549000,None,None,3058000000,None,None,None,0.449,6554000000,231979000,35884000,40553000,33164000,None,None,None,None,None,None,None,1.084,34.95,6.77,None,None,None,None,None,-6621000000,None,0.194,None,18271000,2025-10-28,annual,99.5,USD,pre-market,None,-1334572000,0.203,2.257,0.127,796.51,115457000,223549000,None,72745000,5232.22,5094.51,4.254,754028000,223682000,71015000,361298000,530346000,290283000,962660000,369071000,35.46,-350628000,5818.24,4074.35
2025-12-28,BKNG,153.41,26038999000.0,35.46,None,1.254,-146.6,304000000,None,80341000,80341000,-1239000000,-998000000,583000000,None,None,None,None,-1002000000,323000,46436000,None,694797000,694797000,37851000,None,None,30043000,None,None,28778000,599000000,37.55,0.0069,None,None,None,0.135,4.06,37548000,66326000,95.44,2021-12-31,20.58,198417000,22652000000.0,267863000,35703000,-156277000,149675000,149675000,None,5075000,None,None,None,None,223549000,None,None,1165000000,None,None,None,0.449,2820000000,231979000,35884000,40553000,33164000,None,None,None,None,None,None,None,1.084,34.95,6.77,None,None,None,None,None,-163000000,None,0.194,None,18271000,2025-10-28,annual,99.5,USD,pre-market,None,-1334572000,0.203,2.257,0.127,796.51,115457000,223549000,None,72745000,5232.22,5094.51,4.254,754028000,223682000,71015000,361298000,530346000,290283000,962660000,369071000,35.46,-350628000,5818.24,4074.35
2025-12-28,BKNG,153.41,26038999000.0,35.46,None,1.254,-146.6,286000000,None,80341000,80341000,1528000000,2637000000,4250000000,None,None,None,None,891000000,323000,46436000,None,694797000,694797000,37851000,None,None,30043000,None,None,28778000,642000000,37.55,0.0069,None,None,None,0.135,4.06,37548000,66326000,95.44,2020-12-31,20.58,198417000,22652000000.0,267863000,35703000,-156277000,149675000,149675000,None,5075000,None,None,None,None,223549000,None,None,59000000,None,None,None,0.449,85000000,231979000,35884000,40553000,33164000,None,None,None,None,None,None,None,1.084,34.95,6.77,None,None,None,None,None,-1303000000,None,0.194,None,18271000,2025-10-28,annual,99.5,USD,pre-market,None,-1334572000,0.203,2.257,0.127,796.51,115457000,223549000,None,72745000,5232.22,5094.51,4.254,754028000,223682000,71015000,361298000,530346000,290283000,962660000,369071000,35.46,-350628000,5818.24,4074.35
2025-12-28,BKNG,153.41,26038999000.0,35.46,None,1.254,-146.6,368000000,None,80341000,80341000,-8220000000,7050000000,3695000000,None,-480000000,None,None,-323000000,323000,46436000,None,694797000,694797000,37851000,None,None,30043000,None,None,28778000,641000000,37.55,0.0069,None,None,None,0.135,4.06,37548000,66326000,95.44,2019-12-31,20.58,198417000,22652000000.0,267863000,35703000,-156277000,149675000,149675000,None,5075000,None,None,None,None,223549000,None,None,4865000000,None,None,None,0.449,4865000000,231979000,35884000,40553000,33164000,None,None,None,None,None,None,None,1.084,34.95,6.77,None,None,None,None,None,-8187000000,None,0.194,None,18271000,2025-10-28,annual,99.5,USD,pre-market,None,-1334572000,0.203,2.257,0.127,796.51,115457000,223549000,None,72745000,5232.22,5094.51,4.254,754028000,223682000,71015000,361298000,530346000,290283000,962660000,369071000,35.46,-350628000,5818.24,4074.35
2025-12-28,BKNG,153.41,26038999000.0,35.46,None,1.254,-146.6,442000000,None,80341000,80341000,-7431000000,2215000000,122000000,None,-201000000,None,None,-319000000,323000,46436000,None,694797000,694797000,37851000,None,None,30043000,None,None,28778000,426000000,37.55,0.0069,None,None,None,0.135,4.06,37548000,66326000,95.44,2018-12-31,20.58,198417000,22652000000.0,267863000,35703000,-156277000,149675000,149675000,None,5075000,None,None,None,None,223549000,None,None,3998000000,None,None,None,0.449,5338000000,231979000,35884000,40553000,33164000,None,None,None,None,None,None,None,1.084,34.95,6.77,None,None,None,None,None,-5971000000,None,0.194,None,18271000,2025-10-28,annual,99.5,USD,pre-market,None,-1334572000,0.203,2.257,0.127,796.51,115457000,223549000,None,72745000,5232.22,5094.51,4.254,754028000,223682000,71015000,361298000,530346000,290283000,962660000,369071000,35.46,-350628000,5818.24,4074.35
2025-12-28,BKNG,153.41,26038999000.0,35.46,None,1.254,-146.6,287805000,None,80341000,80341000,-78663000,-4202035000,381338000,None,-124269000,None,None,-269732000,323000,46436000,None,694797000,694797000,37851000,None,None,30043000,None,None,28778000,362774000,37.55,0.0069,0,0,None,0.135,4.06,37548000,66326000,95.44,2017-12-31,20.58,198417000,22652000000.0,267863000,35703000,-156277000,149675000,149675000,None,5075000,None,None,None,None,223549000,None,None,2340765000,None,None,None,0.449,4662036000,231979000,35884000,40553000,33164000,None,None,None,None,None,None,None,1.084,34.95,6.77,None,None,None,None,None,-1828000000,None,0.194,None,18271000,2025-10-28,annual,99.5,USD,pre-market,None,-1334572000,0.203,2.257,0.127,796.51,115457000,223549000,None,72745000,5232.22,5094.51,4.254,754028000,223682000,71015000,361298000,530346000,290283000,962660000,369071000,35.46,-350628000,5818.24,4074.35
2025-12-28,BKNG,153.41,26038999000.0,35.46,None,1.254,-146.6,268383000,None,80341000,80341000,57737000,-3333295000,649139000,None,5495000,None,None,-284221000,323000,46436000,None,694797000,694797000,37851000,None,None,30043000,None,None,28778000,309135000,37.55,0.0069,0,0,None,0.135,4.06,37548000,66326000,95.44,2016-12-31,20.58,198417000,22652000000.0,267863000,35703000,-156277000,149675000,149675000,None,5075000,None,None,None,None,223549000,None,None,2134987000,None,None,None,0.449,3924697000,231979000,35884000,40553000,33164000,None,None,None,None,None,None,None,1.084,34.95,6.77,None,None,None,None,None,-1013526000,None,0.194,None,18271000,2025-10-28,annual,99.5,USD,pre-market,None,-1334572000,0.203,2.257,0.127,796.51,115457000,223549000,None,72745000,5232.22,5094.51,4.254,754028000,223682000,71015000,361298000,530346000,290283000,962660000,369071000,35.46,-350628000,5818.24,4074.35
2025-12-28,BKNG,153.41,26038999000.0,35.46,None,1.254,-146.6,173915000,None,80341000,80341000,-729996000,-3894518000,-1671386000,-149103000,-81611000,None,None,-68694000,323000,46436000,None,694797000,694797000,37851000,None,None,30043000,None,None,28778000,272494000,37.55,0.0069,0,0,None,0.135,4.06,37548000,66326000,95.44,2015-12-31,20.58,198417000,22652000000.0,267863000,35703000,-156277000,149675000,149675000,None,5075000,None,None,None,None,223549000,None,None,2551360000,None,None,None,0.449,3102231000,231979000,35884000,40553000,33164000,None,None,None,None,None,None,None,1.084,34.95,6.77,None,None,None,None,None,-3089055000,None,0.194,None,18271000,2025-10-28,annual,99.5,USD,pre-market,None,-1334572000,0.203,2.257,0.127,796.51,115457000,223549000,None,72745000,5232.22,5094.51,4.254,754028000,223682000,71015000,361298000,530346000,290283000,962660000,369071000,35.46,-350628000,5818.24,4074.35
2025-12-28,BKNG,153.41,26038999000.0,35.46,None,1.254,-146.6,131504000,None,80341000,80341000,1428994000,-2348544000,1858657000,-136190000,-48932000,None,None,-182209000,323000,46436000,None,694797000,694797000,37851000,None,None,30043000,None,None,28778000,207820000,37.55,0.0069,0,0,None,0.135,4.06,37548000,66326000,95.44,2014-12-31,20.58,198417000,22652000000.0,267863000,35703000,-156277000,149675000,149675000,None,5075000,None,None,None,None,223549000,None,None,2421753000,None,None,None,0.449,2914397000,231979000,35884000,40553000,33164000,None,None,None,None,None,None,None,1.084,34.95,6.77,None,None,None,None,None,-750378000,None,0.194,None,18271000,2025-10-28,annual,99.5,USD,pre-market,None,-1334572000,0.203,2.257,0.127,796.51,115457000,223549000,None,72745000,5232.22,5094.51,4.254,754028000,223682000,71015000,361298000,530346000,290283000,962660000,369071000,35.46,-350628000,5818.24,4074.35
2025-12-28,BKNG,153.41,26038999000.0,35.46,None,1.254,-146.6,84445000,None,80341000,80341000,-403511000,-2162267000,-246355000,17987000,-6909000,None,None,-111572000,323000,46436000,None,694797000,694797000,37851000,None,None,30043000,None,None,28778000,117975000,37.55,0.0069,1072798000,1072798000,None,0.135,4.06,37548000,66326000,95.44,2013-12-31,20.58,198417000,22652000000.0,267863000,35703000,-156277000,149675000,149675000,None,5075000,None,None,None,None,223549000,None,None,1892798000,None,None,None,0.449,2301436000,231979000,35884000,40553000,33164000,None,None,None,None,None,None,None,1.084,34.95,6.77,None,None,None,None,None,-883515000,None,0.194,None,18271000,2025-10-28,annual,99.5,USD,pre-market,None,-1334572000,0.203,2.257,0.127,796.51,115457000,223549000,None,72745000,5232.22,5094.51,4.254,754028000,223682000,71015000,361298000,530346000,290283000,962660000,369071000,35.46,-350628000,5818.24,4074.35
2025-12-28,BKNG,153.41,26038999000.0,35.46,None,1.254,-146.6,55158000,None,80341000,80341000,668855000,-1562713000,903513000,11621000,-40793000,None,None,-105277000,323000,46436000,None,694797000,694797000,37851000,None,None,30043000,None,None,28778000,65141000,37.55,0.0069,0,0,None,0.135,4.06,37548000,66326000,95.44,2012-12-31,20.58,198417000,22652000000.0,267863000,35703000,-156277000,149675000,149675000,None,5075000,None,None,None,None,223549000,None,None,1424037000,None,None,None,0.449,1785750000,231979000,35884000,40553000,33164000,None,None,None,None,None,None,None,1.084,34.95,6.77,None,None,None,None,None,-257021000,None,0.194,None,18271000,2025-10-28,annual,99.5,USD,pre-market,None,-1334572000,0.203,2.257,0.127,796.51,115457000,223549000,None,72745000,5232.22,5094.51,4.254,754028000,223682000,71015000,361298000,530346000,290283000,962660000,369071000,35.46,-350628000,5818.24,4074.35
2025-12-28,BKNG,153.41,26038999000.0,35.46,None,1.254,-146.6,46833000,None,80341000,80341000,-151027000,-904768000,273869000,-12148000,12213000,None,None,-125793000,323000,46436000,None,694797000,694797000,37851000,None,None,30043000,None,None,28778000,53824000,37.55,0.0069,0,0,None,0.135,4.06,37548000,66326000,95.44,2011-12-31,20.58,198417000,22652000000.0,267863000,35703000,-156277000,149675000,149675000,None,5075000,None,None,None,None,223549000,None,None,1059131000,None,None,None,0.449,1341812000,231979000,35884000,40553000,33164000,None,None,None,None,None,None,None,1.084,34.95,6.77,None,None,None,None,None,-163171000,None,0.194,None,18271000,2025-10-28,annual,99.5,USD,pre-market,None,-1334572000,0.203,2.257,0.127,796.51,115457000,223549000,None,72745000,5232.22,5094.51,4.254,754028000,223682000,71015000,361298000,530346000,290283000,962660000,369071000,35.46,-350628000,5818.24,4074.35
2025-12-28,BKNG,153.41,26038999000.0,35.46,None,1.254,-146.6,22593000,None,80341000,80341000,212957000,-841098000,156826000,7670000,-22373000,None,None,-29275000,323000,46436000,None,694797000,694797000,37851000,None,None,30043000,None,None,28778000,50464000,37.55,0.0069,0,0,None,0.135,4.06,37548000,66326000,95.44,2010-12-31,20.58,198417000,22652000000.0,267863000,35703000,-156277000,149675000,149675000,None,5075000,None,None,None,None,223549000,None,None,528142000,None,None,None,0.449,777297000,231979000,35884000,40553000,33164000,None,None,None,None,None,None,None,1.084,34.95,6.77,None,None,None,None,None,-129445000,None,0.194,None,18271000,2025-10-28,annual,99.5,USD,pre-market,None,-1334572000,0.203,2.257,0.127,796.51,115457000,223549000,None,72745000,5232.22,5094.51,4.254,754028000,223682000,71015000,361298000,530346000,290283000,962660000,369071000,35.46,-350628000,5818.24,4074.35
2025-12-28,BKNG,153.41,26038999000.0,35.46,None,1.254,-146.6,15106000,None,80341000,80341000,-168960000,-501460000,None,None,-979000,None,None,None,323000,46436000,None,694797000,694797000,37851000,None,None,30043000,None,None,28778000,39193000,37.55,0.0069,None,None,None,0.135,4.06,37548000,66326000,95.44,2009-12-31,20.58,198417000,22652000000.0,267863000,35703000,-156277000,149675000,149675000,None,5075000,None,None,None,None,223549000,None,None,489472000,None,None,None,0.449,509665000,231979000,35884000,40553000,33164000,None,None,None,None,None,None,None,1.084,34.95,6.77,None,None,None,None,None,-17415000,None,0.194,None,18271000,2025-10-28,annual,99.5,USD,pre-market,None,-1334572000,0.203,2.257,0.127,796.51,115457000,223549000,None,72745000,5232.22,5094.51,4.254,754028000,223682000,71015000,361298000,530346000,290283000,962660000,369071000,35.46,-350628000,5818.24,4074.35
2025-12-28,BKNG,153.41,26038999000.0,35.46,None,1.254,-146.6,18322000,None,80341000,80341000,-168848000,-151905000,None,None,-5153000,None,None,None,323000,46436000,None,694797000,694797000,37851000,None,None,30043000,None,None,28778000,43068000,37.55,0.0069,None,None,None,0.135,4.06,37548000,66326000,95.44,2008-12-31,20.58,198417000,22652000000.0,267863000,35703000,-156277000,149675000,149675000,None,5075000,None,None,None,None,223549000,None,None,193473000,None,None,None,0.449,315553000,231979000,35884000,40553000,33164000,None,None,None,None,None,None,None,1.084,34.95,6.77,None,None,None,None,None,-4449000,None,0.194,None,18271000,2025-10-28,annual,99.5,USD,pre-market,None,-1334572000,0.203,2.257,0.127,796.51,115457000,223549000,None,72745000,5232.22,5094.51,4.254,754028000,223682000,71015000,361298000,530346000,290283000,962660000,369071000,35.46,-350628000,5818.24,4074.35
2025-12-28,BKNG,153.41,26038999000.0,35.46,None,1.254,-146.6,15949000,None,80341000,80341000,19445000,-221499000,None,None,-9166000,None,None,None,323000,46436000,None,694797000,694797000,37851000,None,None,30043000,None,None,28778000,40701000,37.55,0.0069,None,None,None,0.135,4.06,37548000,66326000,95.44,2007-12-31,20.58,198417000,22652000000.0,267863000,35703000,-156277000,149675000,149675000,None,5075000,None,None,None,None,223549000,None,None,157082000,None,None,None,0.449,156015000,231979000,35884000,40553000,33164000,None,None,None,None,None,None,None,1.084,34.95,6.77,None,None,None,None,None,-2638000,None,0.194,None,18271000,2025-10-28,annual,99.5,USD,pre-market,None,-1334572000,0.203,2.257,0.127,796.51,115457000,223549000,None,72745000,5232.22,5094.51,4.254,754028000,223682000,71015000,361298000,530346000,290283000,962660000,369071000,35.46,-350628000,5818.24,4074.35
2025-12-28,BKNG,153.41,26038999000.0,35.46,None,1.254,-146.6,12851000,None,80341000,80341000,157293000,68821000,None,None,-2562000,None,None,None,323000,46436000,None,694797000,694797000,37851000,None,None,30043000,None,None,28778000,36831000,37.55,0.0069,None,None,None,0.135,4.06,37548000,66326000,95.44,2006-12-31,20.58,198417000,22652000000.0,267863000,35703000,-156277000,149675000,149675000,None,5075000,None,None,None,None,223549000,None,None,74466000,None,None,None,0.449,112081000,231979000,35884000,40553000,33164000,None,None,None,None,None,None,None,1.084,34.95,6.77,None,None,None,None,None,-155670000,None,0.194,None,18271000,2025-10-28,annual,99.5,USD,pre-market,None,-1334572000,0.203,2.257,0.127,796.51,115457000,223549000,None,72745000,5232.22,5094.51,4.254,754028000,223682000,71015000,361298000,530346000,290283000,962660000,369071000,35.46,-350628000,5818.24,4074.35
2025-12-28,BKNG,153.41,26038999000.0,35.46,None,1.254,-146.6,11030000,None,80341000,80341000,13216000,-94485000,None,None,808000,None,None,None,323000,46436000,None,694797000,694797000,37851000,None,None,30043000,None,None,28778000,28778000,37.55,0.0069,None,None,None,0.135,4.06,37548000,66326000,95.44,2005-12-31,20.58,198417000,22652000000.0,267863000,35703000,-156277000,149675000,149675000,None,5075000,None,None,None,None,223549000,None,None,192729000,None,None,None,0.449,62642000,231979000,35884000,40553000,33164000,None,None,None,None,None,None,None,1.084,34.95,6.77,None,None,None,None,None,-12150000,None,0.194,None,18271000,2025-10-28,annual,99.5,USD,pre-market,None,-1334572000,0.203,2.257,0.127,796.51,115457000,223549000,None,72745000,5232.22,5094.51,4.254,754028000,223682000,71015000,361298000,530346000,290283000,962660000,369071000,35.46,-350628000,5818.24,4074.35
