date,symbol,eps,revenue_ttm,pe_ratio,accumulateddepreciationamortizationppe,beta,book_value,capitalexpenditures,capitalleaseobligations,cashandcashequivalentsatcarryingvalue,cashandshortterminvestments,cashflowfromfinancing,cashflowfrominvestment,changeincashandcashequivalents,changeinexchangerate,changeininventory,changeinoperatingassets,changeinoperatingliabilities,changeinreceivables,commonstock,commonstocksharesoutstanding,comprehensiveincomenetoftax,costofgoodsandservicessold,costofrevenue,currentaccountspayable,currentdebt,currentlongtermdebt,currentnetreceivables,deferredrevenue,depreciation,depreciationandamortization,depreciationdepletionandamortization,dividend_per_share,dividend_yield,dividendpayout,dividendpayoutcommonstock,dividendpayoutpreferredstock,earnings_growth_yoy,earnings_surprise,ebit,ebitda,estimated_eps,fiscaldateending,forward_pe,goodwill,gross_profit_ttm,grossprofit,incomebeforetax,incometaxexpense,intangibleassets,intangibleassetsexcludinggoodwill,interestanddebtexpense,interestexpense,interestincome,inventory,investmentincomenet,investments,longtermdebt,longtermdebtnoncurrent,longterminvestments,netincome,netincomefromcontinuingoperations,netinterestincome,noninterestincome,operating_margin_ttm,operatingcashflow,operatingexpenses,operatingincome,othercurrentassets,othercurrentliabilities,othernoncurrentassets,othernoncurrentliabilities,othernonoperatingincome,paymentsforoperatingactivities,paymentsforrepurchaseofcommonstock,paymentsforrepurchaseofequity,paymentsforrepurchaseofpreferredstock,peg_ratio,price_to_book,price_to_sales_ttm,proceedsfromissuanceofcommonstock,proceedsfromissuanceoflongtermdebtandcapitalsecuritiesnet,proceedsfromissuanceofpreferredstock,proceedsfromoperatingactivities,proceedsfromrepaymentsofshorttermdebt,proceedsfromrepurchaseofequity,proceedsfromsaleoftreasurystock,profit_margin,profitloss,propertyplantequipment,report_date,report_type,reported_eps,reportedcurrency,reporttime,researchanddevelopment,retainedearnings,return_on_assets_ttm,return_on_equity_ttm,revenue_growth_yoy,revenue_per_share_ttm,sellinggeneralandadministrative,shortlongtermdebttotal,shorttermdebt,shortterminvestments,sma_200,sma_50,surprise_pct,totalassets,totalcurrentassets,totalcurrentliabilities,totalliabilities,totalnoncurrentassets,totalnoncurrentliabilities,totalrevenue,totalshareholderequity,trailing_pe,treasurystock,week_52_high,week_52_low
1996-03-31,BKR,,,,,,,,,,,,,,,,,,,,,,,,,,,,,,,,,,,,,,0.03,,,0.26,,,,,,,,,,,,,,,,,,,,,,,,,,,,,,,,,,,,,,,,,,,,,,,,,1996-04-24,,0.29,,pre-market,,,,,,,,,,,,,11.5385,,,,,,,,,,,,
1996-06-30,BKR,,,,,,,,,,,,,,,,,,,,,,,,,,,,,,,,,,,,,,0.01,,,0.3,,,,,,,,,,,,,,,,,,,,,,,,,,,,,,,,,,,,,,,,,,,,,,,,,1996-07-24,,0.31,,pre-market,,,,,,,,,,,,,3.3333,,,,,,,,,,,,
1996-09-30,BKR,,,,,,,,,,,,,,,,,,,,,,,,,,,,,,,,,,,,,,0.02,,,0.36,,,,,,,,,,,,,,,,,,,,,,,,,,,,,,,,,,,,,,,,,,,,,,,,,1996-11-13,,0.38,,pre-market,,,,,,,,,,,,,5.5556,,,,,,,,,,,,
1996-12-31,BKR,,,,,,,,,,,,,,,,,,,,,,,,,,,,,,,,,,,,,,0.02,,,0.33,,,,,,,,,,,,,,,,,,,,,,,,,,,,,,,,,,,,,,,,,,,,,,,,,1997-01-22,,0.35,,pre-market,,,,,,,,,,,,,6.0606,,,,,,,,,,,,
1997-03-31,BKR,,,,,,,,,,,,,,,,,,,,,,,,,,,,,,,,,,,,,,0.01,,,0.39,,,,,,,,,,,,,,,,,,,,,,,,,,,,,,,,,,,,,,,,,,,,,,,,,1997-04-23,,0.4,,pre-market,,,,,,,,,,,,,2.5641,,,,,,,,,,,,
1997-06-30,BKR,,,,,,,,,,,,,,,,,,,,,,,,,,,,,,,,,,,,,,0.03,,,0.45,,,,,,,,,,,,,,,,,,,,,,,,,,,,,,,,,,,,,,,,,,,,,,,,,1997-07-23,,0.48,,pre-market,,,,,,,,,,,,,6.6667,,,,,,,,,,,,
1997-09-30,BKR,,,,,,,,,,,,,,,,,,,,,,,,,,,,,,,,,,,,,,0.03,,,0.48,,,,,,,,,,,,,,,,,,,,,,,,,,,,,,,,,,,,,,,,,,,,,,,,,1997-10-27,,0.51,,pre-market,,,,,,,,,,,,,6.25,,,,,,,,,,,,
1997-12-31,BKR,,,,,,,,,,,,,,,,,,,,,,,,,,,,,,,,,,,,,,0.02,,,0.44,,,,,,,,,,,,,,,,,,,,,,,,,,,,,,,,,,,,,,,,,,,,,,,,,1998-01-26,,0.46,,pre-market,,,,,,,,,,,,,4.5455,,,,,,,,,,,,
1998-03-31,BKR,,,,,,,,,,,,,,,,,,,,,,,,,,,,,,,,,,,,,,0.0,,,0.46,,,,,,,,,,,,,,,,,,,,,,,,,,,,,,,,,,,,,,,,,,,,,,,,,1998-04-27,,0.46,,pre-market,,,,,,,,,,,,,0.0,,,,,,,,,,,,
1998-06-30,BKR,,,,,,,,,,,,,,,,,,,,,,,,,,,,,,,,,,,,,,0.01,,,0.45,,,,,,,,,,,,,,,,,,,,,,,,,,,,,,,,,,,,,,,,,,,,,,,,,1998-07-24,,0.46,,pre-market,,,,,,,,,,,,,2.2222,,,,,,,,,,,,
1998-09-30,BKR,,,,,,,,,,,,,,,,,,,,,,,,,,,,,,,,,,,,,,0.02,,,0.18,,,,,,,,,,,,,,,,,,,,,,,,,,,,,,,,,,,,,,,,,,,,,,,,,1998-11-02,,0.2,,pre-market,,,,,,,,,,,,,11.1111,,,,,,,,,,,,
1998-12-31,BKR,,,,,,,,,,,,,,,,,,,,,,,,,,,,,,,,,,,,,,-0.04,,,0.18,,,,,,,,,,,,,,,,,,,,,,,,,,,,,,,,,,,,,,,,,,,,,,,,,1999-02-01,,0.14,,pre-market,,,,,,,,,,,,,-22.2222,,,,,,,,,,,,
1999-03-31,BKR,,,,,,,,,,,,,,,,,,,,,,,,,,,,,,,,,,,,,,0.01,,,0.12,,,,,,,,,,,,,,,,,,,,,,,,,,,,,,,,,,,,,,,,,,,,,,,,,1999-05-04,,0.13,,pre-market,,,,,,,,,,,,,8.3333,,,,,,,,,,,,
1999-06-30,BKR,,,,,,,,,,,,,,,,,,,,,,,,,,,,,,,,,,,,,,0.0,,,0.06,,,,,,,,,,,,,,,,,,,,,,,,,,,,,,,,,,,,,,,,,,,,,,,,,1999-08-02,,0.06,,pre-market,,,,,,,,,,,,,0.0,,,,,,,,,,,,
1999-09-30,BKR,,,,,,,,,,,,,,,,,,,,,,,,,,,,,,,,,,,,,,0.0,,,0.03,,,,,,,,,,,,,,,,,,,,,,,,,,,,,,,,,,,,,,,,,,,,,,,,,1999-11-01,,0.03,,pre-market,,,,,,,,,,,,,0.0,,,,,,,,,,,,
1999-12-31,BKR,,,,,,,,,,,,,,,,,,,,,,,,,,,,,,,,,,,,,,0.06,,,-0.03,,,,,,,,,,,,,,,,,,,,,,,,,,,,,,,,,,,,,,,,,,,,,,,,,2000-02-17,,0.03,,pre-market,,,,,,,,,,,,,200.0,,,,,,,,,,,,
2000-03-31,BKR,,,,,,,,,,,,,,,,,,,,,,,,,,,,,,,,,,,,,,0.0,,,-0.03,,,,,,,,,,,,,,,,,,,,,,,,,,,,,,,,,,,,,,,,,,,,,,,,,2000-04-26,,0.06,,pre-market,,,,,,,,,,,,,200.0,,,,,,,,,,,,
2000-06-30,BKR,,,,,,,,,,,,,,,,,,,,,,,,,,,,,,,,,,,,,,0.05,,,0.07,,,,,,,,,,,,,,,,,,,,,,,,,,,,,,,,,,,,,,,,,,,,,,,,,2000-07-31,,0.12,,pre-market,,,,,,,,,,,,,71.4286,,,,,,,,,,,,
2000-09-30,BKR,,,,,,,,,,,,,,,,,,,,,,,,,,,,,,,,,,,,,,0.07,,,0.14,,,,,,,,,,,,,,,,,,,,,,,,,,,,,,,,,,,,,,,,,,,,,,,,,2000-10-30,,0.21,,pre-market,,,,,,,,,,,,,50.0,,,,,,,,,,,,
2000-12-31,BKR,,,,,,,,,,,,,,,,,,,,,,,,,,,,,,,,,,,,,,0.01,,,0.23,,,,,,,,,,,,,,,,,,,,,,,,,,,,,,,,,,,,,,,,,,,,,,,,,2001-02-15,,0.24,,pre-market,,,,,,,,,,,,,4.3478,,,,,,,,,,,,
2001-03-31,BKR,,,,,,,,,,,,,,,,,,,,,,,,,,,,,,,,,,,,,,0.02,,,0.23,,,,,,,,,,,,,,,,,,,,,,,,,,,,,,,,,,,,,,,,,,,,,,,,,2001-04-25,,0.25,,pre-market,,,,,,,,,,,,,8.6957,,,,,,,,,,,,
2001-06-30,BKR,,,,,,,,,,,,,,,,,,,,,,,,,,,,,,,,,,,,,,0.04,,,0.27,,,,,,,,,,,,,,,,,,,,,,,,,,,,,,,,,,,,,,,,,,,,,,,,,2001-07-26,,0.31,,pre-market,,,,,,,,,,,,,14.8148,,,,,,,,,,,,
2001-09-30,BKR,,,,,,,,,,,,,,,,,,,,,,,,,,,,,,,,,,,,,,0.06,,,0.34,,,,,,,,,,,,,,,,,,,,,,,,,,,,,,,,,,,,,,,,,,,,,,,,,2001-10-26,,0.4,,pre-market,,,,,,,,,,,,,17.6471,,,,,,,,,,,,
2001-12-31,BKR,,,,,,,,,,,,,,,,,,,,,,,,,,,,,,,,,,,,,,0.04,,,0.35,,,,,,,,,,,,,,,,,,,,,,,,,,,,,,,,,,,,,,,,,,,,,,,,,2002-02-14,,0.39,,pre-market,,,,,,,,,,,,,11.4286,,,,,,,,,,,,
2002-03-31,BKR,,,,,,,,,,,,,,,,,,,,,,,,,,,,,,,,,,,,,,0.01,,,0.21,,,,,,,,,,,,,,,,,,,,,,,,,,,,,,,,,,,,,,,,,,,,,,,,,2002-04-23,,0.22,,pre-market,,,,,,,,,,,,,4.7619,,,,,,,,,,,,
2002-06-30,BKR,,,,,,,,,,,,,,,,,,,,,,,,,,,,,,,,,,,,,,0.0,,,0.21,,,,,,,,,,,,,,,,,,,,,,,,,,,,,,,,,,,,,,,,,,,,,,,,,2002-07-25,,0.21,,pre-market,,,,,,,,,,,,,0.0,,,,,,,,,,,,
2002-09-30,BKR,,,,,,,,,,,,,,,,,,,,,,,,,,,,,,,,,,,,,,0.05,,,0.21,,,,,,,,,,,,,,,,,,,,,,,,,,,,,,,,,,,,,,,,,,,,,,,,,2002-10-24,,0.26,,pre-market,,,,,,,,,,,,,23.8095,,,,,,,,,,,,
2002-12-31,BKR,,,,,,,,,,,,,,,,,,,,,,,,,,,,,,,,,,,,,,0.0,,,0.25,,,,,,,,,,,,,,,,,,,,,,,,,,,,,,,,,,,,,,,,,,,,,,,,,2003-02-13,,0.25,,pre-market,,,,,,,,,,,,,0.0,,,,,,,,,,,,
2003-03-31,BKR,,,,,,,,,,,,,,,,,,,,,,,,,,,,,,,,,,,,,,0.0,,,0.14,,,,,,,,,,,,,,,,,,,,,,,,,,,,,,,,,,,,,,,,,,,,,,,,,2003-04-22,,0.14,,pre-market,,,,,,,,,,,,,0.0,,,,,,,,,,,,
2003-06-30,BKR,,,,,,,,,,,,,,,,,,,,,,,,,,,,,,,,,,,,,,0.04,,,0.2,,,,,,,,,,,,,,,,,,,,,,,,,,,,,,,,,,,,,,,,,,,,,,,,,2003-07-24,,0.24,,pre-market,,,,,,,,,,,,,20.0,,,,,,,,,,,,
2003-09-30,BKR,,,,,,,,,,,,,,,,,,,,,,,,,,,,,,,,,,,,,,0.03,,,0.24,,,,,,,,,,,,,,,,,,,,,,,,,,,,,,,,,,,,,,,,,,,,,,,,,2003-10-23,,0.27,,pre-market,,,,,,,,,,,,,12.5,,,,,,,,,,,,
2003-12-31,BKR,,,,,,,,,,,,,,,,,,,,,,,,,,,,,,,,,,,,,,0.04,,,0.28,,,,,,,,,,,,,,,,,,,,,,,,,,,,,,,,,,,,,,,,,,,,,,,,,2004-02-12,,0.32,,pre-market,,,,,,,,,,,,,14.2857,,,,,,,,,,,,
2004-03-31,BKR,,,,,,,,,,,,,,,,,,,,,,,,,,,,,,,,,,,,,,0.04,,,0.25,,,,,,,,,,,,,,,,,,,,,,,,,,,,,,,,,,,,,,,,,,,,,,,,,2004-04-27,,0.29,,pre-market,,,,,,,,,,,,,16.0,,,,,,,,,,,,
2004-06-30,BKR,,,,,,,,,,,,,,,,,,,,,,,,,,,,,,,,,,,,,,0.04,,,0.31,,,,,,,,,,,,,,,,,,,,,,,,,,,,,,,,,,,,,,,,,,,,,,,,,2004-07-29,,0.35,,pre-market,,,,,,,,,,,,,12.9032,,,,,,,,,,,,
2004-09-30,BKR,,,,,,,,,,,,,,,,,,,,,,,,,,,,,,,,,,,,,,0.02,,,0.39,,,,,,,,,,,,,,,,,,,,,,,,,,,,,,,,,,,,,,,,,,,,,,,,,2004-10-28,,0.41,,pre-market,,,,,,,,,,,,,5.1282,,,,,,,,,,,,
2004-12-31,BKR,,,,,,,,,,,,,,,,,,,,,,,,,,,,,,,,,,,,,,0.07,,,0.46,,,,,,,,,,,,,,,,,,,,,,,,,,,,,,,,,,,,,,,,,,,,,,,,,2005-02-17,,0.53,,pre-market,,,,,,,,,,,,,15.2174,,,,,,,,,,,,
2005-03-31,BKR,,,,,,,,,,,,,,,,,,,,,,,,,,,,,,,,,,,,,,0.02,,,0.51,,,,,,,,,,,,,,,,,,,,,,,,,,,,,,,,,,,,,,,,,,,,,,,,,2005-04-27,,0.53,,pre-market,,,,,,,,,,,,,3.9216,,,,,,,,,,,,
2005-06-30,BKR,,,,,,,,,,,,,,,,,,,,,,,,,,,,,,,,,,,,,,0.1,,,0.54,,,,,,,,,,,,,,,,,,,,,,,,,,,,,,,,,,,,,,,,,,,,,,,,,2005-07-29,,0.64,,pre-market,,,,,,,,,,,,,18.5185,,,,,,,,,,,,
2005-09-30,BKR,,,,,,,,,,,,,,,,,,,,,,,,,,,,,,,,,,,,,,-0.02,,,0.67,,,,,,,,,,,,,,,,,,,,,,,,,,,,,,,,,,,,,,,,,,,,,,,,,2005-10-28,,0.65,,pre-market,,,,,,,,,,,,,-2.9851,,,,,,,,,,,,
2005-12-31,BKR,,,,,,,,,,,,,,,,,,,,,,,,,,,,,,,,,,,,,,0.02,,,0.73,,,,,,,,,,,,,,,,,,,,,,,,,,,,,,,,,,,,,,,,,,,,,,,,,2006-02-16,,0.75,,pre-market,,,,,,,,,,,,,2.7397,,,,,,,,,,,,
2006-03-31,BKR,,,,,,,,,,,,,,,,,,,,,,,,,,,,,,,,,,,,,,0.14,,,0.79,,,,,,,,,,,,,,,,,,,,,,,,,,,,,,,,,,,,,,,,,,,,,,,,,2006-04-26,,0.93,,pre-market,,,,,,,,,,,,,17.7215,,,,,,,,,,,,
2006-06-30,BKR,,,,,,,,,,,,,,,,,,,,,,,,,,,,,,,,,,,,,,0.09,,,0.98,,,,,,,,,,,,,,,,,,,,,,,,,,,,,,,,,,,,,,,,,,,,,,,,,2006-07-28,,1.07,,pre-market,,,,,,,,,,,,,9.1837,,,,,,,,,,,,
2006-09-30,BKR,,,,,,,,,,,,,,,,,,,,,,,,,,,,,,,,,,,,,,0.01,,,1.08,,,,,,,,,,,,,,,,,,,,,,,,,,,,,,,,,,,,,,,,,,,,,,,,,2006-10-30,,1.09,,pre-market,,,,,,,,,,,,,0.9259,,,,,,,,,,,,
2006-12-31,BKR,,,,,,,,,,,,,,,,,,,,,,,,,,,,,,,,,,,,,,-0.1,,,1.19,,,,,,,,,,,,,,,,,,,,,,,,,,,,,,,,,,,,,,,,,,,,,,,,,2007-02-15,,1.09,,pre-market,,,,,,,,,,,,,-8.4034,,,,,,,,,,,,
2007-03-31,BKR,,,,,,,,,,,,,,,,,,,,,,,,,,,,,,,,,,,,,,0.07,,,1.1,,,,,,,,,,,,,,,,,,,,,,,,,,,,,,,,,,,,,,,,,,,,,,,,,2007-04-25,,1.17,,pre-market,,,,,,,,,,,,,6.3636,,,,,,,,,,,,
2007-06-30,BKR,,,,,,,,,,,,,,,,,,,,,,,,,,,,,,,,,,,,,,0.0,,,1.09,,,,,,,,,,,,,,,,,,,,,,,,,,,,,,,,,,,,,,,,,,,,,,,,,2007-07-27,,1.09,,pre-market,,,,,,,,,,,,,0.0,,,,,,,,,,,,
2007-09-30,BKR,,,,,,,,,,,,,,,,,,,,,,,,,,,,,,,,,,,,,,0.0,,,1.22,,,,,,,,,,,,,,,,,,,,,,,,,,,,,,,,,,,,,,,,,,,,,,,,,2007-10-26,,1.22,,pre-market,,,,,,,,,,,,,0.0,,,,,,,,,,,,
2007-12-31,BKR,,,,,,,,,,,,,,,,,,,,,,,,,,,,,,,,,,,,,,-0.02,,,1.28,,,,,,,,,,,,,,,,,,,,,,,,,,,,,,,,,,,,,,,,,,,,,,,,,2008-01-30,,1.26,,pre-market,,,,,,,,,,,,,-1.5625,,,,,,,,,,,,
2008-03-31,BKR,,,,,,,,,,,,,,,,,,,,,,,,,,,,,,,,,,,,,,0.01,,,1.2,,,,,,,,,,,,,,,,,,,,,,,,,,,,,,,,,,,,,,,,,,,,,,,,,2008-04-22,,1.21,,pre-market,,,,,,,,,,,,,0.8333,,,,,,,,,,,,
2008-06-30,BKR,,,,,,,,,,,,,,,,,,,,,,,,,,,,,,,,,,,,,,0.12,,,1.24,,,,,,,,,,,,,,,,,,,,,,,,,,,,,,,,,,,,,,,,,,,,,,,,,2008-07-22,,1.36,,pre-market,,,,,,,,,,,,,9.6774,,,,,,,,,,,,
2008-09-30,BKR,,,,,,,,,,,,,,,,,,,,,,,,,,,,,,,,,,,,,,-0.06,,,1.35,,,,,,,,,,,,,,,,,,,,,,,,,,,,,,,,,,,,,,,,,,,,,,,,,2008-10-22,,1.29,,pre-market,,,,,,,,,,,,,-4.4444,,,,,,,,,,,,
2008-12-31,BKR,,,,,,,,,,,,,,,,,,,,,,,,,,,,,,,,,,,,,,0.23,,,1.26,,,,,,,,,,,,,,,,,,,,,,,,,,,,,,,,,,,,,,,,,,,,,,,,,2009-01-28,,1.49,,pre-market,,,,,,,,,,,,,18.254,,,,,,,,,,,,
2009-03-31,BKR,,,,,,,,,,,,,,,,,,,,,,,,,,,,,,,,,,,,,,0.06,,,0.76,,,,,,,,,,,,,,,,,,,,,,,,,,,,,,,,,,,,,,,,,,,,,,,,,2009-04-29,,0.82,,pre-market,,,,,,,,,,,,,7.8947,,,,,,,,,,,,
2009-06-30,BKR,,,,,,,,,,,,,,,,,,,,,,,,,,,,,,,,,,,,,,-0.05,,,0.46,,,,,,,,,,,,,,,,,,,,,,,,,,,,,,,,,,,,,,,,,,,,,,,,,2009-08-05,,0.41,,pre-market,,,,,,,,,,,,,-10.8696,,,,,,,,,,,,
2009-09-30,BKR,,,,,,,,,,,,,,,,,,,,,,,,,,,,,,,,,,,,,,-0.09,,,0.35,,,,,,,,,,,,,,,,,,,,,,,,,,,,,,,,,,,,,,,,,,,,,,,,,2009-11-04,,0.26,,pre-market,,,,,,,,,,,,,-25.7143,,,,,,,,,,,,
2009-12-31,BKR,,,,,,,,,,,,,,,,,,,,,,,,,,,,,,,,,,,,,,0.08,,,0.35,,,,,,,,,,,,,,,,,,,,,,,,,,,,,,,,,,,,,,,,,,,,,,,,,2010-01-26,,0.43,,pre-market,,,,,,,,,,,,,22.8571,,,,,,,,,,,,
2010-03-31,BKR,,,,,,,,,,,,,,,,,,,,,,,,,,,,,,,,,,,,,,0.05,,,0.38,,,,,,,,,,,,,,,,,,,,,,,,,,,,,,,,,,,,,,,,,,,,,,,,,2010-05-04,,0.43,,pre-market,,,,,,,,,,,,,13.1579,,,,,,,,,,,,
2010-06-30,BKR,,,,,,,,,,,,,,,,,,,,,,,,,,,,,,,,,,,,,,-0.07,,,0.43,,,,,,,,,,,,,,,,,,,,,,,,,,,,,,,,,,,,,,,,,,,,,,,,,2010-08-03,,0.36,,pre-market,,,,,,,,,,,,,-16.2791,,,,,,,,,,,,
2010-09-30,BKR,,,,,,,,,,,,,,,,,,,,,,,,,,,,,,,,,,,,,,0.12,,,0.47,,,,,,,,,,,,,,,,,,,,,,,,,,,,,,,,,,,,,,,,,,,,,,,,,2010-11-01,,0.59,,pre-market,,,,,,,,,,,,,25.5319,,,,,,,,,,,,
2010-12-31,BKR,,,,,,,,,,,,,,,,,,,,,,,,,,,,,,,,,,,,,,0.19,,,0.65,,,,,,,,,,,,,,,,,,,,,,,,,,,,,,,,,,,,,,,,,,,,,,,,,2011-01-25,,0.84,,pre-market,,,,,,,,,,,,,29.2308,,,,,,,,,,,,
2011-03-31,BKR,,,,,,,,,,,,,,,,,,,,,,,,,,,,,,,,,,,,,,0.09,,,0.78,,,,,,,,,,,,,,,,,,,,,,,,,,,,,,,,,,,,,,,,,,,,,,,,,2011-04-27,,0.87,,pre-market,,,,,,,,,,,,,11.5385,,,,,,,,,,,,
2011-06-30,BKR,,,,,,,,,,,,,,,,,,,,,,,,,,,,,,,,,,,,,,0.02,,,0.91,,,,,,,,,,,,,,,,,,,,,,,,,,,,,,,,,,,,,,,,,,,,,,,,,2011-07-25,,0.93,,pre-market,,,,,,,,,,,,,2.1978,,,,,,,,,,,,
2011-09-30,BKR,,,,,,,,,,,,,,,,,,,,,,,,,,,,,,,,,,,,,,-0.04,,,1.22,,,,,,,,,,,,,,,,,,,,,,,,,,,,,,,,,,,,,,,,,,,,,,,,,2011-11-01,,1.18,,pre-market,,,,,,,,,,,,,-3.2787,,,,,,,,,,,,
2011-12-31,BKR,,,,,,,,,,,,,,,,,,,,,,,,,,,,,,,,,,,,,,-0.1,,,1.32,,,,,,,,,,,,,,,,,,,,,,,,,,,,,,,,,,,,,,,,,,,,,,,,,2012-01-24,,1.22,,pre-market,,,,,,,,,,,,,-7.5758,,,,,,,,,,,,
2012-03-31,BKR,,,,,,,,,,,,,,,,,,,,,,,,,,,,,,,,,,,,,,0.06,,,0.8,,,,,,,,,,,,,,,,,,,,,,,,,,,,,,,,,,,,,,,,,,,,,,,,,2012-04-24,,0.86,,pre-market,,,,,,,,,,,,,7.5,,,,,,,,,,,,
2012-06-30,BKR,,,,,,,,,,,,,,,,,,,,,,,,,,,,,,,,,,,,,,0.23,,,0.77,,,,,,,,,,,,,,,,,,,,,,,,,,,,,,,,,,,,,,,,,,,,,,,,,2012-07-20,,1.0,,pre-market,,,,,,,,,,,,,29.8701,,,,,,,,,,,,
2012-09-30,BKR,,,,,,,,,,,,,,,,,,,,,,,,,,,,,,,,,,,,,,-0.11,,,0.84,,,,,,,,,,,,,,,,,,,,,,,,,,,,,,,,,,,,,,,,,,,,,,,,,2012-10-19,,0.73,,pre-market,,,,,,,,,,,,,-13.0952,,,,,,,,,,,,
2012-12-31,BKR,,,,,,,,,,,,,,,,,,,,,,,,,,,,,,,,,,,,,,0.01,,,0.61,,,,,,,,,,,,,,,,,,,,,,,,,,,,,,,,,,,,,,,,,,,,,,,,,2013-01-23,,0.62,,pre-market,,,,,,,,,,,,,1.6393,,,,,,,,,,,,
2013-03-31,BKR,,,,,,,,,,,,,,,,,,,,,,,,,,,,,,,,,,,,,,0.03,,,0.62,,,,,,,,,,,,,,,,,,,,,,,,,,,,,,,,,,,,,,,,,,,,,,,,,2013-04-19,,0.65,,pre-market,,,,,,,,,,,,,4.8387,,,,,,,,,,,,
2013-06-30,BKR,,,,,,,,,,,,,,,,,,,,,,,,,,,,,,,,,,,,,,-0.04,,,0.65,,,,,,,,,,,,,,,,,,,,,,,,,,,,,,,,,,,,,,,,,,,,,,,,,2013-07-19,,0.61,,pre-market,,,,,,,,,,,,,-6.1538,,,,,,,,,,,,
2013-09-30,BKR,,,,,,,,,,,,,,,,,,,,,,,,,,,,,,,,,,,,,,0.12,,,0.78,,,,,,,,,,,,,,,,,,,,,,,,,,,,,,,,,,,,,,,,,,,,,,,,,2013-10-18,,0.9,,pre-market,,,,,,,,,,,,,15.3846,,,,,,,,,,,,
2013-12-31,BKR,,,,,,,,,,,,,,,,,,,,,,,,,,,,,,,,,,,,,,0.01,,,0.61,,,,,,,,,,,,,,,,,,,,,,,,,,,,,,,,,,,,,,,,,,,,,,,,,2014-01-21,,0.62,,pre-market,,,,,,,,,,,,,1.6393,,,,,,,,,,,,
2014-03-31,BKR,,,,,,,,,,,,,,,,,,,,,,,,,,,,,,,,,,,,,,0.06,,,0.78,,,,,,,,,,,,,,,,,,,,,,,,,,,,,,,,,,,,,,,,,,,,,,,,,2014-04-17,,0.84,,pre-market,,,,,,,,,,,,,7.6923,,,,,,,,,,,,
2014-06-30,BKR,,,,,,,,,,,,,,,,,,,,,,,,,,,,,,,,,,,,,,0.02,,,0.9,,,,,,,,,,,,,,,,,,,,,,,,,,,,,,,,,,,,,,,,,,,,,,,,,2014-07-17,,0.92,,pre-market,,,,,,,,,,,,,2.2222,,,,,,,,,,,,
2014-09-30,BKR,,,,,,,,,,,,,,,,,,,,,,,,,,,,,,,,,,,,,,-0.11,,,1.13,,,,,,,,,,,,,,,,,,,,,,,,,,,,,,,,,,,,,,,,,,,,,,,,,2014-10-16,,1.02,,pre-market,,,,,,,,,,,,,-9.7345,,,,,,,,,,,,
2014-12-31,BKR,,,,,,,,,,,,,,,,,,,,,,,,,,,,,,,,,,,,,,0.37,,,1.07,,,,,,,,,,,,,,,,,,,,,,,,,,,,,,,,,,,,,,,,,,,,,,,,,2015-01-20,,1.44,,pre-market,,,,,,,,,,,,,34.5794,,,,,,,,,,,,
2015-03-31,BKR,,,,,,,,,,,,,,,,,,,,,,,,,,,,,,,,,,,,,,-0.53,,,0.46,,,,,,,,,,,,,,,,,,,,,,,,,,,,,,,,,,,,,,,,,,,,,,,,,2015-04-21,,-0.07,,pre-market,,,,,,,,,,,,,-115.2174,,,,,,,,,,,,
2015-06-30,BKR,,,,,,,,,,,,,,,,,,,,,,,,,,,,,,,,,,,,,,0.0,,,-0.14,,,,,,,,,,,,,,,,,,,,,,,,,,,,,,,,,,,,,,,,,,,,,,,,,2015-07-21,,-0.14,,pre-market,,,,,,,,,,,,,0.0,,,,,,,,,,,,
2015-09-30,BKR,,,,,,,,,,,,,,,,,,,,,,,,,,,,,,,,,,,,,,0.09,,,-0.14,,,,,,,,,,,,,,,,,,,,,,,,,,,,,,,,,,,,,,,,,,,,,,,,,2015-10-21,,-0.05,,pre-market,,,,,,,,,,,,,64.2857,,,,,,,,,,,,
2015-12-31,BKR,,,,,,,,,,,,,,,,,,,,,,,,,,,,,,,,,,,,,,-0.11,,,-0.1,,,,,,,,,,,,,,,,,,,,,,,,,,,,,,,,,,,,,,,,,,,,,,,,,2016-01-28,,-0.21,,pre-market,,,,,,,,,,,,,-110.0,,,,,,,,,,,,
2016-03-31,BKR,,,,,,,,,,,,,,,,,,,,,,,,,,,,,,,,,,,,,,0.15,,,-0.34,,,,,,,,,,,,,,,,,,,,,,,,,,,,,,,,,,,,,,,,,,,,,,,,,2016-04-27,,-0.19,,pre-market,,,,,,,,,,,,,44.1176,,,,,,,,,,,,
2016-06-30,BKR,,,,,,,,,,,,,,,,,,,,,,,,,,,,,,,,,,,,,,-0.28,,,-0.62,,,,,,,,,,,,,,,,,,,,,,,,,,,,,,,,,,,,,,,,,,,,,,,,,2016-07-28,,-0.9,,pre-market,,,,,,,,,,,,,-45.1613,,,,,,,,,,,,
2016-09-30,BKR,,,,,,,,,,,,,,,,,,,,,,,,,,,,,,,,,,,,,,0.29,,,-0.44,,,,,,,,,,,,,,,,,,,,,,,,,,,,,,,,,,,,,,,,,,,,,,,,,2016-10-25,,-0.15,,pre-market,,,,,,,,,,,,,65.9091,,,,,,,,,,,,
2016-12-31,BKR,,,,,,,,,,,,,,,,,,,,,,,,,,,,,,,,,,,,,,-0.19,,,-0.11,,,,,,,,,,,,,,,,,,,,,,,,,,,,,,,,,,,,,,,,,,,,,,,,,2017-01-26,,-0.3,,pre-market,,,,,,,,,,,,,-172.7273,,,,,,,,,,,,
2017-03-31,BKR,,,,,,,,,,,,,,,,,,,,,,,,,,,,,,,,,,,,,,-0.03,,,-0.21,,,,,,,,,,,,,,,,,,,,,,,,,,,,,,,,,,,,,,,,,,,,,,,,,2017-04-25,,-0.24,,pre-market,,,,,,,,,,,,,-14.2857,,,,,,,,,,,,
2017-06-30,BKR,,,,,,,,,,,,,,,,,,,,,,,,,,,,,,,,,,,,,,0.01,,,-0.12,,,,,,,,,,,,,,,,,,,,,,,,,,,,,,,,,,,,,,,,,,,,,,,,,2017-07-28,,-0.11,,pre-market,,,,,,,,,,,,,8.3333,,,,,,,,,,,,
2017-09-30,BKR,,,,,,,,,,,,,,,,,,,,,,,,,,,,,,,,,,,,,,-0.07,,,0.12,,,,,,,,,,,,,,,,,,,,,,,,,,,,,,,,,,,,,,,,,,,,,,,,,2017-10-20,,0.05,,pre-market,,,,,,,,,,,,,-58.3333,,,,,,,,,,,,
2017-12-31,BKR,,,,,,,,,,,,,,,,,,,,,,,,,,,,,,,,,,,,,,0.01,,,0.14,,,,,,,,,,,,,,,,,,,,,,,,,,,,,,,,,,,,,,,,,,,,,,,,,2018-01-24,,0.15,,pre-market,,,,,,,,,,,,,7.1429,,,,,,,,,,,,
2018-03-31,BKR,,,,,,,,,,,,,,,,,,,,,,,,,,,,,,,,,,,,,,0.03,,,0.06,,,,,,,,,,,,,,,,,,,,,,,,,,,,,,,,,,,,,,,,,,,,,,,,,2018-04-20,,0.09,,pre-market,,,,,,,,,,,,,50.0,,,,,,,,,,,,
2018-06-30,BKR,,,,,,,,,,,,,,,,,,,,,,,,,,,,,,,,,,,,,,-0.04,,,0.14,,,,,,,,,,,,,,,,,,,,,,,,,,,,,,,,,,,,,,,,,,,,,,,,,2018-07-20,,0.1,,pre-market,,,,,,,,,,,,,-28.5714,,,,,,,,,,,,
2018-09-30,BKR,,,,,,,,,,,,,,,,,,,,,,,,,,,,,,,,,,,,,,-0.02,,,0.21,,,,,,,,,,,,,,,,,,,,,,,,,,,,,,,,,,,,,,,,,,,,,,,,,2018-10-30,,0.19,,pre-market,,,,,,,,,,,,,-9.5238,,,,,,,,,,,,
2018-12-31,BKR,,,,,,,,,,,,,,,,,,,,,,,,,,,,,,,,,,,,,,-0.01,,,0.27,,,,,,,,,,,,,,,,,,,,,,,,,,,,,,,,,,,,,,,,,,,,,,,,,2019-01-31,,0.26,,pre-market,,,,,,,,,,,,,-3.7037,,,,,,,,,,,,
2019-03-31,BKR,,,,,,,,,,,,,,,,,,,,,,,,,,,,,,,,,,,,,,0.01,,,0.14,,,,,,,,,,,,,,,,,,,,,,,,,,,,,,,,,,,,,,,,,,,,,,,,,2019-04-30,,0.15,,pre-market,,,,,,,,,,,,,7.1429,,,,,,,,,,,,
2019-06-30,BKR,,,,,,,,,,,,,,,,,,,,,,,,,,,,,,,,,,,,,,0.01,,,0.19,,,,,,,,,,,,,,,,,,,,,,,,,,,,,,,,,,,,,,,,,,,,,,,,,2019-07-31,,0.2,,pre-market,,,,,,,,,,,,,5.2632,,,,,,,,,,,,
2019-09-30,BKR,,,,,,,,,,,,,,,,,,,,,,,,,,,,,,,,,,,,,,-0.03,,,0.24,,,,,,,,,,,,,,,,,,,,,,,,,,,,,,,,,,,,,,,,,,,,,,,,,2019-10-30,,0.21,,pre-market,,,,,,,,,,,,,-12.5,,,,,,,,,,,,
2019-12-31,BKR,,,,,,,,,,,,,,,,,,,,,,,,,,,,,,,,,,,,,,-0.04,,,0.31,,,,,,,,,,,,,,,,,,,,,,,,,,,,,,,,,,,,,,,,,,,,,,,,,2020-01-22,,0.27,,pre-market,,,,,,,,,,,,,-12.9032,,,,,,,,,,,,
2020-03-31,BKR,,,,,,,,,,,,,,,,,,,,,,,,,,,,,,,,,,,,,,0.0,,,0.11,,,,,,,,,,,,,,,,,,,,,,,,,,,,,,,,,,,,,,,,,,,,,,,,,2020-04-22,,0.11,,pre-market,,,,,,,,,,,,,0.0,,,,,,,,,,,,
2020-06-30,BKR,,,,,,,,,,,,,,,,,,,,,,,,,,,,,,,,,,,,,,-0.04,,,-0.01,,,,,,,,,,,,,,,,,,,,,,,,,,,,,,,,,,,,,,,,,,,,,,,,,2020-07-22,,-0.05,,pre-market,,,,,,,,,,,,,-400.0,,,,,,,,,,,,
2020-09-30,BKR,,,,,,,,,,,,,,,,,,,,,,,,,,,,,,,,,,,,,,0.0,,,0.04,,,,,,,,,,,,,,,,,,,,,,,,,,,,,,,,,,,,,,,,,,,,,,,,,2020-10-21,,0.04,,pre-market,,,,,,,,,,,,,0.0,,,,,,,,,,,,
2020-12-31,BKR,,,,,,,,,,,,,,,,,,,,,,,,,,,,,,,,,,,,,,-0.23,,,0.16,,,,,,,,,,,,,,,,,,,,,,,,,,,,,,,,,,,,,,,,,,,,,,,,,2021-01-21,,-0.07,,pre-market,,,,,,,,,,,,,-143.75,,,,,,,,,,,,
2021-03-31,BKR,,,,,,,,,,,,,,,,,,,,,,,,,,,,,,,,,,,,,,0.0,,,0.12,,,,,,,,,,,,,,,,,,,,,,,,,,,,,,,,,,,,,,,,,,,,,,,,,2021-04-21,,0.12,,pre-market,,,,,,,,,,,,,0.0,,,,,,,,,,,,
2021-06-30,BKR,,,,,,,,,,,,,,,,,,,,,,,,,,,,,,,,,,,,,,-0.06,,,0.16,,,,,,,,,,,,,,,,,,,,,,,,,,,,,,,,,,,,,,,,,,,,,,,,,2021-07-21,,0.1,,pre-market,,,,,,,,,,,,,-37.5,,,,,,,,,,,,
2021-09-30,BKR,,,,,,,,,,,,,,,,,,,,,,,,,,,,,,,,,,,,,,-0.05,,,0.21,,,,,,,,,,,,,,,,,,,,,,,,,,,,,,,,,,,,,,,,,,,,,,,,,2021-10-20,,0.16,,pre-market,,,,,,,,,,,,,-23.8095,,,,,,,,,,,,
2021-12-31,BKR,,,,,,,,,,,,,,,,,,,,,,,,,,,,,,,,,,,,,,-0.04,,,0.29,,,,,,,,,,,,,,,,,,,,,,,,,,,,,,,,,,,,,,,,,,,,,,,,,2022-01-20,,0.25,,pre-market,,,,,,,,,,,,,-13.7931,,,,,,,,,,,,
2022-03-31,BKR,,,,,,,,,,,,,,,,,,,,,,,,,,,,,,,,,,,,,,-0.05,,,0.2,,,,,,,,,,,,,,,,,,,,,,,,,,,,,,,,,,,,,,,,,,,,,,,,,2022-04-20,,0.15,,pre-market,,,,,,,,,,,,,-25.0,,,,,,,,,,,,
2022-06-30,BKR,,,,,,,,,,,,,,,,,,,,,,,,,,,,,,,,,,,,,,-0.11,,,0.22,,,,,,,,,,,,,,,,,,,,,,,,,,,,,,,,,,,,,,,,,,,,,,,,,2022-07-20,,0.11,,pre-market,,,,,,,,,,,,,-50.0,,,,,,,,,,,,
2022-09-30,BKR,,,,,,,,,,,,,,,,,,,,,,,,,,,,,,,,,,,,,,0.01,,,0.25,,,,,,,,,,,,,,,,,,,,,,,,,,,,,,,,,,,,,,,,,,,,,,,,,2022-10-19,,0.26,,pre-market,,,,,,,,,,,,,4.0,,,,,,,,,,,,
2022-12-31,BKR,,,,,,,,,,,,,,,,,,,,,,,,,,,,,,,,,,,,,,-0.02,,,0.4,,,,,,,,,,,,,,,,,,,,,,,,,,,,,,,,,,,,,,,,,,,,,,,,,2023-01-23,,0.38,,pre-market,,,,,,,,,,,,,-5.0,,,,,,,,,,,,
2023-03-31,BKR,,,,,,,,,,,,,,,,,,,,,,,,,,,,,,,,,,,,,,0.02,,,0.26,,,,,,,,,,,,,,,,,,,,,,,,,,,,,,,,,,,,,,,,,,,,,,,,,2023-04-19,,0.28,,pre-market,,,,,,,,,,,,,7.6923,,,,,,,,,,,,
2023-06-30,BKR,,,,,,,,,,,,,,,,,,,,,,,,,,,,,,,,,,,,,,0.06,,,0.33,,,,,,,,,,,,,,,,,,,,,,,,,,,,,,,,,,,,,,,,,,,,,,,,,2023-07-19,,0.39,,pre-market,,,,,,,,,,,,,18.1818,,,,,,,,,,,,
2023-09-30,BKR,,,,,,,,,,,,,,,,,,,,,,,,,,,,,,,,,,,,,,0.02,,,0.4,,,,,,,,,,,,,,,,,,,,,,,,,,,,,,,,,,,,,,,,,,,,,,,,,2023-10-25,,0.42,,post-market,,,,,,,,,,,,,5.0,,,,,,,,,,,,
2023-12-31,BKR,,,,,,,,,,,,,,,,,,,,,,,,,,,,,,,,,,,,,,0.03,,,0.48,,,,,,,,,,,,,,,,,,,,,,,,,,,,,,,,,,,,,,,,,,,,,,,,,2024-01-23,,0.51,,post-market,,,,,,,,,,,,,6.25,,,,,,,,,,,,
2024-03-31,BKR,,,,,,,,,,,,,,,,,,,,,,,,,,,,,,,,,,,,,,0.03,,,0.4,,,,,,,,,,,,,,,,,,,,,,,,,,,,,,,,,,,,,,,,,,,,,,,,,2024-04-23,,0.43,,post-market,,,,,,,,,,,,,7.5,,,,,,,,,,,,
2024-06-30,BKR,,,,,,,,,,,,,,,,,,,,,,,,,,,,,,,,,,,,,,0.08,,,0.49,,,,,,,,,,,,,,,,,,,,,,,,,,,,,,,,,,,,,,,,,,,,,,,,,2024-07-25,,0.57,,post-market,,,,,,,,,,,,,16.3265,,,,,,,,,,,,
2024-09-30,BKR,,,,,,,,,,,,,,,,,,,,,,,,,,,,,,,,,,,,,,0.06,,,0.61,,,,,,,,,,,,,,,,,,,,,,,,,,,,,,,,,,,,,,,,,,,,,,,,,2024-10-22,,0.67,,post-market,,,,,,,,,,,,,9.8361,,,,,,,,,,,,
2024-12-31,BKR,,,,,,,,,,,,,,,,,,,,,,,,,,,,,,,,,,,,,,0.07,,,0.63,,,,,,,,,,,,,,,,,,,,,,,,,,,,,,,,,,,,,,,,,,,,,,,,,2025-01-30,,0.7,,post-market,,,,,,,,,,,,,11.1111,,,,,,,,,,,,
2025-03-31,BKR,,,,,,,,,,,,,,,,,,,,,,,,,,,,,,,,,,,,,,-0.07,,,0.47,,,,,,,,,,,,,,,,,,,,,,,,,,,,,,,,,,,,,,,,,,,,,,,,,2025-04-22,,0.4,,post-market,,,,,,,,,,,,,-14.8936,,,,,,,,,,,,
2025-06-30,BKR,,,,,,,,,,,,,,,,,,,,,,,,,,,,,,,,,,,,,,0.08,,,0.55,,,,,,,,,,,,,,,,,,,,,,,,,,,,,,,,,,,,,,,,,,,,,,,,,2025-07-22,,0.63,,post-market,,,,,,,,,,,,,14.5455,,,,,,,,,,,,
2025-09-30,BKR,,,,,,,,,,,,,,,,,,,,,,,,,,,,,,,,,,,,,,0.06,,,0.62,,,,,,,,,,,,,,,,,,,,,,,,,,,,,,,,,,,,,,,,,,,,,,,,,2025-10-23,,0.68,,post-market,,,,,,,,,,,,,9.6774,,,,,,,,,,,,
2025-12-28,BKR,2.9,27711001000.0,15.6,,0.892,18.41,,,,,,,,,,,,,,,,,,,,,,,,,,0.9,0.0199,,,,-0.208,0.06,,,0.62,,16.58,,5917000000.0,,,,,,,,,,,,,,,,,,,0.135,,,,,,,,,,,,,5.35,2.459,1.611,,,,,,,,0.104,,,2025-10-23,,0.68,,post-market,,,0.0577,0.169,0.015,28.05,,,,,43.14,47.57,9.6774,,,,,,,,,15.6,,51.12,33.06
2025-12-28,BKR,2.9,27711001000.0,15.6,,0.892,18.41,,,,,,,,,,,,,,,None,5309000000,5309000000,,,,,,None,282000000,,0.9,0.0199,,,,-0.208,0.06,877000000,1159000000,0.62,2025-09-30,16.58,,5917000000.0,1701000000,821000000,204000000,,,None,56000000,None,,None,,,,,609000000,617000000,-56000000,None,0.135,,753000000,948000000,,,,,None,,,,,5.35,2.459,1.611,,,,,,,,0.104,,,2025-10-23,quarterly,0.68,USD,post-market,146000000,,0.0577,0.169,0.015,28.05,607000000,,,,43.14,47.57,9.6774,,,,,,,7010000000,,15.6,,51.12,33.06
2025-12-28,BKR,2.9,27711001000.0,15.6,,0.892,18.41,,,,,,,,,,,,,,,None,5295000000,5295000000,,,,,,None,293000000,,0.9,0.0199,,,,-0.208,0.06,1021000000,1314000000,0.62,2025-06-30,16.58,,5917000000.0,1615000000,967000000,256000000,,,None,54000000,None,,None,,,,,701000000,711000000,-54000000,None,0.135,,728000000,887000000,,,,,None,,,,,5.35,2.459,1.611,,,,,,,,0.104,,,2025-10-23,quarterly,0.68,USD,post-market,161000000,,0.0577,0.169,0.015,28.05,567000000,,,,43.14,47.57,9.6774,,,,,,,6910000000,,15.6,,51.12,33.06
2025-12-28,BKR,2.9,27711001000.0,15.6,,0.892,18.41,,,,,,,,,,,,,,,None,4952000000,4952000000,,,,,,None,285000000,,0.9,0.0199,,,,-0.208,0.06,612000000,897000000,0.62,2025-03-31,16.58,,5917000000.0,1475000000,561000000,152000000,,,None,51000000,None,,None,,,,,402000000,409000000,-51000000,None,0.135,,723000000,752000000,,,,,None,,,,,5.35,2.459,1.611,,,,,,,,0.104,,,2025-10-23,quarterly,0.68,USD,post-market,146000000,,0.0577,0.169,0.015,28.05,577000000,,,,43.14,47.57,9.6774,,,,,,,6427000000,,15.6,,51.12,33.06
2025-12-28,BKR,2.9,27711001000.0,15.6,,0.892,18.41,,,,,,,,,,,,,,,None,5834000000,5834000000,,,,,,None,292000000,,0.9,0.0199,,,,-0.208,0.06,847000000,1139000000,0.62,2024-12-31,16.58,,5917000000.0,1530000000,792000000,-399000000,,,None,55000000,None,,None,,,,,1179000000,1191000000,-55000000,None,0.135,,866000000,665000000,,,,,None,,,,,5.35,2.459,1.611,,,,,,,,0.104,,,2025-10-23,quarterly,0.68,USD,post-market,None,,0.0577,0.169,0.015,28.05,585000000,,,,43.14,47.57,9.6774,,,,,,,7364000000,,15.6,,51.12,33.06
2025-12-28,BKR,2.9,27711001000.0,15.6,,0.892,18.41,,,,,,,,,,,,,,,None,5366000000,5366000000,,,,,,None,278000000,,0.9,0.0199,,,,-0.208,0.06,1064000000,1342000000,0.62,2024-09-30,16.58,,5917000000.0,1542000000,1009000000,235000000,,,None,55000000,None,,None,,,,,766000000,774000000,-55000000,None,0.135,,612000000,930000000,,,,,None,,,,,5.35,2.459,1.611,,,,,,,,0.104,,,2025-10-23,quarterly,0.68,USD,post-market,None,,0.0577,0.169,0.015,28.05,612000000,,,,43.14,47.57,9.6774,,,,,,,6908000000,,15.6,,51.12,33.06
2025-12-28,BKR,2.9,27711001000.0,15.6,,0.892,18.41,,,,,,,,,,,,,,,None,5649000000,5649000000,,,,,,None,283000000,,0.9,0.0199,,,,-0.208,0.06,871000000,1154000000,0.62,2024-06-30,16.58,,5917000000.0,1490000000,824000000,243000000,,,None,47000000,None,,None,,,,,579000000,581000000,-47000000,None,0.135,,643000000,847000000,,,,,None,,,,,5.35,2.459,1.611,,,,,,,,0.104,,,2025-10-23,quarterly,0.68,USD,post-market,158000000,,0.0577,0.169,0.015,28.05,643000000,,,,43.14,47.57,9.6774,,,,,,,7139000000,,15.6,,51.12,33.06
2025-12-28,BKR,2.9,27711001000.0,15.6,,0.892,18.41,,,,,,,,,,,,,,,None,5140000000,5140000000,,,,,,None,283000000,,0.9,0.0199,,,,-0.208,0.06,682000000,965000000,0.62,2024-03-31,16.58,,5917000000.0,1278000000,641000000,178000000,,,None,41000000,None,,None,,,,,455000000,463000000,-41000000,None,0.135,,618000000,660000000,,,,,None,,,,,5.35,2.459,1.611,,,,,,,,0.104,,,2025-10-23,quarterly,0.68,USD,post-market,164000000,,0.0577,0.169,0.015,28.05,618000000,,,,43.14,47.57,9.6774,,,,,,,6418000000,,15.6,,51.12,33.06
2025-12-28,BKR,2.9,27711001000.0,15.6,,0.892,18.41,,,,,,,,,,,,,,,None,5388000000,5388000000,,,,,,None,274000000,,0.9,0.0199,,,,-0.208,0.06,568000000,842000000,0.62,2023-12-31,16.58,,5917000000.0,1447000000,522000000,71000000,,,None,45000000,None,,None,,,,,440000000,451000000,-45000000,None,0.135,,796000000,651000000,,,,,None,,,,,5.35,2.459,1.611,,,,,,,,0.104,,,2025-10-23,quarterly,0.68,USD,post-market,651000000,,0.0577,0.169,0.015,28.05,634000000,,,,43.14,47.57,9.6774,,,,,,,6835000000,,15.6,,51.12,33.06
2025-12-28,BKR,2.9,27711001000.0,15.6,,0.892,18.41,,,,,,,,,,,,,,,None,5298000000,5298000000,,,,,,None,268000000,,0.9,0.0199,,,,-0.208,0.06,808000000,1076000000,0.62,2023-09-30,16.58,,5917000000.0,1343000000,759000000,235000000,,,None,49000000,None,,None,,,,,518000000,524000000,-49000000,None,0.135,,629000000,714000000,,,,,None,,,,,5.35,2.459,1.611,,,,,,,,0.104,,,2025-10-23,quarterly,0.68,USD,post-market,None,,0.0577,0.169,0.015,28.05,627000000,,,,43.14,47.57,9.6774,,,,,,,6641000000,,15.6,,51.12,33.06
2025-12-28,BKR,2.9,27711001000.0,15.6,,0.892,18.41,,,,,,,,,,,,,,,None,5004000000,5004000000,,,,,,None,276000000,,0.9,0.0199,,,,-0.208,0.06,672000000,948000000,0.62,2023-06-30,16.58,,5917000000.0,1311000000,614000000,200000000,,,None,58000000,None,,None,,,,,410000000,414000000,-58000000,None,0.135,,797000000,514000000,,,,,158000000,,,,,5.35,2.459,1.611,,,,,,,,0.104,,,2025-10-23,quarterly,0.68,USD,post-market,None,,0.0577,0.169,0.015,28.05,695000000,,,,43.14,47.57,9.6774,,,,,,,6315000000,,15.6,,51.12,33.06
2025-12-28,BKR,2.9,27711001000.0,15.6,,0.892,18.41,,,,,,,,,,,,,,,None,4567000000,4567000000,,,,,,None,269000000,,0.9,0.0199,,,,-0.208,0.06,824000000,1093000000,0.62,2023-03-31,16.58,,5917000000.0,1149000000,760000000,179000000,,,None,64000000,None,,None,,,,,576000000,581000000,-64000000,None,0.135,,711000000,438000000,,,,,386000000,,,,,5.35,2.459,1.611,,,,,,,,0.104,,,2025-10-23,quarterly,0.68,USD,post-market,None,,0.0577,0.169,0.015,28.05,655000000,,,,43.14,47.57,9.6774,,,,,,,5716000000,,15.6,,51.12,33.06
2025-12-28,BKR,2.9,27711001000.0,15.6,,0.892,18.41,,,,,,,,,,,,,,,None,4568000000,4568000000,,,,,,None,255000000,,0.9,0.0199,,,,-0.208,0.06,409000000,664000000,0.62,2022-12-31,16.58,,5917000000.0,1337000000,345000000,157000000,,,None,64000000,None,,None,,,,,182000000,188000000,-64000000,None,0.135,,674000000,663000000,,,,,-253000000,,,,,5.35,2.459,1.611,,,,,,,,0.104,,,2025-10-23,quarterly,0.68,USD,post-market,556000000,,0.0577,0.169,0.015,28.05,645000000,,,,43.14,47.57,9.6774,,,,,,,5905000000,,15.6,,51.12,33.06
2025-12-28,BKR,2.9,27711001000.0,15.6,,0.892,18.41,,,,,,,,,,,,,,,None,4245000000,4245000000,,,,,,None,255000000,,0.9,0.0199,,,,-0.208,0.06,209000000,464000000,0.62,2022-09-30,16.58,,5917000000.0,1124000000,144000000,153000000,,,None,65000000,None,,None,,,,,-17000000,-9000000,-65000000,None,0.135,,855000000,269000000,,,,,-60000000,,,,,5.35,2.459,1.611,,,,,,,,0.104,,,2025-10-23,quarterly,0.68,USD,post-market,None,,0.0577,0.169,0.015,28.05,620000000,,,,43.14,47.57,9.6774,,,,,,,5369000000,,15.6,,51.12,33.06
2025-12-28,BKR,2.9,27711001000.0,15.6,,0.892,18.41,,,,,,,,,,,,,,,None,4077000000,4077000000,,,,,,None,274000000,,0.9,0.0199,,,,-0.208,0.06,-595000000,-321000000,0.62,2022-06-30,16.58,,5917000000.0,970000000,-655000000,182000000,,,None,60000000,None,,None,,,,,-837000000,-837000000,-60000000,None,0.135,,995000000,-25000000,,,,,-570000000,,,,,5.35,2.459,1.611,,,,,,,,0.104,,,2025-10-23,quarterly,0.68,USD,post-market,None,,0.0577,0.169,0.015,28.05,624000000,,,,43.14,47.57,9.6774,,,,,,,5047000000,,15.6,,51.12,33.06
2025-12-28,BKR,2.9,27711001000.0,15.6,,0.892,18.41,,,,,,,,,,,,,,,None,3865000000,3865000000,,,,,,None,277000000,,0.9,0.0199,,,,-0.208,0.06,251000000,528000000,0.62,2022-03-31,16.58,,5917000000.0,970000000,187000000,107000000,,,None,64000000,None,,None,,,,,72000000,80000000,-64000000,None,0.135,,691000000,279000000,,,,,-28000000,,,,,5.35,2.459,1.611,,,,,,,,0.104,,,2025-10-23,quarterly,0.68,USD,post-market,None,,0.0577,0.169,0.015,28.05,621000000,,,,43.14,47.57,9.6774,,,,,,,4835000000,,15.6,,51.12,33.06
2025-12-28,BKR,2.9,27711001000.0,15.6,,0.892,18.41,,,,,,,,,,,,,,,None,4280000000,4280000000,,,,,,None,273000000,,0.9,0.0199,,,,-0.208,0.06,782000000,1055000000,0.62,2021-12-31,16.58,,5917000000.0,1205000000,688000000,352000000,,,None,94000000,None,,None,,,,,293000000,335000000,-95000000,None,0.135,,633000000,574000000,,,,,208000000,,,,,5.35,2.459,1.611,,,,,,,,0.104,,,2025-10-23,quarterly,0.68,USD,post-market,492000000,,0.0577,0.169,0.015,28.05,633000000,,,,43.14,47.57,9.6774,,,,,,,5485000000,,15.6,,51.12,33.06
2025-12-28,BKR,2.9,27711001000.0,15.6,,0.892,18.41,,,,,,,,,,,,,,,None,4083000000,4083000000,,,,,,None,262000000,,0.9,0.0199,,,,-0.208,0.06,276000000,538000000,0.62,2021-09-30,16.58,,5917000000.0,1010000000,209000000,193000000,,,None,67000000,67000000,,None,,,,,8000000,16000000,-67000000,None,0.135,,632000000,378000000,,,,,-102000000,,,,,5.35,2.459,1.611,,,,,,,,0.104,,,2025-10-23,quarterly,0.68,USD,post-market,None,,0.0577,0.169,0.015,28.05,607000000,,,,43.14,47.57,9.6774,,,,,,,5093000000,,15.6,,51.12,33.06
2025-12-28,BKR,2.9,27711001000.0,15.6,,0.892,18.41,,,,,,,,,,,,,,,None,4166000000,4166000000,,,,,,None,278000000,,0.9,0.0199,,,,-0.208,0.06,131000000,409000000,0.62,2021-06-30,16.58,,5917000000.0,976000000,66000000,143000000,,,None,65000000,92000000,,None,,,,,-68000000,-77000000,-65000000,None,0.135,,782000000,194000000,,,,,-63000000,,,,,5.35,2.459,1.611,,,,,,,,0.104,,,2025-10-23,quarterly,0.68,USD,post-market,None,,0.0577,0.169,0.015,28.05,642000000,,,,43.14,47.57,9.6774,,,,,,,5142000000,,15.6,,51.12,33.06
2025-12-28,BKR,2.9,27711001000.0,15.6,,0.892,18.41,,,,,,,,,,,,,,,None,3924000000,3924000000,,,,,,None,292000000,,0.9,0.0199,,,,-0.208,0.06,-462000000,-170000000,0.62,2021-03-31,16.58,,5917000000.0,858000000,-536000000,69000000,,,None,74000000,74000000,,None,,,,,-452000000,-605000000,-74000000,None,0.135,,694000000,164000000,,,,,-626000000,,,,,5.35,2.459,1.611,,,,,,,,0.104,,,2025-10-23,quarterly,0.68,USD,post-market,None,,0.0577,0.169,0.015,28.05,587000000,,,,43.14,47.57,9.6774,,,,,,,4782000000,,15.6,,51.12,33.06
2025-12-28,BKR,2.9,27711001000.0,15.6,,0.892,18.41,,,,,,,,,,,,,,,None,4486000000,4486000000,,,,,,None,307000000,,0.9,0.0199,,,,-0.208,0.06,1589000000,1896000000,0.62,2020-12-31,16.58,,5917000000.0,1009000000,1520000000,568000000,,,None,69000000,69000000,,None,,,,,653000000,952000000,-69000000,None,0.135,,827000000,182000000,,,,,None,,,,,5.35,2.459,1.611,,,,,,,,0.104,,,2025-10-23,quarterly,0.68,USD,post-market,595000000,,0.0577,0.169,0.015,28.05,574000000,,,,43.14,47.57,9.6774,,,,,,,5495000000,,15.6,,51.12,33.06
2025-12-28,BKR,2.9,27711001000.0,15.6,,0.892,18.41,,,,,,,,,,,,,,,None,4292000000,4292000000,,,,,,None,316000000,,0.9,0.0199,,,,-0.208,0.06,-198000000,118000000,0.62,2020-09-30,16.58,,5917000000.0,757000000,-264000000,6000000,,,None,66000000,66000000,,None,,,,,-170000000,-270000000,-66000000,None,0.135,,806000000,-49000000,,,,,None,,,,,5.35,2.459,1.611,,,,,,,,0.104,,,2025-10-23,quarterly,0.68,USD,post-market,None,,0.0577,0.169,0.015,28.05,565000000,,,,43.14,47.57,9.6774,,,,,,,5049000000,,15.6,,51.12,33.06
2025-12-28,BKR,2.9,27711001000.0,15.6,,0.892,18.41,,,,,,,,,,,,,,,None,4058000000,4058000000,,,,,,None,340000000,,0.9,0.0199,,,,-0.208,0.06,-296000000,44000000,0.62,2020-06-30,16.58,,5917000000.0,678000000,-376000000,-21000000,,,None,69000000,129000000,,None,,,,,-201000000,-355000000,-69000000,None,0.135,,730000000,-52000000,,,,,None,,,,,5.35,2.459,1.611,,,,,,,,0.104,,,2025-10-23,quarterly,0.68,USD,post-market,None,,0.0577,0.169,0.015,28.05,590000000,,,,43.14,47.57,9.6774,,,,,,,4736000000,,15.6,,51.12,33.06
2025-12-28,BKR,2.9,27711001000.0,15.6,,0.892,18.41,,,,,,,,,,,,,,,None,4670000000,4670000000,,,,,,None,355000000,,0.9,0.0199,,,,-0.208,0.06,-16034000000,-15679000000,0.62,2020-03-31,16.58,,5917000000.0,755000000,-16093000000,5000000,,,None,59000000,51000000,,None,,,,,-10210000000,-16098000000,-59000000,None,0.135,,16814000000,-16059000000,,,,,None,,,,,5.35,2.459,1.611,,,,,,,,0.104,,,2025-10-23,quarterly,0.68,USD,post-market,None,,0.0577,0.169,0.015,28.05,675000000,,,,43.14,47.57,9.6774,,,,,,,5425000000,,15.6,,51.12,33.06
2025-12-28,BKR,2.9,27711001000.0,15.6,,0.892,18.41,,,,,,,,,,,,,,,None,5052000000,5052000000,,,,,,None,353000000,,0.9,0.0199,,,,-0.208,0.06,371000000,724000000,0.62,2019-12-31,16.58,,5917000000.0,1295000000,307000000,212000000,,,None,63000000,62000000,,None,,,,,48000000,94000000,-63000000,None,0.135,,964000000,330000000,,,,,None,,,,,5.35,2.459,1.611,,,,,,,,0.104,,,2025-10-23,quarterly,0.68,USD,post-market,687000000,,0.0577,0.169,0.015,28.05,749000000,,,,43.14,47.57,9.6774,,,,,,,6347000000,,15.6,,51.12,33.06
2025-12-28,BKR,2.9,27711001000.0,15.6,,0.892,18.41,,,,,,,,,,,,,,,None,4781000000,4781000000,,,,,,None,356000000,,0.9,0.0199,,,,-0.208,0.06,283000000,639000000,0.62,2019-09-30,16.58,,5917000000.0,1101000000,224000000,107000000,,,None,59000000,60000000,,None,,,,,57000000,117000000,-59000000,None,0.135,,804000000,297000000,,,,,None,,,,,5.35,2.459,1.611,,,,,,,,0.104,,,2025-10-23,quarterly,0.68,USD,post-market,None,,0.0577,0.169,0.015,28.05,679000000,,,,43.14,47.57,9.6774,,,,,,,5882000000,,15.6,,51.12,33.06
2025-12-28,BKR,2.9,27711001000.0,15.6,,0.892,18.41,,,,,,,,,,,,,,,None,4932000000,4932000000,,,,,,None,359000000,,0.9,0.0199,,,,-0.208,0.06,140000000,499000000,0.62,2019-06-30,16.58,,5917000000.0,1062000000,84000000,95000000,,,None,56000000,53000000,,None,,,,,-9000000,-11000000,-56000000,None,0.135,,791000000,271000000,,,,,None,,,,,5.35,2.459,1.611,,,,,,,,0.104,,,2025-10-23,quarterly,0.68,USD,post-market,None,,0.0577,0.169,0.015,28.05,701000000,,,,43.14,47.57,9.6774,,,,,,,5994000000,,15.6,,51.12,33.06
2025-12-28,BKR,2.9,27711001000.0,15.6,,0.892,18.41,,,,,,,,,,,,,,,None,4639000000,4639000000,,,,,,None,350000000,,0.9,0.0199,,,,-0.208,0.06,197000000,547000000,0.62,2019-03-31,16.58,,5917000000.0,976000000,138000000,67000000,,,None,59000000,None,,None,,,,,32000000,71000000,-59000000,None,0.135,,800000000,176000000,,,,,None,,,,,5.35,2.459,1.611,,,,,,,,0.104,,,2025-10-23,quarterly,0.68,USD,post-market,None,,0.0577,0.169,0.015,28.05,704000000,,,,43.14,47.57,9.6774,,,,,,,5615000000,,15.6,,51.12,33.06
2025-12-28,BKR,2.9,27711001000.0,15.6,,0.892,18.41,,,,,,,,,,,,,,,None,5028000000,5028000000,,,,,,None,353000000,,0.9,0.0199,,,,-0.208,0.06,534000000,887000000,0.62,2018-12-31,16.58,,5917000000.0,1236000000,475000000,173000000,,,None,59000000,None,,None,,,,,131000000,302000000,None,None,0.135,,854000000,382000000,,,,,None,,,,,5.35,2.459,1.611,,,,,,,,0.104,,,2025-10-23,quarterly,0.68,USD,post-market,700000000,,0.0577,0.169,0.015,28.05,755000000,,,,43.14,47.57,9.6774,,,,,,,6264000000,,15.6,,51.12,33.06
2025-12-28,BKR,2.9,27711001000.0,15.6,,0.892,18.41,,,,,,,,,,,,,,,None,4692000000,4692000000,,,,,,None,353000000,,0.9,0.0199,,,,-0.208,0.06,203000000,556000000,0.62,2018-09-30,16.58,,5917000000.0,973000000,148000000,110000000,,,None,55000000,None,,None,,,,,13000000,None,None,None,0.135,,691000000,282000000,,,,,None,,,,,5.35,2.459,1.611,,,,,,,,0.104,,,2025-10-23,quarterly,0.68,USD,post-market,None,,0.0577,0.169,0.015,28.05,608000000,,,,43.14,47.57,9.6774,,,,,,,5665000000,,15.6,,51.12,33.06
2025-12-28,BKR,2.9,27711001000.0,15.6,,0.892,18.41,,,,,,,,,,,,,,,None,4612000000,4612000000,,,,,,None,392000000,,0.9,0.0199,,,,-0.208,0.06,87000000,479000000,0.62,2018-06-30,16.58,,5917000000.0,936000000,24000000,62000000,,,None,63000000,None,,None,,,,,-19000000,None,None,None,0.135,,858000000,78000000,,,,,None,,,,,5.35,2.459,1.611,,,,,,,,0.104,,,2025-10-23,quarterly,0.68,USD,post-market,None,,0.0577,0.169,0.015,28.05,662000000,,,,43.14,47.57,9.6774,,,,,,,5548000000,,15.6,,51.12,33.06
2025-12-28,BKR,2.9,27711001000.0,15.6,,0.892,18.41,,,,,,,,,,,,,,,None,4558000000,4558000000,,,,,,None,388000000,,0.9,0.0199,,,,-0.208,0.06,-59000000,329000000,0.62,2018-03-31,16.58,,5917000000.0,841000000,-105000000,-86000000,,,None,46000000,None,,None,,,,,70000000,None,None,None,0.135,,882000000,-41000000,,,,,None,,,,,5.35,2.459,1.611,,,,,,,,0.104,,,2025-10-23,quarterly,0.68,USD,post-market,99000000,,0.0577,0.169,0.015,28.05,728000000,,,,43.14,47.57,9.6774,,,,,,,5399000000,,15.6,,51.12,33.06
2025-12-28,BKR,2.9,27711001000.0,15.6,,0.892,18.41,,,,,,,,,,,,,,,None,4887000000,4887000000,,,,,,None,387000000,,0.9,0.0199,,,,-0.208,0.06,-39000000,348000000,0.62,2017-12-31,16.58,,5917000000.0,876000000,-133000000,-51000000,,,None,56000000,None,,None,,,,,31000000,None,None,None,0.135,,968000000,-92000000,,,,,None,,,,,5.35,2.459,1.611,,,,,,,,0.104,,,2025-10-23,quarterly,0.68,USD,post-market,501000000,,0.0577,0.169,0.015,28.05,785000000,,,,43.14,47.57,9.6774,,,,,,,5763000000,,15.6,,51.12,33.06
2025-12-28,BKR,2.9,27711001000.0,15.6,,0.892,18.41,,,,,,,,,,,,,,,None,4349000000,4349000000,,,,,,None,426000000,,0.9,0.0199,,,,-0.208,0.06,-202000000,224000000,0.62,2017-09-30,16.58,,5917000000.0,952000000,-243000000,114000000,,,None,41000000,None,,None,,,,,-134000000,None,None,None,0.135,,1145000000,-193000000,,,,,None,,,,,5.35,2.459,1.611,,,,,,,,0.104,,,2025-10-23,quarterly,0.68,USD,post-market,None,,0.0577,0.169,0.015,28.05,792000000,,,,43.14,47.57,9.6774,,,,,,,5301000000,,15.6,,51.12,33.06
2025-12-28,BKR,2.9,27711001000.0,15.6,,0.892,18.41,,,,,,,,,,,,,,,None,2476000000,2476000000,,,,,,None,158000000,,0.9,0.0199,,,,-0.208,0.06,-16000000,142000000,0.62,2017-06-30,16.58,,5917000000.0,539000000,-30000000,-10000000,,,None,14000000,None,,None,,,,,-26000000,None,None,None,0.135,,605000000,-66000000,,,,,None,,,,,5.35,2.459,1.611,,,,,,,,0.104,,,2025-10-23,quarterly,0.68,USD,post-market,102000000,,0.0577,0.169,0.015,28.05,None,,,,43.14,47.57,9.6774,,,,,,,3015000000,,15.6,,51.12,33.06
2025-12-28,BKR,2.9,27711001000.0,15.6,,0.892,18.41,,,,,,,,,,,,,,,None,4333000000,4333000000,,,,,,None,132000000,,0.9,0.0199,,,,-0.208,0.06,312000000,444000000,0.62,2017-03-31,16.58,,5917000000.0,1040000000,121000000,112000000,,,None,59000000,None,,None,,,,,8000000,None,None,None,0.135,,728000000,312000000,,,,,None,,,,,5.35,2.459,1.611,,,,,,,,0.104,,,2025-10-23,quarterly,0.68,USD,post-market,None,,0.0577,0.169,0.015,28.05,728000000,,,,43.14,47.57,9.6774,,,,,,,5373000000,,15.6,,51.12,33.06
2025-12-28,BKR,2.9,27711001000.0,15.6,,0.892,18.41,,,,,,,,,,,,,,,None,2545000000,2545000000,,,,,,None,111000000,,0.9,0.0199,,,,-0.208,0.06,-270000000,-159000000,0.62,2016-12-31,16.58,,5917000000.0,971000000,117000000,118000000,,,None,None,None,,None,,,,,-417000000,None,None,None,0.135,,687000000,284000000,,,,,None,,,,,5.35,2.459,1.611,,,,,,,,0.104,,,2025-10-23,quarterly,0.68,None,post-market,99000000,,0.0577,0.169,0.015,28.05,None,,,,43.14,47.57,9.6774,,,,,,,3516000000,,15.6,,51.12,33.06
2025-12-28,BKR,2.9,27711001000.0,15.6,,0.892,18.41,,,,,,,,,,,,,,,None,2294000000,2294000000,,,,,,None,277000000,,0.9,0.0199,,,,-0.208,0.06,252000000,529000000,0.62,2016-09-30,16.58,,5917000000.0,730000000,65000000,70000000,,,None,None,None,,None,,,,,-429000000,None,None,None,0.135,,563000000,252000000,,,,,None,,,,,5.35,2.459,1.611,,,,,,,,0.104,,,2025-10-23,quarterly,0.68,None,post-market,87000000,,0.0577,0.169,0.015,28.05,None,,,,43.14,47.57,9.6774,,,,,,,3024000000,,15.6,,51.12,33.06
2025-12-28,BKR,2.9,27711001000.0,15.6,,0.892,18.41,,,,,,,,,,,,,,,None,2448000000,2448000000,,,,,,None,80000000,,0.9,0.0199,,,,-0.208,0.06,328000000,408000000,0.62,2016-06-30,16.58,,5917000000.0,874000000,-121000000,20000000,,,None,None,None,,None,,,,,-141000000,None,None,None,0.135,,675000000,328000000,,,,,None,,,,,5.35,2.459,1.611,,,,,,,,0.104,,,2025-10-23,quarterly,0.68,None,post-market,166000000,,0.0577,0.169,0.015,28.05,None,,,,43.14,47.57,9.6774,,,,,,,3322000000,,15.6,,51.12,33.06
2025-12-28,BKR,2.9,27711001000.0,15.6,,0.892,18.41,,,,,,,,,,,,,,,None,2698000000,2698000000,,,,,,None,82000000,,0.9,0.0199,,,,-0.208,0.06,184000000,266000000,0.62,2016-03-31,16.58,,5917000000.0,709000000,120000000,42000000,,,None,None,None,,None,,,,,141000000,None,None,None,0.135,,550000000,184000000,,,,,None,,,,,5.35,2.459,1.611,,,,,,,,0.104,,,2025-10-23,quarterly,0.68,None,post-market,None,,0.0577,0.169,0.015,28.05,None,,,,43.14,47.57,9.6774,,,,,,,3407000000,,15.6,,51.12,33.06
2025-12-28,BKR,2.9,27711001000.0,15.6,,0.892,18.41,,,,,,,,,,,,,,,None,21916000000,21916000000,,,,,,None,1136000000,,0.9,0.0199,,,,-0.208,0.06,3463000000,4599000000,0.62,2024-12-31,16.58,,5917000000.0,5840000000,3265000000,257000000,,,None,198000000,None,,None,,,,,2979000000,3008000000,-198000000,None,0.135,,2759000000,3081000000,,,,,None,,,,,5.35,2.459,1.611,,,,,,,,0.104,,,2025-10-23,annual,0.68,USD,post-market,643000000,,0.0577,0.169,0.015,28.05,2458000000,,,,43.14,47.57,9.6774,,,,,,,27829000000,,15.6,,51.12,33.06
2025-12-28,BKR,2.9,27711001000.0,15.6,,0.892,18.41,,,,,,,,,,,,,,,None,20255000000,20255000000,,,,,,None,1087000000,,0.9,0.0199,,,,-0.208,0.06,2317000000,2317000000,0.62,2023-12-31,16.58,,5917000000.0,5251000000,2655000000,-685000000,,,None,216000000,None,,None,,,,,1943000000,1707000000,-235000000,None,0.135,,2934000000,2317000000,,,,,None,,,,,5.35,2.459,1.611,,,,,,,,0.104,,,2025-10-23,annual,0.68,USD,post-market,658000000,,0.0577,0.169,0.015,28.05,2622000000,,,,43.14,47.57,9.6774,,,,,,,25506000000,,15.6,,51.12,33.06
2025-12-28,BKR,2.9,27711001000.0,15.6,,0.892,18.41,,,,,,,,,,,,,,,None,16756000000,16756000000,,,,,,None,1061000000,,0.9,0.0199,,,,-0.208,0.06,274000000,1335000000,0.62,2022-12-31,16.58,,5917000000.0,4400000000,22000000,600000000,,,None,252000000,None,,None,,,,,-601000000,-578000000,-252000000,None,0.135,,3215000000,1185000000,,,,,-911000000,,,,,5.35,2.459,1.611,,,,,,,,0.104,,,2025-10-23,annual,0.68,USD,post-market,556000000,,0.0577,0.169,0.015,28.05,2510000000,,,,43.14,47.57,9.6774,,,,,,,21156000000,,15.6,,51.12,33.06
2025-12-28,BKR,2.9,27711001000.0,15.6,,0.892,18.41,,,,,,,,,,,,,,,None,16453000000,16453000000,,,,,,None,1105000000,,0.9,0.0199,,,,-0.208,0.06,727000000,1832000000,0.62,2021-12-31,16.58,,5917000000.0,4049000000,428000000,758000000,,,None,299000000,None,,None,,,,,-219000000,-330000000,-299000000,None,0.135,,2739000000,1310000000,,,,,-583000000,,,,,5.35,2.459,1.611,,,,,,,,0.104,,,2025-10-23,annual,0.68,USD,post-market,492000000,,0.0577,0.169,0.015,28.05,2470000000,,,,43.14,47.57,9.6774,,,,,,,20502000000,,15.6,,51.12,33.06
2025-12-28,BKR,2.9,27711001000.0,15.6,,0.892,18.41,,,,,,,,,,,,,,,None,17506000000,17506000000,,,,,,None,1317000000,,0.9,0.0199,,,,-0.208,0.06,-14938000000,-13621000000,0.62,2020-12-31,16.58,,5917000000.0,3199000000,-15202000000,559000000,,,None,264000000,264000000,,None,,,,,-9940000000,-15761000000,-264000000,None,0.135,,19177000000,-15978000000,,,,,1040000000,,,,,5.35,2.459,1.611,,,,,,,,0.104,,,2025-10-23,annual,0.68,USD,post-market,595000000,,0.0577,0.169,0.015,28.05,2404000000,,,,43.14,47.57,9.6774,,,,,,,20705000000,,15.6,,51.12,33.06
2025-12-28,BKR,2.9,27711001000.0,15.6,,0.892,18.41,,,,,,,,,,,,,,,None,19406000000,19406000000,,,,,,None,1418000000,,0.9,0.0199,,,,-0.208,0.06,990000000,2408000000,0.62,2019-12-31,16.58,,5917000000.0,4432000000,753000000,482000000,,,None,237000000,235000000,,None,,,,,128000000,271000000,-237000000,None,0.135,,3358000000,1074000000,,,,,None,,,,,5.35,2.459,1.611,,,,,,,,0.104,,,2025-10-23,annual,0.68,USD,post-market,687000000,,0.0577,0.169,0.015,28.05,2832000000,,,,43.14,47.57,9.6774,,,,,,,23838000000,,15.6,,51.12,33.06
2025-12-28,BKR,2.9,27711001000.0,15.6,,0.892,18.41,,,,,,,,,,,,,,,None,18891000000,18891000000,,,,,,None,1486000000,,0.9,0.0199,,,,-0.208,0.06,764000000,2250000000,0.62,2018-12-31,16.58,,5917000000.0,3986000000,541000000,258000000,,,None,223000000,362000000,,None,,,,,195000000,283000000,-223000000,None,0.135,,3285000000,701000000,,,,,None,,,,,5.35,2.459,1.611,,,,,,,,0.104,,,2025-10-23,annual,0.68,USD,post-market,700000000,,0.0577,0.169,0.015,28.05,2699000000,,,,43.14,47.57,9.6774,,,,,,,22877000000,,15.6,,51.12,33.06
2025-12-28,BKR,2.9,27711001000.0,15.6,,0.892,18.41,,,,,,,,,,,,,,,None,14143000000,14143000000,,,,,,None,1103000000,,0.9,0.0199,,,,-0.208,0.06,-215000000,888000000,0.62,2017-12-31,16.58,,5917000000.0,3036000000,-346000000,45000000,,,None,131000000,142000000,,None,,,,,-61000000,-242000000,-131000000,None,0.135,,3320000000,-284000000,,,,,None,,,,,5.35,2.459,1.611,,,,,,,,0.104,,,2025-10-23,annual,0.68,USD,post-market,501000000,,0.0577,0.169,0.015,28.05,2535000000,,,,43.14,47.57,9.6774,,,,,,,17179000000,,15.6,,51.12,33.06
2025-12-28,BKR,2.9,27711001000.0,15.6,,0.892,18.41,,,,,,,,,,,,,,,None,10123000000,10123000000,,,,,,None,550000000,,0.9,0.0199,,,,-0.208,0.06,686000000,1236000000,0.62,2016-12-31,16.58,,5917000000.0,3146000000,358000000,173000000,,,None,102000000,178000000,,None,,,,,254000000,-2309000000,-442000000,None,0.135,,2475000000,457000000,,,,,None,,,,,5.35,2.459,1.611,,,,,,,,0.104,,,2025-10-23,annual,0.68,USD,post-market,352000000,,0.0577,0.169,0.015,28.05,2955000000,,,,43.14,47.57,9.6774,,,,,,,13269000000,,15.6,,51.12,33.06
2025-12-28,BKR,2.9,27711001000.0,15.6,,0.892,18.41,,,,,,,,,,,,,,,None,12193000000,12193000000,,,,,,None,530000000,,0.9,0.0199,,,,-0.208,0.06,-38000000,492000000,0.62,2015-12-31,16.58,,5917000000.0,4495000000,-158000000,473000000,,,None,120000000,217000000,,None,,,,,-606000000,-433000000,None,None,0.135,,4633000000,-138000000,,,,,None,,,,,5.35,2.459,1.611,,,,,,,,0.104,,,2025-10-23,annual,0.68,USD,post-market,408000000,,0.0577,0.169,0.015,28.05,2115000000,,,,43.14,47.57,9.6774,,,,,,,16688000000,,15.6,,51.12,33.06
2025-12-28,BKR,2.9,27711001000.0,15.6,,0.892,18.41,,,,,,,,,,,,,,,None,14280000000,14280000000,,,,,,None,586000000,,0.9,0.0199,,,,-0.208,0.06,2509000000,3095000000,0.62,2014-12-31,16.58,,5917000000.0,4911000000,2336000000,484000000,,,None,232000000,None,,None,,,,,1840000000,None,None,None,0.135,,2389000000,2509000000,,,,,None,,,,,5.35,2.459,1.611,,,,,,,,0.104,,,2025-10-23,annual,0.68,None,post-market,420000000,,0.0577,0.169,0.015,28.05,None,,,,43.14,47.57,9.6774,,,,,,,19191000000,,15.6,,51.12,33.06
2025-12-28,BKR,2.9,27711001000.0,15.6,None,0.892,18.41,,None,2693000000,2693000000,,,,,,,,,986000000,992000000,None,14280000000,14280000000,4196000000,None,68000000,6555000000,None,None,586000000,,0.9,0.0199,,,,-0.208,0.06,2509000000,3095000000,0.62,2025-09-30,16.58,6051000000,5917000000.0,4911000000,2336000000,484000000,4180000000,4180000000,None,232000000,None,5036000000,None,None,5988000000,None,None,1840000000,None,None,None,0.135,,2389000000,2509000000,3245000000,2663000000,None,1339000000,None,,,,,5.35,2.459,1.611,,,,,,,,0.104,,None,2025-10-23,quarterly,0.68,USD,post-market,420000000,-4128000000,0.0577,0.169,0.015,28.05,None,6056000000,68000000,None,43.14,47.57,9.6774,39233000000,17529000000,12438000000,20905000000,21704000000,8467000000,19191000000,18157000000,15.6,None,51.12,33.06
2025-12-28,BKR,2.9,27711001000.0,15.6,None,0.892,18.41,,None,3087000000,3087000000,,,,,,,,,985000000,991000000,None,14280000000,14280000000,4340000000,None,66000000,6511000000,None,None,586000000,,0.9,0.0199,,,,-0.208,0.06,2509000000,3095000000,0.62,2025-06-30,16.58,5801000000,5917000000.0,4911000000,2336000000,484000000,3919000000,3919000000,None,232000000,None,5105000000,None,None,5968000000,None,None,1840000000,None,None,None,0.135,,2389000000,2509000000,2915000000,2429000000,None,1286000000,None,,,,,5.35,2.459,1.611,,,,,,,,0.104,,None,2025-10-23,quarterly,0.68,USD,post-market,420000000,-4737000000,0.0577,0.169,0.015,28.05,None,6034000000,66000000,None,43.14,47.57,9.6774,38740000000,17618000000,12515000000,20872000000,21122000000,8357000000,19191000000,17697000000,15.6,None,51.12,33.06
2025-12-28,BKR,2.9,27711001000.0,15.6,None,0.892,18.41,,None,3277000000,3277000000,,,,,,,,,990000000,999000000,None,14280000000,14280000000,4465000000,None,55000000,6710000000,None,None,586000000,,0.9,0.0199,,,,-0.208,0.06,2509000000,3095000000,0.62,2025-03-31,16.58,6126000000,5917000000.0,4911000000,2336000000,484000000,3927000000,3927000000,None,232000000,None,5161000000,None,None,5969000000,None,None,1840000000,None,None,None,0.135,,2389000000,2509000000,1693000000,2485000000,None,1263000000,None,,,,,5.35,2.459,1.611,,,,,,,,0.104,,None,2025-10-23,quarterly,0.68,USD,post-market,420000000,-5438000000,0.0577,0.169,0.015,28.05,None,6024000000,55000000,None,43.14,47.57,9.6774,38110000000,16841000000,12594000000,20904000000,21269000000,8310000000,19191000000,17042000000,15.6,None,51.12,33.06
2025-12-28,BKR,2.9,27711001000.0,15.6,None,0.892,18.41,,None,3364000000,3364000000,,,,,,,,,990000000,999000000,None,14280000000,14280000000,4542000000,None,53000000,7122000000,None,None,586000000,,0.9,0.0199,,,,-0.208,0.06,2509000000,3095000000,0.62,2024-12-31,16.58,6078000000,5917000000.0,4911000000,2336000000,484000000,3951000000,3951000000,None,232000000,None,4954000000,None,None,5970000000,None,None,1840000000,None,None,None,0.135,,2389000000,2509000000,1771000000,2724000000,None,1276000000,None,,,,,5.35,2.459,1.611,,,,,,,,0.104,,None,2025-10-23,quarterly,0.68,USD,post-market,420000000,-5840000000,0.0577,0.169,0.015,28.05,None,6023000000,53000000,None,43.14,47.57,9.6774,38363000000,17211000000,12991000000,21308000000,21152000000,8317000000,19191000000,16895000000,15.6,None,51.12,33.06
2025-12-28,BKR,2.9,27711001000.0,15.6,None,0.892,18.41,,None,2664000000,2664000000,,,,,,,,,989000000,999000000,None,14280000000,14280000000,4431000000,None,52000000,6920000000,None,None,586000000,,0.9,0.0199,,,,-0.208,0.06,2509000000,3095000000,0.62,2024-09-30,16.58,6167000000,5917000000.0,4911000000,2336000000,484000000,3995000000,3995000000,None,232000000,None,5254000000,None,None,5984000000,None,None,1840000000,None,None,None,0.135,,2389000000,2509000000,1730000000,2622000000,None,1268000000,None,,,,,5.35,2.459,1.611,,,,,,,,0.104,,None,2025-10-23,quarterly,0.68,USD,post-market,420000000,-7019000000,0.0577,0.169,0.015,28.05,None,6036000000,52000000,1157000000,43.14,47.57,9.6774,37530000000,16568000000,12790000000,21187000000,20962000000,8397000000,19191000000,16189000000,15.6,None,51.12,33.06
2025-12-28,BKR,2.9,27711001000.0,15.6,None,0.892,18.41,,None,2284000000,2284000000,,,,,,,,,993000000,1001000000,None,14280000000,14280000000,4649000000,None,34000000,7051000000,None,None,586000000,,0.9,0.0199,,,,-0.208,0.06,2509000000,3095000000,0.62,2024-06-30,16.58,6105000000,5917000000.0,4911000000,2336000000,484000000,4019000000,4019000000,None,232000000,None,5126000000,None,None,5861000000,None,None,1840000000,None,None,None,0.135,,2389000000,2509000000,1469000000,2397000000,None,1348000000,None,,,,,5.35,2.459,1.611,,,,,,,,0.104,,None,2025-10-23,quarterly,0.68,USD,post-market,420000000,-7785000000,0.0577,0.169,0.015,28.05,None,5895000000,34000000,1046000000,43.14,47.57,9.6774,36656000000,15930000000,12586000000,20935000000,20726000000,8349000000,19191000000,15574000000,15.6,None,51.12,33.06
2025-12-28,BKR,2.9,27711001000.0,15.6,None,0.892,18.41,,None,2717000000,2717000000,,,,,,,,,15550000000,1004000000,None,14280000000,14280000000,4595000000,None,147000000,6873000000,None,None,586000000,,0.9,0.0199,,,,-0.208,0.06,2509000000,3095000000,0.62,2024-03-31,16.58,6114000000,5917000000.0,4911000000,2336000000,484000000,4055000000,4055000000,None,232000000,None,5339000000,None,None,5858000000,None,None,1840000000,None,None,None,0.135,,2389000000,2509000000,1491000000,2726000000,None,1421000000,None,,,,,5.35,2.459,1.611,,,,,,,,0.104,,None,2025-10-23,quarterly,0.68,USD,post-market,420000000,-8364000000,0.0577,0.169,0.015,28.05,None,6005000000,147000000,1044000000,43.14,47.57,9.6774,37141000000,16420000000,13179000000,21591000000,20721000000,8412000000,19191000000,15391000000,15.6,None,51.12,33.06
2025-12-28,BKR,2.9,27711001000.0,15.6,None,0.892,18.41,,None,2646000000,2646000000,,,,,,,,,998000000,1010000000,None,14280000000,14280000000,4471000000,None,148000000,7075000000,None,None,586000000,,0.9,0.0199,,,,-0.208,0.06,2509000000,3095000000,0.62,2023-12-31,16.58,6137000000,5917000000.0,4911000000,2336000000,484000000,4093000000,4093000000,None,232000000,None,5094000000,None,None,5873000000,None,None,1840000000,None,None,None,0.135,,2389000000,2509000000,1486000000,2830000000,None,1408000000,None,,,,,5.35,2.459,1.611,,,,,,,,0.104,,None,2025-10-23,quarterly,0.68,USD,post-market,420000000,-8819000000,0.0577,0.169,0.015,28.05,None,6021000000,148000000,891000000,43.14,47.57,9.6774,36945000000,16301000000,12991000000,21426000000,20643000000,8435000000,19191000000,15368000000,15.6,None,51.12,33.06
2025-12-28,BKR,2.9,27711001000.0,15.6,None,0.892,18.41,,None,3201000000,3201000000,,,,,,,,,1006000000,1017000000,None,14280000000,14280000000,4123000000,None,802000000,6505000000,None,None,586000000,,0.9,0.0199,,,,-0.208,0.06,2509000000,3095000000,0.62,2023-09-30,16.58,6048000000,5917000000.0,4911000000,2336000000,484000000,4102000000,4102000000,None,232000000,None,4964000000,None,None,5857000000,None,None,1840000000,None,None,None,0.135,,2389000000,2509000000,1491000000,2569000000,None,1665000000,None,,,,,5.35,2.459,1.611,,,,,,,,0.104,,None,2025-10-23,quarterly,0.68,USD,post-market,420000000,-9258000000,0.0577,0.169,0.015,28.05,None,6659000000,802000000,1102000000,43.14,47.57,9.6774,36550000000,16161000000,12681000000,21155000000,20387000000,8474000000,19191000000,15250000000,15.6,None,51.12,33.06
2025-12-28,BKR,2.9,27711001000.0,15.6,None,0.892,18.41,,None,2805000000,2805000000,,,,,,,,,1009000000,1015000000,None,14280000000,14280000000,4154000000,None,797000000,6418000000,None,None,586000000,,0.9,0.0199,,,,-0.208,0.06,2509000000,3095000000,0.62,2023-06-30,16.58,6074000000,5917000000.0,4911000000,2336000000,484000000,4124000000,4124000000,None,232000000,None,4957000000,None,None,5847000000,None,None,1840000000,None,None,None,0.135,,2389000000,2509000000,1626000000,2259000000,None,2390000000,None,,,,,5.35,2.459,1.611,,,,,,,,0.104,,4723000000,2025-10-23,quarterly,0.68,USD,post-market,420000000,-9776000000,0.0577,0.169,0.015,28.05,None,6644000000,797000000,1078000000,43.14,47.57,9.6774,36093000000,15806000000,12311000000,20831000000,20287000000,8520000000,19191000000,15125000000,15.6,None,51.12,33.06
2025-12-28,BKR,2.9,27711001000.0,15.6,None,0.892,18.41,,None,2415000000,2415000000,,,,,,,,,1012000000,1018000000,None,14280000000,14280000000,4263000000,None,684000000,6291000000,None,None,586000000,,0.9,0.0199,,,,-0.208,0.06,2509000000,3095000000,0.62,2023-03-31,16.58,5916000000,5917000000.0,4911000000,2336000000,484000000,4123000000,4123000000,None,232000000,None,4786000000,None,None,5975000000,None,None,1840000000,None,None,None,0.135,,2389000000,2509000000,1894000000,2237000000,None,1668000000,None,,,,,5.35,2.459,1.611,,,,,,,,0.104,,4513000000,2025-10-23,quarterly,0.68,USD,post-market,420000000,-10185000000,0.0577,0.169,0.015,28.05,None,6659000000,684000000,1105000000,43.14,47.57,9.6774,35042000000,15386000000,11618000000,20193000000,19656000000,8575000000,19191000000,14714000000,15.6,None,51.12,33.06
2025-12-28,BKR,2.9,27711001000.0,15.6,None,0.892,18.41,,None,2488000000,2488000000,,,,,,,,,1006000000,1009000000,None,14280000000,14280000000,4298000000,None,677000000,5958000000,None,None,586000000,,0.9,0.0199,,,,-0.208,0.06,2509000000,3095000000,0.62,2022-12-31,16.58,5930000000,5917000000.0,4911000000,2336000000,484000000,4179000000,4179000000,None,232000000,None,4587000000,None,None,5980000000,None,None,1840000000,None,None,None,0.135,,2389000000,2509000000,1559000000,2278000000,None,1641000000,None,,,,,5.35,2.459,1.611,,,,,,,,0.104,,4538000000,2025-10-23,quarterly,0.68,USD,post-market,420000000,-10761000000,0.0577,0.169,0.015,28.05,None,6658000000,678000000,748000000,43.14,47.57,9.6774,34181000000,14592000000,11076000000,19656000000,19588000000,8580000000,19191000000,14394000000,15.6,None,51.12,33.06
2025-12-28,BKR,2.9,27711001000.0,15.6,None,0.892,18.41,,None,2851000000,2851000000,,,,,,,,,1009000000,1008000000,None,14280000000,14280000000,3800000000,None,43000000,5583000000,None,None,586000000,,0.9,0.0199,,,,-0.208,0.06,2509000000,3095000000,0.62,2022-09-30,16.58,5435000000,5917000000.0,4911000000,2336000000,484000000,3980000000,3980000000,None,232000000,None,4111000000,None,None,6612000000,None,None,1840000000,None,None,None,0.135,,2389000000,2509000000,1790000000,2360000000,None,1701000000,None,,,,,5.35,2.459,1.611,,,,,,,,0.104,,4381000000,2025-10-23,quarterly,0.68,USD,post-market,420000000,-10943000000,0.0577,0.169,0.015,28.05,None,6655000000,43000000,849000000,43.14,47.57,9.6774,33165000000,14335000000,9465000000,18798000000,18830000000,9333000000,19191000000,14144000000,15.6,None,51.12,33.06
2025-12-28,BKR,2.9,27711001000.0,15.6,None,0.892,18.41,,None,2928000000,2928000000,,,,,,,,,1019000000,1001000000,None,14280000000,14280000000,3764000000,None,34000000,5572000000,None,None,586000000,,0.9,0.0199,,,,-0.208,0.06,2509000000,3095000000,0.62,2022-06-30,16.58,5741000000,5917000000.0,4911000000,2336000000,484000000,4049000000,4049000000,None,232000000,None,4052000000,None,None,6625000000,None,None,1840000000,None,None,None,0.135,,2389000000,2509000000,1647000000,2288000000,None,2476000000,None,,,,,5.35,2.459,1.611,,,,,,,,0.104,,4531000000,2025-10-23,quarterly,0.68,USD,post-market,420000000,-10927000000,0.0577,0.169,0.015,28.05,None,6659000000,34000000,965000000,43.14,47.57,9.6774,33753000000,14199000000,9375000000,18667000000,19554000000,9292000000,19191000000,14882000000,15.6,None,51.12,33.06
2025-12-28,BKR,2.9,27711001000.0,15.6,None,0.892,18.41,,None,3191000000,3191000000,,,,,,,,,None,948000000,None,14280000000,14280000000,3755000000,None,35000000,5738000000,None,None,586000000,,0.9,0.0199,,,,-0.208,0.06,2509000000,3095000000,0.62,2022-03-31,16.58,5989000000,5917000000.0,4911000000,2336000000,484000000,4118000000,4118000000,None,232000000,None,4151000000,None,None,6650000000,None,None,1840000000,None,None,None,0.135,,2389000000,2509000000,1627000000,1871000000,None,2563000000,None,,,,,5.35,2.459,1.611,,,,,,,,0.104,,4804000000,2025-10-23,quarterly,0.68,USD,post-market,420000000,-10088000000,0.0577,0.169,0.015,28.05,None,6685000000,35000000,1050000000,43.14,47.57,9.6774,34994000000,14707000000,9142000000,18547000000,20287000000,9405000000,19191000000,15704000000,15.6,None,51.12,33.06
2025-12-28,BKR,2.9,27711001000.0,15.6,None,0.892,18.41,,None,3853000000,3853000000,,,,,,,,,16746000000,906000000,None,14280000000,14280000000,3745000000,None,40000000,5651000000,None,None,586000000,,0.9,0.0199,,,,-0.208,0.06,2509000000,3095000000,0.62,2021-12-31,16.58,5959000000,5917000000.0,4911000000,2336000000,484000000,4131000000,4131000000,None,232000000,None,3979000000,None,None,6687000000,None,None,1840000000,None,None,None,0.135,,2389000000,2509000000,1582000000,2111000000,None,1637000000,None,,,,,5.35,2.459,1.611,,,,,,,,0.104,,4877000000,2025-10-23,quarterly,0.68,USD,post-market,420000000,-10160000000,0.0577,0.169,0.015,28.05,None,6727000000,40000000,1041000000,43.14,47.57,9.6774,35348000000,15065000000,9128000000,18562000000,20243000000,9434000000,19191000000,14830000000,15.6,None,51.12,33.06
2025-12-28,BKR,2.9,27711001000.0,15.6,None,0.892,18.41,,None,3926000000,3926000000,,,,,,,,,1038000000,857000000,None,14280000000,14280000000,3514000000,None,56000000,5326000000,None,None,586000000,,0.9,0.0199,,,,-0.208,0.06,2509000000,3095000000,0.62,2021-09-30,16.58,6015000000,5917000000.0,4911000000,2336000000,484000000,4151000000,4151000000,None,232000000,None,4110000000,None,None,6708000000,None,None,1840000000,None,None,None,0.135,,2389000000,2509000000,1525000000,2521000000,None,1542000000,None,,,,,5.35,2.459,1.611,,,,,,,,0.104,,4982000000,2025-10-23,quarterly,0.68,USD,post-market,420000000,-10454000000,0.0577,0.169,0.015,28.05,None,6764000000,56000000,403000000,43.14,47.57,9.6774,35772000000,14887000000,9354000000,18736000000,20885000000,9382000000,19191000000,14142000000,15.6,None,51.12,33.06
2025-12-28,BKR,2.9,27711001000.0,15.6,None,0.892,18.41,,None,3913000000,3913000000,,,,,,,,,104000,806000000,None,14280000000,14280000000,3593000000,None,51000000,5407000000,None,None,586000000,,0.9,0.0199,,,,-0.208,0.06,2509000000,3095000000,0.62,2021-06-30,16.58,6052000000,5917000000.0,4911000000,2336000000,484000000,4202000000,4202000000,None,232000000,None,4212000000,None,None,6722000000,None,None,1840000000,None,None,None,0.135,,2389000000,2509000000,1980000000,2694000000,None,1579000000,None,,,,,5.35,2.459,1.611,,,,,,,,0.104,,5086000000,2025-10-23,quarterly,0.68,USD,post-market,420000000,-10462000000,0.0577,0.169,0.015,28.05,None,6772000000,51000000,544000000,43.14,47.57,9.6774,36669000000,15512000000,9805000000,19269000000,21157000000,9464000000,19191000000,13890000000,15.6,None,51.12,33.06
2025-12-28,BKR,2.9,27711001000.0,15.6,None,0.892,18.41,,None,4382000000,4382000000,,,,,,,,,17424000000,740000000,None,14280000000,14280000000,3468000000,None,887000000,5263000000,None,None,586000000,,0.9,0.0199,,,,-0.208,0.06,2509000000,3095000000,0.62,2021-03-31,16.58,5969000000,5917000000.0,4911000000,2336000000,484000000,4228000000,4228000000,None,232000000,None,4181000000,None,None,6733000000,None,None,1840000000,None,None,None,0.135,,2389000000,2509000000,1960000000,2206000000,None,2555000000,None,,,,,5.35,2.459,1.611,,,,,,,,0.104,,5163000000,2025-10-23,quarterly,0.68,USD,post-market,420000000,-10394000000,0.0577,0.169,0.015,28.05,None,7620000000,887000000,718000000,43.14,47.57,9.6774,36836000000,15786000000,9958000000,19412000000,21050000000,9454000000,19191000000,13043000000,15.6,None,51.12,33.06
2025-12-28,BKR,2.9,27711001000.0,15.6,None,0.892,18.41,,None,4132000000,4132000000,,,,,,,,,18242000000,717000000,None,14280000000,14280000000,3532000000,None,889000000,5622000000,None,None,586000000,,0.9,0.0199,,,,-0.208,0.06,2509000000,3095000000,0.62,2020-12-31,16.58,5977000000,5917000000.0,4911000000,2336000000,484000000,4397000000,4397000000,None,232000000,None,4421000000,None,None,6744000000,None,None,1840000000,None,None,None,0.135,,2389000000,2509000000,2280000000,2352000000,None,2608000000,None,,,,,5.35,2.459,1.611,,,,,,,,0.104,,5358000000,2025-10-23,quarterly,0.68,USD,post-market,420000000,-9942000000,0.0577,0.169,0.015,28.05,None,7633000000,889000000,1514000000,43.14,47.57,9.6774,38030000000,16455000000,10227000000,19765000000,21552000000,9538000000,19191000000,12893000000,15.6,None,51.12,33.06
2025-12-28,BKR,2.9,27711001000.0,15.6,None,0.892,18.41,,None,4061000000,4061000000,,,,,,,,,104000,676000000,None,14280000000,14280000000,3482000000,None,935000000,5647000000,None,None,586000000,,0.9,0.0199,,,,-0.208,0.06,2509000000,3095000000,0.62,2020-09-30,16.58,5923000000,5917000000.0,4911000000,2336000000,484000000,4377000000,4377000000,None,232000000,None,4469000000,None,None,6754000000,None,None,1840000000,None,None,None,0.135,,2389000000,2509000000,1031000000,2599000000,None,1376000000,None,,,,,5.35,2.459,1.611,,,,,,,,0.104,,5536000000,2025-10-23,quarterly,0.68,USD,post-market,420000000,-10594000000,0.0577,0.169,0.015,28.05,None,7689000000,935000000,None,43.14,47.57,9.6774,37339000000,15208000000,10639000000,20090000000,22131000000,9451000000,19191000000,11582000000,15.6,None,51.12,33.06
2025-12-28,BKR,2.9,27711001000.0,15.6,None,0.892,18.41,,None,4132000000,4132000000,,,,,,,,,104000,655000000,None,14280000000,14280000000,3628000000,None,934000000,5636000000,None,None,586000000,,0.9,0.0199,,,,-0.208,0.06,2509000000,3095000000,0.62,2020-06-30,16.58,5868000000,5917000000.0,4911000000,2336000000,484000000,4416000000,4416000000,None,232000000,None,4616000000,None,None,6766000000,None,None,1840000000,None,None,None,0.135,,2389000000,2509000000,1118000000,2498000000,None,1389000000,None,,,,,5.35,2.459,1.611,,,,,,,,0.104,,5710000000,2025-10-23,quarterly,0.68,USD,post-market,420000000,-10413000000,0.0577,0.169,0.015,28.05,None,7700000000,934000000,None,43.14,47.57,9.6774,37523000000,15502000000,10567000000,19958000000,22021000000,9391000000,19191000000,11254000000,15.6,None,51.12,33.06
2025-12-28,BKR,2.9,27711001000.0,15.6,None,0.892,18.41,,None,3010000000,3010000000,,,,,,,,,17985000000,653000000,None,14280000000,14280000000,3991000000,None,210000000,6148000000,None,None,586000000,,0.9,0.0199,,,,-0.208,0.06,2509000000,3095000000,0.62,2020-03-31,16.58,5878000000,5917000000.0,4911000000,2336000000,484000000,4576000000,4576000000,None,232000000,None,4534000000,None,None,6285000000,None,None,1840000000,None,None,None,0.135,,2389000000,2509000000,961000000,2744000000,None,1479000000,None,,,,,5.35,2.459,1.611,,,,,,,,0.104,,5997000000,2025-10-23,quarterly,0.68,USD,post-market,420000000,-10212000000,0.0577,0.169,0.015,28.05,None,6495000000,210000000,None,43.14,47.57,9.6774,37229000000,14653000000,10141000000,19244000000,22576000000,9103000000,19191000000,11470000000,15.6,None,51.12,33.06
2025-12-28,BKR,2.9,27711001000.0,15.6,None,0.892,18.41,,None,3249000000,3249000000,,,,,,,,,None,653000000,None,14280000000,14280000000,4268000000,None,321000000,6416000000,None,None,586000000,,0.9,0.0199,,,,-0.208,0.06,2509000000,3095000000,0.62,2019-12-31,16.58,20690000000,5917000000.0,4911000000,2336000000,484000000,5381000000,5381000000,None,232000000,None,4608000000,None,None,6301000000,None,None,1840000000,None,None,None,0.135,,2389000000,2509000000,949000000,2555000000,None,1425000000,None,,,,,5.35,2.459,1.611,,,,,,,,0.104,,7069000000,2025-10-23,quarterly,0.68,USD,post-market,420000000,0,0.0577,0.169,0.015,28.05,None,6622000000,321000000,254000000,43.14,47.57,9.6774,53369000000,15222000000,10014000000,18870000000,38147000000,8856000000,19191000000,21929000000,15.6,None,51.12,33.06
2025-12-28,BKR,2.9,27711001000.0,15.6,None,0.892,18.41,,None,2808000000,2808000000,,,,,,,,,None,541000000,None,14280000000,14280000000,3870000000,None,694000000,6165000000,None,None,586000000,,0.9,0.0199,,,,-0.208,0.06,2509000000,3095000000,0.62,2019-09-30,16.58,20654000000,5917000000.0,4911000000,2336000000,484000000,5431000000,5431000000,None,232000000,None,4739000000,None,None,6313000000,None,None,1840000000,None,None,None,0.135,,2389000000,2509000000,1057000000,2332000000,None,1417000000,None,,,,,5.35,2.459,1.611,,,,,,,,0.104,,6950000000,2025-10-23,quarterly,0.68,USD,post-market,420000000,0,0.0577,0.169,0.015,28.05,None,7007000000,694000000,None,43.14,47.57,9.6774,52549000000,14769000000,9332000000,18113000000,37780000000,8781000000,19191000000,21876000000,15.6,None,51.12,33.06
2025-12-28,BKR,2.9,27711001000.0,15.6,None,0.892,18.41,,None,3138000000,3138000000,,,,,,,,,None,515000000,None,14280000000,14280000000,3966000000,None,892000000,6310000000,None,None,586000000,,0.9,0.0199,,,,-0.208,0.06,2509000000,3095000000,0.62,2019-06-30,16.58,20705000000,5917000000.0,4911000000,2336000000,484000000,5510000000,5510000000,None,232000000,None,4807000000,None,None,6256000000,None,None,1840000000,None,None,None,0.135,,2389000000,2509000000,730000000,2269000000,None,1426000000,None,,,,,5.35,2.459,1.611,,,,,,,,0.104,,6951000000,2025-10-23,quarterly,0.68,USD,post-market,420000000,-9000000,0.0577,0.169,0.015,28.05,None,7148000000,892000000,None,43.14,47.57,9.6774,52876000000,14985000000,9341000000,18095000000,37891000000,8754000000,19191000000,17388000000,15.6,None,51.12,33.06
2025-12-28,BKR,2.9,27711001000.0,15.6,None,0.892,18.41,,None,3073000000,3073000000,,,,,,,,,None,533333333,None,14280000000,14280000000,3918000000,None,906000000,6319000000,None,None,586000000,,0.9,0.0199,,,,-0.208,0.06,2509000000,3095000000,0.62,2019-03-31,16.58,20762000000,5917000000.0,4911000000,2336000000,484000000,5663000000,5663000000,None,232000000,None,4871000000,None,None,6270000000,None,None,1840000000,None,None,None,0.135,,2389000000,2509000000,649000000,4228000000,None,1599000000,None,,,,,5.35,2.459,1.611,,,,,,,,0.104,,7078000000,2025-10-23,quarterly,0.68,USD,post-market,420000000,0,0.0577,0.169,0.015,28.05,None,7176000000,906000000,None,43.14,47.57,9.6774,53129000000,14912000000,9052000000,18043000000,38217000000,8991000000,19191000000,17512000000,15.6,None,51.12,33.06
2025-12-28,BKR,2.9,27711001000.0,15.6,None,0.892,18.41,,None,3723000000,3723000000,,,,,,,,,35013000000,467857143,None,14280000000,14280000000,4025000000,None,None,5969000000,None,None,586000000,,0.9,0.0199,,,,-0.208,0.06,2509000000,3095000000,0.62,2018-12-31,16.58,20717000000,5917000000.0,4911000000,2336000000,484000000,5719000000,5719000000,None,232000000,None,4620000000,None,None,6182000000,None,None,1840000000,None,None,None,0.135,,2389000000,2509000000,659000000,2288000000,None,None,None,,,,,5.35,2.459,1.611,,,,,,,,0.104,,6228000000,2025-10-23,quarterly,0.68,USD,post-market,420000000,25000000,0.0577,0.169,0.015,28.05,None,7330000000,942000000,None,43.14,47.57,9.6774,52439000000,14971000000,9020000000,17426000000,37468000000,8406000000,19191000000,17465000000,15.6,None,51.12,33.06
2025-12-28,BKR,2.9,27711001000.0,15.6,None,0.892,18.41,,None,4765000000,4765000000,,,,,,,,,None,414000000,None,14280000000,14280000000,3686000000,None,None,5809000000,None,None,586000000,,0.9,0.0199,,,,-0.208,0.06,2509000000,3095000000,0.62,2018-09-30,16.58,20790000000,5917000000.0,4911000000,2336000000,484000000,5831000000,5831000000,None,232000000,None,4681000000,None,None,None,None,None,1840000000,None,None,None,0.135,,2389000000,2509000000,863000000,3771000000,None,None,None,,,,,5.35,2.459,1.611,,,,,,,,0.104,,None,2025-10-23,quarterly,0.68,USD,post-market,420000000,-14000000,0.0577,0.169,0.015,28.05,None,7293000000,1000000000,None,43.14,47.57,9.6774,53600000000,16118000000,8457000000,17037000000,37482000000,8580000000,19191000000,13740000000,15.6,None,51.12,33.06
2025-12-28,BKR,2.9,27711001000.0,15.6,None,0.892,18.41,,None,4879000000,4879000000,,,,,,,,,None,414000000,None,14280000000,14280000000,3574000000,None,None,6038000000,None,None,586000000,,0.9,0.0199,,,,-0.208,0.06,2509000000,3095000000,0.62,2018-06-30,16.58,20758000000,5917000000.0,4911000000,2336000000,484000000,5973000000,5973000000,None,232000000,None,4675000000,None,None,None,None,None,1840000000,None,None,None,0.135,,2389000000,2509000000,850000000,3992000000,None,None,None,,,,,5.35,2.459,1.611,,,,,,,,0.104,,None,2025-10-23,quarterly,0.68,USD,post-market,420000000,-27000000,0.0577,0.169,0.015,28.05,None,7386000000,1067000000,None,43.14,47.57,9.6774,54090000000,16442000000,8633000000,17273000000,37648000000,8640000000,19191000000,13811000000,15.6,None,51.12,33.06
2025-12-28,BKR,2.9,27711001000.0,15.6,None,0.892,18.41,,None,5631000000,5631000000,,,,,,,,,16929000000,422000000,None,14280000000,14280000000,3439000000,None,None,5865000000,None,None,586000000,,0.9,0.0199,,,,-0.208,0.06,2509000000,3095000000,0.62,2018-03-31,16.58,20435000000,5917000000.0,4911000000,2336000000,484000000,6203000000,6203000000,None,232000000,None,4696000000,None,None,None,None,None,1840000000,None,None,None,0.135,,2389000000,2509000000,862000000,3710000000,None,None,None,,,,,5.35,2.459,1.611,,,,,,,,0.104,,None,2025-10-23,quarterly,0.68,USD,post-market,420000000,-8000000,0.0577,0.169,0.015,28.05,None,7472000000,1176000000,None,43.14,47.57,9.6774,55221000000,17054000000,8325000000,17126000000,38166000000,8801000000,19191000000,14252000000,15.6,None,51.12,33.06
2025-12-28,BKR,2.9,27711001000.0,15.6,None,0.892,18.41,,None,7030000000,7030000000,,,,,,,,,None,427000000,None,14280000000,14280000000,3377000000,None,None,6015000000,None,None,586000000,,0.9,0.0199,,,,-0.208,0.06,2509000000,3095000000,0.62,2017-12-31,16.58,19927000000,5917000000.0,4911000000,2336000000,484000000,6358000000,6358000000,None,232000000,None,4507000000,None,None,None,None,None,1840000000,None,None,None,0.135,,2389000000,2509000000,872000000,3813000000,None,None,None,,,,,5.35,2.459,1.611,,,,,,,,0.104,,None,2025-10-23,quarterly,0.68,USD,post-market,420000000,-103000000,0.0577,0.169,0.015,28.05,None,8349000000,2037000000,None,43.14,47.57,9.6774,56500000000,18424000000,9227000000,18090000000,38076000000,8863000000,19191000000,14277000000,15.6,None,51.12,33.06
2025-12-28,BKR,2.9,27711001000.0,15.6,None,0.892,18.41,,None,4777000000,4777000000,,,,,,,,,None,428000000,None,14280000000,14280000000,3203000000,None,None,5194000000,None,None,586000000,,0.9,0.0199,,,,-0.208,0.06,2509000000,3095000000,0.62,2017-09-30,16.58,20395000000,5917000000.0,4911000000,2336000000,484000000,6826000000,6826000000,None,232000000,None,5309000000,None,None,None,None,None,1840000000,None,None,None,0.135,,2389000000,2509000000,1301000000,3663000000,None,None,None,,,,,5.35,2.459,1.611,,,,,,,,0.104,,None,2025-10-23,quarterly,0.68,USD,post-market,420000000,-104000000,0.0577,0.169,0.015,28.05,None,4905000000,1866000000,None,43.14,47.57,9.6774,54810000000,16581000000,8732000000,14662000000,38229000000,5930000000,19191000000,14985000000,15.6,None,51.12,33.06
2025-12-28,BKR,2.9,27711001000.0,15.6,None,0.892,18.41,,None,4133000000,4133000000,,,,,,,,,1,425483244,None,14280000000,14280000000,1094000000,None,None,2307000000,None,None,586000000,,0.9,0.0199,,,,-0.208,0.06,2509000000,3095000000,0.62,2017-06-30,16.58,4088000000,5917000000.0,4911000000,2336000000,484000000,282000000,282000000,None,232000000,None,1976000000,None,None,None,None,None,1840000000,None,None,None,0.135,,2389000000,2509000000,675000000,456000000,None,None,None,,,,,5.35,2.459,1.611,,,,,,,,0.104,,None,2025-10-23,quarterly,0.68,USD,post-market,420000000,None,0.0577,0.169,0.015,28.05,None,3009000000,331000000,None,43.14,47.57,9.6774,18675000000,9091000000,2466000000,6288000000,9584000000,3822000000,19191000000,12220000000,15.6,None,51.12,33.06
2025-12-28,BKR,2.9,27711001000.0,15.6,None,0.892,18.41,,None,5082000000,5082000000,,,,,,,,,None,430000000,None,14280000000,14280000000,None,None,None,4769000000,None,None,586000000,,0.9,0.0199,,,,-0.208,0.06,2509000000,3095000000,0.62,2017-03-31,16.58,19111000000,5917000000.0,4911000000,2336000000,484000000,7987000000,7987000000,None,232000000,None,5144000000,None,None,None,None,None,1840000000,None,None,None,0.135,,2389000000,2509000000,None,None,None,None,None,,,,,5.35,2.459,1.611,,,,,,,,0.104,,None,2025-10-23,quarterly,0.68,USD,post-market,420000000,None,0.0577,0.169,0.015,28.05,None,3691000000,440000000,None,43.14,47.57,9.6774,54123000000,16132000000,7192000000,14118000000,None,None,19191000000,None,15.6,None,51.12,33.06
2025-12-28,BKR,2.9,27711001000.0,15.6,None,0.892,18.41,,None,981000000,981000000,,,,,,,,,16582000000,430000000,None,14280000000,14280000000,1027000000,None,None,1905000000,None,None,586000000,,0.9,0.0199,,,,-0.208,0.06,2509000000,3095000000,0.62,2016-12-31,16.58,6680000000,5917000000.0,4911000000,2336000000,484000000,2449000000,2449000000,None,232000000,None,3224000000,None,None,None,None,None,1840000000,None,None,None,0.135,,2389000000,2509000000,1291000000,2875000000,None,None,None,,,,,5.35,2.459,1.611,,,,,,,,0.104,,None,2025-10-23,quarterly,0.68,None,post-market,420000000,None,0.0577,0.169,0.015,28.05,None,277000000,239000000,None,43.14,47.57,9.6774,21721000000,7401000000,4934000000,6866000000,14320000000,1932000000,19191000000,14688000000,15.6,None,51.12,33.06
2025-12-28,BKR,2.9,27711001000.0,15.6,None,0.892,18.41,,None,None,None,,,,,,,,,None,430000000,None,14280000000,14280000000,None,None,None,None,None,None,586000000,,0.9,0.0199,,,,-0.208,0.06,2509000000,3095000000,0.62,2016-09-30,16.58,None,5917000000.0,4911000000,2336000000,484000000,None,None,None,232000000,None,None,None,None,None,None,None,1840000000,None,None,None,0.135,,2389000000,2509000000,None,None,None,None,None,,,,,5.35,2.459,1.611,,,,,,,,0.104,,None,2025-10-23,quarterly,0.68,USD,post-market,420000000,None,0.0577,0.169,0.015,28.05,None,None,None,None,43.14,47.57,9.6774,None,None,None,None,None,None,19191000000,None,15.6,None,51.12,33.06
2025-12-28,BKR,2.9,27711001000.0,15.6,None,0.892,18.41,,None,None,None,,,,,,,,,None,430000000,None,14280000000,14280000000,None,None,None,None,None,None,586000000,,0.9,0.0199,,,,-0.208,0.06,2509000000,3095000000,0.62,2016-06-30,16.58,None,5917000000.0,4911000000,2336000000,484000000,None,None,None,232000000,None,None,None,None,None,None,None,1840000000,None,None,None,0.135,,2389000000,2509000000,None,None,None,None,None,,,,,5.35,2.459,1.611,,,,,,,,0.104,,None,2025-10-23,quarterly,0.68,None,post-market,420000000,None,0.0577,0.169,0.015,28.05,None,None,None,None,43.14,47.57,9.6774,None,None,None,None,None,None,19191000000,None,15.6,None,51.12,33.06
2025-12-28,BKR,2.9,27711001000.0,15.6,None,0.892,18.41,,None,-1432000000,-1432000000,,,,,,,,,None,430000000,None,14280000000,14280000000,None,None,None,None,None,None,586000000,,0.9,0.0199,,,,-0.208,0.06,2509000000,3095000000,0.62,2016-03-31,16.58,None,5917000000.0,4911000000,2336000000,484000000,None,None,None,232000000,None,None,None,None,None,None,None,1840000000,None,None,None,0.135,,2389000000,2509000000,None,None,None,None,None,,,,,5.35,2.459,1.611,,,,,,,,0.104,,None,2025-10-23,quarterly,0.68,None,post-market,420000000,None,0.0577,0.169,0.015,28.05,None,None,None,2864000000,43.14,47.57,9.6774,None,1432000000,None,None,-1432000000,None,19191000000,14545000000,15.6,None,51.12,33.06
2025-12-28,BKR,2.9,27711001000.0,15.6,None,0.892,18.41,,None,3364000000,3364000000,,,,,,,,,None,1001000000,None,14280000000,14280000000,4542000000,None,53000000,7122000000,None,None,586000000,,0.9,0.0199,,,,-0.208,0.06,2509000000,3095000000,0.62,2024-12-31,16.58,6078000000,5917000000.0,4911000000,2336000000,484000000,3951000000,3951000000,None,232000000,None,4954000000,None,None,5970000000,None,None,1840000000,None,None,None,0.135,,2389000000,2509000000,1771000000,2724000000,None,1276000000,None,,,,,5.35,2.459,1.611,,,,,,,,0.104,,None,2025-10-23,annual,0.68,USD,post-market,420000000,-5840000000,0.0577,0.169,0.015,28.05,None,6023000000,53000000,1284000000,43.14,47.57,9.6774,38363000000,17211000000,12991000000,21308000000,21152000000,8317000000,19191000000,16895000000,15.6,None,51.12,33.06
2025-12-28,BKR,2.9,27711001000.0,15.6,None,0.892,18.41,,None,2646000000,2646000000,,,,,,,,,None,1015000000,None,14280000000,14280000000,4471000000,None,148000000,7075000000,None,None,586000000,,0.9,0.0199,,,,-0.208,0.06,2509000000,3095000000,0.62,2023-12-31,16.58,6137000000,5917000000.0,4911000000,2336000000,484000000,4093000000,4093000000,None,232000000,None,5094000000,None,None,5873000000,None,None,1840000000,None,None,None,0.135,,2389000000,2509000000,1486000000,2830000000,None,1408000000,None,,,,,5.35,2.459,1.611,,,,,,,,0.104,,None,2025-10-23,annual,0.68,USD,post-market,420000000,-8819000000,0.0577,0.169,0.015,28.05,None,6021000000,148000000,891000000,43.14,47.57,9.6774,36945000000,16301000000,12991000000,21426000000,20643000000,8435000000,19191000000,15368000000,15.6,None,51.12,33.06
2025-12-28,BKR,2.9,27711001000.0,15.6,None,0.892,18.41,,None,2488000000,2488000000,,,,,,,,,1006000000,987000000,None,14280000000,14280000000,4298000000,None,677000000,5958000000,None,None,586000000,,0.9,0.0199,,,,-0.208,0.06,2509000000,3095000000,0.62,2022-12-31,16.58,5930000000,5917000000.0,4911000000,2336000000,484000000,4179000000,4179000000,None,232000000,None,4587000000,None,None,5980000000,None,None,1840000000,None,None,None,0.135,,2389000000,2509000000,1559000000,2278000000,None,1641000000,None,,,,,5.35,2.459,1.611,,,,,,,,0.104,,4538000000,2025-10-23,annual,0.68,USD,post-market,420000000,-10761000000,0.0577,0.169,0.015,28.05,None,6658000000,678000000,748000000,43.14,47.57,9.6774,34181000000,14592000000,11076000000,19656000000,19588000000,8580000000,19191000000,14394000000,15.6,None,51.12,33.06
2025-12-28,BKR,2.9,27711001000.0,15.6,None,0.892,18.41,,None,3853000000,3853000000,,,,,,,,,16746000000,824000000,None,14280000000,14280000000,3745000000,None,40000000,5651000000,None,None,586000000,,0.9,0.0199,,,,-0.208,0.06,2509000000,3095000000,0.62,2021-12-31,16.58,5959000000,5917000000.0,4911000000,2336000000,484000000,4131000000,4131000000,None,232000000,None,3979000000,None,None,6687000000,None,None,1840000000,None,None,None,0.135,,2389000000,2509000000,1582000000,2111000000,None,1637000000,None,,,,,5.35,2.459,1.611,,,,,,,,0.104,,4877000000,2025-10-23,annual,0.68,USD,post-market,420000000,-10160000000,0.0577,0.169,0.015,28.05,None,6727000000,40000000,1041000000,43.14,47.57,9.6774,35348000000,15065000000,9128000000,18562000000,20243000000,9434000000,19191000000,14830000000,15.6,None,51.12,33.06
2025-12-28,BKR,2.9,27711001000.0,15.6,None,0.892,18.41,,None,4132000000,4132000000,,,,,,,,,18242000000,675000000,None,14280000000,14280000000,3532000000,None,889000000,5622000000,None,None,586000000,,0.9,0.0199,,,,-0.208,0.06,2509000000,3095000000,0.62,2020-12-31,16.58,5977000000,5917000000.0,4911000000,2336000000,484000000,4397000000,4397000000,None,232000000,None,4421000000,None,None,6744000000,None,None,1840000000,None,None,None,0.135,,2389000000,2509000000,2280000000,2352000000,None,2608000000,None,,,,,5.35,2.459,1.611,,,,,,,,0.104,,5358000000,2025-10-23,annual,0.68,USD,post-market,420000000,-9942000000,0.0577,0.169,0.015,28.05,None,7633000000,889000000,1514000000,43.14,47.57,9.6774,38030000000,16455000000,10227000000,19765000000,21552000000,9538000000,19191000000,12893000000,15.6,None,51.12,33.06
2025-12-28,BKR,2.9,27711001000.0,15.6,None,0.892,18.41,,None,3249000000,3249000000,,,,,,,,,34499000000,557000000,None,14280000000,14280000000,4268000000,None,321000000,6416000000,None,None,586000000,,0.9,0.0199,,,,-0.208,0.06,2509000000,3095000000,0.62,2019-12-31,16.58,20690000000,5917000000.0,4911000000,2336000000,484000000,5381000000,5381000000,None,232000000,None,4608000000,None,None,6301000000,None,None,1840000000,None,None,None,0.135,,2389000000,2509000000,949000000,2555000000,None,1425000000,None,,,,,5.35,2.459,1.611,,,,,,,,0.104,,7069000000,2025-10-23,annual,0.68,USD,post-market,420000000,0,0.0577,0.169,0.015,28.05,None,6622000000,321000000,254000000,43.14,47.57,9.6774,53369000000,15222000000,10014000000,18870000000,38147000000,8856000000,19191000000,21929000000,15.6,None,51.12,33.06
2025-12-28,BKR,2.9,27711001000.0,15.6,None,0.892,18.41,,103000000,3723000000,3723000000,,,,,,,,,35013000000,433333333,None,14280000000,14280000000,4025000000,None,942000000,5969000000,None,None,586000000,,0.9,0.0199,,,,-0.208,0.06,2509000000,3095000000,0.62,2018-12-31,16.58,20717000000,5917000000.0,4911000000,2336000000,484000000,5719000000,5719000000,None,232000000,None,4620000000,None,None,6182000000,None,None,1840000000,None,None,None,0.135,,2389000000,2509000000,659000000,2288000000,None,960000000,None,,,,,5.35,2.459,1.611,,,,,,,,0.104,,6228000000,2025-10-23,annual,0.68,USD,post-market,420000000,25000000,0.0577,0.169,0.015,28.05,None,7330000000,942000000,None,43.14,47.57,9.6774,52439000000,14971000000,9020000000,17426000000,37468000000,8406000000,19191000000,17465000000,15.6,None,51.12,33.06
2025-12-28,BKR,2.9,27711001000.0,15.6,None,0.892,18.41,,87000000,7030000000,7030000000,,,,,,,,,None,427000000,None,14280000000,14280000000,3377000000,None,2037000000,6015000000,None,None,586000000,,0.9,0.0199,,,,-0.208,0.06,2509000000,3095000000,0.62,2017-12-31,16.58,19927000000,5917000000.0,4911000000,2336000000,484000000,6358000000,6358000000,None,232000000,None,4507000000,None,None,6225000000,None,None,1840000000,None,None,None,0.135,,2389000000,2509000000,872000000,3813000000,None,972000000,None,,,,,5.35,2.459,1.611,,,,,,,,0.104,,6959000000,2025-10-23,annual,0.68,USD,post-market,420000000,-103000000,0.0577,0.169,0.015,28.05,None,8349000000,2037000000,None,43.14,47.57,9.6774,56500000000,18424000000,9227000000,18090000000,38076000000,8863000000,19191000000,14277000000,15.6,None,51.12,33.06
2025-12-28,BKR,2.9,27711001000.0,15.6,None,0.892,18.41,,1000000,981000000,981000000,,,,,,,,,16582000000,430000000,None,14280000000,14280000000,1898000000,None,239000000,2563000000,None,None,586000000,,0.9,0.0199,,,,-0.208,0.06,2509000000,3095000000,0.62,2016-12-31,16.58,6680000000,5917000000.0,4911000000,2336000000,484000000,2449000000,2449000000,None,232000000,None,3224000000,None,None,2886000000,None,None,1840000000,None,None,None,0.135,,2389000000,2509000000,633000000,2493000000,None,495000000,None,,,,,5.35,2.459,1.611,,,,,,,,0.104,,2325000000,2025-10-23,annual,0.68,USD,post-market,420000000,6583000000,0.0577,0.169,0.015,28.05,None,3125000000,239000000,None,43.14,47.57,9.6774,21721000000,7401000000,4934000000,6866000000,14320000000,1932000000,19191000000,14688000000,15.6,-27000000,51.12,33.06
2025-12-28,BKR,2.9,27711001000.0,15.6,None,0.892,18.41,,None,1432000000,1432000000,,,,,,,,,15920000000,430000000,None,14280000000,14280000000,1583000000,None,2000000,2067000000,None,None,586000000,,0.9,0.0199,,,,-0.208,0.06,2509000000,3095000000,0.62,2015-12-31,16.58,6867000000,5917000000.0,4911000000,2336000000,484000000,2676000000,2676000000,None,232000000,None,3671000000,None,None,3890000000,None,95000000,1840000000,None,None,None,0.135,,2389000000,2509000000,1239000000,4476000000,None,None,None,,,,,5.35,2.459,1.611,,,,,,,,0.104,,6693000000,2025-10-23,annual,0.68,USD,post-market,420000000,9614000000,0.0577,0.169,0.015,28.05,None,4388000000,498000000,None,43.14,47.57,9.6774,23133000000,8409000000,6557000000,8588000000,14724000000,2031000000,19191000000,14388000000,15.6,-9000000,51.12,33.06
2025-12-28,BKR,2.9,27711001000.0,15.6,None,0.892,18.41,,None,None,None,,,,,,,,,None,430000000,None,14280000000,14280000000,None,None,None,None,None,None,586000000,,0.9,0.0199,,,,-0.208,0.06,2509000000,3095000000,0.62,2014-12-31,16.58,None,5917000000.0,4911000000,2336000000,484000000,None,None,None,232000000,None,None,None,None,None,None,None,1840000000,None,None,None,0.135,,2389000000,2509000000,None,None,None,None,None,,,,,5.35,2.459,1.611,,,,,,,,0.104,,None,2025-10-23,annual,0.68,None,post-market,420000000,None,0.0577,0.169,0.015,28.05,None,None,None,None,43.14,47.57,9.6774,None,None,None,None,None,None,19191000000,None,15.6,None,51.12,33.06
2025-12-28,BKR,2.9,27711001000.0,15.6,None,0.892,18.41,295000000,None,None,None,-279000000,-1055000000,None,None,129000000,None,None,None,None,430000000,None,14280000000,14280000000,None,None,None,None,None,None,586000000,282000000,0.9,0.0199,227000000,227000000,None,-0.208,0.06,2509000000,3095000000,0.62,2025-09-30,16.58,None,5917000000.0,4911000000,2336000000,484000000,None,None,None,232000000,None,None,None,None,None,None,None,617000000,None,None,None,0.135,929000000,2389000000,2509000000,None,None,None,None,None,None,None,None,None,5.35,2.459,1.611,None,None,None,None,None,0,None,0.104,None,None,2025-10-23,quarterly,0.68,USD,post-market,420000000,None,0.0577,0.169,0.015,28.05,None,None,None,None,43.14,47.57,9.6774,None,None,None,None,None,None,19191000000,None,15.6,None,51.12,33.06
2025-12-28,BKR,2.9,27711001000.0,15.6,None,0.892,18.41,300000000,None,None,None,-443000000,-286000000,None,None,14000000,None,None,None,None,430000000,None,14280000000,14280000000,None,None,None,None,None,None,586000000,294000000,0.9,0.0199,227000000,227000000,None,-0.208,0.06,2509000000,3095000000,0.62,2025-06-30,16.58,None,5917000000.0,4911000000,2336000000,484000000,None,None,None,232000000,None,None,None,None,None,None,None,711000000,None,None,None,0.135,510000000,2389000000,2509000000,None,None,None,None,None,None,None,None,None,5.35,2.459,1.611,None,None,None,None,None,-196000000,None,0.104,None,None,2025-10-23,quarterly,0.68,USD,post-market,420000000,None,0.0577,0.169,0.015,28.05,None,None,None,None,43.14,47.57,9.6774,None,None,None,None,None,None,19191000000,None,15.6,None,51.12,33.06
2025-12-28,BKR,2.9,27711001000.0,15.6,None,0.892,18.41,300000000,None,None,None,-502000000,-310000000,None,None,-106000000,None,None,None,None,430000000,None,14280000000,14280000000,None,None,None,None,None,None,586000000,285000000,0.9,0.0199,229000000,229000000,None,-0.208,0.06,2509000000,3095000000,0.62,2025-03-31,16.58,None,5917000000.0,4911000000,2336000000,484000000,None,None,None,232000000,None,None,None,None,None,None,None,409000000,None,None,None,0.135,709000000,2389000000,2509000000,None,None,None,None,None,None,None,None,None,5.35,2.459,1.611,None,None,None,None,None,-188000000,None,0.104,None,None,2025-10-23,quarterly,0.68,USD,post-market,420000000,None,0.0577,0.169,0.015,28.05,None,None,None,None,43.14,47.57,9.6774,None,None,None,None,None,None,19191000000,None,15.6,None,51.12,33.06
2025-12-28,BKR,2.9,27711001000.0,15.6,None,0.892,18.41,353000000,None,None,None,-234000000,-217000000,None,None,48000000,None,None,None,None,430000000,None,14280000000,14280000000,None,None,None,None,None,None,586000000,292000000,0.9,0.0199,208000000,208000000,None,-0.208,0.06,2509000000,3095000000,0.62,2024-12-31,16.58,None,5917000000.0,4911000000,2336000000,484000000,None,None,None,232000000,None,None,None,None,None,None,None,1201000000,None,None,None,0.135,1190000000,2389000000,2509000000,None,None,None,None,None,None,None,None,None,5.35,2.459,1.611,None,None,None,None,None,-8000000,None,0.104,None,None,2025-10-23,quarterly,0.68,USD,post-market,420000000,None,0.0577,0.169,0.015,28.05,None,None,None,None,43.14,47.57,9.6774,None,None,None,None,None,None,19191000000,None,15.6,None,51.12,33.06
2025-12-28,BKR,2.9,27711001000.0,15.6,None,0.892,18.41,300000000,None,None,None,-364000000,-269000000,None,None,-26000000,None,None,None,None,430000000,None,14280000000,14280000000,None,None,None,None,None,None,586000000,278000000,0.9,0.0199,209000000,209000000,None,-0.208,0.06,2509000000,3095000000,0.62,2024-09-30,16.58,None,5917000000.0,4911000000,2336000000,484000000,None,None,None,232000000,None,None,None,None,None,None,None,773000000,None,None,None,0.135,1010000000,2389000000,2509000000,None,None,None,None,None,None,None,None,None,5.35,2.459,1.611,None,None,None,None,None,-152000000,None,0.104,None,None,2025-10-23,quarterly,0.68,USD,post-market,420000000,None,0.0577,0.169,0.015,28.05,None,None,None,None,43.14,47.57,9.6774,None,None,None,None,None,None,19191000000,None,15.6,None,51.12,33.06
2025-12-28,BKR,2.9,27711001000.0,15.6,None,0.892,18.41,292000000,None,None,None,-502000000,-261000000,None,None,141000000,None,None,None,None,430000000,None,14280000000,14280000000,None,None,None,None,None,None,586000000,283000000,0.9,0.0199,209000000,209000000,None,-0.208,0.06,2509000000,3095000000,0.62,2024-06-30,16.58,None,5917000000.0,4911000000,2336000000,484000000,None,None,None,232000000,None,None,None,None,None,None,None,579000000,None,None,None,0.135,348000000,2389000000,2509000000,None,None,None,None,None,None,None,None,None,5.35,2.459,1.611,None,None,None,None,None,-166000000,None,0.104,None,None,2025-10-23,quarterly,0.68,USD,post-market,420000000,None,0.0577,0.169,0.015,28.05,None,None,None,None,43.14,47.57,9.6774,None,None,None,None,None,None,19191000000,None,15.6,None,51.12,33.06
2025-12-28,BKR,2.9,27711001000.0,15.6,None,0.892,18.41,333000000,None,None,None,-427000000,-269000000,None,None,-265000000,None,None,None,None,430000000,None,14280000000,14280000000,None,None,None,None,None,None,586000000,283000000,0.9,0.0199,210000000,210000000,None,-0.208,0.06,2509000000,3095000000,0.62,2024-03-31,16.58,None,5917000000.0,4911000000,2336000000,484000000,None,None,None,232000000,None,None,None,None,None,None,None,455000000,None,None,None,0.135,784000000,2389000000,2509000000,None,None,None,None,None,None,None,None,None,5.35,2.459,1.611,None,None,None,None,None,-158000000,None,0.104,None,None,2025-10-23,quarterly,0.68,USD,post-market,420000000,None,0.0577,0.169,0.015,28.05,None,None,None,None,43.14,47.57,9.6774,None,None,None,None,None,None,19191000000,None,15.6,None,51.12,33.06
2025-12-28,BKR,2.9,27711001000.0,15.6,None,0.892,18.41,356000000,None,None,None,-1168000000,-314000000,None,None,-51000000,None,None,None,None,430000000,None,14280000000,14280000000,None,None,None,None,None,None,586000000,274000000,0.9,0.0199,201000000,201000000,None,-0.208,0.06,2509000000,3095000000,0.62,2023-12-31,16.58,None,5917000000.0,4911000000,2336000000,484000000,None,None,None,232000000,None,None,None,None,None,None,None,450000000,None,None,None,0.135,932000000,2389000000,2509000000,None,None,None,None,None,None,None,None,None,5.35,2.459,1.611,None,None,None,None,None,-320000000,None,0.104,None,None,2025-10-23,quarterly,0.68,USD,post-market,420000000,None,0.0577,0.169,0.015,28.05,None,None,None,None,43.14,47.57,9.6774,None,None,None,None,None,None,19191000000,None,15.6,None,51.12,33.06
2025-12-28,BKR,2.9,27711001000.0,15.6,None,0.892,18.41,282000000,None,None,None,-310000000,-90000000,None,None,-78000000,None,None,None,None,430000000,None,14280000000,14280000000,None,None,None,None,None,None,586000000,267000000,0.9,0.0199,202000000,202000000,None,-0.208,0.06,2509000000,3095000000,0.62,2023-09-30,16.58,None,5917000000.0,4911000000,2336000000,484000000,None,None,None,232000000,None,None,None,None,None,None,None,524000000,None,None,None,0.135,811000000,2389000000,2509000000,None,None,None,None,None,None,None,None,None,5.35,2.459,1.611,None,None,None,None,None,-119000000,None,0.104,None,None,2025-10-23,quarterly,0.68,USD,post-market,420000000,None,0.0577,0.169,0.015,28.05,None,None,None,None,43.14,47.57,9.6774,None,None,None,None,None,None,19191000000,None,15.6,None,51.12,33.06
2025-12-28,BKR,2.9,27711001000.0,15.6,None,0.892,18.41,276000000,None,None,None,-300000000,-185000000,374000000,None,-67000000,None,None,9000000,None,430000000,None,14280000000,14280000000,None,None,None,None,None,None,586000000,276000000,0.9,0.0199,192000000,192000000,None,-0.208,0.06,2509000000,3095000000,0.62,2023-06-30,16.58,None,5917000000.0,4911000000,2336000000,484000000,None,None,None,232000000,None,None,None,None,None,None,None,414000000,None,None,None,0.135,858000000,2389000000,2509000000,None,None,None,None,None,None,None,None,None,5.35,2.459,1.611,None,None,None,None,None,-99000000,None,0.104,None,None,2025-10-23,quarterly,0.68,USD,post-market,420000000,None,0.0577,0.169,0.015,28.05,None,None,None,None,43.14,47.57,9.6774,None,None,None,None,None,None,19191000000,None,15.6,None,51.12,33.06
2025-12-28,BKR,2.9,27711001000.0,15.6,None,0.892,18.41,264000000,None,None,None,-250000000,-229000000,-18000000,None,-265000000,None,None,-332000000,None,430000000,None,14280000000,14280000000,None,None,None,None,None,None,586000000,269000000,0.9,0.0199,192000000,192000000,None,-0.208,0.06,2509000000,3095000000,0.62,2023-03-31,16.58,None,5917000000.0,4911000000,2336000000,484000000,None,None,None,232000000,None,None,None,None,None,None,None,581000000,None,None,None,0.135,461000000,2389000000,2509000000,None,None,None,None,None,None,None,None,None,5.35,2.459,1.611,None,None,None,None,None,0,None,0.104,None,None,2025-10-23,quarterly,0.68,USD,post-market,420000000,None,0.0577,0.169,0.015,28.05,None,None,None,None,43.14,47.57,9.6774,None,None,None,None,None,None,19191000000,None,15.6,None,51.12,33.06
2025-12-28,BKR,2.9,27711001000.0,15.6,None,0.892,18.41,241000000,None,None,None,-295000000,-984000000,-381000000,None,-259000000,None,None,-210000000,None,430000000,None,14280000000,14280000000,None,None,None,None,None,None,586000000,255000000,0.9,0.0199,190000000,190000000,None,-0.208,0.06,2509000000,3095000000,0.62,2022-12-31,16.58,None,5917000000.0,4911000000,2336000000,484000000,None,None,None,232000000,None,None,None,None,None,None,None,182000000,None,None,None,0.135,898000000,2389000000,2509000000,None,None,None,None,None,None,None,None,None,5.35,2.459,1.611,None,None,None,None,None,-101000000,None,0.104,None,None,2025-10-23,quarterly,0.68,USD,post-market,420000000,None,0.0577,0.169,0.015,28.05,None,None,None,None,43.14,47.57,9.6774,None,None,None,None,None,None,19191000000,None,15.6,None,51.12,33.06
2025-12-28,BKR,2.9,27711001000.0,15.6,None,0.892,18.41,180000000,None,None,None,-429000000,-150000000,18000000,None,-218000000,None,None,-55000000,None,430000000,None,14280000000,14280000000,None,None,None,None,None,None,586000000,254000000,0.9,0.0199,182000000,182000000,None,-0.208,0.06,2509000000,3095000000,0.62,2022-09-30,16.58,None,5917000000.0,4911000000,2336000000,484000000,None,None,None,232000000,None,None,None,None,None,None,None,-9000000,None,None,None,0.135,597000000,2389000000,2509000000,None,None,None,None,None,None,None,None,None,5.35,2.459,1.611,None,None,None,None,None,-265000000,None,0.104,None,None,2025-10-23,quarterly,0.68,USD,post-market,420000000,None,0.0577,0.169,0.015,28.05,None,None,None,None,43.14,47.57,9.6774,None,None,None,None,None,None,19191000000,None,15.6,None,51.12,33.06
2025-12-28,BKR,2.9,27711001000.0,15.6,None,0.892,18.41,174000000,None,None,None,-399000000,-164000000,-242000000,None,-203000000,None,None,-156000000,None,430000000,None,14280000000,14280000000,None,None,None,None,None,None,586000000,275000000,0.9,0.0199,182000000,182000000,None,-0.208,0.06,2509000000,3095000000,0.62,2022-06-30,16.58,None,5917000000.0,4911000000,2336000000,484000000,None,None,None,232000000,None,None,None,None,None,None,None,-837000000,None,None,None,0.135,321000000,2389000000,2509000000,None,None,None,None,None,None,None,None,None,5.35,2.459,1.611,None,None,None,None,None,-226000000,None,0.104,None,None,2025-10-23,quarterly,0.68,USD,post-market,420000000,None,0.0577,0.169,0.015,28.05,None,None,None,None,43.14,47.57,9.6774,None,None,None,None,None,None,19191000000,None,15.6,None,51.12,33.06
2025-12-28,BKR,2.9,27711001000.0,15.6,None,0.892,18.41,177000000,None,None,None,-469000000,-266000000,-663000000,None,-205000000,None,None,-204000000,None,430000000,None,14280000000,14280000000,None,None,None,None,None,None,586000000,277000000,0.9,0.0199,172000000,172000000,None,-0.208,0.06,2509000000,3095000000,0.62,2022-03-31,16.58,None,5917000000.0,4911000000,2336000000,484000000,None,None,None,232000000,None,None,None,None,None,None,None,72000000,None,None,None,0.135,72000000,2389000000,2509000000,None,None,None,None,None,None,None,None,None,5.35,2.459,1.611,None,None,None,None,None,-236000000,None,0.104,None,None,2025-10-23,quarterly,0.68,USD,post-market,420000000,None,0.0577,0.169,0.015,28.05,None,None,None,None,43.14,47.57,9.6774,None,None,None,None,None,None,19191000000,None,15.6,None,51.12,33.06
2025-12-28,BKR,2.9,27711001000.0,15.6,None,0.892,18.41,129000000,None,None,None,-558000000,-251000000,-35000000,None,19000000,None,None,-434000000,None,430000000,None,14280000000,14280000000,None,None,None,None,None,None,586000000,273000000,0.9,0.0199,186000000,186000000,None,-0.208,0.06,2509000000,3095000000,0.62,2021-12-31,16.58,None,5917000000.0,4911000000,2336000000,484000000,None,None,None,232000000,None,None,None,None,None,None,None,293000000,None,None,None,0.135,774000000,2389000000,2509000000,None,None,None,None,None,None,None,None,None,5.35,2.459,1.611,None,None,None,None,None,-328000000,None,0.104,None,None,2025-10-23,quarterly,0.68,USD,post-market,420000000,None,0.0577,0.169,0.015,28.05,None,None,None,None,43.14,47.57,9.6774,None,None,None,None,None,None,19191000000,None,15.6,None,51.12,33.06
2025-12-28,BKR,2.9,27711001000.0,15.6,None,0.892,18.41,111000000,None,None,None,-300000000,-82000000,34000000,None,32000000,None,None,41000000,None,430000000,None,14280000000,14280000000,None,None,None,None,None,None,586000000,262000000,0.9,0.0199,156000000,156000000,None,-0.208,0.06,2509000000,3095000000,0.62,2021-09-30,16.58,None,5917000000.0,4911000000,2336000000,484000000,None,None,None,232000000,None,None,None,None,None,None,None,8000000,None,None,None,0.135,416000000,2389000000,2509000000,None,None,None,None,None,None,None,None,None,5.35,2.459,1.611,None,None,None,None,None,-106000000,None,0.104,None,None,2025-10-23,quarterly,0.68,USD,post-market,420000000,None,0.0577,0.169,0.015,28.05,None,None,None,None,43.14,47.57,9.6774,None,None,None,None,None,None,19191000000,None,15.6,None,51.12,33.06
2025-12-28,BKR,2.9,27711001000.0,15.6,None,0.892,18.41,121000000,None,None,None,-1030000000,44000000,-480000000,None,31000000,None,None,-74000000,None,430000000,None,14280000000,14280000000,None,None,None,None,None,None,586000000,278000000,0.9,0.0199,149000000,149000000,None,-0.208,0.06,2509000000,3095000000,0.62,2021-06-30,16.58,None,5917000000.0,4911000000,2336000000,484000000,None,None,None,232000000,None,None,None,None,None,None,None,-77000000,None,None,None,0.135,506000000,2389000000,2509000000,None,None,None,None,None,None,None,None,None,5.35,2.459,1.611,None,None,None,None,None,-39000000,None,0.104,None,None,2025-10-23,quarterly,0.68,USD,post-market,420000000,None,0.0577,0.169,0.015,28.05,None,None,None,None,43.14,47.57,9.6774,None,None,None,None,None,None,19191000000,None,15.6,None,51.12,33.06
2025-12-28,BKR,2.9,27711001000.0,15.6,None,0.892,18.41,180000000,None,None,None,-255000000,-174000000,249000000,None,88000000,None,None,341000000,None,430000000,None,14280000000,14280000000,None,None,None,None,None,None,586000000,292000000,0.9,0.0199,131000000,131000000,None,-0.208,0.06,2509000000,3095000000,0.62,2021-03-31,16.58,None,5917000000.0,4911000000,2336000000,484000000,None,None,None,232000000,None,None,None,None,None,None,None,-605000000,None,None,None,0.135,678000000,2389000000,2509000000,None,None,None,None,None,None,None,None,None,5.35,2.459,1.611,None,None,None,None,None,-56000000,None,0.104,None,None,2025-10-23,quarterly,0.68,USD,post-market,420000000,None,0.0577,0.169,0.015,28.05,None,None,None,None,43.14,47.57,9.6774,None,None,None,None,None,None,19191000000,None,15.6,None,51.12,33.06
2025-12-28,BKR,2.9,27711001000.0,15.6,None,0.892,18.41,127000000,None,None,None,-269000000,-67000000,None,None,103000000,None,None,None,None,430000000,None,14280000000,14280000000,None,None,None,None,None,None,586000000,307000000,0.9,0.0199,129000000,129000000,None,-0.208,0.06,2509000000,3095000000,0.62,2020-12-31,16.58,None,5917000000.0,4911000000,2336000000,484000000,None,None,None,232000000,None,None,None,None,None,None,None,652000000,None,None,None,0.135,377000000,2389000000,2509000000,None,None,None,None,None,None,None,None,None,5.35,2.459,1.611,None,None,None,None,None,0,None,0.104,None,None,2025-10-23,quarterly,0.68,USD,post-market,420000000,None,0.0577,0.169,0.015,28.05,None,None,None,None,43.14,47.57,9.6774,None,None,None,None,None,None,19191000000,None,15.6,None,51.12,33.06
2025-12-28,BKR,2.9,27711001000.0,15.6,None,0.892,18.41,167000000,None,None,None,-201000000,-114000000,None,None,92000000,None,None,None,None,430000000,None,14280000000,14280000000,None,None,None,None,None,None,586000000,315000000,0.9,0.0199,186000000,186000000,None,-0.208,0.06,2509000000,3095000000,0.62,2020-09-30,16.58,None,5917000000.0,4911000000,2336000000,484000000,None,None,None,232000000,None,None,None,None,None,None,None,-170000000,None,None,None,0.135,219000000,2389000000,2509000000,None,None,None,None,None,None,None,None,None,5.35,2.459,1.611,None,None,None,None,None,0,None,0.104,None,None,2025-10-23,quarterly,0.68,USD,post-market,420000000,None,0.0577,0.169,0.015,28.05,None,None,None,None,43.14,47.57,9.6774,None,None,None,None,None,None,19191000000,None,15.6,None,51.12,33.06
2025-12-28,BKR,2.9,27711001000.0,15.6,None,0.892,18.41,167000000,None,None,None,1022000000,-119000000,None,None,-135000000,None,None,None,None,430000000,None,14280000000,14280000000,None,None,None,None,None,None,586000000,340000000,0.9,0.0199,118000000,118000000,None,-0.208,0.06,2509000000,3095000000,0.62,2020-06-30,16.58,None,5917000000.0,4911000000,2336000000,484000000,None,None,None,232000000,None,None,None,None,None,None,None,-355000000,None,None,None,0.135,230000000,2389000000,2509000000,None,None,None,None,None,None,None,None,None,5.35,2.459,1.611,None,None,None,None,None,None,None,0.104,None,None,2025-10-23,quarterly,0.68,USD,post-market,420000000,None,0.0577,0.169,0.015,28.05,None,None,None,None,43.14,47.57,9.6774,None,None,None,None,None,None,19191000000,None,15.6,None,51.12,33.06
2025-12-28,BKR,2.9,27711001000.0,15.6,None,0.892,18.41,325000000,None,None,None,-327000000,-318000000,None,None,-140000000,None,None,None,None,430000000,None,14280000000,14280000000,None,None,None,None,None,None,586000000,355000000,0.9,0.0199,118000000,118000000,None,-0.208,0.06,2509000000,3095000000,0.62,2020-03-31,16.58,None,5917000000.0,4911000000,2336000000,484000000,None,None,None,232000000,None,None,None,None,None,None,None,-16098000000,None,None,None,0.135,478000000,2389000000,2509000000,None,None,None,None,None,None,None,None,None,5.35,2.459,1.611,None,None,None,None,None,None,None,0.104,None,None,2025-10-23,quarterly,0.68,USD,post-market,420000000,None,0.0577,0.169,0.015,28.05,None,None,None,None,43.14,47.57,9.6774,None,None,None,None,None,None,19191000000,None,15.6,None,51.12,33.06
2025-12-28,BKR,2.9,27711001000.0,15.6,None,0.892,18.41,103000000,None,None,None,-538000000,-386000000,None,None,124000000,None,None,None,None,430000000,None,14280000000,14280000000,None,None,None,None,None,None,586000000,353000000,0.9,0.0199,117000000,117000000,None,-0.208,0.06,2509000000,3095000000,0.62,2019-12-31,16.58,None,5917000000.0,4911000000,2336000000,484000000,None,None,None,232000000,None,None,None,None,None,None,None,48000000,None,None,None,0.135,1357000000,2389000000,2509000000,None,None,None,None,None,None,None,None,None,5.35,2.459,1.611,None,None,None,None,None,250000000,None,0.104,None,None,2025-10-23,quarterly,0.68,USD,post-market,420000000,None,0.0577,0.169,0.015,28.05,None,None,None,None,43.14,47.57,9.6774,None,None,None,None,None,None,19191000000,None,15.6,None,51.12,33.06
2025-12-28,BKR,2.9,27711001000.0,15.6,None,0.892,18.41,279000000,None,None,None,-569000000,-96000000,None,None,-21000000,None,None,None,None,430000000,None,14280000000,14280000000,None,None,None,None,None,None,586000000,356000000,0.9,0.0199,93000000,93000000,None,-0.208,0.06,2509000000,3095000000,0.62,2019-09-30,16.58,None,5917000000.0,4911000000,2336000000,484000000,None,None,None,232000000,None,None,None,None,None,None,None,57000000,None,None,None,0.135,360000000,2389000000,2509000000,None,None,None,None,None,None,None,None,None,5.35,2.459,1.611,None,None,None,None,None,-250000000,None,0.104,None,None,2025-10-23,quarterly,0.68,USD,post-market,420000000,None,0.0577,0.169,0.015,28.05,None,None,None,None,43.14,47.57,9.6774,None,None,None,None,None,None,19191000000,None,15.6,None,51.12,33.06
2025-12-28,BKR,2.9,27711001000.0,15.6,None,0.892,18.41,238000000,None,None,None,-195000000,-307000000,None,None,-83000000,None,None,None,None,430000000,None,14280000000,14280000000,None,None,None,None,None,None,586000000,359000000,0.9,0.0199,92000000,92000000,None,-0.208,0.06,2509000000,3095000000,0.62,2019-06-30,16.58,None,5917000000.0,4911000000,2336000000,484000000,None,None,None,232000000,None,None,None,None,None,None,None,-11000000,None,None,None,0.135,593000000,2389000000,2509000000,None,None,None,None,None,None,None,None,None,5.35,2.459,1.611,None,None,None,None,None,0,None,0.104,None,None,2025-10-23,quarterly,0.68,USD,post-market,420000000,None,0.0577,0.169,0.015,28.05,None,None,None,None,43.14,47.57,9.6774,None,None,None,None,None,None,19191000000,None,15.6,None,51.12,33.06
2025-12-28,BKR,2.9,27711001000.0,15.6,None,0.892,18.41,235000000,None,None,None,-232000000,-256000000,None,None,-220000000,None,None,None,None,430000000,None,14280000000,14280000000,None,None,None,None,None,None,586000000,350000000,0.9,0.0199,93000000,93000000,None,-0.208,0.06,2509000000,3095000000,0.62,2019-03-31,16.58,None,5917000000.0,4911000000,2336000000,484000000,None,None,None,232000000,None,None,None,None,None,None,None,32000000,None,None,None,0.135,-184000000,2389000000,2509000000,None,None,None,None,None,None,None,None,None,5.35,2.459,1.611,None,None,None,None,None,0,None,0.104,None,None,2025-10-23,quarterly,0.68,USD,post-market,420000000,None,0.0577,0.169,0.015,28.05,None,None,None,None,43.14,47.57,9.6774,None,None,None,None,None,None,19191000000,None,15.6,None,51.12,33.06
2025-12-28,BKR,2.9,27711001000.0,15.6,None,0.892,18.41,342000000,None,None,None,-1716000000,-374000000,None,None,-4000000,None,None,None,None,430000000,None,14280000000,14280000000,None,None,None,None,None,None,586000000,353000000,0.9,0.0199,91000000,91000000,None,-0.208,0.06,2509000000,3095000000,0.62,2018-12-31,16.58,None,5917000000.0,4911000000,2336000000,484000000,None,None,None,232000000,None,None,None,None,None,None,None,131000000,None,None,None,0.135,1089000000,2389000000,2509000000,None,None,None,None,None,None,None,None,None,5.35,2.459,1.611,None,None,None,None,None,-1461000000,None,0.104,None,None,2025-10-23,quarterly,0.68,USD,post-market,420000000,None,0.0577,0.169,0.015,28.05,None,None,None,None,43.14,47.57,9.6774,None,None,None,None,None,None,19191000000,None,15.6,None,51.12,33.06
2025-12-28,BKR,2.9,27711001000.0,15.6,None,0.892,18.41,242000000,None,None,None,-275000000,-42000000,None,None,-53000000,None,None,None,None,430000000,None,14280000000,14280000000,None,None,None,None,None,None,586000000,353000000,0.9,0.0199,74000000,74000000,None,-0.208,0.06,2509000000,3095000000,0.62,2018-09-30,16.58,None,5917000000.0,4911000000,2336000000,484000000,None,None,None,232000000,None,None,None,None,None,None,None,38000000,None,None,None,0.135,240000000,2389000000,2509000000,None,None,None,None,None,None,None,None,None,5.35,2.459,1.611,None,None,None,None,None,None,None,0.104,None,None,2025-10-23,quarterly,0.68,USD,post-market,420000000,None,0.0577,0.169,0.015,28.05,None,None,None,None,43.14,47.57,9.6774,None,None,None,None,None,None,19191000000,None,15.6,None,51.12,33.06
2025-12-28,BKR,2.9,27711001000.0,15.6,None,0.892,18.41,234000000,None,None,None,-819000000,-28000000,None,None,-148000000,None,None,None,None,430000000,None,14280000000,14280000000,None,None,None,None,None,None,586000000,392000000,0.9,0.0199,74000000,74000000,None,-0.208,0.06,2509000000,3095000000,0.62,2018-06-30,16.58,None,5917000000.0,4911000000,2336000000,484000000,None,None,None,232000000,None,None,None,None,None,None,None,-38000000,None,None,None,0.135,139000000,2389000000,2509000000,None,None,None,None,None,None,None,None,None,5.35,2.459,1.611,None,None,None,None,None,-512000000,None,0.104,None,None,2025-10-23,quarterly,0.68,USD,post-market,420000000,None,0.0577,0.169,0.015,28.05,None,None,None,None,43.14,47.57,9.6774,None,None,None,None,None,None,19191000000,None,15.6,None,51.12,33.06
2025-12-28,BKR,2.9,27711001000.0,15.6,None,0.892,18.41,177000000,None,None,None,-1553000000,-134000000,None,None,-134000000,None,None,None,None,430000000,None,14280000000,14280000000,None,None,None,None,None,None,586000000,388000000,0.9,0.0199,76000000,76000000,None,-0.208,0.06,2509000000,3095000000,0.62,2018-03-31,16.58,None,5917000000.0,4911000000,2336000000,484000000,None,None,None,232000000,None,None,None,None,None,None,None,70000000,None,None,None,0.135,294000000,2389000000,2509000000,None,None,None,None,None,None,None,None,None,5.35,2.459,1.611,None,None,None,None,None,-513000000,None,0.104,None,None,2025-10-23,quarterly,0.68,USD,post-market,420000000,None,0.0577,0.169,0.015,28.05,None,None,None,None,43.14,47.57,9.6774,None,None,None,None,None,None,19191000000,None,15.6,None,51.12,33.06
2025-12-28,BKR,2.9,27711001000.0,15.6,None,0.892,18.41,248000000,None,None,None,2707000000,-244000000,None,None,230000000,None,None,None,None,430000000,None,14280000000,14280000000,None,None,None,None,None,None,586000000,387000000,0.9,0.0199,79000000,79000000,None,-0.208,0.06,2509000000,3095000000,0.62,2017-12-31,16.58,None,5917000000.0,4911000000,2336000000,484000000,None,None,None,232000000,None,None,None,None,None,None,None,31000000,None,None,None,0.135,-214000000,2389000000,2509000000,None,None,None,None,None,None,None,None,None,5.35,2.459,1.611,None,None,None,None,None,-174000000,None,0.104,None,None,2025-10-23,quarterly,0.68,USD,post-market,420000000,None,0.0577,0.169,0.015,28.05,None,None,None,None,43.14,47.57,9.6774,None,None,None,None,None,None,19191000000,None,15.6,None,51.12,33.06
2025-12-28,BKR,2.9,27711001000.0,15.6,None,0.892,18.41,201000000,None,None,None,8372000000,-3828000000,None,None,19000000,None,None,None,None,430000000,None,14280000000,14280000000,None,None,None,None,None,None,586000000,282000000,0.9,0.0199,70000000,70000000,None,-0.208,0.06,2509000000,3095000000,0.62,2017-09-30,16.58,None,5917000000.0,4911000000,2336000000,484000000,None,None,None,232000000,None,None,None,None,None,None,None,314000000,None,None,None,0.135,-358000000,2389000000,2509000000,None,None,None,None,None,None,None,None,None,5.35,2.459,1.611,None,None,None,None,None,None,None,0.104,None,None,2025-10-23,quarterly,0.68,USD,post-market,420000000,None,0.0577,0.169,0.015,28.05,None,None,None,None,43.14,47.57,9.6774,None,None,None,None,None,None,19191000000,None,15.6,None,51.12,33.06
2025-12-28,BKR,2.9,27711001000.0,15.6,None,0.892,18.41,67000000,None,None,None,-457000000,67000000,None,None,152000000,None,None,None,None,430000000,None,14280000000,14280000000,None,None,None,None,None,None,586000000,158000000,0.9,0.0199,None,None,None,-0.208,0.06,2509000000,3095000000,0.62,2017-06-30,16.58,None,5917000000.0,4911000000,2336000000,484000000,None,None,None,232000000,None,None,None,None,None,None,None,-20000000,None,None,None,0.135,346000000,2389000000,2509000000,None,None,None,None,None,None,None,None,None,5.35,2.459,1.611,None,None,None,None,None,None,None,0.104,None,None,2025-10-23,quarterly,0.68,USD,post-market,420000000,None,0.0577,0.169,0.015,28.05,None,None,None,None,43.14,47.57,9.6774,None,None,None,None,None,None,19191000000,None,15.6,None,51.12,33.06
2025-12-28,BKR,2.9,27711001000.0,15.6,None,0.892,18.41,76000000,None,None,None,457000000,None,None,None,24000000,None,None,None,None,430000000,None,14280000000,14280000000,None,None,None,None,None,None,586000000,132000000,0.9,0.0199,None,None,None,-0.208,0.06,2509000000,3095000000,0.62,2017-03-31,16.58,None,5917000000.0,4911000000,2336000000,484000000,None,None,None,232000000,None,None,None,None,None,None,None,8000000,None,None,None,0.135,-346000000,2389000000,2509000000,None,None,None,None,None,None,None,None,None,5.35,2.459,1.611,None,None,None,None,None,None,None,0.104,None,None,2025-10-23,quarterly,0.68,USD,post-market,420000000,None,0.0577,0.169,0.015,28.05,None,None,None,None,43.14,47.57,9.6774,None,None,None,None,None,None,19191000000,None,15.6,None,51.12,33.06
2025-12-28,BKR,2.9,27711001000.0,15.6,None,0.892,18.41,94000000,None,None,None,-331000000,-126000000,None,None,334000000,None,None,None,None,430000000,None,14280000000,14280000000,None,None,None,None,None,None,586000000,111000000,0.9,0.0199,72000000,72000000,None,-0.208,0.06,2509000000,3095000000,0.62,2016-12-31,16.58,None,5917000000.0,4911000000,2336000000,484000000,None,None,None,232000000,None,None,None,None,None,None,None,None,None,None,None,0.135,457000000,2389000000,2509000000,None,None,None,None,None,None,None,None,None,5.35,2.459,1.611,None,None,None,None,None,None,None,0.104,None,None,2025-10-23,quarterly,0.68,None,post-market,420000000,None,0.0577,0.169,0.015,28.05,None,None,None,None,43.14,47.57,9.6774,None,None,None,None,None,None,19191000000,None,15.6,None,51.12,33.06
2025-12-28,BKR,2.9,27711001000.0,15.6,None,0.892,18.41,166000000,None,None,None,-52000000,-130000000,None,None,-6000000,None,None,None,None,430000000,None,14280000000,14280000000,None,None,None,None,None,None,586000000,277000000,0.9,0.0199,73000000,73000000,None,-0.208,0.06,2509000000,3095000000,0.62,2016-09-30,16.58,None,5917000000.0,4911000000,2336000000,484000000,None,None,None,232000000,None,None,None,None,None,None,None,None,None,None,None,0.135,41000000,2389000000,2509000000,None,None,None,None,None,None,None,None,None,5.35,2.459,1.611,None,None,None,None,None,None,None,0.104,None,None,2025-10-23,quarterly,0.68,None,post-market,420000000,None,0.0577,0.169,0.015,28.05,None,None,None,None,43.14,47.57,9.6774,None,None,None,None,None,None,19191000000,None,15.6,None,51.12,33.06
2025-12-28,BKR,2.9,27711001000.0,15.6,None,0.892,18.41,95000000,None,None,None,20000000,-129000000,None,None,-13000000,None,None,None,None,430000000,None,14280000000,14280000000,None,None,None,None,None,None,586000000,80000000,0.9,0.0199,None,None,None,-0.208,0.06,2509000000,3095000000,0.62,2016-06-30,16.58,None,5917000000.0,4911000000,2336000000,484000000,None,None,None,232000000,None,None,None,None,None,None,None,-141000000,None,None,None,0.135,-7000000,2389000000,2509000000,None,None,None,None,None,None,None,None,None,5.35,2.459,1.611,None,None,None,None,None,None,None,0.104,None,None,2025-10-23,quarterly,0.68,None,post-market,420000000,None,0.0577,0.169,0.015,28.05,None,None,None,None,43.14,47.57,9.6774,None,None,None,None,None,None,19191000000,None,15.6,None,51.12,33.06
2025-12-28,BKR,2.9,27711001000.0,15.6,None,0.892,18.41,69000000,None,None,None,261000000,-87000000,None,None,30000000,None,None,None,None,430000000,None,14280000000,14280000000,None,None,None,None,None,None,586000000,82000000,0.9,0.0199,None,None,None,-0.208,0.06,2509000000,3095000000,0.62,2016-03-31,16.58,None,5917000000.0,4911000000,2336000000,484000000,None,None,None,232000000,None,None,None,None,None,None,None,141000000,None,None,None,0.135,-229000000,2389000000,2509000000,None,None,None,None,None,None,None,None,None,5.35,2.459,1.611,None,None,None,None,None,None,None,0.104,None,None,2025-10-23,quarterly,0.68,None,post-market,420000000,None,0.0577,0.169,0.015,28.05,None,None,None,None,43.14,47.57,9.6774,None,None,None,None,None,None,19191000000,None,15.6,None,51.12,33.06
2025-12-28,BKR,2.9,27711001000.0,15.6,None,0.892,18.41,1278000000,None,None,None,-1527000000,-1016000000,None,None,-102000000,None,None,None,None,430000000,None,14280000000,14280000000,None,None,None,None,None,None,586000000,1136000000,0.9,0.0199,836000000,836000000,None,-0.208,0.06,2509000000,3095000000,0.62,2024-12-31,16.58,None,5917000000.0,4911000000,2336000000,484000000,None,None,None,232000000,None,None,None,None,None,None,None,3008000000,None,None,None,0.135,3332000000,2389000000,2509000000,None,None,None,None,None,None,None,None,None,5.35,2.459,1.611,None,None,None,None,None,-484000000,None,0.104,None,None,2025-10-23,annual,0.68,USD,post-market,420000000,None,0.0577,0.169,0.015,28.05,None,None,None,None,43.14,47.57,9.6774,None,None,None,None,None,None,19191000000,None,15.6,None,51.12,33.06
2025-12-28,BKR,2.9,27711001000.0,15.6,None,0.892,18.41,1137000000,None,None,None,-2028000000,-817000000,None,None,-669000000,None,None,None,None,430000000,None,14280000000,14280000000,None,None,None,None,None,None,586000000,1087000000,0.9,0.0199,786000000,786000000,None,-0.208,0.06,2509000000,3095000000,0.62,2023-12-31,16.58,None,5917000000.0,4911000000,2336000000,484000000,None,None,None,232000000,None,None,None,None,None,None,None,1970000000,None,None,None,0.135,3062000000,2389000000,2509000000,None,None,None,None,None,None,None,None,None,5.35,2.459,1.611,None,None,None,None,None,-538000000,None,0.104,None,None,2025-10-23,annual,0.68,USD,post-market,420000000,None,0.0577,0.169,0.015,28.05,None,None,None,None,43.14,47.57,9.6774,None,None,None,None,None,None,19191000000,None,15.6,None,51.12,33.06
2025-12-28,BKR,2.9,27711001000.0,15.6,None,0.892,18.41,772000000,None,None,None,-1592000000,-1564000000,-1268000000,None,-885000000,None,None,-625000000,None,430000000,None,14280000000,14280000000,None,None,None,None,None,None,586000000,1061000000,0.9,0.0199,743000000,743000000,None,-0.208,0.06,2509000000,3095000000,0.62,2022-12-31,16.58,None,5917000000.0,4911000000,2336000000,484000000,None,None,None,232000000,None,None,None,None,None,None,None,-578000000,None,None,None,0.135,1888000000,2389000000,2509000000,None,None,None,None,None,None,None,None,None,5.35,2.459,1.611,None,None,None,None,None,-828000000,None,0.104,None,None,2025-10-23,annual,0.68,USD,post-market,420000000,None,0.0577,0.169,0.015,28.05,None,None,None,None,43.14,47.57,9.6774,None,None,None,None,None,None,19191000000,None,15.6,None,51.12,33.06
2025-12-28,BKR,2.9,27711001000.0,15.6,None,0.892,18.41,541000000,None,None,None,-2143000000,-463000000,-232000000,None,170000000,None,None,-126000000,None,430000000,None,14280000000,14280000000,None,None,None,None,None,None,586000000,1105000000,0.9,0.0199,749000000,749000000,None,-0.208,0.06,2509000000,3095000000,0.62,2021-12-31,16.58,None,5917000000.0,4911000000,2336000000,484000000,None,None,None,232000000,None,None,None,None,None,None,None,-330000000,None,None,None,0.135,2374000000,2389000000,2509000000,None,None,None,None,None,None,None,None,None,5.35,2.459,1.611,None,None,None,None,None,-434000000,None,0.104,None,None,2025-10-23,annual,0.68,USD,post-market,420000000,None,0.0577,0.169,0.015,28.05,None,None,None,None,43.14,47.57,9.6774,None,None,None,None,None,None,19191000000,None,15.6,None,51.12,33.06
2025-12-28,BKR,2.9,27711001000.0,15.6,None,0.892,18.41,787000000,None,None,None,225000000,-618000000,911000000,None,-80000000,None,None,680000000,None,430000000,None,14280000000,14280000000,None,None,None,None,None,None,586000000,1317000000,0.9,0.0199,744000000,744000000,None,-0.208,0.06,2509000000,3095000000,0.62,2020-12-31,16.58,None,5917000000.0,4911000000,2336000000,484000000,None,None,None,232000000,None,None,None,None,None,None,None,-15761000000,None,None,None,0.135,1304000000,2389000000,2509000000,None,None,None,None,None,None,None,None,None,5.35,2.459,1.611,None,None,None,None,None,-256000000,None,0.104,None,None,2025-10-23,annual,0.68,USD,post-market,420000000,None,0.0577,0.169,0.015,28.05,None,None,None,None,43.14,47.57,9.6774,None,None,None,None,None,None,19191000000,None,15.6,None,51.12,33.06
2025-12-28,BKR,2.9,27711001000.0,15.6,None,0.892,18.41,976000000,None,None,None,-1534000000,-1045000000,None,None,-200000000,None,None,None,None,430000000,None,14280000000,14280000000,None,None,None,None,None,None,586000000,1418000000,0.9,0.0199,395000000,395000000,None,-0.208,0.06,2509000000,3095000000,0.62,2019-12-31,16.58,None,5917000000.0,4911000000,2336000000,484000000,None,None,None,232000000,None,None,None,None,None,None,None,94000000,None,None,None,0.135,2126000000,2389000000,2509000000,None,None,None,None,None,None,None,None,None,5.35,2.459,1.611,None,None,None,None,None,-250000000,None,0.104,None,None,2025-10-23,annual,0.68,USD,post-market,420000000,None,0.0577,0.169,0.015,28.05,None,None,None,None,43.14,47.57,9.6774,None,None,None,None,None,None,19191000000,None,15.6,None,51.12,33.06
2025-12-28,BKR,2.9,27711001000.0,15.6,None,0.892,18.41,995000000,None,None,None,-4363000000,-578000000,None,None,-339000000,None,None,None,None,430000000,None,14280000000,14280000000,None,None,None,None,None,None,586000000,1486000000,0.9,0.0199,315000000,315000000,None,-0.208,0.06,2509000000,3095000000,0.62,2018-12-31,16.58,None,5917000000.0,4911000000,2336000000,484000000,None,None,None,232000000,None,None,None,None,None,None,None,195000000,None,None,None,0.135,1762000000,2389000000,2509000000,None,None,None,None,None,None,None,None,None,5.35,2.459,1.611,None,None,None,None,None,-2486000000,None,0.104,None,None,2025-10-23,annual,0.68,USD,post-market,420000000,None,0.0577,0.169,0.015,28.05,None,None,None,None,43.14,47.57,9.6774,None,None,None,None,None,None,19191000000,None,15.6,None,51.12,33.06
2025-12-28,BKR,2.9,27711001000.0,15.6,None,0.892,18.41,665000000,None,None,None,10919000000,-4123000000,None,None,418000000,None,None,None,None,430000000,None,14280000000,14280000000,None,None,None,None,None,None,586000000,1103000000,0.9,0.0199,155000000,155000000,None,-0.208,0.06,2509000000,3095000000,0.62,2017-12-31,16.58,None,5917000000.0,4911000000,2336000000,484000000,None,None,None,232000000,None,None,None,None,None,None,None,-396000000,None,None,None,0.135,-799000000,2389000000,2509000000,None,None,None,None,None,None,None,None,None,5.35,2.459,1.611,None,None,None,None,None,-477000000,None,0.104,None,None,2025-10-23,annual,0.68,USD,post-market,420000000,None,0.0577,0.169,0.015,28.05,None,None,None,None,43.14,47.57,9.6774,None,None,None,None,None,None,19191000000,None,15.6,None,51.12,33.06
2025-12-28,BKR,2.9,27711001000.0,15.6,None,0.892,18.41,424000000,None,None,None,-102000000,-472000000,None,None,345000000,None,None,None,None,430000000,None,14280000000,14280000000,None,None,None,None,None,None,586000000,550000000,0.9,0.0199,293000000,293000000,None,-0.208,0.06,2509000000,3095000000,0.62,2016-12-31,16.58,None,5917000000.0,4911000000,2336000000,484000000,None,None,None,232000000,None,None,None,None,None,None,None,403000000,None,None,None,0.135,262000000,2389000000,2509000000,None,None,None,None,None,None,None,None,None,5.35,2.459,1.611,None,None,None,None,None,-672000000,None,0.104,None,None,2025-10-23,annual,0.68,USD,post-market,420000000,None,0.0577,0.169,0.015,28.05,None,None,None,None,43.14,47.57,9.6774,None,None,None,None,None,None,19191000000,None,15.6,None,51.12,33.06
2025-12-28,BKR,2.9,27711001000.0,15.6,None,0.892,18.41,607000000,None,None,None,-515000000,-466000000,None,None,442000000,None,None,None,None,430000000,None,14280000000,14280000000,None,None,None,None,None,None,586000000,530000000,0.9,0.0199,297000000,297000000,None,-0.208,0.06,2509000000,3095000000,0.62,2015-12-31,16.58,None,5917000000.0,4911000000,2336000000,484000000,None,None,None,232000000,None,None,None,None,None,None,None,-606000000,None,None,None,0.135,1277000000,2389000000,2509000000,None,None,None,None,None,None,None,None,None,5.35,2.459,1.611,None,None,None,None,None,116000000,None,0.104,None,None,2025-10-23,annual,0.68,USD,post-market,420000000,None,0.0577,0.169,0.015,28.05,None,None,None,None,43.14,47.57,9.6774,None,None,None,None,None,None,19191000000,None,15.6,None,51.12,33.06
2025-12-28,BKR,2.9,27711001000.0,15.6,None,0.892,18.41,583000000,None,None,None,-388000000,-836000000,None,None,-187000000,None,None,None,None,430000000,None,14280000000,14280000000,None,None,None,None,None,None,586000000,586000000,0.9,0.0199,279000000,279000000,None,-0.208,0.06,2509000000,3095000000,0.62,2014-12-31,16.58,None,5917000000.0,4911000000,2336000000,484000000,None,None,None,232000000,None,None,None,None,None,None,None,1840000000,None,None,None,0.135,1887000000,2389000000,2509000000,None,None,None,None,None,None,None,None,None,5.35,2.459,1.611,None,None,None,None,None,None,None,0.104,None,None,2025-10-23,annual,0.68,None,post-market,420000000,None,0.0577,0.169,0.015,28.05,None,None,None,None,43.14,47.57,9.6774,None,None,None,None,None,None,19191000000,None,15.6,None,51.12,33.06
