date,symbol,eps,revenue_ttm,pe_ratio,accumulateddepreciationamortizationppe,beta,book_value,capitalexpenditures,capitalleaseobligations,cashandcashequivalentsatcarryingvalue,cashandshortterminvestments,cashflowfromfinancing,cashflowfrominvestment,changeincashandcashequivalents,changeinexchangerate,changeininventory,changeinoperatingassets,changeinoperatingliabilities,changeinreceivables,commonstock,commonstocksharesoutstanding,comprehensiveincomenetoftax,costofgoodsandservicessold,costofrevenue,currentaccountspayable,currentdebt,currentlongtermdebt,currentnetreceivables,deferredrevenue,depreciation,depreciationandamortization,depreciationdepletionandamortization,dividend_per_share,dividend_yield,dividendpayout,dividendpayoutcommonstock,dividendpayoutpreferredstock,earnings_growth_yoy,earnings_surprise,ebit,ebitda,estimated_eps,fiscaldateending,forward_pe,goodwill,gross_profit_ttm,grossprofit,incomebeforetax,incometaxexpense,intangibleassets,intangibleassetsexcludinggoodwill,interestanddebtexpense,interestexpense,interestincome,inventory,investmentincomenet,investments,longtermdebt,longtermdebtnoncurrent,longterminvestments,netincome,netincomefromcontinuingoperations,netinterestincome,noninterestincome,operating_margin_ttm,operatingcashflow,operatingexpenses,operatingincome,othercurrentassets,othercurrentliabilities,othernoncurrentassets,othernoncurrentliabilities,othernonoperatingincome,paymentsforoperatingactivities,paymentsforrepurchaseofcommonstock,paymentsforrepurchaseofequity,paymentsforrepurchaseofpreferredstock,peg_ratio,price_to_book,price_to_sales_ttm,proceedsfromissuanceofcommonstock,proceedsfromissuanceoflongtermdebtandcapitalsecuritiesnet,proceedsfromissuanceofpreferredstock,proceedsfromoperatingactivities,proceedsfromrepaymentsofshorttermdebt,proceedsfromrepurchaseofequity,proceedsfromsaleoftreasurystock,profit_margin,profitloss,propertyplantequipment,report_date,report_type,reported_eps,reportedcurrency,reporttime,researchanddevelopment,retainedearnings,return_on_assets_ttm,return_on_equity_ttm,revenue_growth_yoy,revenue_per_share_ttm,sellinggeneralandadministrative,shortlongtermdebttotal,shorttermdebt,shortterminvestments,sma_200,sma_50,surprise_pct,totalassets,totalcurrentassets,totalcurrentliabilities,totalliabilities,totalnoncurrentassets,totalnoncurrentliabilities,totalrevenue,totalshareholderequity,trailing_pe,treasurystock,week_52_high,week_52_low
1996-03-31,BP,,,,,,,,,,,,,,,,,,,,,,,,,,,,,,,,,,,,,,0.06,,,0.46,,,,,,,,,,,,,,,,,,,,,,,,,,,,,,,,,,,,,,,,,,,,,,,,,1996-05-08,,0.52,,pre-market,,,,,,,,,,,,,13.0435,,,,,,,,,,,,
1996-06-30,BP,,,,,,,,,,,,,,,,,,,,,,,,,,,,,,,,,,,,,,0.02,,,0.51,,,,,,,,,,,,,,,,,,,,,,,,,,,,,,,,,,,,,,,,,,,,,,,,,1996-08-07,,0.53,,pre-market,,,,,,,,,,,,,3.9216,,,,,,,,,,,,
1996-09-30,BP,,,,,,,,,,,,,,,,,,,,,,,,,,,,,,,,,,,,,,0.01,,,0.53,,,,,,,,,,,,,,,,,,,,,,,,,,,,,,,,,,,,,,,,,,,,,,,,,1996-11-05,,0.54,,pre-market,,,,,,,,,,,,,1.8868,,,,,,,,,,,,
1996-12-31,BP,,,,,,,,,,,,,,,,,,,,,,,,,,,,,,,,,,,,,,0.0,,,0.59,,,,,,,,,,,,,,,,,,,,,,,,,,,,,,,,,,,,,,,,,,,,,,,,,1997-02-21,,0.59,,pre-market,,,,,,,,,,,,,0.0,,,,,,,,,,,,
1997-03-31,BP,,,,,,,,,,,,,,,,,,,,,,,,,,,,,,,,,,,,,,0.06,,,0.59,,,,,,,,,,,,,,,,,,,,,,,,,,,,,,,,,,,,,,,,,,,,,,,,,1997-05-06,,0.65,,pre-market,,,,,,,,,,,,,10.1695,,,,,,,,,,,,
1997-06-30,BP,,,,,,,,,,,,,,,,,,,,,,,,,,,,,,,,,,,,,,0.06,,,0.58,,,,,,,,,,,,,,,,,,,,,,,,,,,,,,,,,,,,,,,,,,,,,,,,,1997-08-07,,0.64,,pre-market,,,,,,,,,,,,,10.3448,,,,,,,,,,,,
1997-09-30,BP,,,,,,,,,,,,,,,,,,,,,,,,,,,,,,,,,,,,,,0.03,,,0.58,,,,,,,,,,,,,,,,,,,,,,,,,,,,,,,,,,,,,,,,,,,,,,,,,1997-11-04,,0.61,,pre-market,,,,,,,,,,,,,5.1724,,,,,,,,,,,,
1997-12-31,BP,,,,,,,,,,,,,,,,,,,,,,,,,,,,,,,,,,,,,,-0.44,,,0.57,,,,,,,,,,,,,,,,,,,,,,,,,,,,,,,,,,,,,,,,,,,,,,,,,1998-02-10,,0.13,,pre-market,,,,,,,,,,,,,-77.193,,,,,,,,,,,,
1998-03-31,BP,,,,,,,,,,,,,,,,,,,,,,,,,,,,,,,,,,,,,,-0.24,,,0.49,,,,,,,,,,,,,,,,,,,,,,,,,,,,,,,,,,,,,,,,,,,,,,,,,1998-05-07,,0.25,,pre-market,,,,,,,,,,,,,-48.9796,,,,,,,,,,,,
1998-06-30,BP,,,,,,,,,,,,,,,,,,,,,,,,,,,,,,,,,,,,,,0.03,,,0.44,,,,,,,,,,,,,,,,,,,,,,,,,,,,,,,,,,,,,,,,,,,,,,,,,1998-08-04,,0.47,,pre-market,,,,,,,,,,,,,6.8182,,,,,,,,,,,,
1998-09-30,BP,,,,,,,,,,,,,,,,,,,,,,,,,,,,,,,,,,,,,,-0.03,,,0.39,,,,,,,,,,,,,,,,,,,,,,,,,,,,,,,,,,,,,,,,,,,,,,,,,1998-11-03,,0.36,,pre-market,,,,,,,,,,,,,-7.6923,,,,,,,,,,,,
1998-12-31,BP,,,,,,,,,,,,,,,,,,,,,,,,,,,,,,,,,,,,,,-0.02,,,0.33,,,,,,,,,,,,,,,,,,,,,,,,,,,,,,,,,,,,,,,,,,,,,,,,,1999-01-25,,0.31,,pre-market,,,,,,,,,,,,,-6.0606,,,,,,,,,,,,
1999-03-31,BP,,,,,,,,,,,,,,,,,,,,,,,,,,,,,,,,,,,,,,-0.19,,,0.22,,,,,,,,,,,,,,,,,,,,,,,,,,,,,,,,,,,,,,,,,,,,,,,,,1999-05-11,,0.03,,pre-market,,,,,,,,,,,,,-86.3636,,,,,,,,,,,,
1999-06-30,BP,,,,,,,,,,,,,,,,,,,,,,,,,,,,,,,,,,,,,,-0.18,,,0.39,,,,,,,,,,,,,,,,,,,,,,,,,,,,,,,,,,,,,,,,,,,,,,,,,1999-08-10,,0.21,,pre-market,,,,,,,,,,,,,-46.1538,,,,,,,,,,,,
1999-09-30,BP,,,,,,,,,,,,,,,,,,,,,,,,,,,,,,,,,,,,,,0.03,,,0.57,,,,,,,,,,,,,,,,,,,,,,,,,,,,,,,,,,,,,,,,,,,,,,,,,1999-11-08,,0.6,,pre-market,,,,,,,,,,,,,5.2632,,,,,,,,,,,,
1999-12-31,BP,,,,,,,,,,,,,,,,,,,,,,,,,,,,,,,,,,,,,,0.02,,,0.64,,,,,,,,,,,,,,,,,,,,,,,,,,,,,,,,,,,,,,,,,,,,,,,,,2000-02-08,,0.66,,pre-market,,,,,,,,,,,,,3.125,,,,,,,,,,,,
2000-03-31,BP,,,,,,,,,,,,,,,,,,,,,,,,,,,,,,,,,,,,,,0.08,,,0.76,,,,,,,,,,,,,,,,,,,,,,,,,,,,,,,,,,,,,,,,,,,,,,,,,2000-05-09,,0.84,,pre-market,,,,,,,,,,,,,10.5263,,,,,,,,,,,,
2000-06-30,BP,,,,,,,,,,,,,,,,,,,,,,,,,,,,,,,,,,,,,,0.12,,,0.84,,,,,,,,,,,,,,,,,,,,,,,,,,,,,,,,,,,,,,,,,,,,,,,,,2000-08-08,,0.96,,pre-market,,,,,,,,,,,,,14.2857,,,,,,,,,,,,
2000-09-30,BP,,,,,,,,,,,,,,,,,,,,,,,,,,,,,,,,,,,,,,0.04,,,0.97,,,,,,,,,,,,,,,,,,,,,,,,,,,,,,,,,,,,,,,,,,,,,,,,,2000-11-07,,1.01,,pre-market,,,,,,,,,,,,,4.1237,,,,,,,,,,,,
2000-12-31,BP,,,,,,,,,,,,,,,,,,,,,,,,,,,,,,,,,,,,,,0.09,,,1.01,,,,,,,,,,,,,,,,,,,,,,,,,,,,,,,,,,,,,,,,,,,,,,,,,2001-02-13,,1.1,,pre-market,,,,,,,,,,,,,8.9109,,,,,,,,,,,,
2001-03-31,BP,,,,,,,,,,,,,,,,,,,,,,,,,,,,,,,,,,,,,,0.08,,,1.02,,,,,,,,,,,,,,,,,,,,,,,,,,,,,,,,,,,,,,,,,,,,,,,,,2001-05-08,,1.1,,pre-market,,,,,,,,,,,,,7.8431,,,,,,,,,,,,
2001-06-30,BP,,,,,,,,,,,,,,,,,,,,,,,,,,,,,,,,,,,,,,0.04,,,0.98,,,,,,,,,,,,,,,,,,,,,,,,,,,,,,,,,,,,,,,,,,,,,,,,,2001-08-07,,1.02,,pre-market,,,,,,,,,,,,,4.0816,,,,,,,,,,,,
2001-09-30,BP,,,,,,,,,,,,,,,,,,,,,,,,,,,,,,,,,,,,,,0.03,,,0.78,,,,,,,,,,,,,,,,,,,,,,,,,,,,,,,,,,,,,,,,,,,,,,,,,2001-11-06,,0.81,,pre-market,,,,,,,,,,,,,3.8462,,,,,,,,,,,,
2001-12-31,BP,,,,,,,,,,,,,,,,,,,,,,,,,,,,,,,,,,,,,,0.03,,,0.56,,,,,,,,,,,,,,,,,,,,,,,,,,,,,,,,,,,,,,,,,,,,,,,,,2002-02-12,,0.59,,pre-market,,,,,,,,,,,,,5.3571,,,,,,,,,,,,
2002-03-31,BP,,,,,,,,,,,,,,,,,,,,,,,,,,,,,,,,,,,,,,-0.01,,,0.43,,,,,,,,,,,,,,,,,,,,,,,,,,,,,,,,,,,,,,,,,,,,,,,,,2002-04-30,,0.42,,pre-market,,,,,,,,,,,,,-2.3256,,,,,,,,,,,,
2002-06-30,BP,,,,,,,,,,,,,,,,,,,,,,,,,,,,,,,,,,,,,,-0.04,,,0.63,,,,,,,,,,,,,,,,,,,,,,,,,,,,,,,,,,,,,,,,,,,,,,,,,2002-07-30,,0.59,,pre-market,,,,,,,,,,,,,-6.3492,,,,,,,,,,,,
2002-09-30,BP,,,,,,,,,,,,,,,,,,,,,,,,,,,,,,,,,,,,,,-0.03,,,0.64,,,,,,,,,,,,,,,,,,,,,,,,,,,,,,,,,,,,,,,,,,,,,,,,,2002-10-29,,0.61,,pre-market,,,,,,,,,,,,,-4.6875,,,,,,,,,,,,
2002-12-31,BP,,,,,,,,,,,,,,,,,,,,,,,,,,,,,,,,,,,,,,0.0,,,0.71,,,,,,,,,,,,,,,,,,,,,,,,,,,,,,,,,,,,,,,,,,,,,,,,,2003-02-11,,0.71,,pre-market,,,,,,,,,,,,,0.0,,,,,,,,,,,,
2003-03-31,BP,,,,,,,,,,,,,,,,,,,,,,,,,,,,,,,,,,,,,,0.06,,,0.94,,,,,,,,,,,,,,,,,,,,,,,,,,,,,,,,,,,,,,,,,,,,,,,,,2003-04-29,,1.0,,pre-market,,,,,,,,,,,,,6.383,,,,,,,,,,,,
2003-06-30,BP,,,,,,,,,,,,,,,,,,,,,,,,,,,,,,,,,,,,,,0.06,,,0.79,,,,,,,,,,,,,,,,,,,,,,,,,,,,,,,,,,,,,,,,,,,,,,,,,2003-07-29,,0.85,,pre-market,,,,,,,,,,,,,7.5949,,,,,,,,,,,,
2003-09-30,BP,,,,,,,,,,,,,,,,,,,,,,,,,,,,,,,,,,,,,,-0.05,,,0.83,,,,,,,,,,,,,,,,,,,,,,,,,,,,,,,,,,,,,,,,,,,,,,,,,2003-10-28,,0.78,,pre-market,,,,,,,,,,,,,-6.0241,,,,,,,,,,,,
2003-12-31,BP,,,,,,,,,,,,,,,,,,,,,,,,,,,,,,,,,,,,,,-0.12,,,0.84,,,,,,,,,,,,,,,,,,,,,,,,,,,,,,,,,,,,,,,,,,,,,,,,,2004-02-10,,0.72,,pre-market,,,,,,,,,,,,,-14.2857,,,,,,,,,,,,
2004-03-31,BP,,,,,,,,,,,,,,,,,,,,,,,,,,,,,,,,,,,,,,-0.04,,,1.0,,,,,,,,,,,,,,,,,,,,,,,,,,,,,,,,,,,,,,,,,,,,,,,,,2004-04-27,,0.96,,pre-market,,,,,,,,,,,,,-4.0,,,,,,,,,,,,
2004-06-30,BP,,,,,,,,,,,,,,,,,,,,,,,,,,,,,,,,,,,,,,-0.02,,,1.16,,,,,,,,,,,,,,,,,,,,,,,,,,,,,,,,,,,,,,,,,,,,,,,,,2004-07-27,,1.14,,pre-market,,,,,,,,,,,,,-1.7241,,,,,,,,,,,,
2004-09-30,BP,,,,,,,,,,,,,,,,,,,,,,,,,,,,,,,,,,,,,,0.01,,,1.19,,,,,,,,,,,,,,,,,,,,,,,,,,,,,,,,,,,,,,,,,,,,,,,,,2004-10-27,,1.2,,pre-market,,,,,,,,,,,,,0.8403,,,,,,,,,,,,
2004-12-31,BP,,,,,,,,,,,,,,,,,,,,,,,,,,,,,,,,,,,,,,0.03,,,1.3,,,,,,,,,,,,,,,,,,,,,,,,,,,,,,,,,,,,,,,,,,,,,,,,,2005-02-08,,1.33,,pre-market,,,,,,,,,,,,,2.3077,,,,,,,,,,,,
2005-03-31,BP,,,,,,,,,,,,,,,,,,,,,,,,,,,,,,,,,,,,,,0.1,,,1.29,,,,,,,,,,,,,,,,,,,,,,,,,,,,,,,,,,,,,,,,,,,,,,,,,2005-04-26,,1.39,,pre-market,,,,,,,,,,,,,7.7519,,,,,,,,,,,,
2005-06-30,BP,,,,,,,,,,,,,,,,,,,,,,,,,,,,,,,,,,,,,,0.08,,,1.56,,,,,,,,,,,,,,,,,,,,,,,,,,,,,,,,,,,,,,,,,,,,,,,,,2005-07-26,,1.64,,pre-market,,,,,,,,,,,,,5.1282,,,,,,,,,,,,
2005-09-30,BP,,,,,,,,,,,,,,,,,,,,,,,,,,,,,,,,,,,,,,-0.2,,,1.72,,,,,,,,,,,,,,,,,,,,,,,,,,,,,,,,,,,,,,,,,,,,,,,,,2005-10-19,,1.52,,pre-market,,,,,,,,,,,,,-11.6279,,,,,,,,,,,,
2005-12-31,BP,,,,,,,,,,,,,,,,,,,,,,,,,,,,,,,,,,,,,,-0.22,,,1.66,,,,,,,,,,,,,,,,,,,,,,,,,,,,,,,,,,,,,,,,,,,,,,,,,2006-02-07,,1.44,,pre-market,,,,,,,,,,,,,-13.253,,,,,,,,,,,,
2006-03-31,BP,,,,,,,,,,,,,,,,,,,,,,,,,,,,,,,,,,,,,,0.02,,,1.52,,,,,,,,,,,,,,,,,,,,,,,,,,,,,,,,,,,,,,,,,,,,,,,,,2006-04-25,,1.54,,pre-market,,,,,,,,,,,,,1.3158,,,,,,,,,,,,
2006-06-30,BP,,,,,,,,,,,,,,,,,,,,,,,,,,,,,,,,,,,,,,0.06,,,1.76,,,,,,,,,,,,,,,,,,,,,,,,,,,,,,,,,,,,,,,,,,,,,,,,,2006-07-25,,1.82,,pre-market,,,,,,,,,,,,,3.4091,,,,,,,,,,,,
2006-09-30,BP,,,,,,,,,,,,,,,,,,,,,,,,,,,,,,,,,,,,,,0.59,,,1.51,,,,,,,,,,,,,,,,,,,,,,,,,,,,,,,,,,,,,,,,,,,,,,,,,2006-10-24,,2.1,,pre-market,,,,,,,,,,,,,39.0728,,,,,,,,,,,,
2006-12-31,BP,,,,,,,,,,,,,,,,,,,,,,,,,,,,,,,,,,,,,,-0.01,,,1.22,,,,,,,,,,,,,,,,,,,,,,,,,,,,,,,,,,,,,,,,,,,,,,,,,2007-02-06,,1.21,,pre-market,,,,,,,,,,,,,-0.8197,,,,,,,,,,,,
2007-03-31,BP,,,,,,,,,,,,,,,,,,,,,,,,,,,,,,,,,,,,,,-0.07,,,1.31,,,,,,,,,,,,,,,,,,,,,,,,,,,,,,,,,,,,,,,,,,,,,,,,,2007-04-24,,1.24,,pre-market,,,,,,,,,,,,,-5.3435,,,,,,,,,,,,
2007-06-30,BP,,,,,,,,,,,,,,,,,,,,,,,,,,,,,,,,,,,,,,0.65,,,1.64,,,,,,,,,,,,,,,,,,,,,,,,,,,,,,,,,,,,,,,,,,,,,,,,,2007-07-24,,2.29,,pre-market,,,,,,,,,,,,,39.6341,,,,,,,,,,,,
2007-09-30,BP,,,,,,,,,,,,,,,,,,,,,,,,,,,,,,,,,,,,,,-0.05,,,1.38,,,,,,,,,,,,,,,,,,,,,,,,,,,,,,,,,,,,,,,,,,,,,,,,,2007-10-23,,1.33,,pre-market,,,,,,,,,,,,,-3.6232,,,,,,,,,,,,
2007-12-31,BP,,,,,,,,,,,,,,,,,,,,,,,,,,,,,,,,,,,,,,-0.16,,,1.43,,,,,,,,,,,,,,,,,,,,,,,,,,,,,,,,,,,,,,,,,,,,,,,,,2008-02-05,,1.27,,pre-market,,,,,,,,,,,,,-11.1888,,,,,,,,,,,,
2008-03-31,BP,,,,,,,,,,,,,,,,,,,,,,,,,,,,,,,,,,,,,,0.24,,,1.74,,,,,,,,,,,,,,,,,,,,,,,,,,,,,,,,,,,,,,,,,,,,,,,,,2008-04-29,,1.98,,pre-market,,,,,,,,,,,,,13.7931,,,,,,,,,,,,
2008-06-30,BP,,,,,,,,,,,,,,,,,,,,,,,,,,,,,,,,,,,,,,0.03,,,2.69,,,,,,,,,,,,,,,,,,,,,,,,,,,,,,,,,,,,,,,,,,,,,,,,,2008-07-29,,2.72,,pre-market,,,,,,,,,,,,,1.1152,,,,,,,,,,,,
2008-09-30,BP,,,,,,,,,,,,,,,,,,,,,,,,,,,,,,,,,,,,,,0.49,,,2.35,,,,,,,,,,,,,,,,,,,,,,,,,,,,,,,,,,,,,,,,,,,,,,,,,2008-10-28,,2.84,,pre-market,,,,,,,,,,,,,20.8511,,,,,,,,,,,,
2008-12-31,BP,,,,,,,,,,,,,,,,,,,,,,,,,,,,,,,,,,,,,,-0.26,,,1.1,,,,,,,,,,,,,,,,,,,,,,,,,,,,,,,,,,,,,,,,,,,,,,,,,2009-02-03,,0.84,,pre-market,,,,,,,,,,,,,-23.6364,,,,,,,,,,,,
2009-03-31,BP,,,,,,,,,,,,,,,,,,,,,,,,,,,,,,,,,,,,,,0.25,,,0.58,,,,,,,,,,,,,,,,,,,,,,,,,,,,,,,,,,,,,,,,,,,,,,,,,2009-04-28,,0.83,,pre-market,,,,,,,,,,,,,43.1034,,,,,,,,,,,,
2009-06-30,BP,,,,,,,,,,,,,,,,,,,,,,,,,,,,,,,,,,,,,,0.02,,,0.92,,,,,,,,,,,,,,,,,,,,,,,,,,,,,,,,,,,,,,,,,,,,,,,,,2009-07-28,,0.94,,pre-market,,,,,,,,,,,,,2.1739,,,,,,,,,,,,
2009-09-30,BP,,,,,,,,,,,,,,,,,,,,,,,,,,,,,,,,,,,,,,0.46,,,1.04,,,,,,,,,,,,,,,,,,,,,,,,,,,,,,,,,,,,,,,,,,,,,,,,,2009-10-27,,1.5,,pre-market,,,,,,,,,,,,,44.2308,,,,,,,,,,,,
2009-12-31,BP,,,,,,,,,,,,,,,,,,,,,,,,,,,,,,,,,,,,,,-0.11,,,1.51,,,,,,,,,,,,,,,,,,,,,,,,,,,,,,,,,,,,,,,,,,,,,,,,,2010-02-02,,1.4,,pre-market,,,,,,,,,,,,,-7.2848,,,,,,,,,,,,
2010-03-31,BP,,,,,,,,,,,,,,,,,,,,,,,,,,,,,,,,,,,,,,0.19,,,1.6,,,,,,,,,,,,,,,,,,,,,,,,,,,,,,,,,,,,,,,,,,,,,,,,,2010-04-29,,1.79,,pre-market,,,,,,,,,,,,,11.875,,,,,,,,,,,,
2010-06-30,BP,,,,,,,,,,,,,,,,,,,,,,,,,,,,,,,,,,,,,,0.22,,,1.44,,,,,,,,,,,,,,,,,,,,,,,,,,,,,,,,,,,,,,,,,,,,,,,,,2010-07-28,,1.66,,pre-market,,,,,,,,,,,,,15.2778,,,,,,,,,,,,
2010-09-30,BP,,,,,,,,,,,,,,,,,,,,,,,,,,,,,,,,,,,,,,0.26,,,1.51,,,,,,,,,,,,,,,,,,,,,,,,,,,,,,,,,,,,,,,,,,,,,,,,,2010-11-02,,1.77,,pre-market,,,,,,,,,,,,,17.2185,,,,,,,,,,,,
2010-12-31,BP,,,,,,,,,,,,,,,,,,,,,,,,,,,,,,,,,,,,,,-0.21,,,1.6,,,,,,,,,,,,,,,,,,,,,,,,,,,,,,,,,,,,,,,,,,,,,,,,,2011-02-01,,1.39,,pre-market,,,,,,,,,,,,,-13.125,,,,,,,,,,,,
2011-03-31,BP,,,,,,,,,,,,,,,,,,,,,,,,,,,,,,,,,,,,,,-0.07,,,1.82,,,,,,,,,,,,,,,,,,,,,,,,,,,,,,,,,,,,,,,,,,,,,,,,,2011-04-27,,1.75,,pre-market,,,,,,,,,,,,,-3.8462,,,,,,,,,,,,
2011-06-30,BP,,,,,,,,,,,,,,,,,,,,,,,,,,,,,,,,,,,,,,-0.27,,,1.96,,,,,,,,,,,,,,,,,,,,,,,,,,,,,,,,,,,,,,,,,,,,,,,,,2011-07-26,,1.69,,pre-market,,,,,,,,,,,,,-13.7755,,,,,,,,,,,,
2011-09-30,BP,,,,,,,,,,,,,,,,,,,,,,,,,,,,,,,,,,,,,,-0.03,,,1.66,,,,,,,,,,,,,,,,,,,,,,,,,,,,,,,,,,,,,,,,,,,,,,,,,2011-10-25,,1.63,,pre-market,,,,,,,,,,,,,-1.8072,,,,,,,,,,,,
2011-12-31,BP,,,,,,,,,,,,,,,,,,,,,,,,,,,,,,,,,,,,,,0.82,,,1.59,,,,,,,,,,,,,,,,,,,,,,,,,,,,,,,,,,,,,,,,,,,,,,,,,2012-02-07,,2.41,,pre-market,,,,,,,,,,,,,51.5723,,,,,,,,,,,,
2012-03-31,BP,,,,,,,,,,,,,,,,,,,,,,,,,,,,,,,,,,,,,,-0.12,,,1.64,,,,,,,,,,,,,,,,,,,,,,,,,,,,,,,,,,,,,,,,,,,,,,,,,2012-05-01,,1.52,,pre-market,,,,,,,,,,,,,-7.3171,,,,,,,,,,,,
2012-06-30,BP,,,,,,,,,,,,,,,,,,,,,,,,,,,,,,,,,,,,,,-0.22,,,1.38,,,,,,,,,,,,,,,,,,,,,,,,,,,,,,,,,,,,,,,,,,,,,,,,,2012-07-31,,1.16,,pre-market,,,,,,,,,,,,,-15.942,,,,,,,,,,,,
2012-09-30,BP,,,,,,,,,,,,,,,,,,,,,,,,,,,,,,,,,,,,,,0.34,,,1.29,,,,,,,,,,,,,,,,,,,,,,,,,,,,,,,,,,,,,,,,,,,,,,,,,2012-10-30,,1.63,,pre-market,,,,,,,,,,,,,26.3566,,,,,,,,,,,,
2012-12-31,BP,,,,,,,,,,,,,,,,,,,,,,,,,,,,,,,,,,,,,,0.14,,,1.11,,,,,,,,,,,,,,,,,,,,,,,,,,,,,,,,,,,,,,,,,,,,,,,,,2013-02-05,,1.25,,pre-market,,,,,,,,,,,,,12.6126,,,,,,,,,,,,
2013-03-31,BP,,,,,,,,,,,,,,,,,,,,,,,,,,,,,,,,,,,,,,0.3,,,1.01,,,,,,,,,,,,,,,,,,,,,,,,,,,,,,,,,,,,,,,,,,,,,,,,,2013-04-30,,1.31,,pre-market,,,,,,,,,,,,,29.703,,,,,,,,,,,,
2013-06-30,BP,,,,,,,,,,,,,,,,,,,,,,,,,,,,,,,,,,,,,,-0.28,,,1.13,,,,,,,,,,,,,,,,,,,,,,,,,,,,,,,,,,,,,,,,,,,,,,,,,2013-07-30,,0.85,,pre-market,,,,,,,,,,,,,-24.7788,,,,,,,,,,,,
2013-09-30,BP,,,,,,,,,,,,,,,,,,,,,,,,,,,,,,,,,,,,,,0.18,,,1.0,,,,,,,,,,,,,,,,,,,,,,,,,,,,,,,,,,,,,,,,,,,,,,,,,2013-10-29,,1.18,,pre-market,,,,,,,,,,,,,18.0,,,,,,,,,,,,
2013-12-31,BP,,,,,,,,,,,,,,,,,,,,,,,,,,,,,,,,,,,,,,0.01,,,0.89,,,,,,,,,,,,,,,,,,,,,,,,,,,,,,,,,,,,,,,,,,,,,,,,,2014-02-04,,0.9,,pre-market,,,,,,,,,,,,,1.1236,,,,,,,,,,,,
2014-03-31,BP,,,,,,,,,,,,,,,,,,,,,,,,,,,,,,,,,,,,,,0.04,,,1.01,,,,,,,,,,,,,,,,,,,,,,,,,,,,,,,,,,,,,,,,,,,,,,,,,2014-04-29,,1.05,,pre-market,,,,,,,,,,,,,3.9604,,,,,,,,,,,,
2014-06-30,BP,,,,,,,,,,,,,,,,,,,,,,,,,,,,,,,,,,,,,,0.06,,,1.12,,,,,,,,,,,,,,,,,,,,,,,,,,,,,,,,,,,,,,,,,,,,,,,,,2014-07-29,,1.18,,pre-market,,,,,,,,,,,,,5.3571,,,,,,,,,,,,
2014-09-30,BP,,,,,,,,,,,,,,,,,,,,,,,,,,,,,,,,,,,,,,0.08,,,0.91,,,,,,,,,,,,,,,,,,,,,,,,,,,,,,,,,,,,,,,,,,,,,,,,,2014-10-28,,0.99,,pre-market,,,,,,,,,,,,,8.7912,,,,,,,,,,,,
2014-12-31,BP,,,,,,,,,,,,,,,,,,,,,,,,,,,,,,,,,,,,,,0.23,,,0.51,,,,,,,,,,,,,,,,,,,,,,,,,,,,,,,,,,,,,,,,,,,,,,,,,2015-02-03,,0.74,,pre-market,,,,,,,,,,,,,45.098,,,,,,,,,,,,
2015-03-31,BP,,,,,,,,,,,,,,,,,,,,,,,,,,,,,,,,,,,,,,0.57,,,0.28,,,,,,,,,,,,,,,,,,,,,,,,,,,,,,,,,,,,,,,,,,,,,,,,,2015-04-28,,0.85,,pre-market,,,,,,,,,,,,,203.5714,,,,,,,,,,,,
2015-06-30,BP,,,,,,,,,,,,,,,,,,,,,,,,,,,,,,,,,,,,,,-0.06,,,0.49,,,,,,,,,,,,,,,,,,,,,,,,,,,,,,,,,,,,,,,,,,,,,,,,,2015-07-28,,0.43,,pre-market,,,,,,,,,,,,,-12.2449,,,,,,,,,,,,
2015-09-30,BP,,,,,,,,,,,,,,,,,,,,,,,,,,,,,,,,,,,,,,0.27,,,0.32,,,,,,,,,,,,,,,,,,,,,,,,,,,,,,,,,,,,,,,,,,,,,,,,,2015-10-27,,0.59,,pre-market,,,,,,,,,,,,,84.375,,,,,,,,,,,,
2015-12-31,BP,,,,,,,,,,,,,,,,,,,,,,,,,,,,,,,,,,,,,,-0.06,,,0.12,,,,,,,,,,,,,,,,,,,,,,,,,,,,,,,,,,,,,,,,,,,,,,,,,2016-02-02,,0.06,,pre-market,,,,,,,,,,,,,-50.0,,,,,,,,,,,,
2016-03-31,BP,,,,,,,,,,,,,,,,,,,,,,,,,,,,,,,,,,,,,,0.34,,,-0.17,,,,,,,,,,,,,,,,,,,,,,,,,,,,,,,,,,,,,,,,,,,,,,,,,2016-04-26,,0.17,,pre-market,,,,,,,,,,,,,200.0,,,,,,,,,,,,
2016-06-30,BP,,,,,,,,,,,,,,,,,,,,,,,,,,,,,,,,,,,,,,-0.04,,,0.28,,,,,,,,,,,,,,,,,,,,,,,,,,,,,,,,,,,,,,,,,,,,,,,,,2016-07-26,,0.24,,pre-market,,,,,,,,,,,,,-14.2857,,,,,,,,,,,,
2016-09-30,BP,,,,,,,,,,,,,,,,,,,,,,,,,,,,,,,,,,,,,,0.04,,,0.25,,,,,,,,,,,,,,,,,,,,,,,,,,,,,,,,,,,,,,,,,,,,,,,,,2016-11-01,,0.29,,pre-market,,,,,,,,,,,,,16.0,,,,,,,,,,,,
2016-12-31,BP,,,,,,,,,,,,,,,,,,,,,,,,,,,,,,,,,,,,,,-0.03,,,0.15,,,,,,,,,,,,,,,,,,,,,,,,,,,,,,,,,,,,,,,,,,,,,,,,,2017-02-07,,0.12,,pre-market,,,,,,,,,,,,,-20.0,,,,,,,,,,,,
2017-03-31,BP,,,,,,,,,,,,,,,,,,,,,,,,,,,,,,,,,,,,,,0.06,,,0.4,,,,,,,,,,,,,,,,,,,,,,,,,,,,,,,,,,,,,,,,,,,,,,,,,2017-05-02,,0.46,,pre-market,,,,,,,,,,,,,15.0,,,,,,,,,,,,
2017-06-30,BP,,,,,,,,,,,,,,,,,,,,,,,,,,,,,,,,,,,,,,0.03,,,0.18,,,,,,,,,,,,,,,,,,,,,,,,,,,,,,,,,,,,,,,,,,,,,,,,,2017-08-01,,0.21,,pre-market,,,,,,,,,,,,,16.6667,,,,,,,,,,,,
2017-09-30,BP,,,,,,,,,,,,,,,,,,,,,,,,,,,,,,,,,,,,,,0.07,,,0.5,,,,,,,,,,,,,,,,,,,,,,,,,,,,,,,,,,,,,,,,,,,,,,,,,2017-10-31,,0.57,,pre-market,,,,,,,,,,,,,14.0,,,,,,,,,,,,
2017-12-31,BP,,,,,,,,,,,,,,,,,,,,,,,,,,,,,,,,,,,,,,0.09,,,0.57,,,,,,,,,,,,,,,,,,,,,,,,,,,,,,,,,,,,,,,,,,,,,,,,,2018-02-06,,0.66,,pre-market,,,,,,,,,,,,,15.7895,,,,,,,,,,,,
2018-03-31,BP,,,,,,,,,,,,,,,,,,,,,,,,,,,,,,,,,,,,,,0.1,,,0.68,,,,,,,,,,,,,,,,,,,,,,,,,,,,,,,,,,,,,,,,,,,,,,,,,2018-05-01,,0.78,,pre-market,,,,,,,,,,,,,14.7059,,,,,,,,,,,,
2018-06-30,BP,,,,,,,,,,,,,,,,,,,,,,,,,,,,,,,,,,,,,,0.02,,,0.83,,,,,,,,,,,,,,,,,,,,,,,,,,,,,,,,,,,,,,,,,,,,,,,,,2018-07-31,,0.85,,pre-market,,,,,,,,,,,,,2.4096,,,,,,,,,,,,
2018-09-30,BP,,,,,,,,,,,,,,,,,,,,,,,,,,,,,,,,,,,,,,0.29,,,0.85,,,,,,,,,,,,,,,,,,,,,,,,,,,,,,,,,,,,,,,,,,,,,,,,,2018-10-30,,1.14,,pre-market,,,,,,,,,,,,,34.1176,,,,,,,,,,,,
2018-12-31,BP,,,,,,,,,,,,,,,,,,,,,,,,,,,,,,,,,,,,,,0.18,,,0.84,,,,,,,,,,,,,,,,,,,,,,,,,,,,,,,,,,,,,,,,,,,,,,,,,2019-02-05,,1.02,,pre-market,,,,,,,,,,,,,21.4286,,,,,,,,,,,,
2019-03-31,BP,,,,,,,,,,,,,,,,,,,,,,,,,,,,,,,,,,,,,,0.03,,,0.67,,,,,,,,,,,,,,,,,,,,,,,,,,,,,,,,,,,,,,,,,,,,,,,,,2019-04-30,,0.7,,pre-market,,,,,,,,,,,,,4.4776,,,,,,,,,,,,
2019-06-30,BP,,,,,,,,,,,,,,,,,,,,,,,,,,,,,,,,,,,,,,0.05,,,0.79,,,,,,,,,,,,,,,,,,,,,,,,,,,,,,,,,,,,,,,,,,,,,,,,,2019-07-30,,0.84,,pre-market,,,,,,,,,,,,,6.3291,,,,,,,,,,,,
2019-09-30,BP,,,,,,,,,,,,,,,,,,,,,,,,,,,,,,,,,,,,,,0.07,,,0.59,,,,,,,,,,,,,,,,,,,,,,,,,,,,,,,,,,,,,,,,,,,,,,,,,2019-10-29,,0.66,,pre-market,,,,,,,,,,,,,11.8644,,,,,,,,,,,,
2019-12-31,BP,,,,,,,,,,,,,,,,,,,,,,,,,,,,,,,,,,,,,,0.11,,,0.65,,,,,,,,,,,,,,,,,,,,,,,,,,,,,,,,,,,,,,,,,,,,,,,,,2020-02-04,,0.76,,pre-market,,,,,,,,,,,,,16.9231,,,,,,,,,,,,
2020-03-31,BP,,,,,,,,,,,,,,,,,,,,,,,,,,,,,,,,,,,,,,-0.04,,,0.28,,,,,,,,,,,,,,,,,,,,,,,,,,,,,,,,,,,,,,,,,,,,,,,,,2020-04-28,,0.24,,pre-market,,,,,,,,,,,,,-14.2857,,,,,,,,,,,,
2020-06-30,BP,,,,,,,,,,,,,,,,,,,,,,,,,,,,,,,,,,,,,,-0.14,,,-1.84,,,,,,,,,,,,,,,,,,,,,,,,,,,,,,,,,,,,,,,,,,,,,,,,,2020-08-04,,-1.98,,pre-market,,,,,,,,,,,,,-7.6087,,,,,,,,,,,,
2020-09-30,BP,,,,,,,,,,,,,,,,,,,,,,,,,,,,,,,,,,,,,,0.07,,,-0.04,,,,,,,,,,,,,,,,,,,,,,,,,,,,,,,,,,,,,,,,,,,,,,,,,2020-10-27,,0.03,,pre-market,,,,,,,,,,,,,175.0,,,,,,,,,,,,
2020-12-31,BP,,,,,,,,,,,,,,,,,,,,,,,,,,,,,,,,,,,,,,-0.05,,,0.09,,,,,,,,,,,,,,,,,,,,,,,,,,,,,,,,,,,,,,,,,,,,,,,,,2021-02-02,,0.04,,pre-market,,,,,,,,,,,,,-55.5556,,,,,,,,,,,,
2021-03-31,BP,,,,,,,,,,,,,,,,,,,,,,,,,,,,,,,,,,,,,,0.4,,,0.38,,,,,,,,,,,,,,,,,,,,,,,,,,,,,,,,,,,,,,,,,,,,,,,,,2021-04-27,,0.78,,pre-market,,,,,,,,,,,,,105.2632,,,,,,,,,,,,
2021-06-30,BP,,,,,,,,,,,,,,,,,,,,,,,,,,,,,,,,,,,,,,0.23,,,0.6,,,,,,,,,,,,,,,,,,,,,,,,,,,,,,,,,,,,,,,,,,,,,,,,,2021-08-03,,0.83,,pre-market,,,,,,,,,,,,,38.3333,,,,,,,,,,,,
2021-09-30,BP,,,,,,,,,,,,,,,,,,,,,,,,,,,,,,,,,,,,,,0.07,,,0.92,,,,,,,,,,,,,,,,,,,,,,,,,,,,,,,,,,,,,,,,,,,,,,,,,2021-11-02,,0.99,,pre-market,,,,,,,,,,,,,7.6087,,,,,,,,,,,,
2021-12-31,BP,,,,,,,,,,,,,,,,,,,,,,,,,,,,,,,,,,,,,,0.09,,,1.17,,,,,,,,,,,,,,,,,,,,,,,,,,,,,,,,,,,,,,,,,,,,,,,,,2022-02-08,,1.26,,pre-market,,,,,,,,,,,,,7.6923,,,,,,,,,,,,
2022-03-31,BP,,,,,,,,,,,,,,,,,,,,,,,,,,,,,,,,,,,,,,0.57,,,1.35,,,,,,,,,,,,,,,,,,,,,,,,,,,,,,,,,,,,,,,,,,,,,,,,,2022-05-03,,1.92,,pre-market,,,,,,,,,,,,,42.2222,,,,,,,,,,,,
2022-06-30,BP,,,,,,,,,,,,,,,,,,,,,,,,,,,,,,,,,,,,,,0.48,,,2.13,,,,,,,,,,,,,,,,,,,,,,,,,,,,,,,,,,,,,,,,,,,,,,,,,2022-08-02,,2.61,,pre-market,,,,,,,,,,,,,22.5352,,,,,,,,,,,,
2022-09-30,BP,,,,,,,,,,,,,,,,,,,,,,,,,,,,,,,,,,,,,,0.64,,,1.94,,,,,,,,,,,,,,,,,,,,,,,,,,,,,,,,,,,,,,,,,,,,,,,,,2022-11-01,,2.58,,pre-market,,,,,,,,,,,,,32.9897,,,,,,,,,,,,
2022-12-31,BP,,,,,,,,,,,,,,,,,,,,,,,,,,,,,,,,,,,,,,-0.11,,,1.67,,,,,,,,,,,,,,,,,,,,,,,,,,,,,,,,,,,,,,,,,,,,,,,,,2023-02-07,,1.56,,pre-market,,,,,,,,,,,,,-6.5868,,,,,,,,,,,,
2023-03-31,BP,,,,,,,,,,,,,,,,,,,,,,,,,,,,,,,,,,,,,,0.19,,,1.43,,,,,,,,,,,,,,,,,,,,,,,,,,,,,,,,,,,,,,,,,,,,,,,,,2023-05-02,,1.62,,pre-market,,,,,,,,,,,,,13.2867,,,,,,,,,,,,
2023-06-30,BP,,,,,,,,,,,,,,,,,,,,,,,,,,,,,,,,,,,,,,-0.3,,,1.2,,,,,,,,,,,,,,,,,,,,,,,,,,,,,,,,,,,,,,,,,,,,,,,,,2023-08-01,,0.9,,pre-market,,,,,,,,,,,,,-25.0,,,,,,,,,,,,
2023-09-30,BP,,,,,,,,,,,,,,,,,,,,,,,,,,,,,,,,,,,,,,-0.24,,,1.38,,,,,,,,,,,,,,,,,,,,,,,,,,,,,,,,,,,,,,,,,,,,,,,,,2023-10-31,,1.14,,pre-market,,,,,,,,,,,,,-17.3913,,,,,,,,,,,,
2023-12-31,BP,,,,,,,,,,,,,,,,,,,,,,,,,,,,,,,,,,,,,,0.02,,,1.05,,,,,,,,,,,,,,,,,,,,,,,,,,,,,,,,,,,,,,,,,,,,,,,,,2024-02-06,,1.07,,pre-market,,,,,,,,,,,,,1.9048,,,,,,,,,,,,
2024-03-31,BP,,,,,,,,,,,,,,,,,,,,,,,,,,,,,,,,,,,,,,-0.03,,,0.98,,,,,,,,,,,,,,,,,,,,,,,,,,,,,,,,,,,,,,,,,,,,,,,,,2024-05-07,,0.95,,pre-market,,,,,,,,,,,,,-3.0612,,,,,,,,,,,,
2024-06-30,BP,,,,,,,,,,,,,,,,,,,,,,,,,,,,,,,,,,,,,,0.1,,,0.92,,,,,,,,,,,,,,,,,,,,,,,,,,,,,,,,,,,,,,,,,,,,,,,,,2024-07-30,,1.02,,pre-market,,,,,,,,,,,,,10.8696,,,,,,,,,,,,
2024-09-30,BP,,,,,,,,,,,,,,,,,,,,,,,,,,,,,,,,,,,,,,0.04,,,0.79,,,,,,,,,,,,,,,,,,,,,,,,,,,,,,,,,,,,,,,,,,,,,,,,,2024-10-29,,0.83,,pre-market,,,,,,,,,,,,,5.0633,,,,,,,,,,,,
2024-12-31,BP,,,,,,,,,,,,,,,,,,,,,,,,,,,,,,,,,,,,,,-0.01,,,0.45,,,,,,,,,,,,,,,,,,,,,,,,,,,,,,,,,,,,,,,,,,,,,,,,,2025-02-11,,0.44,,pre-market,,,,,,,,,,,,,-2.2222,,,,,,,,,,,,
2025-03-31,BP,,,,,,,,,,,,,,,,,,,,,,,,,,,,,,,,,,,,,,-0.03,,,0.56,,,,,,,,,,,,,,,,,,,,,,,,,,,,,,,,,,,,,,,,,,,,,,,,,2025-04-29,,0.53,,pre-market,,,,,,,,,,,,,-5.3571,,,,,,,,,,,,
2025-06-30,BP,,,,,,,,,,,,,,,,,,,,,,,,,,,,,,,,,,,,,,0.24,,,0.66,,,,,,,,,,,,,,,,,,,,,,,,,,,,,,,,,,,,,,,,,,,,,,,,,2025-08-05,,0.9,,pre-market,,,,,,,,,,,,,36.3636,,,,,,,,,,,,
2025-09-30,BP,,,,,,,,,,,,,,,,,,,,,,,,,,,,,,,,,,,,,,0.09,,,0.76,,,,,,,,,,,,,,,,,,,,,,,,,,,,,,,,,,,,,,,,,,,,,,,,,2025-11-04,,0.85,,pre-market,,,,,,,,,,,,,11.8421,,,,,,,,,,,,
2025-12-28,BP,0.62,185934004000.0,55.27,,0.048,3.753,,,,,,,,,,,,,,,,,,,,,,,,,,0.326,0.0583,,,,5.0,0.09,,,0.76,,11.67,,49167000000.0,,,,,,,,,,,,,,,,,,,0.0997,,,,,,,,,,,,,0.129,1.502,0.476,,,,,,,,0.0082,,,2025-11-04,,0.85,,pre-market,,,0.0262,0.0355,0.025,17.76,,,,,32.72,35.31,11.8421,,,,,,,,,55.27,,37.44,24.13
2025-12-28,BP,0.62,185934004000.0,55.27,,0.048,3.753,,,,,,,,,,,,,,,None,34651000000,34651000000,,,,,,None,4655000000,,0.326,0.0583,,,,5.0,0.09,4420000000,9075000000,0.76,2025-09-30,11.67,,49167000000.0,13735000000,3236000000,1727000000,,,None,1184000000,397000000,,None,,,,,1161000000,1509000000,-815000000,None,0.0997,,4257000000,9478000000,,,,,None,,,,,0.129,1.502,0.476,,,,,,,,0.0082,,,2025-11-04,quarterly,0.85,USD,pre-market,None,,0.0262,0.0355,0.025,17.76,4271000000,,,,32.72,35.31,11.8421,,,,,,,48386000000,,55.27,,37.44,24.13
2025-12-28,BP,0.62,185934004000.0,55.27,,0.048,3.753,,,,,,,,,,,,,,,None,38083000000,38083000000,,,,,,None,4641000000,,0.326,0.0583,,,,5.0,0.09,4112000000,8753000000,0.76,2025-06-30,11.67,,49167000000.0,8544000000,2883000000,954000000,,,None,1229000000,458000000,,None,,,,,1629000000,1929000000,-798000000,None,0.0997,,4381000000,4163000000,,,,,None,,,,,0.129,1.502,0.476,,,,,,,,0.0082,,,2025-11-04,quarterly,0.85,USD,pre-market,None,,0.0262,0.0355,0.025,17.76,4242000000,,,,32.72,35.31,11.8421,,,,,,,46627000000,,55.27,,37.44,24.13
2025-12-28,BP,0.62,185934004000.0,55.27,,0.048,3.753,,,,,,,,,,,,,,,None,38464000000,38464000000,,,,,,None,4183000000,,0.326,0.0583,,,,5.0,0.09,4451000000,8634000000,0.76,2025-03-31,11.67,,49167000000.0,8441000000,3130000000,2148000000,,,None,1321000000,385000000,,None,,,,,687000000,982000000,-884000000,None,0.0997,,4514000000,3927000000,,,,,None,,,,,0.129,1.502,0.476,,,,,,,,0.0082,,,2025-11-04,quarterly,0.85,USD,pre-market,None,,0.0262,0.0355,0.025,17.76,4411000000,,,,32.72,35.31,11.8421,,,,,,,46905000000,,55.27,,37.44,24.13
2025-12-28,BP,0.62,185934004000.0,55.27,,0.048,3.753,,,,,,,,,,,,,,,None,39964000000,39964000000,,,,,,None,4381000000,,0.326,0.0583,,,,5.0,0.09,788000000,5169000000,0.76,2024-12-31,11.67,,49167000000.0,5788000000,-503000000,1117000000,,,None,1291000000,1540000000,,None,,,,,-1959000000,-1620000000,294000000,None,0.0997,,4274000000,1514000000,,,,,None,,,,,0.129,1.502,0.476,,,,,,,,0.0082,,,2025-11-04,quarterly,0.85,USD,pre-market,None,,0.0262,0.0355,0.025,17.76,4098000000,,,,32.72,35.31,11.8421,,,,,,,45752000000,,55.27,,37.44,24.13
2025-12-28,BP,0.62,185934004000.0,55.27,,0.048,3.753,,,,,,,,,,,,,,,None,39729000000,39729000000,,,,,,None,4117000000,,0.326,0.0583,,,,5.0,0.09,2499000000,6616000000,0.76,2024-09-30,11.67,,49167000000.0,7525000000,1398000000,1028000000,,,None,1101000000,438000000,,None,,,,,206000000,370000000,-621000000,None,0.0997,,4302000000,3223000000,,,,,None,,,,,0.129,1.502,0.476,,,,,,,,0.0082,,,2025-11-04,quarterly,0.85,USD,pre-market,None,,0.0262,0.0355,0.025,17.76,3930000000,,,,32.72,35.31,11.8421,,,,,,,47254000000,,55.27,,37.44,24.13
2025-12-28,BP,0.62,185934004000.0,55.27,,0.048,3.753,,,,,,,,,,,,,,,None,40165000000,40165000000,,,,,,None,4098000000,,0.326,0.0583,,,,5.0,0.09,2470000000,6568000000,0.76,2024-06-30,11.67,,49167000000.0,7134000000,1254000000,1184000000,,,None,1216000000,414000000,,None,,,,,-129000000,70000000,-762000000,None,0.0997,,4346000000,2788000000,,,,,None,,,,,0.129,1.502,0.476,,,,,,,,0.0082,,,2025-11-04,quarterly,0.85,USD,pre-market,None,,0.0262,0.0355,0.025,17.76,4167000000,,,,32.72,35.31,11.8421,,,,,,,47299000000,,55.27,,37.44,24.13
2025-12-28,BP,0.62,185934004000.0,55.27,,0.048,3.753,,,,,,,,,,,,,,,None,39088000000,39088000000,,,,,,None,4150000000,,0.326,0.0583,,,,5.0,0.09,5708000000,9858000000,0.76,2024-03-31,11.67,,49167000000.0,9792000000,4633000000,2224000000,,,None,1075000000,381000000,,None,,,,,2263000000,2409000000,-653000000,None,0.0997,,4469000000,5323000000,,,,,None,,,,,0.129,1.502,0.476,,,,,,,,0.0082,,,2025-11-04,quarterly,0.85,USD,pre-market,None,,0.0262,0.0355,0.025,17.76,4222000000,,,,32.72,35.31,11.8421,,,,,,,48880000000,,55.27,,37.44,24.13
2025-12-28,BP,0.62,185934004000.0,55.27,,0.048,3.753,,,,,,,,,,,,,,,None,41318000000,41318000000,,,,,,None,4441000000,,0.326,0.0583,,,,5.0,0.09,2137000000,6578000000,0.76,2023-12-31,11.67,,49167000000.0,10823000000,1099000000,663000000,,,None,1038000000,213000000,,None,,,,,371000000,436000000,-378000000,None,0.0997,,5234000000,5589000000,,,,,None,,,,,0.129,1.502,0.476,,,,,,,,0.0082,,,2025-11-04,quarterly,0.85,USD,pre-market,298000000,,0.0262,0.0355,0.025,17.76,4733000000,,,,32.72,35.31,11.8421,,,,,,,52141000000,,55.27,,37.44,24.13
2025-12-28,BP,0.62,185934004000.0,55.27,,0.048,3.753,,,,,,,,,,,,,,,None,40632000000,40632000000,,,,,,None,4145000000,,0.326,0.0583,,,,5.0,0.09,8348000000,12493000000,0.76,2023-09-30,11.67,,49167000000.0,12637000000,7309000000,2240000000,,,None,1039000000,556000000,,None,,,,,4858000000,5069000000,-568000000,None,0.0997,,4555000000,8082000000,,,,,None,,,,,0.129,1.502,0.476,,,,,,,,0.0082,,,2025-11-04,quarterly,0.85,USD,pre-market,298000000,,0.0262,0.0355,0.025,17.76,4458000000,,,,32.72,35.31,11.8421,,,,,,,53269000000,,55.27,,37.44,24.13
2025-12-28,BP,0.62,185934004000.0,55.27,,0.048,3.753,,,,,,,,,,,,,,,None,39730000000,39730000000,,,,,,None,4164000000,,0.326,0.0583,,,,5.0,0.09,4414000000,8578000000,0.76,2023-06-30,11.67,,49167000000.0,8808000000,3494000000,1541000000,,,None,920000000,49000000,,None,,,,,1792000000,1953000000,-481000000,None,0.0997,,4127000000,4681000000,,,,,None,,,,,0.129,1.502,0.476,,,,,,,,0.0082,,,2025-11-04,quarterly,0.85,USD,pre-market,None,,0.0262,0.0355,0.025,17.76,3834000000,,,,32.72,35.31,11.8421,,,,,,,48538000000,,55.27,,37.44,24.13
2025-12-28,BP,0.62,185934004000.0,55.27,,0.048,3.753,,,,,,,,,,,,,,,None,40378000000,40378000000,,,,,,None,3850000000,,0.326,0.0583,,,,5.0,0.09,12690000000,16540000000,0.76,2023-03-31,11.67,,49167000000.0,15804000000,11847000000,3425000000,,,None,843000000,227000000,,None,,,,,8218000000,8422000000,-537000000,None,0.0997,,3853000000,11951000000,,,,,None,,,,,0.129,1.502,0.476,,,,,,,,0.0082,,,2025-11-04,quarterly,0.85,USD,pre-market,None,,0.0262,0.0355,0.025,17.76,3747000000,,,,32.72,35.31,11.8421,,,,,,,56182000000,,55.27,,37.44,24.13
2025-12-28,BP,0.62,185934004000.0,55.27,,0.048,3.753,,,,,,,,,,,,,,,None,45213000000,45213000000,,,,,,None,3396000000,,0.326,0.0583,,,,5.0,0.09,17730000000,21126000000,0.76,2022-12-31,11.67,,49167000000.0,24044000000,16902000000,5741000000,,,None,834000000,608000000,,None,,,,,10803000000,11161000000,-210000000,None,0.0997,,3409000000,20635000000,,,,,None,,,,,0.129,1.502,0.476,,,,,,,,0.0082,,,2025-11-04,quarterly,0.85,USD,pre-market,274000000,,0.0262,0.0355,0.025,17.76,3654000000,,,,32.72,35.31,11.8421,,,,,,,69257000000,,55.27,,37.44,24.13
2025-12-28,BP,0.62,185934004000.0,55.27,,0.048,3.753,,,,,,,,,,,,,,,None,51292000000,51292000000,,,,,,None,3657000000,,0.326,0.0583,,,,5.0,0.09,2629000000,6286000000,0.76,2022-09-30,11.67,,49167000000.0,3719000000,1980000000,3964000000,,,None,649000000,283000000,,None,,,,,-2163000000,-1984000000,-474000000,None,0.0997,,3487000000,232000000,,,,,None,,,,,0.129,1.502,0.476,,,,,,,,0.0082,,,2025-11-04,quarterly,0.85,USD,pre-market,None,,0.0262,0.0355,0.025,17.76,3262000000,,,,32.72,35.31,11.8421,,,,,,,55011000000,,55.27,,37.44,24.13
2025-12-28,BP,0.62,185934004000.0,55.27,,0.048,3.753,,,,,,,,,,,,,,,None,50878000000,50878000000,,,,,,None,3591000000,,0.326,0.0583,,,,5.0,0.09,14619000000,18210000000,0.76,2022-06-30,11.67,,49167000000.0,16988000000,14063000000,4527000000,,,None,556000000,142000000,,None,,,,,9257000000,9536000000,-397000000,None,0.0997,,3581000000,13407000000,,,,,None,,,,,0.129,1.502,0.476,,,,,,,,0.0082,,,2025-11-04,quarterly,0.85,USD,pre-market,None,,0.0262,0.0355,0.025,17.76,3453000000,,,,32.72,35.31,11.8421,,,,,,,67866000000,,55.27,,37.44,24.13
2025-12-28,BP,0.62,185934004000.0,55.27,,0.048,3.753,,,,,,,,,,,,,,,None,38913000000,38913000000,,,,,,None,3674000000,,0.326,0.0583,,,,5.0,0.09,-16876000000,-13202000000,0.76,2022-03-31,11.67,,49167000000.0,10345000000,-17540000000,2530000000,,,None,664000000,194000000,,None,,,,,-20384000000,-20070000000,-450000000,None,0.0997,,3172000000,7173000000,,,,,None,,,,,0.129,1.502,0.476,,,,,,,,0.0082,,,2025-11-04,quarterly,0.85,USD,pre-market,None,,0.0262,0.0355,0.025,17.76,3080000000,,,,32.72,35.31,11.8421,,,,,,,49258000000,,55.27,,37.44,24.13
2025-12-28,BP,0.62,185934004000.0,55.27,,0.048,3.753,,,,,,,,,,,,,,,None,42755000000,42755000000,,,,,,None,3742000000,,0.326,0.0583,,,,5.0,0.09,4461000000,8203000000,0.76,2021-12-31,11.67,,49167000000.0,7799000000,4042000000,1464000000,,,None,759000000,259000000,,None,,,,,2326000000,2578000000,-492000000,None,0.0997,,3300000000,4499000000,,,,,None,,,,,0.129,1.502,0.476,,,,,,,,0.0082,,,2025-11-04,quarterly,0.85,USD,pre-market,266000000,,0.0262,0.0355,0.025,17.76,3365000000,,,,32.72,35.31,11.8421,,,,,,,50554000000,,55.27,,37.44,24.13
2025-12-28,BP,0.62,185934004000.0,55.27,,0.048,3.753,,,,,,,,,,,,,,,None,34261000000,34261000000,,,,,,None,3976000000,,0.326,0.0583,,,,5.0,0.09,198000000,4174000000,0.76,2021-09-30,11.67,,49167000000.0,1913000000,-495000000,1850000000,,,None,693000000,163000000,,None,,,,,-2544000000,-2345000000,-530000000,None,0.0997,,3193000000,-1280000000,,,,,None,,,,,0.129,1.502,0.476,,,,,,,,0.0082,,,2025-11-04,quarterly,0.85,USD,pre-market,None,,0.0262,0.0355,0.025,17.76,3077000000,,,,32.72,35.31,11.8421,,,,,,,36174000000,,55.27,,37.44,24.13
2025-12-28,BP,0.62,185934004000.0,55.27,,0.048,3.753,,,,,,,,,,,,,,,None,31729000000,31729000000,,,,,,None,3659000000,,0.326,0.0583,,,,5.0,0.09,5820000000,9479000000,0.76,2021-06-30,11.67,,49167000000.0,4738000000,5138000000,1784000000,,,None,682000000,82000000,,None,,,,,3116000000,3354000000,-605000000,None,0.0997,,2981000000,1757000000,,,,,None,,,,,0.129,1.502,0.476,,,,,,,,0.0082,,,2025-11-04,quarterly,0.85,USD,pre-market,None,,0.0262,0.0355,0.025,17.76,2874000000,,,,32.72,35.31,11.8421,,,,,,,36467000000,,55.27,,37.44,24.13
2025-12-28,BP,0.62,185934004000.0,55.27,,0.048,3.753,,,,,,,,,,,,,,,None,26134000000,26134000000,,,,,,None,3428000000,,0.326,0.0583,,,,5.0,0.09,7265000000,10693000000,0.76,2021-03-31,11.67,,49167000000.0,8410000000,6542000000,1642000000,,,None,723000000,82000000,,None,,,,,4667000000,4900000000,-647000000,None,0.0997,,2714000000,5696000000,,,,,None,,,,,0.129,1.502,0.476,,,,,,,,0.0082,,,2025-11-04,quarterly,0.85,USD,pre-market,None,,0.0262,0.0355,0.025,17.76,2615000000,,,,32.72,35.31,11.8421,,,,,,,34544000000,,55.27,,37.44,24.13
2025-12-28,BP,0.62,185934004000.0,55.27,,0.048,3.753,,,,,,,,,,,,,,,None,42568000000,42568000000,,,,,,None,-6340000000,,0.326,0.0583,,,,5.0,0.09,1681000000,-4659000000,0.76,2020-12-31,11.67,,49167000000.0,2221000000,1090000000,-395000000,,,None,749000000,273000000,,None,,,,,1358000000,1485000000,-526000000,None,0.0997,,-6937000000,9158000000,,,,,None,,,,,0.129,1.502,0.476,,,,,,,,0.0082,,,2025-11-04,quarterly,0.85,USD,pre-market,332000000,,0.0262,0.0355,0.025,17.76,2769000000,,,,32.72,35.31,11.8421,,,,,,,44789000000,,55.27,,37.44,24.13
2025-12-28,BP,0.62,185934004000.0,55.27,,0.048,3.753,,,,,,,,,,,,,,,None,22386000000,22386000000,,,,,,None,3517000000,,0.326,0.0583,,,,5.0,0.09,950000000,4467000000,0.76,2020-09-30,11.67,,49167000000.0,3926000000,150000000,457000000,,,None,800000000,876000000,,None,,,,,-450000000,-307000000,-625000000,None,0.0997,,2625000000,1301000000,,,,,None,,,,,0.129,1.502,0.476,,,,,,,,0.0082,,,2025-11-04,quarterly,0.85,USD,pre-market,None,,0.0262,0.0355,0.025,17.76,2435000000,,,,32.72,35.31,11.8421,,,,,,,26312000000,,55.27,,37.44,24.13
2025-12-28,BP,0.62,185934004000.0,55.27,,0.048,3.753,,,,,,,,,,,,,,,None,28050000000,28050000000,,,,,,None,13555000000,,0.326,0.0583,,,,5.0,0.09,-20821000000,-7266000000,0.76,2020-06-30,11.67,,49167000000.0,3626000000,-21604000000,-4082000000,,,None,783000000,1343000000,,None,,,,,-16848000000,-17522000000,-684000000,None,0.0997,,12183000000,-8557000000,,,,,None,,,,,0.129,1.502,0.476,,,,,,,,0.0082,,,2025-11-04,quarterly,0.85,USD,pre-market,None,,0.0262,0.0355,0.025,17.76,2509000000,,,,32.72,35.31,11.8421,,,,,,,31676000000,,55.27,,37.44,24.13
2025-12-28,BP,0.62,185934004000.0,55.27,,0.048,3.753,,,,,,,,,,,,,,,None,59239000000,59239000000,,,,,,None,4157000000,,0.326,0.0583,,,,5.0,0.09,-3741000000,416000000,0.76,2020-03-31,11.67,,49167000000.0,411000000,-4524000000,-139000000,,,None,783000000,909000000,,None,,,,,-4365000000,-4385000000,-650000000,None,0.0997,,2886000000,-2475000000,,,,,None,,,,,0.129,1.502,0.476,,,,,,,,0.0082,,,2025-11-04,quarterly,0.85,USD,pre-market,None,,0.0262,0.0355,0.025,17.76,2684000000,,,,32.72,35.31,11.8421,,,,,,,59650000000,,55.27,,37.44,24.13
2025-12-28,BP,0.62,185934004000.0,55.27,,0.048,3.753,,,,,,,,,,,,,,,None,64099000000,64099000000,,,,,,None,4589000000,,0.326,0.0583,,,,5.0,0.09,1135000000,5724000000,0.76,2019-12-31,11.67,,49167000000.0,7010000000,249000000,231000000,,,None,886000000,127000000,,None,,,,,19000000,18000000,-693000000,None,0.0997,,3262000000,3748000000,,,,,None,,,,,0.129,1.502,0.476,,,,,,,,0.0082,,,2025-11-04,quarterly,0.85,USD,pre-market,364000000,,0.0262,0.0355,0.025,17.76,2996000000,,,,32.72,35.31,11.8421,,,,,,,71109000000,,55.27,,37.44,24.13
2025-12-28,BP,0.62,185934004000.0,55.27,,0.048,3.753,,,,,,,,,,,,,,,None,62169000000,62169000000,,,,,,None,4412000000,,0.326,0.0583,,,,5.0,0.09,858000000,5270000000,0.76,2019-09-30,11.67,,49167000000.0,6122000000,-25000000,706000000,,,None,883000000,117000000,,None,,,,,-749000000,-731000000,-773000000,None,0.0997,,2833000000,3289000000,,,,,None,,,,,0.129,1.502,0.476,,,,,,,,0.0082,,,2025-11-04,quarterly,0.85,USD,pre-market,None,,0.0262,0.0355,0.025,17.76,2648000000,,,,32.72,35.31,11.8421,,,,,,,68291000000,,55.27,,37.44,24.13
2025-12-28,BP,0.62,185934004000.0,55.27,,0.048,3.753,,,,,,,,,,,,,,,None,66033000000,66033000000,,,,,,None,4665000000,,0.326,0.0583,,,,5.0,0.09,4001000000,8666000000,0.76,2019-06-30,11.67,,49167000000.0,6643000000,3148000000,1244000000,,,None,853000000,163000000,,None,,,,,1822000000,1904000000,-598000000,None,0.0997,,2792000000,3851000000,,,,,None,,,,,0.129,1.502,0.476,,,,,,,,0.0082,,,2025-11-04,quarterly,0.85,USD,pre-market,None,,0.0262,0.0355,0.025,17.76,2646000000,,,,32.72,35.31,11.8421,,,,,,,72676000000,,55.27,,37.44,24.13
2025-12-28,BP,0.62,185934004000.0,55.27,,0.048,3.753,,,,,,,,,,,,,,,None,58513000000,58513000000,,,,,,None,4745000000,,0.326,0.0583,,,,5.0,0.09,5649000000,10394000000,0.76,2019-03-31,11.67,,49167000000.0,7808000000,4782000000,1783000000,,,None,867000000,130000000,,None,,,,,2934000000,2999000000,-719000000,None,0.0997,,3134000000,4674000000,,,,,None,,,,,0.129,1.502,0.476,,,,,,,,0.0082,,,2025-11-04,quarterly,0.85,USD,pre-market,None,,0.0262,0.0355,0.025,17.76,2767000000,,,,32.72,35.31,11.8421,,,,,,,66321000000,,55.27,,37.44,24.13
2025-12-28,BP,0.62,185934004000.0,55.27,,0.048,3.753,,,,,,,,,,,,,,,None,69365000000,69365000000,,,,,,None,4338000000,,0.326,0.0583,,,,5.0,0.09,3130000000,7468000000,0.76,2018-12-31,11.67,,49167000000.0,6312000000,2388000000,1617000000,,,None,742000000,None,,None,,,,,766000000,771000000,None,None,0.0997,,4112000000,2200000000,,,,,None,,,,,0.129,1.502,0.476,,,,,,,,0.0082,,,2025-11-04,quarterly,0.85,USD,pre-market,429000000,,0.0262,0.0355,0.025,17.76,3655000000,,,,32.72,35.31,11.8421,,,,,,,75677000000,,55.27,,37.44,24.13
2025-12-28,BP,0.62,185934004000.0,55.27,,0.048,3.753,,,,,,,,,,,,,,,None,70981000000,70981000000,,,,,,None,3955000000,,0.326,0.0583,,,,5.0,0.09,5345000000,9300000000,0.76,2018-09-30,11.67,,49167000000.0,8487000000,5434000000,2031000000,,,None,698000000,None,,None,,,,,3349000000,3403000000,None,None,0.0997,,3111000000,5376000000,,,,,None,,,,,0.129,1.502,0.476,,,,,,,,0.0082,,,2025-11-04,quarterly,0.85,USD,pre-market,0,,0.0262,0.0355,0.025,17.76,2801000000,,,,32.72,35.31,11.8421,,,,,,,79468000000,,55.27,,37.44,24.13
2025-12-28,BP,0.62,185934004000.0,55.27,,0.048,3.753,,,,,,,,,,,,,,,None,68281000000,68281000000,,,,,,None,3892000000,,0.326,0.0583,,,,5.0,0.09,4034000000,7926000000,0.76,2018-06-30,11.67,,49167000000.0,7158000000,4990000000,2117000000,,,None,535000000,None,,None,,,,,2799000000,2873000000,None,None,0.0997,,3093000000,4065000000,,,,,None,,,,,0.129,1.502,0.476,,,,,,,,0.0082,,,2025-11-04,quarterly,0.85,USD,pre-market,0,,0.0262,0.0355,0.025,17.76,2929000000,,,,32.72,35.31,11.8421,,,,,,,75439000000,,55.27,,37.44,24.13
2025-12-28,BP,0.62,185934004000.0,55.27,,0.048,3.753,,,,,,,,,,,,,,,None,61249000000,61249000000,,,,,,None,4357000000,,0.326,0.0583,,,,5.0,0.09,3670000000,8027000000,0.76,2018-03-31,11.67,,49167000000.0,6923000000,3911000000,1380000000,,,None,553000000,None,,None,,,,,2469000000,2531000000,None,None,0.0997,,3308000000,3615000000,,,,,None,,,,,0.129,1.502,0.476,,,,,,,,0.0082,,,2025-11-04,quarterly,0.85,USD,pre-market,0,,0.0262,0.0355,0.025,17.76,2794000000,,,,32.72,35.31,11.8421,,,,,,,68172000000,,55.27,,37.44,24.13
2025-12-28,BP,0.62,185934004000.0,55.27,,0.048,3.753,,,,,,,,,,,,,,,None,64060000000,64060000000,,,,,,None,4417000000,,0.326,0.0583,,,,5.0,0.09,1798000000,6215000000,0.76,2017-12-31,11.67,,49167000000.0,3756000000,1182000000,1119000000,,,None,616000000,None,,None,,,,,27000000,-6773000000,None,None,0.0997,,3502000000,254000000,,,,,None,,,,,0.129,1.502,0.476,,,,,,,,0.0082,,,2025-11-04,quarterly,0.85,USD,pre-market,391000000,,0.0262,0.0355,0.025,17.76,2981000000,,,,32.72,35.31,11.8421,,,,,,,67816000000,,55.27,,37.44,24.13
2025-12-28,BP,0.62,185934004000.0,55.27,,0.048,3.753,,,,,,,,,,,,,,,None,54248000000,54248000000,,,,,,None,4121000000,,0.326,0.0583,,,,5.0,0.09,2868000000,6989000000,0.76,2017-09-30,11.67,,49167000000.0,5770000000,2955000000,1198000000,,,None,511000000,None,,None,,,,,1769000000,16053000000,None,None,0.0997,,2931000000,2839000000,,,,,None,,,,,0.129,1.502,0.476,,,,,,,,0.0082,,,2025-11-04,quarterly,0.85,USD,pre-market,0,,0.0262,0.0355,0.025,17.76,2634000000,,,,32.72,35.31,11.8421,,,,,,,60018000000,,55.27,,37.44,24.13
2025-12-28,BP,0.62,185934004000.0,55.27,,0.048,3.753,,,,,,,,,,,,,,,None,52456000000,52456000000,,,,,,None,4546000000,,0.326,0.0583,,,,5.0,0.09,958000000,5504000000,0.76,2017-06-30,11.67,,49167000000.0,4055000000,928000000,772000000,,,None,487000000,None,,None,,,,,144000000,-7304000000,None,None,0.0997,,3390000000,665000000,,,,,None,,,,,0.129,1.502,0.476,,,,,,,,0.0082,,,2025-11-04,quarterly,0.85,USD,pre-market,0,,0.0262,0.0355,0.025,17.76,2540000000,,,,32.72,35.31,11.8421,,,,,,,56511000000,,55.27,,37.44,24.13
2025-12-28,BP,0.62,185934004000.0,55.27,,0.048,3.753,,,,,,,,,,,,,,,None,50540000000,50540000000,,,,,,None,4103000000,,0.326,0.0583,,,,5.0,0.09,2540000000,6643000000,0.76,2017-03-31,11.67,,49167000000.0,5323000000,2115000000,623000000,,,None,460000000,None,,None,,,,,1449000000,1492000000,None,None,0.0997,,2765000000,2558000000,,,,,None,,,,,0.129,1.502,0.476,,,,,,,,0.0082,,,2025-11-04,quarterly,0.85,USD,pre-market,0,,0.0262,0.0355,0.025,17.76,2353000000,,,,32.72,35.31,11.8421,,,,,,,55863000000,,55.27,,37.44,24.13
2025-12-28,BP,0.62,185934004000.0,55.27,,0.048,3.753,,,,,,,,,,,,,,,None,48319000000,48319000000,,,,,,None,3808000000,,0.326,0.0583,,,,5.0,0.09,1051000000,4859000000,0.76,2016-12-31,11.67,,49167000000.0,2688000000,617000000,74000000,,,None,434000000,None,,None,,,,,497000000,172000000,None,None,0.0997,,3006000000,-318000000,,,,,None,,,,,0.129,1.502,0.476,,,,,,,,0.0082,,,2025-11-04,quarterly,0.85,USD,pre-market,400000000,,0.0262,0.0355,0.025,17.76,2692000000,,,,32.72,35.31,11.8421,,,,,,,51007000000,,55.27,,37.44,24.13
2025-12-28,BP,0.62,185934004000.0,55.27,,0.048,3.753,,,,,,,,,,,,,,,None,44206000000,44206000000,,,,,,None,4183000000,,0.326,0.0583,,,,5.0,0.09,-592000000,3591000000,0.76,2016-09-30,11.67,,49167000000.0,2841000000,1329000000,-248000000,,,None,433000000,None,,None,,,,,1620000000,0,None,None,0.0997,,3451000000,-610000000,,,,,None,,,,,0.129,1.502,0.476,,,,,,,,0.0082,,,2025-11-04,quarterly,0.85,USD,pre-market,0,,0.0262,0.0355,0.025,17.76,2648000000,,,,32.72,35.31,11.8421,,,,,,,47047000000,,55.27,,37.44,24.13
2025-12-28,BP,0.62,185934004000.0,55.27,,0.048,3.753,,,,,,,,,,,,,,,None,47093000000,47093000000,,,,,,None,3897000000,,0.326,0.0583,,,,5.0,0.09,-2962000000,935000000,0.76,2016-06-30,11.67,,49167000000.0,-651000000,-3376000000,-1986000000,,,None,414000000,None,,None,,,,,-1419000000,0,None,None,0.0997,,3047000000,-3698000000,,,,,None,,,,,0.129,1.502,0.476,,,,,,,,0.0082,,,2025-11-04,quarterly,0.85,USD,pre-market,0,,0.0262,0.0355,0.025,17.76,2697000000,,,,32.72,35.31,11.8421,,,,,,,46442000000,,55.27,,37.44,24.13
2025-12-28,BP,0.62,185934004000.0,55.27,,0.048,3.753,,,,,,,,,,,,,,,None,36866000000,36866000000,,,,,,None,3891000000,,0.326,0.0583,,,,5.0,0.09,-318000000,3573000000,0.76,2016-03-31,11.67,,49167000000.0,1646000000,-865000000,-307000000,,,None,394000000,None,,None,,,,,-583000000,0,None,None,0.0997,,2712000000,-1066000000,,,,,None,,,,,0.129,1.502,0.476,,,,,,,,0.0082,,,2025-11-04,quarterly,0.85,USD,pre-market,0,,0.0262,0.0355,0.025,17.76,2458000000,,,,32.72,35.31,11.8421,,,,,,,38512000000,,55.27,,37.44,24.13
2025-12-28,BP,0.62,185934004000.0,55.27,,0.048,3.753,,,,,,,,,,,,,,,None,47485000000,47485000000,,,,,,None,4578000000,,0.326,0.0583,,,,5.0,0.09,-3721000000,857000000,0.76,2015-12-31,11.67,,49167000000.0,1687000000,-4100000000,-776000000,,,None,379000000,None,,None,,,,,-3307000000,-6400000000,None,None,0.0997,,4005000000,-2318000000,,,,,None,,,,,0.129,1.502,0.476,,,,,,,,0.0082,,,2025-11-04,quarterly,0.85,USD,pre-market,418000000,,0.0262,0.0355,0.025,17.76,3082000000,,,,32.72,35.31,11.8421,,,,,,,49172000000,,55.27,,37.44,24.13
2025-12-28,BP,0.62,185934004000.0,55.27,,0.048,3.753,,,,,,,,,,,,,,,None,51445000000,51445000000,,,,,,None,3971000000,,0.326,0.0583,,,,5.0,0.09,465000000,4436000000,0.76,2015-09-30,11.67,,49167000000.0,3285000000,865000000,809000000,,,None,398000000,None,,None,,,,,46000000,0,None,None,0.0997,,3055000000,230000000,,,,,None,,,,,0.129,1.502,0.476,,,,,,,,0.0082,,,2025-11-04,quarterly,0.85,USD,pre-market,0,,0.0262,0.0355,0.025,17.76,2699000000,,,,32.72,35.31,11.8421,,,,,,,54730000000,,55.27,,37.44,24.13
2025-12-28,BP,0.62,185934004000.0,55.27,,0.048,3.753,,,,,,,,,,,,,,,None,67276000000,67276000000,,,,,,None,4571000000,,0.326,0.0583,,,,5.0,0.09,-8323000000,-3752000000,0.76,2015-06-30,11.67,,49167000000.0,-5225000000,-8612000000,-2829000000,,,None,289000000,None,,None,,,,,-5823000000,0,None,None,0.0997,,-5225000000,-9116000000,,,,,None,,,,,0.129,1.502,0.476,,,,,,,,0.0082,,,2025-11-04,quarterly,0.85,USD,pre-market,0,,0.0262,0.0355,0.025,17.76,2989000000,,,,32.72,35.31,11.8421,,,,,,,62051000000,,55.27,,37.44,24.13
2025-12-28,BP,0.62,185934004000.0,55.27,,0.048,3.753,,,,,,,,,,,,,,,None,49134000000,49134000000,,,,,,None,3928000000,,0.326,0.0583,,,,5.0,0.09,2353000000,6281000000,0.76,2015-03-31,11.67,,49167000000.0,5062000000,2276000000,-375000000,,,None,281000000,None,,None,,,,,2602000000,0,None,None,0.0997,,2955000000,2107000000,,,,,None,,,,,0.129,1.502,0.476,,,,,,,,0.0082,,,2025-11-04,quarterly,0.85,USD,pre-market,0,,0.0262,0.0355,0.025,17.76,2783000000,,,,32.72,35.31,11.8421,,,,,,,54196000000,,55.27,,37.44,24.13
2025-12-28,BP,0.62,185934004000.0,55.27,,0.048,3.753,,,,,,,,,,,,,,,None,71691000000,71691000000,,,,,,None,5215000000,,0.326,0.0583,,,,5.0,0.09,-1359000000,3856000000,0.76,2014-12-31,11.67,,49167000000.0,2306000000,-8078000000,-3705000000,,,None,299000000,None,,None,,,,,-4407000000,4003000000,None,None,0.0997,,4521000000,814000000,,,,,None,,,,,0.129,1.502,0.476,,,,,,,,0.0082,,,2025-11-04,quarterly,0.85,USD,pre-market,663000000,,0.0262,0.0355,0.025,17.76,3066000000,,,,32.72,35.31,11.8421,,,,,,,73997000000,,55.27,,37.44,24.13
2025-12-28,BP,0.62,185934004000.0,55.27,,0.048,3.753,,,,,,,,,,,,,,,None,86754000000,86754000000,,,,,,None,4602000000,,0.326,0.0583,,,,5.0,0.09,2896000000,7498000000,0.76,2014-09-30,11.67,,49167000000.0,7150000000,2611000000,1287000000,,,None,285000000,None,,None,,,,,1290000000,0,None,None,0.0997,,4160000000,2990000000,,,,,None,,,,,0.129,1.502,0.476,,,,,,,,0.0082,,,2025-11-04,quarterly,0.85,USD,pre-market,0,,0.0262,0.0355,0.025,17.76,3320000000,,,,32.72,35.31,11.8421,,,,,,,93904000000,,55.27,,37.44,24.13
2025-12-28,BP,0.62,185934004000.0,55.27,,0.048,3.753,,,,,,,,,,,,,,,None,65871000000,65871000000,,,,,,None,4571000000,,0.326,0.0583,,,,5.0,0.09,-8323000000,-3752000000,0.76,2014-06-30,11.67,,49167000000.0,-5225000000,-8612000000,-2829000000,,,None,289000000,None,,None,,,,,-5823000000,0,None,None,0.0997,,-5225000000,-9116000000,,,,,None,,,,,0.129,1.502,0.476,,,,,,,,0.0082,,,2025-11-04,quarterly,0.85,USD,pre-market,0,,0.0262,0.0355,0.025,17.76,2989000000,,,,32.72,35.31,11.8421,,,,,,,60646000000,,55.27,,37.44,24.13
2025-12-28,BP,0.62,185934004000.0,55.27,,0.048,3.753,,,,,,,,,,,,,,,None,82875000000,82875000000,,,,,,None,4422000000,,0.326,0.0583,,,,5.0,0.09,4734000000,9156000000,0.76,2014-03-31,11.67,,49167000000.0,8835000000,5270000000,1651000000,,,None,287000000,None,,None,,,,,3528000000,0,None,None,0.0997,,4148000000,4687000000,,,,,None,,,,,0.129,1.502,0.476,,,,,,,,0.0082,,,2025-11-04,quarterly,0.85,USD,pre-market,0,,0.0262,0.0355,0.025,17.76,3200000000,,,,32.72,35.31,11.8421,,,,,,,91710000000,,55.27,,37.44,24.13
2025-12-28,BP,0.62,185934004000.0,55.27,,0.048,3.753,,,,,,,,,,,,,,,None,87444000000,87444000000,,,,,,None,5633000000,,0.326,0.0583,,,,5.0,0.09,1830000000,7463000000,0.76,2013-12-31,11.67,,49167000000.0,6273000000,1199000000,101000000,,,None,255000000,None,,None,,,,,1042000000,23758000000,None,None,0.0997,,5656000000,3327000000,,,,,None,,,,,0.129,1.502,0.476,,,,,,,,0.0082,,,2025-11-04,quarterly,0.85,USD,pre-market,707000000,,0.0262,0.0355,0.025,17.76,3482000000,,,,32.72,35.31,11.8421,,,,,,,93717000000,,55.27,,37.44,24.13
2025-12-28,BP,0.62,185934004000.0,55.27,,0.048,3.753,,,,,,,,,,,,,,,None,88183000000,88183000000,,,,,,None,3765000000,,0.326,0.0583,,,,5.0,0.09,4646000000,8411000000,0.76,2013-09-30,11.67,,49167000000.0,8418000000,5172000000,1580000000,,,None,279000000,None,,None,,,,,3504000000,0,None,None,0.0997,,3922000000,4496000000,,,,,None,,,,,0.129,1.502,0.476,,,,,,,,0.0082,,,2025-11-04,quarterly,0.85,USD,pre-market,0,,0.0262,0.0355,0.025,17.76,3411000000,,,,32.72,35.31,11.8421,,,,,,,96601000000,,55.27,,37.44,24.13
2025-12-28,BP,0.62,185934004000.0,55.27,,0.048,3.753,,,,,,,,,,,,,,,None,87087000000,87087000000,,,,,,None,3453000000,,0.326,0.0583,,,,5.0,0.09,4368000000,7821000000,0.76,2013-06-30,11.67,,49167000000.0,7624000000,4116000000,1990000000,,,None,252000000,None,,None,,,,,2042000000,0,None,None,0.0997,,3657000000,3967000000,,,,,None,,,,,0.129,1.502,0.476,,,,,,,,0.0082,,,2025-11-04,quarterly,0.85,USD,pre-market,0,,0.0262,0.0355,0.025,17.76,3223000000,,,,32.72,35.31,11.8421,,,,,,,94711000000,,55.27,,37.44,24.13
2025-12-28,BP,0.62,185934004000.0,55.27,,0.048,3.753,,,,,,,,,,,,,,,None,83721000000,83721000000,,,,,,None,3369000000,,0.326,0.0583,,,,5.0,0.09,7554000000,10923000000,0.76,2013-03-31,11.67,,49167000000.0,10386000000,19734000000,2792000000,,,None,282000000,None,,None,,,,,16863000000,0,None,None,0.0997,,3276000000,7110000000,,,,,None,,,,,0.129,1.502,0.476,,,,,,,,0.0082,,,2025-11-04,quarterly,0.85,USD,pre-market,0,,0.0262,0.0355,0.025,17.76,2954000000,,,,32.72,35.31,11.8421,,,,,,,94107000000,,55.27,,37.44,24.13
2025-12-28,BP,0.62,185934004000.0,55.27,,0.048,3.753,,,,,,,,,,,,,,,None,90692000000,90692000000,,,,,,None,3351000000,,0.326,0.0583,,,,5.0,0.09,94000000,3445000000,0.76,2012-12-31,11.67,,49167000000.0,2202000000,3462000000,1782000000,,,None,319000000,None,,None,,,,,1618000000,0,None,None,0.0997,,3698000000,-3036000000,,,,,None,,,,,0.129,1.502,0.476,,,,,,,,0.0082,,,2025-11-04,quarterly,0.85,USD,pre-market,674000000,,0.0262,0.0355,0.025,17.76,3389000000,,,,32.72,35.31,11.8421,,,,,,,92894000000,,55.27,,37.44,24.13
2025-12-28,BP,0.62,185934004000.0,55.27,,0.048,3.753,,,,,,,,,,,,,,,None,80353000000,80353000000,,,,,,None,3318000000,,0.326,0.0583,,,,5.0,0.09,8360000000,11678000000,0.76,2012-09-30,11.67,,49167000000.0,10238000000,8239000000,2739000000,,,None,256000000,None,,None,,,,,5434000000,0,None,None,0.0997,,3917000000,6931000000,,,,,None,,,,,0.129,1.502,0.476,,,,,,,,0.0082,,,2025-11-04,quarterly,0.85,USD,pre-market,0,,0.0262,0.0355,0.025,17.76,3627000000,,,,32.72,35.31,11.8421,,,,,,,90591000000,,55.27,,37.44,24.13
2025-12-28,BP,0.62,185934004000.0,55.27,,0.048,3.753,,,,,,,,,,,,,,,None,88115000000,88115000000,,,,,,None,3269000000,,0.326,0.0583,,,,5.0,0.09,2261000000,5530000000,0.76,2012-06-30,11.67,,49167000000.0,5226000000,-1815000000,-475000000,,,None,267000000,None,,None,,,,,-1385000000,0,None,None,0.0997,,3829000000,2139000000,,,,,None,,,,,0.129,1.502,0.476,,,,,,,,0.0082,,,2025-11-04,quarterly,0.85,USD,pre-market,0,,0.0262,0.0355,0.025,17.76,3213000000,,,,32.72,35.31,11.8421,,,,,,,93341000000,,55.27,,37.44,24.13
2025-12-28,BP,0.62,185934004000.0,55.27,,0.048,3.753,,,,,,,,,,,,,,,None,83918000000,83918000000,,,,,,None,3288000000,,0.326,0.0583,,,,5.0,0.09,9078000000,12366000000,0.76,2012-03-31,11.67,,49167000000.0,10122000000,8923000000,2947000000,,,None,283000000,None,,None,,,,,5915000000,0,None,None,0.0997,,3388000000,7667000000,,,,,None,,,,,0.129,1.502,0.476,,,,,,,,0.0082,,,2025-11-04,quarterly,0.85,USD,pre-market,0,,0.0262,0.0355,0.025,17.76,3128000000,,,,32.72,35.31,11.8421,,,,,,,94040000000,,55.27,,37.44,24.13
2025-12-28,BP,0.62,185934004000.0,55.27,,0.048,3.753,,,,,,,,,,,,,,,None,80473000000,80473000000,,,,,,None,3083000000,,0.326,0.0583,,,,5.0,0.09,10306000000,13389000000,0.76,2011-12-31,11.67,,49167000000.0,12968000000,11118000000,3344000000,,,None,326000000,None,,None,,,,,7685000000,0,None,None,0.0997,,4252000000,10093000000,,,,,None,,,,,0.129,1.502,0.476,,,,,,,,0.0082,,,2025-11-04,quarterly,0.85,USD,pre-market,636000000,,0.0262,0.0355,0.025,17.76,3910000000,,,,32.72,35.31,11.8421,,,,,,,93441000000,,55.27,,37.44,24.13
2025-12-28,BP,0.62,185934004000.0,55.27,,0.048,3.753,,,,,,,,,,,,,,,None,83655000000,83655000000,,,,,,None,2674000000,,0.326,0.0583,,,,5.0,0.09,7788000000,10462000000,0.76,2011-09-30,11.67,,49167000000.0,12518000000,7354000000,2270000000,,,None,298000000,None,,None,,,,,4907000000,0,None,None,0.0997,,6440000000,6078000000,,,,,None,,,,,0.129,1.502,0.476,,,,,,,,0.0082,,,2025-11-04,quarterly,0.85,USD,pre-market,0,,0.0262,0.0355,0.025,17.76,3693000000,,,,32.72,35.31,11.8421,,,,,,,96173000000,,55.27,,37.44,24.13
2025-12-28,BP,0.62,185934004000.0,55.27,,0.048,3.753,,,,,,,,,,,,,,,None,86837000000,86837000000,,,,,,None,3275000000,,0.326,0.0583,,,,5.0,0.09,9142000000,12417000000,0.76,2011-06-30,11.67,,49167000000.0,15302000000,8730000000,3040000000,,,None,314000000,None,,None,,,,,5620000000,0,None,None,0.0997,,6798000000,8504000000,,,,,None,,,,,0.129,1.502,0.476,,,,,,,,0.0082,,,2025-11-04,quarterly,0.85,USD,pre-market,0,,0.0262,0.0355,0.025,17.76,3448000000,,,,32.72,35.31,11.8421,,,,,,,102139000000,,55.27,,37.44,24.13
2025-12-28,BP,0.62,185934004000.0,55.27,,0.048,3.753,,,,,,,,,,,,,,,None,70060000000,70060000000,,,,,,None,3127000000,,0.326,0.0583,,,,5.0,0.09,11706000000,14833000000,0.76,2011-03-31,11.67,,49167000000.0,15269000000,11268000000,4083000000,,,None,308000000,None,,None,,,,,7124000000,0,None,None,0.0997,,6141000000,9128000000,,,,,None,,,,,0.129,1.502,0.476,,,,,,,,0.0082,,,2025-11-04,quarterly,0.85,USD,pre-market,0,,0.0262,0.0355,0.025,17.76,2907000000,,,,32.72,35.31,11.8421,,,,,,,85329000000,,55.27,,37.44,24.13
2025-12-28,BP,0.62,185934004000.0,55.27,,0.048,3.753,,,,,,,,,,,,,,,None,67385000000,67385000000,,,,,,None,2502000000,,0.326,0.0583,,,,5.0,0.09,8918000000,11420000000,0.76,2010-12-31,11.67,,49167000000.0,8412000000,8559000000,2896000000,,,None,359000000,None,,None,,,,,5567000000,0,None,None,0.0997,,6188000000,2224000000,,,,,None,,,,,0.129,1.502,0.476,,,,,,,,0.0082,,,2025-11-04,quarterly,0.85,USD,pre-market,780000000,,0.0262,0.0355,0.025,17.76,3409000000,,,,32.72,35.31,11.8421,,,,,,,75797000000,,55.27,,37.44,24.13
2025-12-28,BP,0.62,185934004000.0,55.27,,0.048,3.753,,,,,,,,,,,,,,,None,66275000000,66275000000,,,,,,None,2812000000,,0.326,0.0583,,,,5.0,0.09,-312000000,2500000000,0.76,2010-09-30,11.67,,49167000000.0,5756000000,1581000000,-292000000,,,None,348000000,None,,None,,,,,1785000000,0,None,None,0.0997,,6081000000,-325000000,,,,,None,,,,,0.129,1.502,0.476,,,,,,,,0.0082,,,2025-11-04,quarterly,0.85,USD,pre-market,0,,0.0262,0.0355,0.025,17.76,3187000000,,,,32.72,35.31,11.8421,,,,,,,72031000000,,55.27,,37.44,24.13
2025-12-28,BP,0.62,185934004000.0,55.27,,0.048,3.753,,,,,,,,,,,,,,,None,93753000000,93753000000,,,,,,None,2833000000,,0.326,0.0583,,,,5.0,0.09,-25145000000,-22312000000,0.76,2010-06-30,11.67,,49167000000.0,-18853000000,-24343000000,-7295000000,,,None,225000000,None,,None,,,,,-17150000000,0,None,None,0.0997,,6303000000,-25156000000,,,,,None,,,,,0.129,1.502,0.476,,,,,,,,0.0082,,,2025-11-04,quarterly,0.85,USD,pre-market,0,,0.0262,0.0355,0.025,17.76,2939000000,,,,32.72,35.31,11.8421,,,,,,,74900000000,,55.27,,37.44,24.13
2025-12-28,BP,0.62,185934004000.0,55.27,,0.048,3.753,,,,,,,,,,,,,,,None,58657000000,58657000000,,,,,,None,3017000000,,0.326,0.0583,,,,5.0,0.09,9616000000,12633000000,0.76,2010-03-31,11.67,,49167000000.0,15722000000,9378000000,3190000000,,,None,238000000,None,,None,,,,,6079000000,0,None,None,0.0997,,5990000000,9732000000,,,,,None,,,,,0.129,1.502,0.476,,,,,,,,0.0082,,,2025-11-04,quarterly,0.85,USD,pre-market,0,,0.0262,0.0355,0.025,17.76,3020000000,,,,32.72,35.31,11.8421,,,,,,,74379000000,,55.27,,37.44,24.13
2025-12-28,BP,0.62,185934004000.0,55.27,,0.048,3.753,,,,,,,,,,,,,,,None,57325000000,57325000000,,,,,,None,2726000000,,0.326,0.0583,,,,5.0,0.09,7768000000,10494000000,0.76,2009-12-31,11.67,,49167000000.0,17544000000,6632000000,2254000000,,,None,302000000,None,,None,,,,,4295000000,0,None,None,0.0997,,6844000000,10700000000,,,,,None,,,,,0.129,1.502,0.476,,,,,,,,0.0082,,,2025-11-04,quarterly,0.85,USD,pre-market,587000000,,0.0262,0.0355,0.025,17.76,3979000000,,,,32.72,35.31,11.8421,,,,,,,74869000000,,55.27,,37.44,24.13
2025-12-28,BP,0.62,185934004000.0,55.27,,0.048,3.753,,,,,,,,,,,,,,,None,53379000000,53379000000,,,,,,None,3216000000,,0.326,0.0583,,,,5.0,0.09,7901000000,11117000000,0.76,2009-09-30,11.67,,49167000000.0,13041000000,7590000000,2235000000,,,None,311000000,None,,None,,,,,5336000000,0,None,None,0.0997,,6789000000,6252000000,,,,,None,,,,,0.129,1.502,0.476,,,,,,,,0.0082,,,2025-11-04,quarterly,0.85,USD,pre-market,378000000,,0.0262,0.0355,0.025,17.76,3420000000,,,,32.72,35.31,11.8421,,,,,,,66420000000,,55.27,,37.44,24.13
2025-12-28,BP,0.62,185934004000.0,55.27,,0.048,3.753,,,,,,,,,,,,,,,None,42677000000,42677000000,,,,,,None,3315000000,,0.326,0.0583,,,,5.0,0.09,6787000000,10102000000,0.76,2009-06-30,11.67,,49167000000.0,13362000000,6772000000,2343000000,,,None,321000000,None,,None,,,,,4385000000,0,None,None,0.0997,,6575000000,6787000000,,,,,None,,,,,0.129,1.502,0.476,,,,,,,,0.0082,,,2025-11-04,quarterly,0.85,USD,pre-market,0,,0.0262,0.0355,0.025,17.76,3290000000,,,,32.72,35.31,11.8421,,,,,,,56039000000,,55.27,,37.44,24.13
2025-12-28,BP,0.62,185934004000.0,55.27,,0.048,3.753,,,,,,,,,,,,,,,None,37345000000,37345000000,,,,,,None,2849000000,,0.326,0.0583,,,,5.0,0.09,4554000000,7403000000,0.76,2009-03-31,11.67,,49167000000.0,10659000000,4130000000,1533000000,,,None,368000000,None,,None,,,,,2562000000,0,None,None,0.0997,,6105000000,4554000000,,,,,None,,,,,0.129,1.502,0.476,,,,,,,,0.0082,,,2025-11-04,quarterly,0.85,USD,pre-market,0,,0.0262,0.0355,0.025,17.76,3349000000,,,,32.72,35.31,11.8421,,,,,,,48004000000,,55.27,,37.44,24.13
2025-12-28,BP,0.62,185934004000.0,55.27,,0.048,3.753,,,,,,,,,,,,,,,None,52375000000,52375000000,,,,,,None,2700000000,,0.326,0.0583,,,,5.0,0.09,-3358000000,-658000000,0.76,2008-12-31,11.67,,49167000000.0,13659000000,-3913000000,-712000000,,,None,307000000,None,,None,,,,,-3343000000,0,None,None,0.0997,,14868000000,-1209000000,,,,,None,,,,,0.129,1.502,0.476,,,,,,,,0.0082,,,2025-11-04,quarterly,0.85,USD,pre-market,595000000,,0.0262,0.0355,0.025,17.76,4451000000,,,,32.72,35.31,11.8421,,,,,,,66034000000,,55.27,,37.44,24.13
2025-12-28,BP,0.62,185934004000.0,55.27,,0.048,3.753,,,,,,,,,,,,,,,None,86669000000,86669000000,,,,,,None,2425000000,,0.326,0.0583,,,,5.0,0.09,13004000000,15429000000,0.76,2008-09-30,11.67,,49167000000.0,16698000000,12287000000,4101000000,,,None,391000000,None,,None,,,,,8049000000,0,None,None,0.0997,,6679000000,10019000000,,,,,None,,,,,0.129,1.502,0.476,,,,,,,,0.0082,,,2025-11-04,quarterly,0.85,USD,pre-market,232000000,,0.0262,0.0355,0.025,17.76,3794000000,,,,32.72,35.31,11.8421,,,,,,,103367000000,,55.27,,37.44,24.13
2025-12-28,BP,0.62,185934004000.0,55.27,,0.048,3.753,,,,,,,,,,,,,,,None,87206000000,87206000000,,,,,,None,2894000000,,0.326,0.0583,,,,5.0,0.09,14887000000,17781000000,0.76,2008-06-30,11.67,,49167000000.0,23697000000,14506000000,5036000000,,,None,381000000,None,,None,,,,,9358000000,0,None,None,0.0997,,9026000000,14671000000,,,,,None,,,,,0.129,1.502,0.476,,,,,,,,0.0082,,,2025-11-04,quarterly,0.85,USD,pre-market,0,,0.0262,0.0355,0.025,17.76,3977000000,,,,32.72,35.31,11.8421,,,,,,,110903000000,,55.27,,37.44,24.13
2025-12-28,BP,0.62,185934004000.0,55.27,,0.048,3.753,,,,,,,,,,,,,,,None,70797000000,70797000000,,,,,,None,2966000000,,0.326,0.0583,,,,5.0,0.09,11810000000,14776000000,0.76,2008-03-31,11.67,,49167000000.0,16948000000,11404000000,4192000000,,,None,406000000,None,,None,,,,,7094000000,0,None,None,0.0997,,6147000000,10801000000,,,,,None,,,,,0.129,1.502,0.476,,,,,,,,0.0082,,,2025-11-04,quarterly,0.85,USD,pre-market,293000000,,0.0262,0.0355,0.025,17.76,4189000000,,,,32.72,35.31,11.8421,,,,,,,87745000000,,55.27,,37.44,24.13
2025-12-28,BP,0.62,185934004000.0,55.27,,0.048,3.753,,,,,,,,,,,,,,,None,62164000000,62164000000,,,,,,None,3020000000,,0.326,0.0583,,,,5.0,0.09,6228000000,9248000000,0.76,2007-12-31,11.67,,49167000000.0,22274000000,7065000000,2561000000,,,None,393000000,None,,None,,,,,4399000000,0,None,None,0.0997,,8981000000,13293000000,,,,,None,,,,,0.129,1.502,0.476,,,,,,,,0.0082,,,2025-11-04,quarterly,0.85,USD,pre-market,566000000,,0.0262,0.0355,0.025,17.76,4212000000,,,,32.72,35.31,11.8421,,,,,,,84438000000,,55.27,,37.44,24.13
2025-12-28,BP,0.62,185934004000.0,55.27,,0.048,3.753,,,,,,,,,,,,,,,None,60602000000,60602000000,,,,,,None,2505000000,,0.326,0.0583,,,,5.0,0.09,6898000000,9403000000,0.76,2007-09-30,11.67,,49167000000.0,10732000000,6636000000,2158000000,,,None,262000000,None,,None,,,,,4406000000,0,None,None,0.0997,,5538000000,5194000000,,,,,None,,,,,0.129,1.502,0.476,,,,,,,,0.0082,,,2025-11-04,quarterly,0.85,USD,pre-market,244000000,,0.0262,0.0355,0.025,17.76,4136995863,,,,32.72,35.31,11.8421,,,,,,,71334000000,,55.27,,37.44,24.13
2025-12-28,BP,0.62,185934004000.0,55.27,,0.048,3.753,,,,,,,,,,,,,,,None,56414000000,56414000000,,,,,,None,2535000000,,0.326,0.0583,,,,5.0,0.09,9742000000,12277000000,0.76,2007-06-30,11.67,,49167000000.0,16669000000,10724000000,3283000000,,,None,345000000,None,,None,,,,,7376000000,0,None,None,0.0997,,6927000000,9742000000,,,,,None,,,,,0.129,1.502,0.476,,,,,,,,0.0082,,,2025-11-04,quarterly,0.85,USD,pre-market,0,,0.0262,0.0355,0.025,17.76,3565000000,,,,32.72,35.31,11.8421,,,,,,,73083000000,,55.27,,37.44,24.13
2025-12-28,BP,0.62,185934004000.0,55.27,,0.048,3.753,,,,,,,,,,,,,,,None,48412000000,48412000000,,,,,,None,2519000000,,0.326,0.0583,,,,5.0,0.09,7450000000,9969000000,0.76,2007-03-31,11.67,,49167000000.0,12895000000,7186000000,2440000000,,,None,264000000,None,,None,,,,,4664000000,0,None,None,0.0997,,7600000000,5295000000,,,,,None,,,,,0.129,1.502,0.476,,,,,,,,0.0082,,,2025-11-04,quarterly,0.85,USD,pre-market,156000000,,0.0262,0.0355,0.025,17.76,3613000000,,,,32.72,35.31,11.8421,,,,,,,61307000000,,55.27,,37.44,24.13
2025-12-28,BP,0.62,185934004000.0,55.27,,0.048,3.753,,,,,,,,,,,,,,,None,48487000000,48487000000,,,,,,None,2441000000,,0.326,0.0583,,,,5.0,0.09,1032000000,3473000000,0.76,2006-12-31,11.67,,49167000000.0,18155000000,-5198000000,1532000000,,,None,290000000,None,,None,,,,,3195000000,0,None,None,0.0997,,8317000000,9838000000,,,,,None,,,,,0.129,1.502,0.476,,,,,,,,0.0082,,,2025-11-04,quarterly,0.85,USD,pre-market,395000000,,0.0262,0.0355,0.025,17.76,4205000000,,,,32.72,35.31,11.8421,,,,,,,66642000000,,55.27,,37.44,24.13
2025-12-28,BP,0.62,185934004000.0,55.27,,0.048,3.753,,,,,,,,,,,,,,,None,55057000000,55057000000,,,,,,None,2194000000,,0.326,0.0583,,,,5.0,0.09,10919000000,13113000000,0.76,2006-09-30,11.67,,49167000000.0,17945000000,10908000000,4614000000,,,None,328000000,None,,None,,,,,6231000000,0,None,None,0.0997,,7026000000,10919000000,,,,,None,,,,,0.129,1.502,0.476,,,,,,,,0.0082,,,2025-11-04,quarterly,0.85,USD,pre-market,0,,0.0262,0.0355,0.025,17.76,3630000000,,,,32.72,35.31,11.8421,,,,,,,73002000000,,55.27,,37.44,24.13
2025-12-28,BP,0.62,185934004000.0,55.27,,0.048,3.753,,,,,,,,,,,,,,,None,56400000000,56400000000,,,,,,None,2309000000,,0.326,0.0583,,,,5.0,0.09,10091000000,12400000000,0.76,2006-06-30,11.67,,49167000000.0,16770000000,10706000000,3441000000,,,None,285000000,None,,None,,,,,7266000000,0,None,None,0.0997,,6680000000,10090000000,,,,,None,,,,,0.129,1.502,0.476,,,,,,,,0.0082,,,2025-11-04,quarterly,0.85,USD,pre-market,0,,0.0262,0.0355,0.025,17.76,3516000000,,,,32.72,35.31,11.8421,,,,,,,73170000000,,55.27,,37.44,24.13
2025-12-28,BP,0.62,185934004000.0,55.27,,0.048,3.753,,,,,,,,,,,,,,,None,49036000000,49036000000,,,,,,None,2184000000,,0.326,0.0583,,,,5.0,0.09,8737000000,10921000000,0.76,2006-03-31,11.67,,49167000000.0,14252000000,8726000000,2929000000,,,None,191000000,None,,None,,,,,5623000000,0,None,None,0.0997,,5913000000,8339000000,,,,,None,,,,,0.129,1.502,0.476,,,,,,,,0.0082,,,2025-11-04,quarterly,0.85,USD,pre-market,189000000,,0.0262,0.0355,0.025,17.76,3096000000,,,,32.72,35.31,11.8421,,,,,,,63288000000,,55.27,,37.44,24.13
2025-12-28,BP,0.62,185934004000.0,55.27,,0.048,3.753,,,,,,,,,,,,,,,None,24722000000,24722000000,,,,,,None,2351000000,,0.326,0.0583,,,,5.0,0.09,6314000000,8665000000,0.76,2005-12-31,11.67,,49167000000.0,32302000000,5365000000,2029000000,,,None,444000000,None,,None,,,,,3685000000,0,None,None,0.0997,,27020000000,6070000000,,,,,None,,,,,0.129,1.502,0.476,,,,,,,,0.0082,,,2025-11-04,quarterly,0.85,USD,pre-market,684000000,,0.0262,0.0355,0.025,17.76,4013000000,,,,32.72,35.31,11.8421,,,,,,,57024000000,,55.27,,37.44,24.13
2025-12-28,BP,0.62,185934004000.0,55.27,,0.048,3.753,,,,,,,,,,,,,,,None,52352000000,52352000000,,,,,,None,2041000000,,0.326,0.0583,,,,5.0,0.09,10154000000,12195000000,0.76,2005-09-30,11.67,,49167000000.0,15639000000,9871000000,2674000000,,,None,237000000,None,,None,,,,,6463000000,0,None,None,0.0997,,5485000000,10154000000,,,,,None,,,,,0.129,1.502,0.476,,,,,,,,0.0082,,,2025-11-04,quarterly,0.85,USD,pre-market,0,,0.0262,0.0355,0.025,17.76,3444000000,,,,32.72,35.31,11.8421,,,,,,,67991000000,,55.27,,37.44,24.13
2025-12-28,BP,0.62,185934004000.0,55.27,,0.048,3.753,,,,,,,,,,,,,,,None,158946000000,158946000000,,,,,,None,16622000000,,0.326,0.0583,,,,5.0,0.09,11361000000,27983000000,0.76,2024-12-31,11.67,,49167000000.0,30239000000,6782000000,5553000000,,,None,4579000000,2773000000,,None,,,,,381000000,1229000000,-1742000000,None,0.0997,,16624000000,13615000000,,,,,None,,,,,0.129,1.502,0.476,,,,,,,,0.0082,,,2025-11-04,annual,0.85,USD,pre-market,301000000,,0.0262,0.0355,0.025,17.76,16417000000,,,,32.72,35.31,11.8421,,,,,,,189185000000,,55.27,,37.44,24.13
2025-12-28,BP,0.62,185934004000.0,55.27,,0.048,3.753,,,,,,,,,,,,,,,None,144294000000,144294000000,,,,,,None,15928000000,,0.326,0.0583,,,,5.0,0.09,27575000000,43503000000,0.76,2023-12-31,11.67,,49167000000.0,64057000000,23749000000,7869000000,,,None,2929000000,971000000,,None,,,,,15239000000,26605000000,-1796000000,None,0.0997,,17080000000,46977000000,,,,,None,,,,,0.129,1.502,0.476,,,,,,,,0.0082,,,2025-11-04,annual,0.85,USD,pre-market,298000000,,0.0262,0.0355,0.025,17.76,16772000000,,,,32.72,35.31,11.8421,,,,,,,208351000000,,55.27,,37.44,24.13
2025-12-28,BP,0.62,185934004000.0,55.27,,0.048,3.753,,,,,,,,,,,,,,,None,186296000000,186296000000,,,,,,None,14318000000,,0.326,0.0583,,,,5.0,0.09,18028000000,32346000000,0.76,2022-12-31,11.67,,49167000000.0,55096000000,15405000000,16762000000,,,None,2623000000,1103000000,,None,,,,,-2487000000,-1357000000,-1531000000,None,0.0997,,13649000000,41447000000,,,,,None,,,,,0.129,1.502,0.476,,,,,,,,0.0082,,,2025-11-04,annual,0.85,USD,pre-market,274000000,,0.0262,0.0355,0.025,17.76,13449000000,,,,32.72,35.31,11.8421,,,,,,,241392000000,,55.27,,37.44,24.13
2025-12-28,BP,0.62,185934004000.0,55.27,,0.048,3.753,,,,,,,,,,,,,,,None,134879000000,134879000000,,,,,,None,14805000000,,0.326,0.0583,,,,5.0,0.09,17744000000,32549000000,0.76,2021-12-31,11.67,,49167000000.0,22860000000,15227000000,6740000000,,,None,2517000000,581000000,,None,,,,,7565000000,8487000000,-2274000000,None,0.0997,,12188000000,10672000000,,,,,None,,,,,0.129,1.502,0.476,,,,,,,,0.0082,,,2025-11-04,annual,0.85,USD,pre-market,266000000,,0.0262,0.0355,0.025,17.76,11931000000,,,,32.72,35.31,11.8421,,,,,,,157739000000,,55.27,,37.44,24.13
2025-12-28,BP,0.62,185934004000.0,55.27,,0.048,3.753,,,,,,,,,,,,,,,None,95760000000,95760000000,,,,,,None,14889000000,,0.326,0.0583,,,,5.0,0.09,-21931000000,-7042000000,0.76,2020-12-31,11.67,,49167000000.0,10184000000,-24888000000,-4159000000,,,None,2158000000,2855000000,,None,,,,,-20305000000,-20729000000,-2485000000,None,0.0997,,10757000000,-573000000,,,,,None,,,,,0.129,1.502,0.476,,,,,,,,0.0082,,,2025-11-04,annual,0.85,USD,pre-market,332000000,,0.0262,0.0355,0.025,17.76,10397000000,,,,32.72,35.31,11.8421,,,,,,,105944000000,,55.27,,37.44,24.13
2025-12-28,BP,0.62,185934004000.0,55.27,,0.048,3.753,,,,,,,,,,,,,,,None,131724000000,131724000000,,,,,,None,17780000000,,0.326,0.0583,,,,5.0,0.09,11643000000,29423000000,0.76,2019-12-31,11.67,,49167000000.0,27583000000,8154000000,3964000000,,,None,2415000000,1262000000,,None,,,,,4026000000,4190000000,-2783000000,None,0.0997,,11390000000,16193000000,,,,,None,,,,,0.129,1.502,0.476,,,,,,,,0.0082,,,2025-11-04,annual,0.85,USD,pre-market,364000000,,0.0262,0.0355,0.025,17.76,11057000000,,,,32.72,35.31,11.8421,,,,,,,159307000000,,55.27,,37.44,24.13
2025-12-28,BP,0.62,185934004000.0,55.27,,0.048,3.753,,,,,,,,,,,,,,,None,269876000000,269876000000,,,,,,None,16542000000,,0.326,0.0583,,,,5.0,0.09,18166000000,34708000000,0.76,2018-12-31,11.67,,49167000000.0,28880000000,16723000000,7145000000,,,None,2528000000,2434000000,,None,,,,,9383000000,9578000000,-1882000000,None,0.0997,,13624000000,16341000000,,,,,None,,,,,0.129,1.502,0.476,,,,,,,,0.0082,,,2025-11-04,annual,0.85,USD,pre-market,429000000,,0.0262,0.0355,0.025,17.76,12179000000,,,,32.72,35.31,11.8421,,,,,,,298756000000,,55.27,,37.44,24.13
2025-12-28,BP,0.62,185934004000.0,55.27,,0.048,3.753,,,,,,,,,,,,,,,None,221304000000,221304000000,,,,,,None,17187000000,,0.326,0.0583,,,,5.0,0.09,8633000000,25820000000,0.76,2017-12-31,11.67,,49167000000.0,18904000000,7180000000,3712000000,,,None,2074000000,1374000000,,None,,,,,3389000000,3468000000,-1637000000,None,0.0997,,12588000000,7919000000,,,,,None,,,,,0.129,1.502,0.476,,,,,,,,0.0082,,,2025-11-04,annual,0.85,USD,pre-market,391000000,,0.0262,0.0355,0.025,17.76,10508000000,,,,32.72,35.31,11.8421,,,,,,,240208000000,,55.27,,37.44,24.13
2025-12-28,BP,0.62,185934004000.0,55.27,,0.048,3.753,,,,,,,,,,,,,,,None,176484000000,176484000000,,,,,,None,15779000000,,0.326,0.0583,,,,5.0,0.09,-1894000000,13885000000,0.76,2016-12-31,11.67,,49167000000.0,6524000000,-2295000000,-2467000000,,,None,1675000000,1521000000,,None,,,,,115000000,172000000,-1359000000,None,0.0997,,12216000000,-4418000000,,,,,None,,,,,0.129,1.502,0.476,,,,,,,,0.0082,,,2025-11-04,annual,0.85,USD,pre-market,400000000,,0.0262,0.0355,0.025,17.76,10495000000,,,,32.72,35.31,11.8421,,,,,,,183008000000,,55.27,,37.44,24.13
2025-12-28,BP,0.62,185934004000.0,55.27,,0.048,3.753,,,,,,,,,,,,,,,None,218085000000,218085000000,,,,,,None,17048000000,,0.326,0.0583,,,,5.0,0.09,-6981000000,10067000000,0.76,2015-12-31,11.67,,49167000000.0,4809000000,-9571000000,-3171000000,,,None,1347000000,1656000000,,None,,,,,-6482000000,-6400000000,None,None,0.0997,,13906000000,-10358000000,,,,,None,,,,,0.129,1.502,0.476,,,,,,,,0.0082,,,2025-11-04,annual,0.85,USD,pre-market,418000000,,0.0262,0.0355,0.025,17.76,11553000000,,,,32.72,35.31,11.8421,,,,,,,222894000000,,55.27,,37.44,24.13
2025-12-28,BP,0.62,185934004000.0,55.27,,0.048,3.753,,,,,,,,,,,,,,,None,327403000000,327403000000,,,,,,None,18192000000,,0.326,0.0583,,,,5.0,0.09,3069000000,21261000000,0.76,2014-12-31,11.67,,49167000000.0,26165000000,4950000000,947000000,,,None,836642056,None,,None,,,,,3780000000,4003000000,None,None,0.0997,,16328000000,12866000000,,,,,None,,,,,0.129,1.502,0.476,,,,,,,,0.0082,,,2025-11-04,annual,0.85,USD,pre-market,663000000,,0.0262,0.0355,0.025,17.76,12696000000,,,,32.72,35.31,11.8421,,,,,,,353568000000,,55.27,,37.44,24.13
2025-12-28,BP,0.62,185934004000.0,55.27,,0.048,3.753,,,,,,,,,,,,,,,None,346435000000,346435000000,,,,,,None,16220000000,,0.326,0.0583,,,,5.0,0.09,19676000000,35896000000,0.76,2013-12-31,11.67,,49167000000.0,32701000000,30221000000,6463000000,,,None,1068000000,None,,None,,,,,23451000000,23758000000,None,None,0.0997,,16511000000,18900000000,,,,,None,,,,,0.129,1.502,0.476,,,,,,,,0.0082,,,2025-11-04,annual,0.85,USD,pre-market,707000000,,0.0262,0.0355,0.025,17.76,13070000000,,,,32.72,35.31,11.8421,,,,,,,379136000000,,55.27,,37.44,24.13
2025-12-28,BP,0.62,185934004000.0,55.27,,0.048,3.753,,,,,,,,,,,,,,,None,343078000000,343078000000,,,,,,None,13226000000,,0.326,0.0583,,,,5.0,0.09,18664000000,31890000000,0.76,2012-12-31,11.67,,49167000000.0,27788000000,18809000000,6993000000,,,None,1125000000,None,,None,,,,,11582000000,None,None,None,0.0997,,14832000000,13701000000,,,,,None,,,,,0.129,1.502,0.476,,,,,,,,0.0082,,,2025-11-04,annual,0.85,USD,pre-market,674000000,,0.0262,0.0355,0.025,17.76,13357000000,,,,32.72,35.31,11.8421,,,,,,,370866000000,,55.27,,37.44,24.13
2025-12-28,BP,0.62,185934004000.0,55.27,,0.048,3.753,,,,,,,,,,,,,,,None,329178000000,329178000000,,,,,,None,12159000000,,0.326,0.0583,,,,5.0,0.09,38613000000,50772000000,0.76,2011-12-31,11.67,,49167000000.0,46339000000,38834000000,12737000000,,,None,1246000000,None,,None,,,,,25700000000,None,None,None,0.0997,,15478000000,34991000000,,,,,None,,,,,0.129,1.502,0.476,,,,,,,,0.0082,,,2025-11-04,annual,0.85,USD,pre-market,636000000,,0.0262,0.0355,0.025,17.76,13958000000,,,,32.72,35.31,11.8421,,,,,,,375517000000,,55.27,,37.44,24.13
2025-12-28,BP,0.62,185934004000.0,55.27,,0.048,3.753,,,,,,,,,,,,,,,None,286070000000,286070000000,,,,,,None,11539000000,,0.326,0.0583,,,,5.0,0.09,-4030000000,7509000000,0.76,2010-12-31,11.67,,49167000000.0,15794000000,-4825000000,-1501000000,,,None,1217000000,None,,None,,,,,-3719000000,None,None,None,0.0997,,24871000000,-13525000000,,,,,None,,,,,0.129,1.502,0.476,,,,,,,,0.0082,,,2025-11-04,annual,0.85,USD,pre-market,780000000,,0.0262,0.0355,0.025,17.76,12555000000,,,,32.72,35.31,11.8421,,,,,,,301864000000,,55.27,,37.44,24.13
2025-12-28,BP,0.62,185934004000.0,55.27,,0.048,3.753,,,,,,,,,,,,,,,None,190726000000,190726000000,,,,,,None,12699000000,,0.326,0.0583,,,,5.0,0.09,25641000000,38340000000,0.76,2009-12-31,11.67,,49167000000.0,53239000000,25124000000,8365000000,,,None,1302000000,None,,None,,,,,16578000000,None,None,None,0.0997,,26653000000,26586000000,,,,,None,,,,,0.129,1.502,0.476,,,,,,,,0.0082,,,2025-11-04,annual,0.85,USD,pre-market,587000000,,0.0262,0.0355,0.025,17.76,14038000000,,,,32.72,35.31,11.8421,,,,,,,243965000000,,55.27,,37.44,24.13
2025-12-28,BP,0.62,185934004000.0,55.27,,0.048,3.753,,,,,,,,,,,,,,,None,302691000000,302691000000,,,,,,None,10985000000,,0.326,0.0583,,,,5.0,0.09,35830000000,46815000000,0.76,2008-12-31,11.67,,49167000000.0,58452000000,34281000000,12617000000,,,None,1547000000,None,,None,,,,,21155000000,None,None,None,0.0997,,28144000000,35730000000,,,,,None,,,,,0.129,1.502,0.476,,,,,,,,0.0082,,,2025-11-04,annual,0.85,USD,pre-market,882000000,,0.0262,0.0355,0.025,17.76,14654000000,,,,32.72,35.31,11.8421,,,,,,,361143000000,,55.27,,37.44,24.13
2025-12-28,BP,0.62,185934004000.0,55.27,,0.048,3.753,,,,,,,,,,,,,,,None,230694000000,230694000000,,,,,,None,10579000000,,0.326,0.0583,,,,5.0,0.09,31551000000,42130000000,0.76,2007-12-31,11.67,,49167000000.0,53671000000,31611000000,10442000000,,,None,1110000000,None,,None,,,,,20845000000,None,None,None,0.0997,,28191000000,31551000000,,,,,None,,,,,0.129,1.502,0.476,,,,,,,,0.0082,,,2025-11-04,annual,0.85,USD,pre-market,756000000,,0.0262,0.0355,0.025,17.76,15371000000,,,,32.72,35.31,11.8421,,,,,,,284365000000,,55.27,,37.44,24.13
2025-12-28,BP,0.62,185934004000.0,55.27,,0.048,3.753,,,,,,,,,,,,,,,None,214597000000,214597000000,,,,,,None,9128000000,,0.326,0.0583,,,,5.0,0.09,31885000000,41013000000,0.76,2006-12-31,11.67,,49167000000.0,51309000000,34642000000,12331000000,,,None,718000000,None,,None,,,,,22000000000,None,None,None,0.0997,,26614000000,31885000000,,,,,None,,,,,0.129,1.502,0.476,,,,,,,,0.0082,,,2025-11-04,annual,0.85,USD,pre-market,1045000000,,0.0262,0.0355,0.025,17.76,14447000000,,,,32.72,35.31,11.8421,,,,,,,265906000000,,55.27,,37.44,24.13
2025-12-28,BP,0.62,185934004000.0,55.27,,0.048,3.753,,,,,,,,,,,,,,,None,163026000000,163026000000,,,,,,None,8771000000,,0.326,0.0583,,,,5.0,0.09,33159000000,41930000000,0.76,2005-12-31,11.67,,49167000000.0,76766000000,31921000000,9473000000,,,None,616000000,None,,None,,,,,22341000000,None,None,None,0.0997,,44395000000,33159000000,,,,,None,,,,,0.129,1.502,0.476,,,,,,,,0.0082,,,2025-11-04,annual,0.85,USD,pre-market,684000000,,0.0262,0.0355,0.025,17.76,13706000000,,,,32.72,35.31,11.8421,,,,,,,239792000000,,55.27,,37.44,24.13
2025-12-28,BP,0.62,185934004000.0,55.27,None,0.048,3.753,,14629000000,34909000000,34909000000,,,,,,,,,None,2622505000,None,163026000000,163026000000,54625000000,None,6091000000,27586000000,None,None,8771000000,,0.326,0.0583,,,,5.0,0.09,33159000000,41930000000,0.76,2025-09-30,11.67,15114000000,49167000000.0,76766000000,31921000000,9473000000,9007000000,9007000000,None,616000000,None,24154000000,None,None,54097000000,None,None,22341000000,None,None,None,0.0997,,44395000000,33159000000,9070000000,16883000000,None,None,None,,,,,0.129,1.502,0.476,,,,,,,,0.0082,,100363000000,2025-11-04,quarterly,0.85,USD,pre-market,684000000,None,0.0262,0.0355,0.025,17.76,13706000000,74817000000,8852000000,139000000,32.72,35.31,11.8421,280459000000,95858000000,80360000000,202814000000,184601000000,122454000000,239792000000,58244000000,55.27,None,37.44,24.13
2025-12-28,BP,0.62,185934004000.0,55.27,None,0.048,3.753,,14636000000,35067000000,35067000000,,,,,,,,,None,2642431000,None,163026000000,163026000000,57324000000,None,5843000000,27807000000,None,None,8771000000,,0.326,0.0583,,,,5.0,0.09,33159000000,41930000000,0.76,2025-06-30,11.67,15180000000,49167000000.0,76766000000,31921000000,9473000000,9271000000,9271000000,None,616000000,None,24752000000,None,None,54503000000,None,None,22341000000,None,None,None,0.0997,,44395000000,33159000000,14202000000,15816000000,None,None,None,,,,,0.129,1.502,0.476,,,,,,,,0.0082,,100862000000,2025-11-04,quarterly,0.85,USD,pre-market,684000000,None,0.0262,0.0355,0.025,17.76,13706000000,74982000000,8708000000,245000000,32.72,35.31,11.8421,284737000000,102073000000,84091000000,204957000000,182664000000,120866000000,239792000000,59240000000,55.27,None,37.44,24.13
2025-12-28,BP,0.62,185934004000.0,55.27,None,0.048,3.753,,12484000000,33774000000,33774000000,,,,,,,,,None,2682935000,None,163026000000,163026000000,58821000000,None,4856000000,28762000000,None,None,8771000000,,0.326,0.0583,,,,5.0,0.09,33159000000,41930000000,0.76,2025-03-31,11.67,14909000000,49167000000.0,76766000000,31921000000,9473000000,9124000000,9124000000,None,616000000,None,24708000000,None,None,53790000000,None,None,22341000000,None,None,None,0.0997,,44395000000,33159000000,13558000000,14498000000,None,None,None,,,,,0.129,1.502,0.476,,,,,,,,0.0082,,100469000000,2025-11-04,quarterly,0.85,USD,pre-market,684000000,None,0.0262,0.0355,0.025,17.76,13706000000,71130000000,7570000000,275000000,32.72,35.31,11.8421,281396000000,101077000000,82812000000,203444000000,180319000000,120632000000,239792000000,58215000000,55.27,None,37.44,24.13
2025-12-28,BP,0.62,185934004000.0,55.27,None,0.048,3.753,,12000000000,34360000000,34360000000,,,,,,,,,4165000000,2647531000,None,163026000000,163026000000,38636000000,None,4474000000,26185000000,None,None,8771000000,,0.326,0.0583,,,,5.0,0.09,33159000000,41930000000,0.76,2024-12-31,11.67,14888000000,49167000000.0,76766000000,31921000000,9473000000,5208000000,5208000000,None,616000000,None,23232000000,None,None,55073000000,None,None,22341000000,None,None,None,0.0997,,44395000000,33159000000,18892000000,32777000000,None,None,None,,,,,0.129,1.502,0.476,,,,,,,,0.0082,,100238000000,2025-11-04,quarterly,0.85,USD,pre-market,684000000,22531000000,0.0262,0.0355,0.025,17.76,13706000000,71547000000,7134000000,165000000,32.72,35.31,11.8421,282228000000,102834000000,82241000000,203910000000,179394000000,121669000000,239792000000,59246000000,55.27,None,37.44,24.13
2025-12-28,BP,0.62,185934004000.0,55.27,None,0.048,3.753,,11018000000,34595000000,34595000000,,,,,,,,,None,2784851333,None,163026000000,163026000000,54385000000,None,4484000000,26353000000,None,None,8771000000,,0.326,0.0583,,,,5.0,0.09,33159000000,41930000000,0.76,2024-09-30,11.67,12873000000,49167000000.0,76766000000,31921000000,9473000000,10626000000,10626000000,None,616000000,None,21493000000,None,None,52986000000,None,None,22341000000,None,None,None,0.0997,,44395000000,33159000000,11074000000,13718000000,None,None,None,,,,,0.129,1.502,0.476,,,,,,,,0.0082,,99555000000,2025-11-04,quarterly,0.85,USD,pre-market,684000000,None,0.0262,0.0355,0.025,17.76,13706000000,68488000000,7210000000,167000000,32.72,35.31,11.8421,269708000000,93682000000,77019000000,189762000000,176026000000,112743000000,239792000000,64826000000,55.27,None,37.44,24.13
2025-12-28,BP,0.62,185934004000.0,55.27,None,0.048,3.753,,10697000000,34891000000,34891000000,,,,,,,,,67024000000,2776037733,None,163026000000,163026000000,57660000000,None,4142000000,30080000000,None,None,8771000000,,0.326,0.0583,,,,5.0,0.09,33159000000,41930000000,0.76,2024-06-30,11.67,12390000000,49167000000.0,76766000000,31921000000,9473000000,10301000000,10301000000,None,616000000,None,23345000000,None,None,50844000000,None,None,22341000000,None,None,None,0.0997,,44395000000,33159000000,11599000000,14089000000,None,None,None,,,,,0.129,1.502,0.476,,,,,,,,0.0082,,None,2025-11-04,quarterly,0.85,USD,pre-market,684000000,None,0.0262,0.0355,0.025,17.76,13706000000,65683000000,6735000000,708000000,32.72,35.31,11.8421,273384000000,100623000000,81378000000,191185000000,172761000000,109807000000,239792000000,67024000000,55.27,None,37.44,24.13
2025-12-28,BP,0.62,185934004000.0,55.27,None,0.048,3.753,,11057000000,31510000000,31510000000,,,,,,,,,69770000000,2858918000,None,163026000000,163026000000,58621000000,None,4665000000,30127000000,None,None,8771000000,,0.326,0.0583,,,,5.0,0.09,33159000000,41930000000,0.76,2024-03-31,11.67,12378000000,49167000000.0,76766000000,31921000000,9473000000,10008000000,10008000000,None,616000000,None,24310000000,None,None,48348000000,None,None,22341000000,None,None,None,0.0997,,44395000000,33159000000,14847000000,13570000000,None,None,None,,,,,0.129,1.502,0.476,,,,,,,,0.0082,,None,2025-11-04,quarterly,0.85,USD,pre-market,684000000,None,0.0262,0.0355,0.025,17.76,13706000000,64070000000,7293000000,615000000,32.72,35.31,11.8421,275435000000,101409000000,82288000000,190495000000,174026000000,108207000000,239792000000,69770000000,55.27,None,37.44,24.13
2025-12-28,BP,0.62,185934004000.0,55.27,None,0.048,3.753,,11121000000,27748000000,27748000000,,,,,,,,,4475000000,2878262333,None,163026000000,163026000000,42406000000,None,3284000000,30335000000,None,None,8771000000,,0.326,0.0583,,,,5.0,0.09,33159000000,41930000000,0.76,2023-12-31,11.67,12472000000,49167000000.0,76766000000,31921000000,9473000000,5663000000,5663000000,None,616000000,None,22819000000,None,None,48670000000,None,None,22341000000,None,None,None,0.0997,,44395000000,33159000000,22401000000,32742000000,None,None,None,,,,,0.129,1.502,0.476,,,,,,,,0.0082,,None,2025-11-04,quarterly,0.85,USD,pre-market,684000000,35339000000,0.0262,0.0355,0.025,17.76,13706000000,63075000000,5934000000,843000000,32.72,35.31,11.8421,280294000000,104146000000,86078000000,194801000000,176148000000,108723000000,239792000000,70283000000,55.27,None,37.44,24.13
2025-12-28,BP,0.62,185934004000.0,55.27,None,0.048,3.753,,10879000000,29926000000,29926000000,,,,,,,,,72418000000,2934934000,None,163026000000,163026000000,60440000000,None,2872000000,31921000000,None,None,8771000000,,0.326,0.0583,,,,5.0,0.09,33159000000,41930000000,0.76,2023-09-30,11.67,12283000000,49167000000.0,76766000000,31921000000,9473000000,9997000000,9997000000,None,616000000,None,25671000000,None,None,45938000000,None,None,22341000000,None,None,None,0.0997,,44395000000,33159000000,14957000000,16693000000,None,None,None,,,,,0.129,1.502,0.476,,,,,,,,0.0082,,107163000000,2025-11-04,quarterly,0.85,USD,pre-market,684000000,62545000000,0.0262,0.0355,0.025,17.76,13706000000,59689000000,5408000000,932000000,32.72,35.31,11.8421,280236000000,103407000000,85595000000,192560000000,176829000000,106965000000,239792000000,72418000000,55.27,None,37.44,24.13
2025-12-28,BP,0.62,185934004000.0,55.27,None,0.048,3.753,,10961000000,28914000000,28914000000,,,,,,,,,70339000000,2983497000,None,163026000000,163026000000,56183000000,None,2338000000,28005000000,None,None,8771000000,,0.326,0.0583,,,,5.0,0.09,33159000000,41930000000,0.76,2023-06-30,11.67,12206000000,49167000000.0,76766000000,31921000000,9473000000,10447000000,10447000000,None,616000000,None,23349000000,None,None,47400000000,None,None,22341000000,None,None,None,0.0997,,44395000000,33159000000,14375000000,16929000000,None,None,None,,,,,0.129,1.502,0.476,,,,,,,,0.0082,,108126000000,2025-11-04,quarterly,0.85,USD,pre-market,684000000,None,0.0262,0.0355,0.025,17.76,13706000000,60699000000,4803000000,671000000,32.72,35.31,11.8421,276067000000,95314000000,81465000000,190464000000,180753000000,108999000000,239792000000,70339000000,55.27,None,37.44,24.13
2025-12-28,BP,0.62,185934004000.0,55.27,None,0.048,3.753,,8605000000,30433000000,30433000000,,,,,,,,,71775000000,3039754000,None,163026000000,163026000000,57854000000,None,2499000000,29795000000,None,None,8771000000,,0.326,0.0583,,,,5.0,0.09,33159000000,41930000000,0.76,2023-03-31,11.67,12003000000,49167000000.0,76766000000,31921000000,9473000000,10295000000,10295000000,None,616000000,None,23905000000,None,None,46096000000,None,None,22341000000,None,None,None,0.0997,,44395000000,33159000000,14675000000,18491000000,None,None,None,,,,,0.129,1.502,0.476,,,,,,,,0.0082,,105744000000,2025-11-04,quarterly,0.85,USD,pre-market,684000000,None,0.0262,0.0355,0.025,17.76,13706000000,57200000000,4659000000,450000000,32.72,35.31,11.8421,278661000000,99258000000,84587000000,191480000000,179403000000,106893000000,239792000000,71775000000,55.27,None,37.44,24.13
2025-12-28,BP,0.62,185934004000.0,55.27,None,0.048,3.753,,8549000000,23329000000,23329000000,,,,,,,,,4774000000,3084904000,None,163026000000,163026000000,47210000000,None,3198000000,33288000000,None,None,8771000000,,0.326,0.0583,,,,5.0,0.09,33159000000,41930000000,0.76,2022-12-31,11.67,11960000000,49167000000.0,76766000000,31921000000,9473000000,5987000000,5987000000,None,616000000,None,28081000000,None,None,43746000000,None,None,22341000000,None,None,None,0.0997,,44395000000,33159000000,22412000000,40082000000,None,None,None,,,,,0.129,1.502,0.476,,,,,,,,0.0082,,106044000000,2025-11-04,quarterly,0.85,USD,pre-market,684000000,34732000000,0.0262,0.0355,0.025,17.76,13706000000,55493000000,5300000000,578000000,32.72,35.31,11.8421,288120000000,107688000000,99018000000,205130000000,180432000000,106112000000,239792000000,67553000000,55.27,None,37.44,24.13
2025-12-28,BP,0.62,185934004000.0,55.27,None,0.048,3.753,,7895000000,29304000000,29304000000,,,,,,,,,58181000000,3147621000,None,163026000000,163026000000,56270000000,None,3877000000,35102000000,None,None,8771000000,,0.326,0.0583,,,,5.0,0.09,33159000000,41930000000,0.76,2022-09-30,11.67,11145000000,49167000000.0,76766000000,31921000000,9473000000,6311000000,6311000000,None,616000000,None,29492000000,None,None,42683000000,None,None,22341000000,None,None,None,0.0997,,44395000000,33159000000,14242000000,38033000000,None,None,None,,,,,0.129,1.502,0.476,,,,,,,,0.0082,,105045000000,2025-11-04,quarterly,0.85,USD,pre-market,684000000,None,0.0262,0.0355,0.025,17.76,13706000000,54455000000,5719000000,300000000,32.72,35.31,11.8421,283482000000,108440000000,104142000000,210149000000,175042000000,106007000000,239792000000,58181000000,55.27,None,37.44,24.13
2025-12-28,BP,0.62,185934004000.0,55.27,None,0.048,3.753,,8056000000,33108000000,33108000000,,,,,,,,,66609000000,3269938000,None,163026000000,163026000000,64015000000,None,6479000000,39396000000,None,None,8771000000,,0.326,0.0583,,,,5.0,0.09,33159000000,41930000000,0.76,2022-06-30,11.67,11462000000,49167000000.0,76766000000,31921000000,9473000000,6433000000,6433000000,None,616000000,None,34257000000,None,None,46387000000,None,None,22341000000,None,None,None,0.0997,,44395000000,33159000000,19909000000,33461000000,None,None,None,,,,,0.129,1.502,0.476,,,,,,,,0.0082,,107151000000,2025-11-04,quarterly,0.85,USD,pre-market,684000000,None,0.0262,0.0355,0.025,17.76,13706000000,60922000000,8214000000,130000000,32.72,35.31,11.8421,299133000000,126800000000,109507000000,217570000000,172333000000,108063000000,239792000000,66609000000,55.27,None,37.44,24.13
2025-12-28,BP,0.62,185934004000.0,55.27,None,0.048,3.753,,8466000000,34414000000,34414000000,,,,,,,,,63299000000,3252413000,None,163026000000,163026000000,61195000000,None,5212000000,35963000000,None,None,8771000000,,0.326,0.0583,,,,5.0,0.09,33159000000,41930000000,0.76,2022-03-31,11.67,11883000000,49167000000.0,76766000000,31921000000,9473000000,6352000000,6352000000,None,616000000,None,30109000000,None,None,55394000000,None,None,22341000000,None,None,None,0.0997,,44395000000,33159000000,19542000000,30124000000,None,None,None,,,,,0.129,1.502,0.476,,,,,,,,0.0082,,109884000000,2025-11-04,quarterly,0.85,USD,pre-market,684000000,None,0.0262,0.0355,0.025,17.76,13706000000,69072000000,6949000000,103000000,32.72,35.31,11.8421,295512000000,120131000000,101185000000,216993000000,175381000000,115808000000,239792000000,63299000000,55.27,None,37.44,24.13
2025-12-28,BP,0.62,185934004000.0,55.27,None,0.048,3.753,,8611000000,25941000000,25941000000,,,,,,,,,5194000000,3324504000,None,163026000000,163026000000,37327000000,None,5557000000,26363000000,None,None,8771000000,,0.326,0.0583,,,,5.0,0.09,33159000000,41930000000,0.76,2021-12-31,11.67,12373000000,49167000000.0,76766000000,31921000000,9473000000,2162000000,2162000000,None,616000000,None,23711000000,None,None,55619000000,None,None,22341000000,None,None,None,0.0997,,44395000000,33159000000,16295000000,31394000000,None,None,None,,,,,0.129,1.502,0.476,,,,,,,,0.0082,,112902000000,2025-11-04,quarterly,0.85,USD,pre-market,684000000,51815000000,0.0262,0.0355,0.025,17.76,13706000000,69787000000,7304000000,280000000,32.72,35.31,11.8421,287272000000,92590000000,80287000000,196833000000,194682000000,116546000000,239792000000,75463000000,55.27,None,37.44,24.13
2025-12-28,BP,0.62,185934004000.0,55.27,None,0.048,3.753,,8628000000,30694000000,30694000000,,,,,,,,,74475000000,3358364333,None,163026000000,163026000000,49406000000,None,3693000000,25805000000,None,None,8771000000,,0.326,0.0583,,,,5.0,0.09,33159000000,41930000000,0.76,2021-09-30,11.67,12428000000,49167000000.0,76766000000,31921000000,9473000000,6261000000,6261000000,None,616000000,None,25232000000,None,None,59521000000,None,None,22341000000,None,None,None,0.0997,,44395000000,33159000000,8554000000,21905000000,None,None,None,,,,,0.129,1.502,0.476,,,,,,,,0.0082,,114458000000,2025-11-04,quarterly,0.85,USD,pre-market,684000000,None,0.0262,0.0355,0.025,17.76,13706000000,71842000000,5455000000,191000000,32.72,35.31,11.8421,286536000000,90476000000,78112000000,197270000000,196060000000,119158000000,239792000000,74475000000,55.27,None,37.44,24.13
2025-12-28,BP,0.62,185934004000.0,55.27,None,0.048,3.753,,8863000000,34256000000,34256000000,,,,,,,,,78797000000,3394455000,None,163026000000,163026000000,45198000000,None,7622000000,23906000000,None,None,8771000000,,0.326,0.0583,,,,5.0,0.09,33159000000,41930000000,0.76,2021-06-30,11.67,12497000000,49167000000.0,76766000000,31921000000,9473000000,6237000000,6237000000,None,616000000,None,22608000000,None,None,60625000000,None,None,22341000000,None,None,None,0.0997,,44395000000,33159000000,5819000000,14496000000,None,None,None,,,,,0.129,1.502,0.476,,,,,,,,0.0082,,116177000000,2025-11-04,quarterly,0.85,USD,pre-market,684000000,None,0.0262,0.0355,0.025,17.76,13706000000,77110000000,9447000000,164000000,32.72,35.31,11.8421,284086000000,86753000000,70570000000,190854000000,197333000000,120284000000,239792000000,78797000000,55.27,None,37.44,24.13
2025-12-28,BP,0.62,185934004000.0,55.27,None,0.048,3.753,,9030000000,31676000000,31676000000,,,,,,,,,75959000000,3382931000,None,163026000000,163026000000,40709000000,None,5181000000,20456000000,None,None,8771000000,,0.326,0.0583,,,,5.0,0.09,33159000000,41930000000,0.76,2021-03-31,11.67,12460000000,49167000000.0,76766000000,31921000000,9473000000,6145000000,6145000000,None,616000000,None,20873000000,None,None,60942000000,None,None,22341000000,None,None,None,0.0997,,44395000000,33159000000,4896000000,11706000000,None,None,None,,,,,0.129,1.502,0.476,,,,,,,,0.0082,,112927000000,2025-11-04,quarterly,0.85,USD,pre-market,684000000,None,0.0262,0.0355,0.025,17.76,13706000000,75153000000,7055000000,216000000,32.72,35.31,11.8421,269925000000,78117000000,60715000000,179339000000,191808000000,118624000000,239792000000,75959000000,55.27,None,37.44,24.13
2025-12-28,BP,0.62,185934004000.0,55.27,None,0.048,3.753,,9262000000,29194000000,29194000000,,,,,,,,,5362000000,3388221000,None,163026000000,163026000000,23157000000,None,9359000000,17849000000,None,None,8771000000,,0.326,0.0583,,,,5.0,0.09,33159000000,41930000000,0.76,2020-12-31,11.67,12480000000,49167000000.0,76766000000,31921000000,9473000000,1980000000,1980000000,None,616000000,None,16873000000,None,None,63305000000,None,None,22341000000,None,None,None,0.0997,,44395000000,33159000000,8733000000,22209000000,None,None,None,,,,,0.129,1.502,0.476,,,,,,,,0.0082,,114836000000,2025-11-04,quarterly,0.85,USD,pre-market,684000000,47300000000,0.0262,0.0355,0.025,17.76,13706000000,81926000000,11292000000,333000000,32.72,35.31,11.8421,267654000000,72982000000,59799000000,182086000000,194672000000,122287000000,239792000000,71250000000,55.27,-13224000000,37.44,24.13
2025-12-28,BP,0.62,185934004000.0,55.27,None,0.048,3.753,,9282000000,30749000000,30749000000,,,,,,,,,67955000000,3375199833,None,163026000000,163026000000,33823000000,None,11013000000,16509000000,None,None,8771000000,,0.326,0.0583,,,,5.0,0.09,33159000000,41930000000,0.76,2020-09-30,11.67,12457000000,49167000000.0,76766000000,31921000000,9473000000,6293000000,6293000000,None,616000000,None,13840000000,None,None,61796000000,None,None,22341000000,None,None,None,0.0997,,44395000000,33159000000,9429000000,10530000000,None,None,None,,,,,0.129,1.502,0.476,,,,,,,,0.0082,,116580000000,2025-11-04,quarterly,0.85,USD,pre-market,684000000,None,0.0262,0.0355,0.025,17.76,13706000000,82091000000,12920000000,298000000,32.72,35.31,11.8421,260250000000,70825000000,58077000000,178095000000,189425000000,120018000000,239792000000,67955000000,55.27,None,37.44,24.13
2025-12-28,BP,0.62,185934004000.0,55.27,None,0.048,3.753,,9331000000,34217000000,34217000000,,,,,,,,,68864000000,3370429000,None,163026000000,163026000000,32134000000,None,11452000000,16892000000,None,None,8771000000,,0.326,0.0583,,,,5.0,0.09,33159000000,41930000000,0.76,2020-06-30,11.67,12352000000,49167000000.0,76766000000,31921000000,9473000000,5987000000,5987000000,None,616000000,None,12504000000,None,None,64527000000,None,None,22341000000,None,None,None,0.0997,,44395000000,33159000000,10236000000,10370000000,None,None,None,,,,,0.129,1.502,0.476,,,,,,,,0.0082,,117208000000,2025-11-04,quarterly,0.85,USD,pre-market,684000000,None,0.0262,0.0355,0.025,17.76,13706000000,85310000000,13410000000,122000000,32.72,35.31,11.8421,263181000000,73971000000,57073000000,180370000000,189210000000,123297000000,239792000000,68864000000,55.27,None,37.44,24.13
2025-12-28,BP,0.62,185934004000.0,55.27,None,0.048,3.753,,9373000000,18139000000,18139000000,,,,,,,,,88286000000,3363133833,None,163026000000,163026000000,34420000000,None,12376000000,17566000000,None,None,8771000000,,0.326,0.0583,,,,5.0,0.09,33159000000,41930000000,0.76,2020-03-31,11.67,11692000000,49167000000.0,76766000000,31921000000,9473000000,15555000000,15555000000,None,616000000,None,11641000000,None,None,56741000000,None,None,22341000000,None,None,None,0.0997,,44395000000,33159000000,16870000000,13132000000,None,None,None,,,,,0.129,1.502,0.476,,,,,,,,0.0082,,130226000000,2025-11-04,quarterly,0.85,USD,pre-market,684000000,None,0.0262,0.0355,0.025,17.76,13706000000,78490000000,14473000000,88000000,32.72,35.31,11.8421,273864000000,64304000000,63698000000,183384000000,209560000000,119686000000,239792000000,88286000000,55.27,None,37.44,24.13
2025-12-28,BP,0.62,185934004000.0,55.27,None,0.048,3.753,,9722000000,22472000000,22472000000,,,,,,,,,5404000000,3391968000,None,163026000000,163026000000,30538000000,None,10487000000,24141000000,None,None,8771000000,,0.326,0.0583,,,,5.0,0.09,33159000000,41930000000,0.76,2019-12-31,11.67,11868000000,49167000000.0,76766000000,31921000000,9473000000,1448000000,1448000000,None,616000000,None,20880000000,None,None,57237000000,None,31601000000,22341000000,None,None,None,0.0997,,44395000000,33159000000,14397000000,26083000000,None,None,None,,,,,0.129,1.502,0.476,,,,,,,,0.0082,,132642000000,2025-11-04,quarterly,0.85,USD,pre-market,684000000,73706000000,0.0262,0.0355,0.025,17.76,13706000000,77446000000,12554000000,169000000,32.72,35.31,11.8421,295194000000,82059000000,73595000000,194486000000,213135000000,120891000000,239792000000,98412000000,55.27,-14412000000,37.44,24.13
2025-12-28,BP,0.62,185934004000.0,55.27,None,0.048,3.753,,9639000000,19692000000,19692000000,,,,,,,,,97922000000,3395288000,None,163026000000,163026000000,43203000000,None,7556000000,22788000000,None,None,8771000000,,0.326,0.0583,,,,5.0,0.09,33159000000,41930000000,0.76,2019-09-30,11.67,11712000000,49167000000.0,76766000000,31921000000,9473000000,15084000000,15084000000,None,616000000,None,19240000000,None,None,58311000000,None,29418000000,22341000000,None,None,None,0.0997,,44395000000,33159000000,14073000000,8587000000,None,None,None,,,,,0.129,1.502,0.476,,,,,,,,0.0082,,134661000000,2025-11-04,quarterly,0.85,USD,pre-market,684000000,102690000000,0.0262,0.0355,0.025,17.76,13706000000,75506000000,9568000000,114000000,32.72,35.31,11.8421,286263000000,75907000000,64968000000,186248000000,210356000000,121280000000,239792000000,97922000000,55.27,-14484000000,37.44,24.13
2025-12-28,BP,0.62,185934004000.0,55.27,None,0.048,3.753,,10379000000,20674000000,20674000000,,,,,,,,,101485000000,3403531000,None,163026000000,163026000000,44774000000,None,8677000000,24343000000,None,None,8771000000,,0.326,0.0583,,,,5.0,0.09,33159000000,41930000000,0.76,2019-06-30,11.67,12158000000,49167000000.0,76766000000,31921000000,9473000000,15631000000,15631000000,None,616000000,None,20042000000,None,None,58876000000,None,29474000000,22341000000,None,None,None,0.0997,,44395000000,33159000000,6349000000,6542000000,None,None,None,,,,,0.129,1.502,0.476,,,,,,,,0.0082,,145291000000,2025-11-04,quarterly,0.85,USD,pre-market,684000000,105374000000,0.0262,0.0355,0.025,17.76,13706000000,77932000000,10771000000,135000000,32.72,35.31,11.8421,293162000000,71543000000,66855000000,189539000000,221619000000,122684000000,239792000000,101485000000,55.27,-14584000000,37.44,24.13
2025-12-28,BP,0.62,185934004000.0,55.27,None,0.048,3.753,,10294000000,21256000000,21256000000,,,,,,,,,101199000000,3380296000,None,163026000000,163026000000,46749000000,None,11480000000,24490000000,None,None,8771000000,,0.326,0.0583,,,,5.0,0.09,33159000000,41930000000,0.76,2019-03-31,11.67,12277000000,49167000000.0,76766000000,31921000000,9473000000,16505000000,16505000000,None,616000000,None,21426000000,None,None,54510000000,None,29043000000,22341000000,None,None,None,0.0997,,44395000000,33159000000,5391000000,6248000000,None,None,None,,,,,0.129,1.502,0.476,,,,,,,,0.0082,,144625000000,2025-11-04,quarterly,0.85,USD,pre-market,684000000,105408000000,0.0262,0.0355,0.025,17.76,13706000000,76284000000,13579000000,134000000,32.72,35.31,11.8421,293281000000,72697000000,71272000000,189945000000,220584000000,118673000000,239792000000,101199000000,55.27,-14635000000,37.44,24.13
2025-12-28,BP,0.62,185934004000.0,55.27,None,0.048,3.753,,None,22468000000,22468000000,,,,,,,,,5381000000,3355514500,None,163026000000,163026000000,26252000000,None,7176000000,20056000000,None,None,8771000000,,0.326,0.0583,,,,5.0,0.09,33159000000,41930000000,0.76,2018-12-31,11.67,12204000000,49167000000.0,76766000000,31921000000,9473000000,17284000000,17284000000,None,616000000,None,17988000000,None,None,56248000000,None,27661000000,22341000000,None,None,None,0.0997,,44395000000,33159000000,10576000000,26138000000,None,None,None,,,,,0.129,1.502,0.476,,,,,,,,0.0082,,135261000000,2025-11-04,quarterly,0.85,USD,pre-market,684000000,78748000000,0.0262,0.0355,0.025,17.76,13706000000,65799000000,9373000000,222000000,32.72,35.31,11.8421,282176000000,71310000000,68237000000,180628000000,210866000000,112391000000,239792000000,99444000000,55.27,-15767000000,37.44,24.13
2025-12-28,BP,0.62,185934004000.0,55.27,None,0.048,3.753,,None,26192000000,26192000000,,,,,,,,,101488000000,3353076000,None,163026000000,163026000000,47125000000,None,9175000000,27401000000,None,None,8771000000,,0.326,0.0583,,,,5.0,0.09,33159000000,41930000000,0.76,2018-09-30,11.67,11423000000,49167000000.0,76766000000,31921000000,9473000000,17703000000,17703000000,None,616000000,None,21894000000,None,None,54960000000,None,27554000000,22341000000,None,None,None,0.0997,,44395000000,33159000000,10065000000,4225000000,None,None,None,,,,,0.129,1.502,0.476,,,,,,,,0.0082,,122661000000,2025-11-04,quarterly,0.85,USD,pre-market,684000000,None,0.0262,0.0355,0.025,17.76,13706000000,64135000000,9175000000,100000000,32.72,35.31,11.8421,282942000000,85652000000,69590000000,179522000000,197290000000,109932000000,239792000000,101488000000,55.27,None,37.44,24.13
2025-12-28,BP,0.62,185934004000.0,55.27,None,0.048,3.753,,None,22185000000,22185000000,,,,,,,,,5361000000,3340713000,None,163026000000,163026000000,46635000000,None,10625000000,24923000000,None,None,8771000000,,0.326,0.0583,,,,5.0,0.09,33159000000,41930000000,0.76,2018-06-30,11.67,11319000000,49167000000.0,76766000000,31921000000,9473000000,17808000000,17808000000,None,616000000,None,21004000000,None,None,49733000000,None,27412000000,22341000000,None,None,None,0.0997,,44395000000,33159000000,8473000000,7705000000,None,None,None,,,,,0.129,1.502,0.476,,,,,,,,0.0082,,124390000000,2025-11-04,quarterly,0.85,USD,pre-market,684000000,77618000000,0.0262,0.0355,0.025,17.76,13706000000,60358000000,10625000000,106000000,32.72,35.31,11.8421,275626000000,76691000000,69531000000,173856000000,198935000000,104325000000,239792000000,99821000000,55.27,None,37.44,24.13
2025-12-28,BP,0.62,185934004000.0,55.27,None,0.048,3.753,,None,22242000000,22242000000,,,,,,,,,5355000000,3338443000,None,163026000000,163026000000,42995000000,None,9028000000,23206000000,None,None,8771000000,,0.326,0.0583,,,,5.0,0.09,33159000000,41930000000,0.76,2018-03-31,11.67,11710000000,49167000000.0,76766000000,31921000000,9473000000,18003000000,18003000000,None,616000000,None,20802000000,None,None,53161000000,None,27228000000,22341000000,None,None,None,0.0997,,44395000000,33159000000,5832000000,7578000000,None,None,None,,,,,0.129,1.502,0.476,,,,,,,,0.0082,,129002000000,2025-11-04,quarterly,0.85,USD,pre-market,684000000,75394000000,0.0262,0.0355,0.025,17.76,13706000000,62189000000,9028000000,114000000,32.72,35.31,11.8421,275287000000,72196000000,63807000000,173122000000,203091000000,109315000000,239792000000,100187000000,55.27,None,37.44,24.13
2025-12-28,BP,0.62,185934004000.0,55.27,None,0.048,3.753,,None,25586000000,25586000000,,,,,,,,,5322000000,3321609167,None,163026000000,163026000000,28840000000,None,6849000000,19478000000,None,None,8771000000,,0.326,0.0583,,,,5.0,0.09,33159000000,41930000000,0.76,2017-12-31,11.67,11551000000,49167000000.0,76766000000,31921000000,9473000000,18355000000,18355000000,None,616000000,None,19011000000,None,None,55491000000,None,26230000000,22341000000,None,None,None,0.0997,,44395000000,33159000000,10768000000,24775000000,None,None,None,,,,,0.129,1.502,0.476,,,,,,,,0.0082,,129471000000,2025-11-04,quarterly,0.85,USD,pre-market,684000000,75226000000,0.0262,0.0355,0.025,17.76,13706000000,63230000000,7739000000,125000000,32.72,35.31,11.8421,276515000000,74968000000,64726000000,176111000000,201547000000,111385000000,239792000000,98491000000,55.27,-16958000000,37.44,24.13
2025-12-28,BP,0.62,185934004000.0,55.27,None,0.048,3.753,,None,25780000000,25780000000,,,,,,,,,98521000000,3311124000,None,163026000000,163026000000,39965000000,None,8891000000,21619000000,None,None,8771000000,,0.326,0.0583,,,,5.0,0.09,33159000000,41930000000,0.76,2017-09-30,11.67,11514000000,49167000000.0,76766000000,31921000000,9473000000,18586000000,18586000000,None,616000000,None,18078000000,None,None,56893000000,None,23675000000,22341000000,None,None,None,0.0997,,44395000000,33159000000,6808000000,7800000000,None,None,None,,,,,0.129,1.502,0.476,,,,,,,,0.0082,,130651000000,2025-11-04,quarterly,0.85,USD,pre-market,684000000,None,0.0262,0.0355,0.025,17.76,13706000000,65784000000,8891000000,84000000,32.72,35.31,11.8421,271489000000,72369000000,59566000000,171351000000,199120000000,111785000000,239792000000,98521000000,55.27,None,37.44,24.13
2025-12-28,BP,0.62,185934004000.0,55.27,None,0.048,3.753,,None,23270000000,23270000000,,,,,,,,,96803000000,3297258000,None,163026000000,163026000000,36642000000,None,63004000000,20178000000,None,None,8771000000,,0.326,0.0583,,,,5.0,0.09,33159000000,41930000000,0.76,2017-06-30,11.67,11395000000,49167000000.0,76766000000,31921000000,9473000000,17399000000,17399000000,None,616000000,None,16449000000,None,None,55619000000,None,25006000000,22341000000,None,None,None,0.0997,,44395000000,33159000000,4744000000,7383000000,None,None,None,,,,,0.129,1.502,0.476,,,,,,,,0.0082,,130715000000,2025-11-04,quarterly,0.85,USD,pre-market,684000000,None,0.0262,0.0355,0.025,17.76,13706000000,63004000000,7385000000,77000000,32.72,35.31,11.8421,263115000000,64718000000,54842000000,164654000000,198397000000,109812000000,239792000000,96803000000,55.27,None,37.44,24.13
2025-12-28,BP,0.62,185934004000.0,55.27,None,0.048,3.753,,None,23794000000,23794000000,,,,,,,,,97640000000,3270261000,None,163026000000,163026000000,37548000000,None,61832000000,20740000000,None,None,8771000000,,0.326,0.0583,,,,5.0,0.09,33159000000,41930000000,0.76,2017-03-31,11.67,11256000000,49167000000.0,76766000000,31921000000,9473000000,18366000000,18366000000,None,616000000,None,17236000000,None,None,54472000000,None,25260000000,22341000000,None,None,None,0.0997,,44395000000,33159000000,5197000000,7576000000,None,None,None,,,,,0.129,1.502,0.476,,,,,,,,0.0082,,129817000000,2025-11-04,quarterly,0.85,USD,pre-market,684000000,None,0.0262,0.0355,0.025,17.76,13706000000,61832000000,7360000000,39000000,32.72,35.31,11.8421,264959000000,67006000000,56126000000,165677000000,197953000000,109551000000,239792000000,97640000000,55.27,None,37.44,24.13
2025-12-28,BP,0.62,185934004000.0,55.27,None,0.048,3.753,,None,23484000000,23484000000,,,,,,,,,5263000000,3184599833,None,163026000000,163026000000,23695000000,None,5586000000,14449000000,None,None,8771000000,,0.326,0.0583,,,,5.0,0.09,33159000000,41930000000,0.76,2016-12-31,11.67,11194000000,49167000000.0,76766000000,31921000000,9473000000,18183000000,18183000000,None,616000000,None,17655000000,None,None,51666000000,None,23734000000,22341000000,None,None,None,0.0997,,44395000000,33159000000,12181000000,24651000000,None,None,None,,,,,0.129,1.502,0.476,,,,,,,,0.0082,,129757000000,2025-11-04,quarterly,0.85,USD,pre-market,684000000,75638000000,0.0262,0.0355,0.025,17.76,13706000000,58300000000,6634000000,44000000,32.72,35.31,11.8421,263316000000,67813000000,58354000000,166473000000,195503000000,108119000000,239792000000,95286000000,55.27,-18443000000,37.44,24.13
2025-12-28,BP,0.62,185934004000.0,55.27,None,0.048,3.753,,None,25520000000,25520000000,,,,,,,,,91376000000,3153487000,None,163026000000,163026000000,34662000000,None,58997000000,21491000000,None,None,8771000000,,0.326,0.0583,,,,5.0,0.09,33159000000,41930000000,0.76,2016-09-30,11.67,11204000000,49167000000.0,76766000000,31921000000,9473000000,17163000000,17163000000,None,616000000,None,15897000000,None,None,53308000000,None,22571000000,22341000000,None,None,None,0.0997,,44395000000,33159000000,6644000000,11720000000,None,None,None,,,,,0.129,1.502,0.476,,,,,,,,0.0082,,128262000000,2025-11-04,quarterly,0.85,USD,pre-market,684000000,75638000000,0.0262,0.0355,0.025,17.76,13706000000,58997000000,4130000000,46000000,32.72,35.31,11.8421,262216000000,69007000000,55041000000,169419000000,193209000000,114378000000,239792000000,91376000000,55.27,None,37.44,24.13
2025-12-28,BP,0.62,185934004000.0,55.27,None,0.048,3.753,,None,23517000000,23517000000,,,,,,,,,92726000000,3114199833,None,163026000000,163026000000,36561000000,None,55727000000,22313000000,None,None,8771000000,,0.326,0.0583,,,,5.0,0.09,33159000000,41930000000,0.76,2016-06-30,11.67,11288000000,49167000000.0,76766000000,31921000000,9473000000,18444000000,18444000000,None,616000000,None,16398000000,None,None,50607000000,None,20547000000,22341000000,None,None,None,0.0997,,44395000000,33159000000,10230000000,13909000000,None,None,None,,,,,0.129,1.502,0.476,,,,,,,,0.0082,,125946000000,2025-11-04,quarterly,0.85,USD,pre-market,684000000,75638000000,0.0262,0.0355,0.025,17.76,13706000000,55727000000,5120000000,107000000,32.72,35.31,11.8421,263136000000,72565000000,58210000000,169028000000,190571000000,110818000000,239792000000,92726000000,55.27,None,37.44,24.13
2025-12-28,BP,0.62,185934004000.0,55.27,None,0.048,3.753,,None,23049000000,23049000000,,,,,,,,,96030000000,3078105333,None,163026000000,163026000000,33530000000,None,54012000000,21743000000,None,None,8771000000,,0.326,0.0583,,,,5.0,0.09,33159000000,41930000000,0.76,2016-03-31,11.67,11575000000,49167000000.0,76766000000,31921000000,9473000000,18848000000,18848000000,None,616000000,None,14277000000,None,None,49572000000,None,19753000000,22341000000,None,None,None,0.0997,,44395000000,33159000000,7554000000,11243000000,None,None,None,,,,,0.129,1.502,0.476,,,,,,,,0.0082,,129253000000,2025-11-04,quarterly,0.85,USD,pre-market,684000000,75638000000,0.0262,0.0355,0.025,17.76,13706000000,54012000000,4440000000,148000000,32.72,35.31,11.8421,258848000000,66771000000,51613000000,161559000000,192077000000,109946000000,239792000000,96030000000,55.27,None,37.44,24.13
2025-12-28,BP,0.62,185934004000.0,55.27,None,0.048,3.753,,None,26389000000,26389000000,,,,,,,,,5028000000,3061511000,None,163026000000,163026000000,18968000000,None,5942000000,13682000000,None,None,8771000000,,0.326,0.0583,,,,5.0,0.09,33159000000,41930000000,0.76,2015-12-31,11.67,11627000000,49167000000.0,76766000000,31921000000,9473000000,18660000000,18660000000,None,616000000,None,14142000000,None,None,46224000000,None,18836000000,22341000000,None,None,None,0.0997,,44395000000,33159000000,16170000000,26652000000,None,None,None,,,,,0.129,1.502,0.476,,,,,,,,0.0082,,129758000000,2025-11-04,quarterly,0.85,USD,pre-market,684000000,81368000000,0.0262,0.0355,0.025,17.76,13706000000,53168000000,6944000000,219000000,32.72,35.31,11.8421,261832000000,70602000000,54724000000,163445000000,191230000000,108721000000,239792000000,97216000000,55.27,-19964000000,37.44,24.13
2025-12-28,BP,0.62,185934004000.0,55.27,None,0.048,3.753,,None,31702000000,31702000000,,,,,,,,,5036000000,3061942667,None,163026000000,163026000000,34700000000,None,None,24657000000,None,None,8771000000,,0.326,0.0583,,,,5.0,0.09,33159000000,41930000000,0.76,2015-09-30,11.67,11692000000,49167000000.0,76766000000,31921000000,9473000000,19232000000,19232000000,None,616000000,None,16933000000,None,None,48423000000,None,None,22341000000,None,None,None,0.0997,,44395000000,33159000000,8006000000,11845000000,None,None,None,,,,,0.129,1.502,0.476,,,,,,,,0.0082,,130124000000,2025-11-04,quarterly,0.85,USD,pre-market,684000000,84616000000,0.0262,0.0355,0.025,17.76,13706000000,57405000000,8982000000,244000000,32.72,35.31,11.8421,273299000000,81542000000,58163000000,170700000000,191757000000,112537000000,239792000000,101383000000,55.27,None,37.44,24.13
2025-12-28,BP,0.62,185934004000.0,55.27,None,0.048,3.753,,None,32589000000,32589000000,,,,,,,,,5032000000,3049980000,None,163026000000,163026000000,40077000000,None,None,28838000000,None,None,8771000000,,0.326,0.0583,,,,5.0,0.09,33159000000,41930000000,0.76,2015-06-30,11.67,11837000000,49167000000.0,76766000000,31921000000,9473000000,19411000000,19411000000,None,616000000,None,20034000000,None,None,47994000000,None,None,22341000000,None,None,None,0.0997,,44395000000,33159000000,9192000000,12418000000,None,None,None,,,,,0.129,1.502,0.476,,,,,,,,0.0082,,130659000000,2025-11-04,quarterly,0.85,USD,pre-market,684000000,87393000000,0.0262,0.0355,0.025,17.76,13706000000,57104000000,9110000000,294000000,32.72,35.31,11.8421,285431000000,90947000000,65367000000,178080000000,194484000000,112713000000,239792000000,106119000000,55.27,None,37.44,24.13
2025-12-28,BP,0.62,185934004000.0,55.27,None,0.048,3.753,,None,32434000000,32434000000,,,,,,,,,110296000000,3051621667,None,163026000000,163026000000,37817000000,None,None,27677000000,None,None,8771000000,,0.326,0.0583,,,,5.0,0.09,33159000000,41930000000,0.76,2015-03-31,11.67,11633000000,49167000000.0,76766000000,31921000000,9473000000,20809000000,20809000000,None,616000000,None,18925000000,None,None,49193000000,None,None,22341000000,None,None,None,0.0997,,44395000000,33159000000,8085000000,10462000000,None,None,None,,,,,0.129,1.502,0.476,,,,,,,,0.0082,,129113000000,2025-11-04,quarterly,0.85,USD,pre-market,684000000,None,0.0262,0.0355,0.025,17.76,13706000000,57731000000,8538000000,309000000,32.72,35.31,11.8421,282411000000,87430000000,60771000000,170902000000,194981000000,110131000000,239792000000,110296000000,55.27,None,37.44,24.13
2025-12-28,BP,0.62,185934004000.0,55.27,None,0.048,3.753,,None,29763000000,29763000000,,,,,,,,,5002000000,3055349000,None,163026000000,163026000000,23074000000,None,6344000000,30217000000,None,None,8771000000,,0.326,0.0583,,,,5.0,0.09,33159000000,41930000000,0.76,2014-12-31,11.67,11868000000,49167000000.0,76766000000,31921000000,9473000000,20907000000,20907000000,None,616000000,None,18373000000,None,None,45977000000,None,20384000000,22341000000,None,None,None,0.0997,,44395000000,33159000000,19126000000,31653000000,None,None,None,,,,,0.129,1.502,0.476,,,,,,,,0.0082,,130692000000,2025-11-04,quarterly,0.85,USD,pre-market,684000000,92564000000,0.0262,0.0355,0.025,17.76,13706000000,52854000000,6877000000,329000000,32.72,35.31,11.8421,284305000000,87262000000,63615000000,171663000000,197043000000,108048000000,239792000000,111441000000,55.27,-20719000000,37.44,24.13
2025-12-28,BP,0.62,185934004000.0,55.27,None,0.048,3.753,,None,30729000000,30729000000,,,,,,,,,125818000000,3083251000,None,163026000000,163026000000,49394000000,None,None,36445000000,None,None,8771000000,,0.326,0.0583,,,,5.0,0.09,33159000000,41930000000,0.76,2014-09-30,11.67,11971000000,49167000000.0,76766000000,31921000000,9473000000,21483000000,21483000000,None,616000000,None,26581000000,None,None,47157000000,None,None,22341000000,None,None,None,0.0997,,44395000000,33159000000,8466000000,11503000000,None,None,None,,,,,0.129,1.502,0.476,,,,,,,,0.0082,,134726000000,2025-11-04,quarterly,0.85,USD,pre-market,684000000,None,0.0262,0.0355,0.025,17.76,13706000000,53610000000,6453000000,296000000,32.72,35.31,11.8421,309692000000,102517000000,72176000000,182798000000,207175000000,110622000000,239792000000,125818000000,55.27,None,37.44,24.13
2025-12-28,BP,0.62,185934004000.0,55.27,None,0.048,3.753,,None,27506000000,27506000000,,,,,,,,,5077000000,3049980000,None,163026000000,163026000000,50025000000,None,None,38112000000,None,None,8771000000,,0.326,0.0583,,,,5.0,0.09,33159000000,41930000000,0.76,2014-06-30,11.67,12197000000,49167000000.0,76766000000,31921000000,9473000000,21931000000,21931000000,None,616000000,None,29442000000,None,None,45336000000,None,None,22341000000,None,None,None,0.0997,,44395000000,33159000000,8883000000,12064000000,None,None,None,,,,,0.129,1.502,0.476,,,,,,,,0.0082,,135854000000,2025-11-04,quarterly,0.85,USD,pre-market,684000000,103931000000,0.0262,0.0355,0.025,17.76,13706000000,52906000000,7570000000,376000000,32.72,35.31,11.8421,315455000000,104319000000,74431000000,182477000000,211136000000,108046000000,239792000000,131861000000,55.27,None,37.44,24.13
2025-12-28,BP,0.62,185934004000.0,55.27,None,0.048,3.753,,None,27358000000,27358000000,,,,,,,,,5084000000,3099086000,None,163026000000,163026000000,49637000000,None,None,38161000000,None,None,8771000000,,0.326,0.0583,,,,5.0,0.09,33159000000,41930000000,0.76,2014-03-31,11.67,12168000000,49167000000.0,76766000000,31921000000,9473000000,21696000000,21696000000,None,616000000,None,28843000000,None,None,44586000000,None,None,22341000000,None,None,None,0.0997,,44395000000,33159000000,8798000000,11582000000,None,None,None,,,,,0.129,1.502,0.476,,,,,,,,0.0082,,133199000000,2025-11-04,quarterly,0.85,USD,pre-market,684000000,102535000000,0.0262,0.0355,0.025,17.76,13706000000,53249000000,8663000000,428000000,32.72,35.31,11.8421,310274000000,103588000000,74270000000,180074000000,206686000000,105804000000,239792000000,129080000000,55.27,None,37.44,24.13
2025-12-28,BP,0.62,185934004000.0,55.27,None,0.048,3.753,,None,22520000000,22520000000,,,,,,,,,5108000000,3133671000,None,163026000000,163026000000,28926000000,None,48396000000,29993000000,None,None,8771000000,,0.326,0.0583,,,,5.0,0.09,33159000000,41930000000,0.76,2013-12-31,11.67,12181000000,49167000000.0,76766000000,31921000000,9473000000,22039000000,22039000000,None,616000000,None,29231000000,None,None,40811000000,None,27400000000,22341000000,None,None,None,0.0997,,44395000000,33159000000,14629000000,34560000000,None,None,None,,,,,0.129,1.502,0.476,,,,,,,,0.0082,,133690000000,2025-11-04,quarterly,0.85,USD,pre-market,684000000,103787000000,0.0262,0.0355,0.025,17.76,13706000000,48192000000,7381000000,467000000,32.72,35.31,11.8421,305690000000,96840000000,72812000000,175283000000,208850000000,102471000000,239792000000,129302000000,55.27,-20370000000,37.44,24.13
2025-12-28,BP,0.62,185934004000.0,55.27,None,0.048,3.753,,None,29499000000,29499000000,,,,,,,,,5181000000,3161198000,None,163026000000,163026000000,48309000000,None,None,37992000000,None,None,8771000000,,0.326,0.0583,,,,5.0,0.09,33159000000,41930000000,0.76,2013-09-30,11.67,12075000000,49167000000.0,76766000000,31921000000,9473000000,25822000000,25822000000,None,616000000,None,29389000000,None,None,41664000000,None,None,22341000000,None,None,None,0.0997,,44395000000,33159000000,8268000000,12687000000,None,None,None,,,,,0.129,1.502,0.476,,,,,,,,0.0082,,130153000000,2025-11-04,quarterly,0.85,USD,pre-market,684000000,102646000000,0.0262,0.0355,0.025,17.76,13706000000,50284000000,8620000000,536000000,32.72,35.31,11.8421,311389000000,105684000000,74634000000,180138000000,205705000000,105504000000,239792000000,130074000000,55.27,None,37.44,24.13
2025-12-28,BP,0.62,185934004000.0,55.27,None,0.048,3.753,,None,28313000000,28313000000,,,,,,,,,5209000000,3184778000,None,163026000000,163026000000,47831000000,None,None,37851000000,None,None,8771000000,,0.326,0.0583,,,,5.0,0.09,33159000000,41930000000,0.76,2013-06-30,11.67,11936000000,49167000000.0,76766000000,31921000000,9473000000,25360000000,25360000000,None,616000000,None,28314000000,None,None,38265000000,None,None,22341000000,None,None,None,0.0997,,44395000000,33159000000,47457000000,13220000000,None,None,None,,,,,0.129,1.502,0.476,,,,,,,,0.0082,,128370000000,2025-11-04,quarterly,0.85,USD,pre-market,684000000,102413000000,0.0262,0.0355,0.025,17.76,13706000000,46990000000,8725000000,712000000,32.72,35.31,11.8421,307252000000,104796000000,75474000000,177119000000,202456000000,101645000000,239792000000,128991000000,55.27,None,37.44,24.13
2025-12-28,BP,0.62,185934004000.0,55.27,None,0.048,3.753,,None,27679000000,27679000000,,,,,,,,,5264000000,3207945000,None,163026000000,163026000000,49787000000,None,None,37567000000,None,None,8771000000,,0.326,0.0583,,,,5.0,0.09,33159000000,41930000000,0.76,2013-03-31,11.67,11940000000,49167000000.0,76766000000,31921000000,9473000000,24962000000,24962000000,None,616000000,None,28628000000,None,None,37524000000,None,None,22341000000,None,None,None,0.0997,,44395000000,33159000000,51600000000,13738000000,None,None,None,,,,,0.129,1.502,0.476,,,,,,,,0.0082,,126848000000,2025-11-04,quarterly,0.85,USD,pre-market,684000000,101994000000,0.0262,0.0355,0.025,17.76,13706000000,46425000000,8901000000,596000000,32.72,35.31,11.8421,310810000000,108503000000,78592000000,179725000000,202307000000,101133000000,239792000000,129851000000,55.27,None,37.44,24.13
2025-12-28,BP,0.62,185934004000.0,55.27,None,0.048,3.753,,None,19548000000,19548000000,,,,,,,,,5240000000,3196307000,None,163026000000,163026000000,29920000000,None,None,27265000000,None,None,8771000000,,0.326,0.0583,,,,5.0,0.09,33159000000,41930000000,0.76,2012-12-31,11.67,11861000000,49167000000.0,76766000000,31921000000,9473000000,24041000000,24041000000,None,616000000,None,27867000000,None,None,38767000000,None,None,22341000000,None,None,None,0.0997,,44395000000,33159000000,64771000000,34721000000,None,None,None,,,,,0.129,1.502,0.476,,,,,,,,0.0082,,120448000000,2025-11-04,quarterly,0.85,USD,pre-market,684000000,87576000000,0.0262,0.0355,0.025,17.76,13706000000,48797000000,10033000000,319000000,32.72,35.31,11.8421,300987000000,111257000000,77862000000,181367000000,189730000000,103505000000,239792000000,118414000000,55.27,-20774000000,37.44,24.13
2025-12-28,BP,0.62,185934004000.0,55.27,None,0.048,3.753,,None,16041000000,16041000000,,,,,,,,,5241000000,3189972000,None,163026000000,163026000000,48829000000,None,None,41523000000,None,None,8771000000,,0.326,0.0583,,,,5.0,0.09,33159000000,41930000000,0.76,2012-09-30,11.67,11984000000,49167000000.0,76766000000,31921000000,9473000000,23184000000,23184000000,None,616000000,None,28300000000,None,None,41398000000,None,None,22341000000,None,None,None,0.0997,,44395000000,33159000000,13604000000,392000000,None,None,None,,,,,0.129,1.502,0.476,,,,,,,,0.0082,,119687000000,2025-11-04,quarterly,0.85,USD,pre-market,684000000,88344000000,0.0262,0.0355,0.025,17.76,13706000000,49077000000,7679000000,318000000,32.72,35.31,11.8421,302258000000,99786000000,79654000000,183485000000,202472000000,103831000000,239792000000,117619000000,55.27,None,37.44,24.13
2025-12-28,BP,0.62,185934004000.0,55.27,None,0.048,3.753,,None,14881000000,14881000000,,,,,,,,,None,3214081000,None,163026000000,163026000000,47149000000,None,None,38622000000,None,None,8771000000,,0.326,0.0583,,,,5.0,0.09,33159000000,41930000000,0.76,2012-06-30,11.67,11831000000,49167000000.0,76766000000,31921000000,9473000000,22345000000,22345000000,None,616000000,None,26434000000,None,None,40449000000,None,None,22341000000,None,None,None,0.0997,,44395000000,33159000000,14406000000,644000000,None,None,None,,,,,0.129,1.502,0.476,,,,,,,,0.0082,,117565000000,2025-11-04,quarterly,0.85,USD,pre-market,684000000,None,0.0262,0.0355,0.025,17.76,13706000000,47662000000,7213000000,304000000,32.72,35.31,11.8421,292558000000,94647000000,76197000000,179235000000,197911000000,103038000000,239792000000,112232000000,55.27,None,37.44,24.13
2025-12-28,BP,0.62,185934004000.0,55.27,None,0.048,3.753,,None,14092000000,14092000000,,,,,,,,,None,3206816000,None,163026000000,163026000000,53994000000,None,None,41647000000,None,None,8771000000,,0.326,0.0583,,,,5.0,0.09,33159000000,41930000000,0.76,2012-03-31,11.67,12210000000,49167000000.0,76766000000,31921000000,9473000000,22000000000,22000000000,None,616000000,None,30154000000,None,None,38573000000,None,None,22341000000,None,None,None,0.0997,,44395000000,33159000000,15738000000,15315000000,None,None,None,,,,,0.129,1.502,0.476,,,,,,,,0.0082,,119991000000,2025-11-04,quarterly,0.85,USD,pre-market,684000000,None,0.0262,0.0355,0.025,17.76,13706000000,46470000000,7897000000,303000000,32.72,35.31,11.8421,303544000000,101934000000,82854000000,184324000000,201610000000,101470000000,239792000000,118126000000,55.27,None,37.44,24.13
2025-12-28,BP,0.62,185934004000.0,55.27,None,0.048,3.753,,None,14067000000,14067000000,,,,,,,,,43454000000,3202641000,None,163026000000,163026000000,29830000000,None,None,-1900000000,None,None,8771000000,,0.326,0.0583,,,,5.0,0.09,33159000000,41930000000,0.76,2011-12-31,11.67,12100000000,49167000000.0,76766000000,31921000000,9473000000,21102000000,21102000000,None,616000000,None,25661000000,None,None,35169000000,None,None,22341000000,None,None,None,0.0997,,44395000000,33159000000,57568000000,41562000000,None,None,None,,,,,0.129,1.502,0.476,,,,,,,,0.0082,,119214000000,2025-11-04,quarterly,0.85,USD,pre-market,684000000,83063000000,0.0262,0.0355,0.025,17.76,13706000000,44213000000,9044000000,288000000,32.72,35.31,11.8421,290927000000,95684000000,82418000000,178445000000,195243000000,96027000000,239792000000,111465000000,55.27,-20935000000,37.44,24.13
2025-12-28,BP,0.62,185934004000.0,55.27,None,0.048,3.753,,None,17997000000,17997000000,,,,,,,,,None,3197834000,None,163026000000,163026000000,52736000000,None,None,41138000000,None,None,8771000000,,0.326,0.0583,,,,5.0,0.09,33159000000,41930000000,0.76,2011-09-30,11.67,11139000000,49167000000.0,76766000000,31921000000,9473000000,20426000000,20426000000,None,616000000,None,26601000000,None,None,33767000000,None,None,22341000000,None,None,None,0.0997,,44395000000,33159000000,14364000000,-2442000000,None,None,None,,,,,0.129,1.502,0.476,,,,,,,,0.0082,,114809000000,2025-11-04,quarterly,0.85,USD,pre-market,684000000,None,0.0262,0.0355,0.025,17.76,13706000000,53894000000,11516000000,287000000,32.72,35.31,11.8421,290731000000,100387000000,87225000000,180436000000,190344000000,93211000000,239792000000,109276000000,55.27,None,37.44,24.13
2025-12-28,BP,0.62,185934004000.0,55.27,None,0.048,3.753,,None,18749000000,18749000000,,,,,,,,,None,3186475000,None,163026000000,163026000000,51010000000,None,None,43178000000,None,None,8771000000,,0.326,0.0583,,,,5.0,0.09,33159000000,41930000000,0.76,2011-06-30,11.67,9470000000,49167000000.0,76766000000,31921000000,9473000000,16768000000,16768000000,None,616000000,None,27477000000,None,None,34445000000,None,None,22341000000,None,None,None,0.0997,,44395000000,33159000000,18214000000,-2756000000,None,None,None,,,,,0.129,1.502,0.476,,,,,,,,0.0082,,112205000000,2025-11-04,quarterly,0.85,USD,pre-market,684000000,None,0.0262,0.0355,0.025,17.76,13706000000,46890000000,12445000000,1413000000,32.72,35.31,11.8421,290995000000,109031000000,86924000000,182587000000,181964000000,95663000000,239792000000,107494000000,55.27,None,37.44,24.13
2025-12-28,BP,0.62,185934004000.0,55.27,None,0.048,3.753,,None,18726000000,18726000000,,,,,,,,,None,3173065000,None,163026000000,163026000000,51345000000,None,None,43005000000,None,None,8771000000,,0.326,0.0583,,,,5.0,0.09,33159000000,41930000000,0.76,2011-03-31,11.67,8764000000,49167000000.0,76766000000,31921000000,9473000000,14439000000,14439000000,None,616000000,None,28657000000,None,None,32847000000,None,None,22341000000,None,None,None,0.0997,,44395000000,33159000000,15507000000,16363000000,None,None,None,,,,,0.129,1.502,0.476,,,,,,,,0.0082,,111476000000,2025-11-04,quarterly,0.85,USD,pre-market,684000000,None,0.0262,0.0355,0.025,17.76,13706000000,59774000000,14255000000,1439000000,32.72,35.31,11.8421,286592000000,107334000000,88943000000,183409000000,179258000000,94466000000,239792000000,102208000000,55.27,None,37.44,24.13
2025-12-28,BP,0.62,185934004000.0,55.27,None,0.048,3.753,,None,18556000000,18556000000,,,,,,,,,5183000000,3168170000,None,163026000000,163026000000,46329000000,None,None,2641000000,None,None,8771000000,,0.326,0.0583,,,,5.0,0.09,33159000000,41930000000,0.76,2010-12-31,11.67,8598000000,49167000000.0,76766000000,31921000000,9473000000,14298000000,14298000000,None,616000000,None,26218000000,None,None,30710000000,None,None,22341000000,None,None,None,0.0997,,44395000000,33159000000,47906000000,1866000000,None,None,None,,,,,0.129,1.502,0.476,,,,,,,,0.0082,,110163000000,2025-11-04,quarterly,0.85,USD,pre-market,684000000,65758000000,0.0262,0.0355,0.025,17.76,13706000000,45336000000,14743000000,1532000000,32.72,35.31,11.8421,272262000000,96853000000,82832000000,176371000000,175409000000,93539000000,239792000000,94987000000,55.27,-21085000000,37.44,24.13
2025-12-28,BP,0.62,185934004000.0,55.27,None,0.048,3.753,,None,12803000000,12803000000,,,,,,,,,None,3170039000,None,163026000000,163026000000,43890000000,None,None,36547000000,None,None,8771000000,,0.326,0.0583,,,,5.0,0.09,33159000000,41930000000,0.76,2010-09-30,11.67,8806000000,49167000000.0,76766000000,31921000000,9473000000,14822000000,14822000000,None,616000000,None,21957000000,None,None,25957000000,None,None,22341000000,None,None,None,0.0997,,44395000000,33159000000,43113000000,3725000000,None,None,None,,,,,0.129,1.502,0.476,,,,,,,,0.0082,,107396000000,2025-11-04,quarterly,0.85,USD,pre-market,684000000,None,0.0262,0.0355,0.025,17.76,13706000000,39979000000,14022000000,6387000000,32.72,35.31,11.8421,257113000000,84260000000,83624000000,166747000000,172853000000,83123000000,239792000000,89454000000,55.27,None,37.44,24.13
2025-12-28,BP,0.62,185934004000.0,55.27,None,0.048,3.753,,None,7310000000,7310000000,,,,,,,,,None,3171945000,None,163026000000,163026000000,45502000000,None,None,38727000000,None,None,8771000000,,0.326,0.0583,,,,5.0,0.09,33159000000,41930000000,0.76,2010-06-30,11.67,8250000000,49167000000.0,76766000000,31921000000,9473000000,14198000000,14198000000,None,616000000,None,22106000000,None,None,22259000000,None,None,22341000000,None,None,None,0.0997,,44395000000,33159000000,41700000000,2332000000,None,None,None,,,,,0.129,1.502,0.476,,,,,,,,0.0082,,106494000000,2025-11-04,quarterly,0.85,USD,pre-market,684000000,None,0.0262,0.0355,0.025,17.76,13706000000,30580000000,8321000000,6133000000,32.72,35.31,11.8421,248615000000,77249000000,80306000000,162253000000,171366000000,81947000000,239792000000,85490000000,55.27,None,37.44,24.13
2025-12-28,BP,0.62,185934004000.0,55.27,None,0.048,3.753,,None,6841000000,6841000000,,,,,,,,,None,3167457000,None,163026000000,163026000000,38146000000,None,None,31395000000,None,None,8771000000,,0.326,0.0583,,,,5.0,0.09,33159000000,41930000000,0.76,2010-03-31,11.67,8409000000,49167000000.0,76766000000,31921000000,9473000000,12675000000,12675000000,None,616000000,None,23221000000,None,None,23797000000,None,None,22341000000,None,None,None,0.0997,,44395000000,33159000000,2885000000,2906000000,None,None,None,,,,,0.129,1.502,0.476,,,,,,,,0.0082,,108232000000,2025-11-04,quarterly,0.85,USD,pre-market,684000000,None,0.0262,0.0355,0.025,17.76,13706000000,32153000000,8356000000,5355000000,32.72,35.31,11.8421,240637000000,69697000000,61784000000,135659000000,170940000000,73875000000,239792000000,104079000000,55.27,None,37.44,24.13
2025-12-28,BP,0.62,185934004000.0,55.27,None,0.048,3.753,,None,8339000000,8339000000,,,,,,,,,5158000000,3156200500,None,163026000000,163026000000,22886000000,None,None,29780000000,None,None,8771000000,,0.326,0.0583,,,,5.0,0.09,33159000000,41930000000,0.76,2009-12-31,11.67,8620000000,49167000000.0,76766000000,31921000000,9473000000,11548000000,11548000000,None,616000000,None,22605000000,None,None,25518000000,None,None,22341000000,None,None,None,0.0997,,44395000000,33159000000,6929000000,14535000000,None,None,None,,,,,0.129,1.502,0.476,,,,,,,,0.0082,,108275000000,2025-11-04,quarterly,0.85,USD,pre-market,684000000,72655000000,0.0262,0.0355,0.025,17.76,13706000000,34627000000,9109000000,4967000000,32.72,35.31,11.8421,235968000000,67653000000,59320000000,133855000000,168315000000,74535000000,239792000000,101613000000,55.27,-21303000000,37.44,24.13
2025-12-28,BP,0.62,185934004000.0,55.27,None,0.048,3.753,,None,9883000000,9883000000,,,,,,,,,None,3156130000,None,163026000000,163026000000,33597000000,None,None,28985000000,None,None,8771000000,,0.326,0.0583,,,,5.0,0.09,33159000000,41930000000,0.76,2009-09-30,11.67,10203000000,49167000000.0,76766000000,31921000000,9473000000,11246000000,11246000000,None,616000000,None,18988000000,None,None,27068000000,None,None,22341000000,None,None,None,0.0997,,44395000000,33159000000,3287000000,9568000000,None,None,None,,,,,0.129,1.502,0.476,,,,,,,,0.0082,,106692000000,2025-11-04,quarterly,0.85,USD,pre-market,684000000,None,0.0262,0.0355,0.025,17.76,13706000000,36555000000,9487000000,5536000000,32.72,35.31,11.8421,235145000000,66679000000,58302000000,134342000000,168466000000,76040000000,239792000000,100225000000,55.27,None,37.44,24.13
2025-12-28,BP,0.62,185934004000.0,55.27,None,0.048,3.753,,None,8959000000,8959000000,,,,,,,,,5156000000,3154988000,None,163026000000,163026000000,34764000000,None,None,29431000000,None,None,8771000000,,0.326,0.0583,,,,5.0,0.09,33159000000,41930000000,0.76,2009-06-30,11.67,10304000000,49167000000.0,76766000000,31921000000,9473000000,10951000000,10951000000,None,616000000,None,18650000000,None,None,24222000000,None,None,22341000000,None,None,None,0.0997,,44395000000,33159000000,3274000000,3355000000,None,None,None,,,,,0.129,1.502,0.476,,,,,,,,0.0082,,105779000000,2025-11-04,quarterly,0.85,USD,pre-market,684000000,100580000000,0.0262,0.0355,0.025,17.76,13706000000,36240000000,12018000000,6760000000,32.72,35.31,11.8421,233359000000,67074000000,63007000000,136410000000,166285000000,73403000000,239792000000,96241000000,55.27,-21426000000,37.44,24.13
2025-12-28,BP,0.62,185934004000.0,55.27,None,0.048,3.753,,None,8360000000,8360000000,,,,,,,,,None,3153419000,None,163026000000,163026000000,31031000000,None,None,26403000000,None,None,8771000000,,0.326,0.0583,,,,5.0,0.09,33159000000,41930000000,0.76,2009-03-31,11.67,9770000000,49167000000.0,76766000000,31921000000,9473000000,10526000000,10526000000,None,616000000,None,15292000000,None,None,19438000000,None,None,22341000000,None,None,None,0.0997,,44395000000,33159000000,3249000000,5026000000,None,None,None,,,,,0.129,1.502,0.476,,,,,,,,0.0082,,103316000000,2025-11-04,quarterly,0.85,USD,pre-market,684000000,None,0.0262,0.0355,0.025,17.76,13706000000,34698000000,15260000000,7753000000,32.72,35.31,11.8421,223203000000,61057000000,63894000000,132024000000,162146000000,68130000000,239792000000,90473000000,55.27,None,37.44,24.13
2025-12-28,BP,0.62,185934004000.0,55.27,None,0.048,3.753,,None,8197000000,8197000000,,,,,,,,,5155000000,3156919500,None,163026000000,163026000000,33644000000,None,None,32856000000,None,None,8771000000,,0.326,0.0583,,,,5.0,0.09,33159000000,41930000000,0.76,2008-12-31,11.67,9878000000,49167000000.0,76766000000,31921000000,9473000000,10260000000,10260000000,None,616000000,None,16821000000,None,None,17464000000,None,None,22341000000,None,None,None,0.0997,,44395000000,33159000000,32856000000,13666000000,None,None,None,,,,,0.129,1.502,0.476,,,,,,,,0.0082,,103200000000,2025-11-04,quarterly,0.85,USD,pre-market,684000000,67080000000,0.0262,0.0355,0.025,17.76,13706000000,33204000000,15740000000,None,32.72,35.31,11.8421,228238000000,66384000000,69793000000,136129000000,161854000000,66336000000,239792000000,91303000000,55.27,-21513000000,37.44,24.13
2025-12-28,BP,0.62,185934004000.0,55.27,None,0.048,3.753,,None,6142000000,6142000000,,,,,,,,,None,3152021000,None,163026000000,163026000000,43948000000,None,None,51521000000,None,None,8771000000,,0.326,0.0583,,,,5.0,0.09,33159000000,41930000000,0.76,2008-09-30,11.67,10566000000,49167000000.0,76766000000,31921000000,9473000000,10040000000,10040000000,None,616000000,None,27277000000,None,None,14042000000,None,None,22341000000,None,None,None,0.0997,,44395000000,33159000000,51853000000,14073000000,None,None,None,,,,,0.129,1.502,0.476,,,,,,,,0.0082,,102889000000,2025-11-04,quarterly,0.85,USD,pre-market,684000000,None,0.0262,0.0355,0.025,17.76,13706000000,28300000000,14258000000,None,32.72,35.31,11.8421,256122000000,85272000000,80305000000,149332000000,170850000000,69027000000,239792000000,105704000000,55.27,None,37.44,24.13
2025-12-28,BP,0.62,185934004000.0,55.27,None,0.048,3.753,,None,3593000000,3593000000,,,,,,,,,None,3169168000,None,163026000000,163026000000,54029000000,None,None,48482000000,None,None,8771000000,,0.326,0.0583,,,,5.0,0.09,33159000000,41930000000,0.76,2008-06-30,11.67,11016000000,49167000000.0,76766000000,31921000000,9473000000,7386000000,7386000000,None,616000000,None,35182000000,None,None,13551000000,None,None,22341000000,None,None,None,0.0997,,44395000000,33159000000,20596000000,19011000000,None,None,None,,,,,0.129,1.502,0.476,,,,,,,,0.0082,,101787000000,2025-11-04,quarterly,0.85,USD,pre-market,684000000,None,0.0262,0.0355,0.025,17.76,13706000000,30189000000,16638000000,None,32.72,35.31,11.8421,283813000000,107853000000,101040000000,177359000000,175960000000,76319000000,239792000000,105356000000,55.27,None,37.44,24.13
2025-12-28,BP,0.62,185934004000.0,55.27,None,0.048,3.753,,None,4820000000,4820000000,,,,,,,,,None,3174220000,None,163026000000,163026000000,47546000000,None,None,56591000000,None,None,8771000000,,0.326,0.0583,,,,5.0,0.09,33159000000,41930000000,0.76,2008-03-31,11.67,11012000000,49167000000.0,76766000000,31921000000,9473000000,6729000000,6729000000,None,616000000,None,26855000000,None,None,16051000000,None,None,22341000000,None,None,None,0.0997,,44395000000,33159000000,56841000000,11981000000,None,None,None,,,,,0.129,1.502,0.476,,,,,,,,0.0082,,99512000000,2025-11-04,quarterly,0.85,USD,pre-market,684000000,None,0.0262,0.0355,0.025,17.76,13706000000,29871000000,13820000000,None,32.72,35.31,11.8421,252668000000,88516000000,82943000000,152964000000,164152000000,70021000000,239792000000,98642000000,55.27,None,37.44,24.13
2025-12-28,BP,0.62,185934004000.0,55.27,None,0.048,3.753,,None,3562000000,3562000000,,,,,,,,,5216000000,3198504500,None,163026000000,163026000000,31451000000,None,None,42479000000,None,None,8771000000,,0.326,0.0583,,,,5.0,0.09,33159000000,41930000000,0.76,2007-12-31,11.67,11006000000,49167000000.0,76766000000,31921000000,9473000000,6652000000,6652000000,None,616000000,None,26554000000,None,None,15651000000,None,None,22341000000,None,None,None,0.0997,,44395000000,33159000000,48800000000,23583000000,None,None,None,,,,,0.129,1.502,0.476,,,,,,,,0.0082,,97989000000,2025-11-04,quarterly,0.85,USD,pre-market,684000000,64510000000,0.0262,0.0355,0.025,17.76,13706000000,31045000000,15394000000,None,32.72,35.31,11.8421,236076000000,78916000000,77068000000,141424000000,157160000000,64356000000,239792000000,93690000000,55.27,-22112000000,37.44,24.13
2025-12-28,BP,0.62,185934004000.0,55.27,None,0.048,3.753,,None,2410000000,2410000000,,,,,,,,,None,3221312500,None,163026000000,163026000000,42649000000,None,None,3743000000,None,None,8771000000,,0.326,0.0583,,,,5.0,0.09,33159000000,41930000000,0.76,2007-09-30,11.67,11138000000,49167000000.0,76766000000,31921000000,9473000000,5971000000,5971000000,None,616000000,None,21784000000,None,None,12456000000,None,None,22341000000,None,None,None,0.0997,,44395000000,33159000000,46910000000,12377000000,None,None,None,,,,,0.129,1.502,0.476,,,,,,,,0.0082,,96934000000,2025-11-04,quarterly,0.85,USD,pre-market,684000000,None,0.0262,0.0355,0.025,17.76,13706000000,25245000000,12789000000,None,32.72,35.31,11.8421,225611000000,74847000000,73805000000,134117000000,150764000000,60312000000,239792000000,90541000000,55.27,None,37.44,24.13
2025-12-28,BP,0.62,185934004000.0,55.27,None,0.048,3.753,,None,2643000000,2643000000,,,,,,,,,None,3219836000,None,163026000000,163026000000,42634000000,None,None,50738000000,None,None,8771000000,,0.326,0.0583,,,,5.0,0.09,33159000000,41930000000,0.76,2007-06-30,11.67,11055000000,49167000000.0,76766000000,31921000000,9473000000,5735000000,5735000000,None,616000000,None,20645000000,None,None,12188000000,None,None,22341000000,None,None,None,0.0997,,44395000000,33159000000,50916000000,9592000000,None,None,None,,,,,0.129,1.502,0.476,,,,,,,,0.0082,,95193000000,2025-11-04,quarterly,0.85,USD,pre-market,684000000,None,0.0262,0.0355,0.025,17.76,13706000000,23754000000,11566000000,None,32.72,35.31,11.8421,221894000000,74204000000,73066000000,132471000000,147690000000,59405000000,239792000000,88549000000,55.27,None,37.44,24.13
2025-12-28,BP,0.62,185934004000.0,55.27,None,0.048,3.753,,None,1956000000,1956000000,,,,,,,,,None,3252441000,None,163026000000,163026000000,43681000000,None,None,51049000000,None,None,8771000000,,0.326,0.0583,,,,5.0,0.09,33159000000,41930000000,0.76,2007-03-31,11.67,10991000000,49167000000.0,76766000000,31921000000,9473000000,5667000000,5667000000,None,616000000,None,19812000000,None,None,12131000000,None,None,22341000000,None,None,None,0.0997,,44395000000,33159000000,51144000000,11587000000,None,None,None,,,,,0.129,1.502,0.476,,,,,,,,0.0082,,92307000000,2025-11-04,quarterly,0.85,USD,pre-market,684000000,None,0.0262,0.0355,0.025,17.76,13706000000,23728000000,11597000000,None,32.72,35.31,11.8421,216856000000,72912000000,73509000000,131107000000,143944000000,57598000000,239792000000,84874000000,55.27,None,37.44,24.13
2025-12-28,BP,0.62,185934004000.0,55.27,None,0.048,3.753,,None,2590000000,2590000000,,,,,,,,,5364000000,3347452000,None,163026000000,163026000000,28319000000,None,None,42383000000,None,None,8771000000,,0.326,0.0583,,,,5.0,0.09,33159000000,41930000000,0.76,2006-12-31,11.67,10780000000,49167000000.0,76766000000,31921000000,9473000000,5246000000,5246000000,None,616000000,None,18915000000,None,None,11086000000,None,None,22341000000,None,None,None,0.0997,,44395000000,33159000000,52756000000,27908000000,None,None,None,,,,,0.129,1.502,0.476,,,,,,,,0.0082,,90999000000,2025-11-04,quarterly,0.85,USD,pre-market,684000000,58487000000,0.0262,0.0355,0.025,17.76,13706000000,24010000000,12924000000,None,32.72,35.31,11.8421,217601000000,74261000000,75298000000,132136000000,143340000000,56838000000,239792000000,84624000000,55.27,-22182000000,37.44,24.13
2025-12-28,BP,0.62,185934004000.0,55.27,None,0.048,3.753,,None,3199000000,3199000000,,,,,,,,,None,3330990000,None,163026000000,163026000000,40589000000,None,None,3192000000,None,None,8771000000,,0.326,0.0583,,,,5.0,0.09,33159000000,41930000000,0.76,2006-09-30,11.67,10624000000,49167000000.0,76766000000,31921000000,9473000000,5104000000,5104000000,None,616000000,None,19362000000,None,None,10412000000,None,None,22341000000,None,None,None,0.0997,,44395000000,33159000000,51435000000,13457000000,None,None,None,,,,,0.129,1.502,0.476,,,,,,,,0.0082,,87584000000,2025-11-04,quarterly,0.85,USD,pre-market,684000000,59973,0.0262,0.0355,0.025,17.76,13706000000,19973000000,9561000000,None,32.72,35.31,11.8421,213526000000,77188000000,72413000000,128456000000,136338000000,56043000000,239792000000,84278000000,55.27,None,37.44,24.13
2025-12-28,BP,0.62,185934004000.0,55.27,None,0.048,3.753,,None,2590000000,2590000000,,,,,,,,,None,3399430000,None,163026000000,163026000000,42236000000,None,None,3550000000,None,None,8771000000,,0.326,0.0583,,,,5.0,0.09,33159000000,41930000000,0.76,2006-06-30,11.67,10780000000,49167000000.0,76766000000,31921000000,9473000000,5246000000,5246000000,None,616000000,None,18915000000,None,None,9638000000,None,None,22341000000,None,None,None,0.0997,,44395000000,33159000000,50284000000,14922000000,None,None,None,,,,,0.129,1.502,0.476,,,,,,,,0.0082,,85953000000,2025-11-04,quarterly,0.85,USD,pre-market,684000000,56291,0.0262,0.0355,0.025,17.76,13706000000,24010000000,12924000000,None,32.72,35.31,11.8421,217601000000,75339000000,75352000000,132136000000,142262000000,56784000000,239792000000,84624000000,55.27,None,37.44,24.13
2025-12-28,BP,0.62,185934004000.0,55.27,None,0.048,3.753,,None,2939000000,2939000000,,,,,,,,,5164000000,3420312000,None,163026000000,163026000000,42712000000,None,None,3918000000,None,None,8771000000,,0.326,0.0583,,,,5.0,0.09,33159000000,41930000000,0.76,2006-03-31,11.67,10322000000,49167000000.0,76766000000,31921000000,9473000000,4887000000,4887000000,None,616000000,None,18823000000,None,None,9457000000,None,None,22341000000,None,None,None,0.0997,,44395000000,33159000000,49645000000,11593000000,None,None,None,,,,,0.129,1.502,0.476,,,,,,,,0.0082,,85487000000,2025-11-04,quarterly,0.85,USD,pre-market,684000000,46794000000,0.0262,0.0355,0.025,17.76,13706000000,9222000000,9222000000,None,32.72,35.31,11.8421,207094000000,75325000000,71345000000,126213000000,131769000000,54868000000,239792000000,80148000000,55.27,None,37.44,24.13
2025-12-28,BP,0.62,185934004000.0,55.27,None,0.048,3.753,,None,2960000000,2960000000,,,,,,,,,5164000000,3556070000,None,163026000000,163026000000,28614000000,None,None,42712000000,None,None,8771000000,,0.326,0.0583,,,,5.0,0.09,33159000000,41930000000,0.76,2005-12-31,11.67,10371000000,49167000000.0,76766000000,31921000000,9473000000,4772000000,4772000000,None,616000000,None,19760000000,None,None,10230000000,None,None,22341000000,None,None,None,0.0997,,44395000000,33159000000,52570000000,28481000000,None,None,None,,,,,0.129,1.502,0.476,,,,,,,,0.0082,,85947000000,2025-11-04,quarterly,0.85,USD,pre-market,684000000,46151000000,0.0262,0.0355,0.025,17.76,13706000000,19162000000,8932000000,None,32.72,35.31,11.8421,206914000000,75290000000,71997000000,126464000000,131624000000,54467000000,239792000000,79661000000,55.27,-10598000000,37.44,24.13
2025-12-28,BP,0.62,185934004000.0,55.27,None,0.048,3.753,,None,2182000000,2182000000,,,,,,,,,None,3548982000,None,163026000000,163026000000,58414000000,None,None,None,None,None,8771000000,,0.326,0.0583,,,,5.0,0.09,33159000000,41930000000,0.76,2005-09-30,11.67,10440000000,49167000000.0,76766000000,31921000000,9473000000,4762000000,4762000000,None,616000000,None,19507000000,None,None,11679000000,None,None,22341000000,None,None,None,0.0997,,44395000000,33159000000,63412000000,1020000000,None,None,None,,,,,0.129,1.502,0.476,,,,,,,,0.0082,,84489000000,2025-11-04,quarterly,0.85,USD,pre-market,684000000,43996,0.0262,0.0355,0.025,17.76,13706000000,22159000000,10480000000,None,32.72,35.31,11.8421,214326000000,85101000000,74297000000,135296000000,129225000000,60999000000,239792000000,77884000000,55.27,None,37.44,24.13
2025-12-28,BP,0.62,185934004000.0,55.27,None,0.048,3.753,,12000000000,34360000000,34360000000,,,,,,,,,4165000000,2802777000,None,163026000000,163026000000,38636000000,None,4474000000,26185000000,None,None,8771000000,,0.326,0.0583,,,,5.0,0.09,33159000000,41930000000,0.76,2024-12-31,11.67,14888000000,49167000000.0,76766000000,31921000000,9473000000,5208000000,5208000000,None,616000000,None,23232000000,None,None,55073000000,None,None,22341000000,None,None,None,0.0997,,44395000000,33159000000,18892000000,32777000000,None,None,None,,,,,0.129,1.502,0.476,,,,,,,,0.0082,,100238000000,2025-11-04,annual,0.85,USD,pre-market,684000000,22531000000,0.0262,0.0355,0.025,17.76,13706000000,71547000000,7134000000,165000000,32.72,35.31,11.8421,282228000000,102834000000,82241000000,203910000000,179394000000,121669000000,239792000000,59246000000,55.27,None,37.44,24.13
2025-12-28,BP,0.62,185934004000.0,55.27,None,0.048,3.753,,11121000000,27748000000,27748000000,,,,,,,,,4475000000,2958346000,None,163026000000,163026000000,42406000000,None,3284000000,30335000000,None,None,8771000000,,0.326,0.0583,,,,5.0,0.09,33159000000,41930000000,0.76,2023-12-31,11.67,12472000000,49167000000.0,76766000000,31921000000,9473000000,5663000000,5663000000,None,616000000,None,22819000000,None,None,48670000000,None,None,22341000000,None,None,None,0.0997,,44395000000,33159000000,22401000000,32742000000,None,None,None,,,,,0.129,1.502,0.476,,,,,,,,0.0082,,104719000000,2025-11-04,annual,0.85,USD,pre-market,684000000,35339000000,0.0262,0.0355,0.025,17.76,13706000000,63075000000,5934000000,843000000,32.72,35.31,11.8421,280294000000,104146000000,86078000000,194801000000,176148000000,108723000000,239792000000,70283000000,55.27,None,37.44,24.13
2025-12-28,BP,0.62,185934004000.0,55.27,None,0.048,3.753,,8549000000,23329000000,23329000000,,,,,,,,,4774000000,3164656000,None,163026000000,163026000000,47210000000,None,3198000000,33288000000,None,None,8771000000,,0.326,0.0583,,,,5.0,0.09,33159000000,41930000000,0.76,2022-12-31,11.67,11960000000,49167000000.0,76766000000,31921000000,9473000000,5987000000,5987000000,None,616000000,None,28081000000,None,None,43746000000,None,None,22341000000,None,None,None,0.0997,,44395000000,33159000000,22412000000,40082000000,None,None,None,,,,,0.129,1.502,0.476,,,,,,,,0.0082,,106044000000,2025-11-04,annual,0.85,USD,pre-market,684000000,34732000000,0.0262,0.0355,0.025,17.76,13706000000,55493000000,5300000000,578000000,32.72,35.31,11.8421,288120000000,107688000000,99018000000,205130000000,180432000000,106112000000,239792000000,67553000000,55.27,None,37.44,24.13
2025-12-28,BP,0.62,185934004000.0,55.27,None,0.048,3.753,,8611000000,25941000000,25941000000,,,,,,,,,5194000000,3376731000,None,163026000000,163026000000,37327000000,None,5557000000,26363000000,None,None,8771000000,,0.326,0.0583,,,,5.0,0.09,33159000000,41930000000,0.76,2021-12-31,11.67,12373000000,49167000000.0,76766000000,31921000000,9473000000,2162000000,2162000000,None,616000000,None,23711000000,None,None,55619000000,None,None,22341000000,None,None,None,0.0997,,44395000000,33159000000,16295000000,31394000000,None,None,None,,,,,0.129,1.502,0.476,,,,,,,,0.0082,,112902000000,2025-11-04,annual,0.85,USD,pre-market,684000000,51815000000,0.0262,0.0355,0.025,17.76,13706000000,69787000000,7304000000,280000000,32.72,35.31,11.8421,287272000000,92590000000,80287000000,196833000000,194682000000,116546000000,239792000000,75463000000,55.27,-12624000000,37.44,24.13
2025-12-28,BP,0.62,185934004000.0,55.27,None,0.048,3.753,,9262000000,29194000000,29194000000,,,,,,,,,5362000000,3370252000,None,163026000000,163026000000,23157000000,None,9359000000,17849000000,None,None,8771000000,,0.326,0.0583,,,,5.0,0.09,33159000000,41930000000,0.76,2020-12-31,11.67,12480000000,49167000000.0,76766000000,31921000000,9473000000,1980000000,1980000000,None,616000000,None,16873000000,None,None,63305000000,None,None,22341000000,None,None,None,0.0997,,44395000000,33159000000,8733000000,22209000000,None,None,None,,,,,0.129,1.502,0.476,,,,,,,,0.0082,,114836000000,2025-11-04,annual,0.85,USD,pre-market,684000000,47300000000,0.0262,0.0355,0.025,17.76,13706000000,81926000000,11292000000,333000000,32.72,35.31,11.8421,267654000000,72982000000,59799000000,182086000000,194672000000,122287000000,239792000000,71250000000,55.27,-13224000000,37.44,24.13
2025-12-28,BP,0.62,185934004000.0,55.27,None,0.048,3.753,,9722000000,20796000000,20796000000,,,,,,,,,5383000000,3399945000,None,163026000000,163026000000,30538000000,None,10487000000,23940000000,None,None,8771000000,,0.326,0.0583,,,,5.0,0.09,33159000000,41930000000,0.76,2019-12-31,11.67,11868000000,49167000000.0,76766000000,31921000000,9473000000,1448000000,1448000000,None,616000000,None,20880000000,None,None,57237000000,None,31601000000,22341000000,None,None,None,0.0997,,44395000000,33159000000,16274000000,26083000000,None,None,None,,,,,0.129,1.502,0.476,,,,,,,,0.0082,,132642000000,2025-11-04,annual,0.85,USD,pre-market,684000000,73706000000,0.0262,0.0355,0.025,17.76,13706000000,77446000000,12554000000,169000000,32.72,35.31,11.8421,295194000000,82059000000,73595000000,194486000000,213135000000,120891000000,239792000000,98412000000,55.27,-14412000000,37.44,24.13
2025-12-28,BP,0.62,185934004000.0,55.27,None,0.048,3.753,,667000000,22468000000,22468000000,,,,,,,,,5381000000,3350416000,None,163026000000,163026000000,26252000000,None,9329000000,20056000000,None,None,8771000000,,0.326,0.0583,,,,5.0,0.09,33159000000,41930000000,0.76,2018-12-31,11.67,12204000000,49167000000.0,76766000000,31921000000,9473000000,17284000000,17284000000,None,616000000,None,17988000000,None,None,55803000000,None,27661000000,22341000000,None,None,None,0.0997,,44395000000,33159000000,10576000000,26138000000,None,None,None,,,,,0.129,1.502,0.476,,,,,,,,0.0082,,135261000000,2025-11-04,annual,0.85,USD,pre-market,684000000,78748000000,0.0262,0.0355,0.025,17.76,13706000000,65799000000,9373000000,222000000,32.72,35.31,11.8421,282176000000,71310000000,68237000000,180628000000,210866000000,112391000000,239792000000,99444000000,55.27,-15767000000,37.44,24.13
2025-12-28,BP,0.62,185934004000.0,55.27,None,0.048,3.753,,656000000,25586000000,25586000000,,,,,,,,,5322000000,3302740000,None,163026000000,163026000000,26983000000,None,7701000000,19478000000,None,None,8771000000,,0.326,0.0583,,,,5.0,0.09,33159000000,41930000000,0.76,2017-12-31,11.67,11551000000,49167000000.0,76766000000,31921000000,9473000000,18355000000,18355000000,None,616000000,None,19011000000,None,None,54873000000,None,26230000000,22341000000,None,None,None,0.0997,,44395000000,33159000000,10768000000,26632000000,None,None,None,,,,,0.129,1.502,0.476,,,,,,,,0.0082,,129471000000,2025-11-04,annual,0.85,USD,pre-market,684000000,75226000000,0.0262,0.0355,0.025,17.76,13706000000,63230000000,7739000000,125000000,32.72,35.31,11.8421,276515000000,74968000000,64726000000,176111000000,201547000000,111385000000,239792000000,98491000000,55.27,-16958000000,37.44,24.13
2025-12-28,BP,0.62,185934004000.0,55.27,None,0.048,3.753,,634000000,23484000000,23484000000,,,,,,,,,5263000000,3142553000,None,163026000000,163026000000,21575000000,None,6592000000,14449000000,None,None,8771000000,,0.326,0.0583,,,,5.0,0.09,33159000000,41930000000,0.76,2016-12-31,11.67,11194000000,49167000000.0,76766000000,31921000000,9473000000,18183000000,18183000000,None,616000000,None,17655000000,None,None,51074000000,None,23734000000,22341000000,None,None,None,0.0997,,44395000000,33159000000,12181000000,26813000000,None,None,None,,,,,0.129,1.502,0.476,,,,,,,,0.0082,,129757000000,2025-11-04,annual,0.85,USD,pre-market,684000000,75638000000,0.0262,0.0355,0.025,17.76,13706000000,58300000000,6634000000,44000000,32.72,35.31,11.8421,263316000000,67813000000,58354000000,166473000000,195503000000,108119000000,239792000000,95286000000,55.27,-18443000000,37.44,24.13
2025-12-28,BP,0.62,185934004000.0,55.27,None,0.048,3.753,,None,26389000000,26389000000,,,,,,,,,5028000000,3053941000,None,163026000000,163026000000,16838000000,None,5942000000,21909000000,None,None,8771000000,,0.326,0.0583,,,,5.0,0.09,33159000000,41930000000,0.76,2015-12-31,11.67,11627000000,49167000000.0,76766000000,31921000000,9473000000,18660000000,18660000000,None,616000000,None,14142000000,None,None,45567000000,None,18836000000,22341000000,None,None,None,0.0997,,44395000000,33159000000,16170000000,28782000000,None,None,None,,,,,0.129,1.502,0.476,,,,,,,,0.0082,,129758000000,2025-11-04,annual,0.85,USD,pre-market,684000000,81368000000,0.0262,0.0355,0.025,17.76,13706000000,53168000000,6944000000,219000000,32.72,35.31,11.8421,261832000000,70602000000,54724000000,163445000000,191230000000,108721000000,239792000000,97216000000,55.27,-19964000000,37.44,24.13
2025-12-28,BP,0.62,185934004000.0,55.27,None,0.048,3.753,,None,29763000000,29763000000,,,,,,,,,5002000000,3082882000,None,163026000000,163026000000,23074000000,None,6344000000,30217000000,None,None,8771000000,,0.326,0.0583,,,,5.0,0.09,33159000000,41930000000,0.76,2014-12-31,11.67,11868000000,49167000000.0,76766000000,31921000000,9473000000,20907000000,20907000000,None,616000000,None,18373000000,None,None,45977000000,None,20384000000,22341000000,None,None,None,0.0997,,44395000000,33159000000,19126000000,31653000000,None,None,None,,,,,0.129,1.502,0.476,,,,,,,,0.0082,,130692000000,2025-11-04,annual,0.85,USD,pre-market,684000000,92564000000,0.0262,0.0355,0.025,17.76,13706000000,52854000000,6877000000,329000000,32.72,35.31,11.8421,284305000000,87262000000,63615000000,171663000000,197043000000,108048000000,239792000000,111441000000,55.27,-20719000000,37.44,24.13
2025-12-28,BP,0.62,185934004000.0,55.27,None,0.048,3.753,,None,22520000000,22520000000,,,,,,,,,5108000000,3174362000,None,163026000000,163026000000,28926000000,None,48396000000,29993000000,None,None,8771000000,,0.326,0.0583,,,,5.0,0.09,33159000000,41930000000,0.76,2013-12-31,11.67,12181000000,49167000000.0,76766000000,31921000000,9473000000,22039000000,22039000000,None,616000000,None,29231000000,None,None,40811000000,None,27400000000,22341000000,None,None,None,0.0997,,44395000000,33159000000,14629000000,34560000000,None,None,None,,,,,0.129,1.502,0.476,,,,,,,,0.0082,,133690000000,2025-11-04,annual,0.85,USD,pre-market,684000000,103787000000,0.0262,0.0355,0.025,17.76,13706000000,48192000000,7381000000,467000000,32.72,35.31,11.8421,305690000000,96840000000,72812000000,175283000000,208850000000,102471000000,239792000000,129302000000,55.27,-20370000000,37.44,24.13
2025-12-28,BP,0.62,185934004000.0,55.27,None,0.048,3.753,,None,19548000000,19548000000,,,,,,,,,5240000000,3192981000,None,163026000000,163026000000,29920000000,None,None,27265000000,None,None,8771000000,,0.326,0.0583,,,,5.0,0.09,33159000000,41930000000,0.76,2012-12-31,11.67,11861000000,49167000000.0,76766000000,31921000000,9473000000,24041000000,24041000000,None,616000000,None,27867000000,None,None,38767000000,None,None,22341000000,None,None,None,0.0997,,44395000000,33159000000,64771000000,34721000000,None,None,None,,,,,0.129,1.502,0.476,,,,,,,,0.0082,,120448000000,2025-11-04,annual,0.85,USD,pre-market,684000000,87576000000,0.0262,0.0355,0.025,17.76,13706000000,48797000000,10033000000,319000000,32.72,35.31,11.8421,300987000000,111257000000,77862000000,181367000000,189730000000,103505000000,239792000000,118414000000,55.27,-20774000000,37.44,24.13
2025-12-28,BP,0.62,185934004000.0,55.27,None,0.048,3.753,,None,14067000000,14067000000,,,,,,,,,43454000000,3189367000,None,163026000000,163026000000,29830000000,None,None,-1900000000,None,None,8771000000,,0.326,0.0583,,,,5.0,0.09,33159000000,41930000000,0.76,2011-12-31,11.67,12100000000,49167000000.0,76766000000,31921000000,9473000000,21102000000,21102000000,None,616000000,None,25661000000,None,None,35169000000,None,None,22341000000,None,None,None,0.0997,,44395000000,33159000000,57568000000,21172000000,None,None,None,,,,,0.129,1.502,0.476,,,,,,,,0.0082,,119214000000,2025-11-04,annual,0.85,USD,pre-market,684000000,83063000000,0.0262,0.0355,0.025,17.76,13706000000,44213000000,9044000000,288000000,32.72,35.31,11.8421,290927000000,95684000000,82418000000,178445000000,195243000000,96027000000,239792000000,111465000000,55.27,-20935000000,37.44,24.13
2025-12-28,BP,0.62,185934004000.0,55.27,None,0.048,3.753,,None,18556000000,18556000000,,,,,,,,,5183000000,3166301000,None,163026000000,163026000000,46329000000,None,None,39063000000,None,None,8771000000,,0.326,0.0583,,,,5.0,0.09,33159000000,41930000000,0.76,2010-12-31,11.67,8598000000,49167000000.0,76766000000,31921000000,9473000000,14298000000,14298000000,None,616000000,None,26218000000,None,None,30710000000,None,None,22341000000,None,None,None,0.0997,,44395000000,33159000000,47906000000,819000000,None,None,None,,,,,0.129,1.502,0.476,,,,,,,,0.0082,,110163000000,2025-11-04,annual,0.85,USD,pre-market,684000000,65758000000,0.0262,0.0355,0.025,17.76,13706000000,45336000000,14743000000,5888000000,32.72,35.31,11.8421,272262000000,96853000000,83879000000,176371000000,175409000000,92492000000,239792000000,94987000000,55.27,-21085000000,37.44,24.13
2025-12-28,BP,0.62,185934004000.0,55.27,None,0.048,3.753,,None,8339000000,8339000000,,,,,,,,,5158000000,3156271000,None,163026000000,163026000000,22886000000,None,None,29780000000,None,None,8771000000,,0.326,0.0583,,,,5.0,0.09,33159000000,41930000000,0.76,2009-12-31,11.67,8620000000,49167000000.0,76766000000,31921000000,9473000000,11548000000,11548000000,None,616000000,None,22605000000,None,None,25518000000,None,None,22341000000,None,None,None,0.0997,,44395000000,33159000000,6929000000,14535000000,None,None,None,,,,,0.129,1.502,0.476,,,,,,,,0.0082,,108275000000,2025-11-04,annual,0.85,USD,pre-market,684000000,72655000000,0.0262,0.0355,0.025,17.76,13706000000,34627000000,9109000000,4967000000,32.72,35.31,11.8421,235968000000,67653000000,59320000000,133855000000,168315000000,74535000000,239792000000,101613000000,55.27,-21303000000,37.44,24.13
2025-12-28,BP,0.62,185934004000.0,55.27,None,0.048,3.753,,None,8197000000,8197000000,,,,,,,,,5155000000,3160420000,None,163026000000,163026000000,33644000000,None,None,40821000000,None,None,8771000000,,0.326,0.0583,,,,5.0,0.09,33159000000,41930000000,0.76,2008-12-31,11.67,9878000000,49167000000.0,76766000000,31921000000,9473000000,10260000000,10260000000,None,616000000,None,16821000000,None,None,17464000000,None,None,22341000000,None,None,None,0.0997,,44395000000,33159000000,32856000000,10522000000,None,None,None,,,,,0.129,1.502,0.476,,,,,,,,0.0082,,103200000000,2025-11-04,annual,0.85,USD,pre-market,684000000,67080000000,0.0262,0.0355,0.025,17.76,13706000000,33204000000,15740000000,168000000,32.72,35.31,11.8421,228238000000,66384000000,69793000000,136129000000,161854000000,66336000000,239792000000,91303000000,55.27,-21513000000,37.44,24.13
2025-12-28,BP,0.62,185934004000.0,55.27,None,0.048,3.753,,None,3562000000,3562000000,,,,,,,,,5216000000,3222789000,None,163026000000,163026000000,31451000000,None,None,49381000000,None,None,8771000000,,0.326,0.0583,,,,5.0,0.09,33159000000,41930000000,0.76,2007-12-31,11.67,11006000000,49167000000.0,76766000000,31921000000,9473000000,6652000000,6652000000,None,616000000,None,26554000000,None,None,15651000000,None,None,22341000000,None,None,None,0.0997,,44395000000,33159000000,48800000000,20464000000,None,None,None,,,,,0.129,1.502,0.476,,,,,,,,0.0082,,97989000000,2025-11-04,annual,0.85,USD,pre-market,684000000,64510000000,0.0262,0.0355,0.025,17.76,13706000000,31045000000,15394000000,None,32.72,35.31,11.8421,236076000000,80202000000,77231000000,141424000000,155874000000,64193000000,239792000000,93690000000,55.27,-22112000000,37.44,24.13
2025-12-28,BP,0.62,185934004000.0,55.27,None,0.048,3.753,,None,2590000000,2590000000,,,,,,,,,5364000000,3363914000,None,163026000000,163026000000,28319000000,None,None,43461000000,None,None,8771000000,,0.326,0.0583,,,,5.0,0.09,33159000000,41930000000,0.76,2006-12-31,11.67,10780000000,49167000000.0,76766000000,31921000000,9473000000,5246000000,5246000000,None,616000000,None,18915000000,None,None,11086000000,None,None,22341000000,None,None,None,0.0997,,44395000000,33159000000,52756000000,25327000000,None,None,None,,,,,0.129,1.502,0.476,,,,,,,,0.0082,,90999000000,2025-11-04,annual,0.85,USD,pre-market,684000000,58487000000,0.0262,0.0355,0.025,17.76,13706000000,24010000000,12924000000,None,32.72,35.31,11.8421,217601000000,75339000000,75352000000,132136000000,142262000000,56784000000,239792000000,84624000000,55.27,-22182000000,37.44,24.13
2025-12-28,BP,0.62,185934004000.0,55.27,None,0.048,3.753,,None,2960000000,2960000000,,,,,,,,,5164000000,3563158000,None,163026000000,163026000000,28614000000,None,None,42712000000,None,None,8771000000,,0.326,0.0583,,,,5.0,0.09,33159000000,41930000000,0.76,2005-12-31,11.67,10371000000,49167000000.0,76766000000,31921000000,9473000000,4772000000,4772000000,None,616000000,None,19760000000,None,None,10230000000,None,None,22341000000,None,None,None,0.0997,,44395000000,33159000000,52570000000,23707000000,None,None,None,,,,,0.129,1.502,0.476,,,,,,,,0.0082,,85947000000,2025-11-04,annual,0.85,USD,pre-market,684000000,46151000000,0.0262,0.0355,0.025,17.76,13706000000,10230000000,8932000000,None,32.72,35.31,11.8421,206914000000,75290000000,71497000000,126149000000,131624000000,54652000000,239792000000,79976000000,55.27,-10598000000,37.44,24.13
2025-12-28,BP,0.62,185934004000.0,55.27,None,0.048,3.753,3149531526,None,2960000000,2960000000,-4586105219,-3284763581,None,None,None,None,None,None,5164000000,3563158000,None,163026000000,163026000000,28614000000,None,None,42712000000,None,None,8771000000,4445143177,0.326,0.0583,1280181282,1280181282,None,5.0,0.09,33159000000,41930000000,0.76,2025-09-30,11.67,10371000000,49167000000.0,76766000000,31921000000,9473000000,4772000000,4772000000,None,616000000,None,19760000000,None,None,10230000000,None,None,1154027555,None,None,None,0.0997,7768582576,44395000000,33159000000,52570000000,23707000000,None,None,None,None,None,None,None,0.129,1.502,0.476,None,None,None,None,None,-1942493721,None,0.0082,None,85947000000,2025-11-04,quarterly,0.85,USD,pre-market,684000000,46151000000,0.0262,0.0355,0.025,17.76,13706000000,10230000000,8932000000,None,32.72,35.31,11.8421,206914000000,75290000000,71497000000,126149000000,131624000000,54652000000,239792000000,79976000000,55.27,-10598000000,37.44,24.13
2025-12-28,BP,0.62,185934004000.0,55.27,None,0.048,3.753,3236000000,None,2960000000,2960000000,-2233000000,-2932000000,None,None,None,None,None,None,5164000000,3563158000,None,163026000000,163026000000,28614000000,None,None,42712000000,None,None,8771000000,4641000000,0.326,0.0583,1238000000,1238000000,None,5.0,0.09,33159000000,41930000000,0.76,2025-06-30,11.67,10371000000,49167000000.0,76766000000,31921000000,9473000000,4772000000,4772000000,None,616000000,None,19760000000,None,None,10230000000,None,None,2883000000,None,None,None,0.0997,6271000000,44395000000,33159000000,52570000000,23707000000,None,None,None,None,None,None,None,0.129,1.502,0.476,None,None,None,None,None,-1088013000,None,0.0082,None,85947000000,2025-11-04,quarterly,0.85,USD,pre-market,684000000,46151000000,0.0262,0.0355,0.025,17.76,13706000000,10230000000,8932000000,None,32.72,35.31,11.8421,206914000000,75290000000,71497000000,126149000000,131624000000,54652000000,239792000000,79976000000,55.27,-10598000000,37.44,24.13
2025-12-28,BP,0.62,185934004000.0,55.27,None,0.048,3.753,3351000000,None,2960000000,2960000000,-5114000000,-3264000000,None,None,None,None,None,None,5164000000,3563158000,None,163026000000,163026000000,28614000000,None,None,42712000000,None,None,8771000000,4183000000,0.326,0.0583,1257000000,1257000000,None,5.0,0.09,33159000000,41930000000,0.76,2025-03-31,11.67,10371000000,49167000000.0,76766000000,31921000000,9473000000,4772000000,4772000000,None,616000000,None,19760000000,None,None,10230000000,None,None,3130000000,None,None,None,0.0997,2834000000,44395000000,33159000000,52570000000,23707000000,None,None,None,None,None,None,None,0.129,1.502,0.476,None,None,None,None,None,-1847000000,None,0.0082,None,85947000000,2025-11-04,quarterly,0.85,USD,pre-market,684000000,46151000000,0.0262,0.0355,0.025,17.76,13706000000,10230000000,8932000000,None,32.72,35.31,11.8421,206914000000,75290000000,71497000000,126149000000,131624000000,54652000000,239792000000,79976000000,55.27,-10598000000,37.44,24.13
2025-12-28,BP,0.62,185934004000.0,55.27,None,0.048,3.753,3893000000,None,2960000000,2960000000,-579000000,-1755000000,None,None,2752000000,None,None,None,5164000000,3563158000,None,163026000000,163026000000,28614000000,None,None,42712000000,None,None,8771000000,4381000000,0.326,0.0583,1283000000,1283000000,None,5.0,0.09,33159000000,41930000000,0.76,2024-12-31,11.67,10371000000,49167000000.0,76766000000,31921000000,9473000000,4772000000,4772000000,None,616000000,None,19760000000,None,None,10230000000,None,None,-503000000,None,None,None,0.0997,7427000000,44395000000,33159000000,52570000000,23707000000,None,None,None,None,None,None,None,0.129,1.502,0.476,None,None,None,None,None,-1647000000,None,0.0082,None,85947000000,2025-11-04,quarterly,0.85,USD,pre-market,684000000,46151000000,0.0262,0.0355,0.025,17.76,13706000000,10230000000,8932000000,None,32.72,35.31,11.8421,206914000000,75290000000,71497000000,126149000000,131624000000,54652000000,239792000000,79976000000,55.27,-10598000000,37.44,24.13
2025-12-28,BP,0.62,185934004000.0,55.27,None,0.048,3.753,4223000000,None,2960000000,2960000000,-3003000000,-4233000000,None,None,1798000000,None,None,None,5164000000,3563158000,None,163026000000,163026000000,28614000000,None,None,42712000000,None,None,8771000000,4117000000,0.326,0.0583,1297000000,1297000000,None,5.0,0.09,33159000000,41930000000,0.76,2024-09-30,11.67,10371000000,49167000000.0,76766000000,31921000000,9473000000,4772000000,4772000000,None,616000000,None,19760000000,None,None,10230000000,None,None,1398000000,None,None,None,0.0997,6761000000,44395000000,33159000000,52570000000,23707000000,None,None,None,None,None,None,None,0.129,1.502,0.476,None,None,None,None,None,-2001000000,None,0.0082,None,85947000000,2025-11-04,quarterly,0.85,USD,pre-market,684000000,46151000000,0.0262,0.0355,0.025,17.76,13706000000,10230000000,8932000000,None,32.72,35.31,11.8421,206914000000,75290000000,71497000000,126149000000,131624000000,54652000000,239792000000,79976000000,55.27,-10598000000,37.44,24.13
2025-12-28,BP,0.62,185934004000.0,55.27,None,0.048,3.753,3463000000,None,2960000000,2960000000,-1295000000,-3413000000,None,None,1556000000,None,None,None,5164000000,3563158000,None,163026000000,163026000000,28614000000,None,None,42712000000,None,None,8771000000,4098000000,0.326,0.0583,1204000000,1204000000,None,5.0,0.09,33159000000,41930000000,0.76,2024-06-30,11.67,10371000000,49167000000.0,76766000000,31921000000,9473000000,4772000000,4772000000,None,616000000,None,19760000000,None,None,10230000000,None,None,1254000000,None,None,None,0.0997,8100000000,44395000000,33159000000,52570000000,23707000000,None,None,None,None,None,None,None,0.129,1.502,0.476,None,None,None,None,None,-1751000000,None,0.0082,None,85947000000,2025-11-04,quarterly,0.85,USD,pre-market,684000000,46151000000,0.0262,0.0355,0.025,17.76,13706000000,10230000000,8932000000,None,32.72,35.31,11.8421,206914000000,75290000000,71497000000,126149000000,131624000000,54652000000,239792000000,79976000000,55.27,-10598000000,37.44,24.13
2025-12-28,BP,0.62,185934004000.0,55.27,None,0.048,3.753,3718000000,None,2960000000,2960000000,-2420000000,-3849000000,None,None,-2131000000,None,None,None,5164000000,3563158000,None,163026000000,163026000000,28614000000,None,None,42712000000,None,None,8771000000,4150000000,0.326,0.0583,1219000000,1219000000,None,5.0,0.09,33159000000,41930000000,0.76,2024-03-31,11.67,10371000000,49167000000.0,76766000000,31921000000,9473000000,4772000000,4772000000,None,616000000,None,19760000000,None,None,10230000000,None,None,4633000000,None,None,None,0.0997,5009000000,44395000000,33159000000,52570000000,23707000000,None,None,None,None,None,None,None,0.129,1.502,0.476,None,None,None,None,None,-3038000000,None,0.0082,None,85947000000,2025-11-04,quarterly,0.85,USD,pre-market,684000000,46151000000,0.0262,0.0355,0.025,17.76,13706000000,10230000000,8932000000,None,32.72,35.31,11.8421,206914000000,75290000000,71497000000,126149000000,131624000000,54652000000,239792000000,79976000000,55.27,-10598000000,37.44,24.13
2025-12-28,BP,0.62,185934004000.0,55.27,None,0.048,3.753,4247000000,None,2960000000,2960000000,-2023000000,-4395000000,None,None,1942000000,None,None,None,5164000000,3563158000,None,163026000000,163026000000,28614000000,None,None,42712000000,None,None,8771000000,4441000000,0.326,0.0583,1224000000,1224000000,None,5.0,0.09,33159000000,41930000000,0.76,2023-12-31,11.67,10371000000,49167000000.0,76766000000,31921000000,9473000000,4772000000,4772000000,None,616000000,None,19760000000,None,None,10230000000,None,None,1099000000,None,None,None,0.0997,9377000000,44395000000,33159000000,52570000000,23707000000,None,None,None,None,None,None,None,0.129,1.502,0.476,None,None,None,None,None,-1351000000,None,0.0082,None,85947000000,2025-11-04,quarterly,0.85,USD,pre-market,684000000,46151000000,0.0262,0.0355,0.025,17.76,13706000000,10230000000,8932000000,None,32.72,35.31,11.8421,206914000000,75290000000,71497000000,126149000000,131624000000,54652000000,239792000000,79976000000,55.27,-10598000000,37.44,24.13
2025-12-28,BP,0.62,185934004000.0,55.27,None,0.048,3.753,3456000000,None,2960000000,2960000000,-4178000000,-10477000000,None,None,-783000000,None,None,None,5164000000,3563158000,None,163026000000,163026000000,28614000000,None,None,42712000000,None,None,8771000000,4219000000,0.326,0.0583,1249000000,1249000000,None,5.0,0.09,33159000000,41930000000,0.76,2023-09-30,11.67,10371000000,49167000000.0,76766000000,31921000000,9473000000,4772000000,4772000000,None,616000000,None,19760000000,None,None,10230000000,None,None,7309000000,None,None,None,0.0997,8747000000,44395000000,33159000000,52570000000,23707000000,None,None,None,None,None,None,None,0.129,1.502,0.476,None,None,None,None,None,-6568000000,None,0.0082,None,85947000000,2025-11-04,quarterly,0.85,USD,pre-market,684000000,46151000000,0.0262,0.0355,0.025,17.76,13706000000,10230000000,8932000000,None,32.72,35.31,11.8421,206914000000,75290000000,71497000000,126149000000,131624000000,54652000000,239792000000,79976000000,55.27,-10598000000,37.44,24.13
2025-12-28,BP,0.62,185934004000.0,55.27,None,0.048,3.753,3453000000,None,2960000000,2960000000,-3607000000,-7024000000,None,None,-742000000,None,None,None,5164000000,3563158000,None,163026000000,163026000000,28614000000,None,None,42712000000,None,None,8771000000,4164000000,0.326,0.0583,1153000000,1153000000,None,5.0,0.09,33159000000,41930000000,0.76,2023-06-30,11.67,10371000000,49167000000.0,76766000000,31921000000,9473000000,4772000000,4772000000,None,616000000,None,19760000000,None,None,10230000000,None,None,3494000000,None,None,None,0.0997,6293000000,44395000000,33159000000,52570000000,23707000000,None,None,None,None,None,None,None,0.129,1.502,0.476,None,None,None,None,None,-4521000000,None,0.0082,None,85947000000,2025-11-04,quarterly,0.85,USD,pre-market,684000000,46151000000,0.0262,0.0355,0.025,17.76,13706000000,10230000000,8932000000,None,32.72,35.31,11.8421,206914000000,75290000000,71497000000,126149000000,131624000000,54652000000,239792000000,79976000000,55.27,-10598000000,37.44,24.13
2025-12-28,BP,0.62,185934004000.0,55.27,None,0.048,3.753,3129000000,None,2960000000,2960000000,-3551000000,-2819000000,None,None,-742000000,None,None,None,5164000000,3563158000,None,163026000000,163026000000,28614000000,None,None,42712000000,None,None,8771000000,3850000000,0.326,0.0583,1183000000,1183000000,None,5.0,0.09,33159000000,41930000000,0.76,2023-03-31,11.67,10371000000,49167000000.0,76766000000,31921000000,9473000000,4772000000,4772000000,None,616000000,None,19760000000,None,None,10230000000,None,None,11847000000,None,None,None,0.0997,7622000000,44395000000,33159000000,52570000000,23707000000,None,None,None,None,None,None,None,0.129,1.502,0.476,None,None,None,None,None,-2448000000,None,0.0082,None,85947000000,2025-11-04,quarterly,0.85,USD,pre-market,684000000,46151000000,0.0262,0.0355,0.025,17.76,13706000000,10230000000,8932000000,None,32.72,35.31,11.8421,206914000000,75290000000,71497000000,126149000000,131624000000,54652000000,239792000000,79976000000,55.27,-10598000000,37.44,24.13
2025-12-28,BP,0.62,185934004000.0,55.27,None,0.048,3.753,3696000000,None,2960000000,2960000000,-7109000000,-13713000000,None,None,-6069000000,None,None,None,5164000000,3563158000,None,163026000000,163026000000,28614000000,None,None,42712000000,None,None,8771000000,3781000000,0.326,0.0583,1088000000,1088000000,None,5.0,0.09,33159000000,41930000000,0.76,2022-12-31,11.67,10371000000,49167000000.0,76766000000,31921000000,9473000000,4772000000,4772000000,None,616000000,None,19760000000,None,None,10230000000,None,None,16902000000,None,None,None,0.0997,13571000000,44395000000,33159000000,52570000000,23707000000,None,None,None,None,None,None,None,0.129,1.502,0.476,None,None,None,None,None,-9996000000,None,0.0082,None,85947000000,2025-11-04,quarterly,0.85,USD,pre-market,684000000,46151000000,0.0262,0.0355,0.025,17.76,13706000000,10230000000,8932000000,None,32.72,35.31,11.8421,206914000000,75290000000,71497000000,126149000000,131624000000,54652000000,239792000000,79976000000,55.27,-10598000000,37.44,24.13
2025-12-28,BP,0.62,185934004000.0,55.27,None,0.048,3.753,3105000000,None,2960000000,2960000000,-9197000000,-2573000000,None,None,6764000000,None,None,None,5164000000,3563158000,None,163026000000,163026000000,28614000000,None,None,42712000000,None,None,8771000000,3657000000,0.326,0.0583,1140000000,1140000000,None,5.0,0.09,33159000000,41930000000,0.76,2022-09-30,11.67,10371000000,49167000000.0,76766000000,31921000000,9473000000,4772000000,4772000000,None,616000000,None,19760000000,None,None,10230000000,None,None,1980000000,None,None,None,0.0997,8288000000,44395000000,33159000000,52570000000,23707000000,None,None,None,None,None,None,None,0.129,1.502,0.476,None,None,None,None,None,-2876000000,None,0.0082,None,85947000000,2025-11-04,quarterly,0.85,USD,pre-market,684000000,46151000000,0.0262,0.0355,0.025,17.76,13706000000,10230000000,8932000000,None,32.72,35.31,11.8421,206914000000,75290000000,71497000000,126149000000,131624000000,54652000000,239792000000,79976000000,55.27,-10598000000,37.44,24.13
2025-12-28,BP,0.62,185934004000.0,55.27,None,0.048,3.753,2666000000,None,2960000000,2960000000,-9246000000,-2509000000,None,None,-4416000000,None,None,None,5164000000,3563158000,None,163026000000,163026000000,28614000000,None,None,42712000000,None,None,8771000000,3591000000,0.326,0.0583,1062000000,1062000000,None,5.0,0.09,33159000000,41930000000,0.76,2022-06-30,11.67,10371000000,49167000000.0,76766000000,31921000000,9473000000,4772000000,4772000000,None,616000000,None,19760000000,None,None,10230000000,None,None,14063000000,None,None,None,0.0997,10863000000,44395000000,33159000000,52570000000,23707000000,None,None,None,None,None,None,None,0.129,1.502,0.476,None,None,None,None,None,-2288000000,None,0.0082,None,85947000000,2025-11-04,quarterly,0.85,USD,pre-market,684000000,46151000000,0.0262,0.0355,0.025,17.76,13706000000,10230000000,8932000000,None,32.72,35.31,11.8421,206914000000,75290000000,71497000000,126149000000,131624000000,54652000000,239792000000,79976000000,55.27,-10598000000,37.44,24.13
2025-12-28,BP,0.62,185934004000.0,55.27,None,0.048,3.753,2602000000,None,2960000000,2960000000,-2469000000,-1883000000,None,None,-1771000000,None,None,None,5164000000,3563158000,None,163026000000,163026000000,28614000000,None,None,42712000000,None,None,8771000000,3674000000,0.326,0.0583,1068000000,1068000000,None,5.0,0.09,33159000000,41930000000,0.76,2022-03-31,11.67,10371000000,49167000000.0,76766000000,31921000000,9473000000,4772000000,4772000000,None,616000000,None,19760000000,None,None,10230000000,None,None,-17540000000,None,None,None,0.0997,8210000000,44395000000,33159000000,52570000000,23707000000,None,None,None,None,None,None,None,0.129,1.502,0.476,None,None,None,None,None,-1592000000,None,0.0082,None,85947000000,2025-11-04,quarterly,0.85,USD,pre-market,684000000,46151000000,0.0262,0.0355,0.025,17.76,13706000000,10230000000,8932000000,None,32.72,35.31,11.8421,206914000000,75290000000,71497000000,126149000000,131624000000,54652000000,239792000000,79976000000,55.27,-10598000000,37.44,24.13
2025-12-28,BP,0.62,185934004000.0,55.27,None,0.048,3.753,2772000000,None,2960000000,2960000000,-4739000000,-1332000000,None,None,-8541000000,None,None,None,5164000000,3563158000,None,163026000000,163026000000,28614000000,None,None,42712000000,None,None,8771000000,3742000000,0.326,0.0583,1077000000,1077000000,None,5.0,0.09,33159000000,41930000000,0.76,2021-12-31,11.67,10371000000,49167000000.0,76766000000,31921000000,9473000000,4772000000,4772000000,None,616000000,None,19760000000,None,None,10230000000,None,None,4042000000,None,None,None,0.0997,6116000000,44395000000,33159000000,52570000000,23707000000,None,None,None,None,None,None,None,0.129,1.502,0.476,None,None,None,None,None,-1751000000,None,0.0082,None,85947000000,2025-11-04,quarterly,0.85,USD,pre-market,684000000,46151000000,0.0262,0.0355,0.025,17.76,13706000000,10230000000,8932000000,None,32.72,35.31,11.8421,206914000000,75290000000,71497000000,126149000000,131624000000,54652000000,239792000000,79976000000,55.27,-10598000000,37.44,24.13
2025-12-28,BP,0.62,185934004000.0,55.27,None,0.048,3.753,2666000000,None,2960000000,2960000000,-6804000000,-2557000000,None,None,3850000000,None,None,None,5164000000,3563158000,None,163026000000,163026000000,28614000000,None,None,42712000000,None,None,8771000000,3976000000,0.326,0.0583,1101000000,1101000000,None,5.0,0.09,33159000000,41930000000,0.76,2021-09-30,11.67,10371000000,49167000000.0,76766000000,31921000000,9473000000,4772000000,4772000000,None,616000000,None,19760000000,None,None,10230000000,None,None,-495000000,None,None,None,0.0997,5976000000,44395000000,33159000000,52570000000,23707000000,None,None,None,None,None,None,None,0.129,1.502,0.476,None,None,None,None,None,-926000000,None,0.0082,None,85947000000,2025-11-04,quarterly,0.85,USD,pre-market,684000000,46151000000,0.0262,0.0355,0.025,17.76,13706000000,10230000000,8932000000,None,32.72,35.31,11.8421,206914000000,75290000000,71497000000,126149000000,131624000000,54652000000,239792000000,79976000000,55.27,-10598000000,37.44,24.13
2025-12-28,BP,0.62,185934004000.0,55.27,None,0.048,3.753,2435000000,None,2960000000,2960000000,-623000000,-2232000000,None,None,26000000,None,None,None,5164000000,3563158000,None,163026000000,163026000000,28614000000,None,None,42712000000,None,None,8771000000,3659000000,0.326,0.0583,1062000000,1062000000,None,5.0,0.09,33159000000,41930000000,0.76,2021-06-30,11.67,10371000000,49167000000.0,76766000000,31921000000,9473000000,4772000000,4772000000,None,616000000,None,19760000000,None,None,10230000000,None,None,5138000000,None,None,None,0.0997,5411000000,44395000000,33159000000,52570000000,23707000000,None,None,None,None,None,None,None,0.129,1.502,0.476,None,None,None,None,None,-500000000,None,0.0082,None,85947000000,2025-11-04,quarterly,0.85,USD,pre-market,684000000,46151000000,0.0262,0.0355,0.025,17.76,13706000000,10230000000,8932000000,None,32.72,35.31,11.8421,206914000000,75290000000,71497000000,126149000000,131624000000,54652000000,239792000000,79976000000,55.27,-10598000000,37.44,24.13
2025-12-28,BP,0.62,185934004000.0,55.27,None,0.048,3.753,3033000000,None,2960000000,2960000000,-5913000000,427000000,None,None,-2793000000,None,None,None,5164000000,3563158000,None,163026000000,163026000000,28614000000,None,None,42712000000,None,None,8771000000,3428000000,0.326,0.0583,1064000000,1064000000,None,5.0,0.09,33159000000,41930000000,0.76,2021-03-31,11.67,10371000000,49167000000.0,76766000000,31921000000,9473000000,4772000000,4772000000,None,616000000,None,19760000000,None,None,10230000000,None,None,6542000000,None,None,None,0.0997,6109000000,44395000000,33159000000,52570000000,23707000000,None,None,None,None,None,None,None,0.129,1.502,0.476,None,None,None,None,None,None,None,0.0082,None,85947000000,2025-11-04,quarterly,0.85,USD,pre-market,684000000,46151000000,0.0262,0.0355,0.025,17.76,13706000000,10230000000,8932000000,None,32.72,35.31,11.8421,206914000000,75290000000,71497000000,126149000000,131624000000,54652000000,239792000000,79976000000,55.27,-10598000000,37.44,24.13
2025-12-28,BP,0.62,185934004000.0,55.27,None,0.048,3.753,2922000000,None,2960000000,2960000000,-3132000000,573000000,None,None,3333000000,None,None,None,5164000000,3563158000,None,163026000000,163026000000,28614000000,None,None,42712000000,None,None,8771000000,-6340000000,0.326,0.0583,1059000000,1059000000,None,5.0,0.09,33159000000,41930000000,0.76,2020-12-31,11.67,10371000000,49167000000.0,76766000000,31921000000,9473000000,4772000000,4772000000,None,616000000,None,19760000000,None,None,10230000000,None,None,1090000000,None,None,None,0.0997,2269000000,44395000000,33159000000,52570000000,23707000000,None,None,None,None,None,None,None,0.129,1.502,0.476,None,None,None,None,None,-776000000,None,0.0082,None,85947000000,2025-11-04,quarterly,0.85,USD,pre-market,684000000,46151000000,0.0262,0.0355,0.025,17.76,13706000000,10230000000,8932000000,None,32.72,35.31,11.8421,206914000000,75290000000,71497000000,126149000000,131624000000,54652000000,239792000000,79976000000,55.27,-10598000000,37.44,24.13
2025-12-28,BP,0.62,185934004000.0,55.27,None,0.048,3.753,2577000000,None,2960000000,2960000000,-5590000000,-3470000000,None,None,556000000,None,None,None,5164000000,3563158000,None,163026000000,163026000000,28614000000,None,None,42712000000,None,None,8771000000,3517000000,0.326,0.0583,1060000000,1060000000,None,5.0,0.09,33159000000,41930000000,0.76,2020-09-30,11.67,10371000000,49167000000.0,76766000000,31921000000,9473000000,4772000000,4772000000,None,616000000,None,19760000000,None,None,10230000000,None,None,150000000,None,None,None,0.0997,5204000000,44395000000,33159000000,52570000000,23707000000,None,None,None,None,None,None,None,0.129,1.502,0.476,None,None,None,None,None,-48000000,None,0.0082,None,85947000000,2025-11-04,quarterly,0.85,USD,pre-market,684000000,46151000000,0.0262,0.0355,0.025,17.76,13706000000,10230000000,8932000000,None,32.72,35.31,11.8421,206914000000,75290000000,71497000000,126149000000,131624000000,54652000000,239792000000,79976000000,55.27,-10598000000,37.44,24.13
2025-12-28,BP,0.62,185934004000.0,55.27,None,0.048,3.753,3018000000,None,2960000000,2960000000,14663000000,-1844000000,None,None,-609000000,None,None,None,5164000000,3563158000,None,163026000000,163026000000,28614000000,None,None,42712000000,None,None,8771000000,13555000000,0.326,0.0583,2119000000,2119000000,None,5.0,0.09,33159000000,41930000000,0.76,2020-06-30,11.67,10371000000,49167000000.0,76766000000,31921000000,9473000000,4772000000,4772000000,None,616000000,None,19760000000,None,None,10230000000,None,None,-21604000000,None,None,None,0.0997,3737000000,44395000000,33159000000,52570000000,23707000000,None,None,None,None,None,None,None,0.129,1.502,0.476,None,None,None,None,None,-776000000,None,0.0082,None,85947000000,2025-11-04,quarterly,0.85,USD,pre-market,684000000,46151000000,0.0262,0.0355,0.025,17.76,13706000000,10230000000,8932000000,None,32.72,35.31,11.8421,206914000000,75290000000,71497000000,126149000000,131624000000,54652000000,239792000000,79976000000,55.27,-10598000000,37.44,24.13
2025-12-28,BP,0.62,185934004000.0,55.27,None,0.048,3.753,3789000000,None,2960000000,2960000000,-1985000000,-3117000000,None,None,683000000,None,None,None,5164000000,3563158000,None,163026000000,163026000000,28614000000,None,None,42712000000,None,None,8771000000,4157000000,0.326,0.0583,2102000000,2102000000,None,5.0,0.09,33159000000,41930000000,0.76,2020-03-31,11.67,10371000000,49167000000.0,76766000000,31921000000,9473000000,4772000000,4772000000,None,616000000,None,19760000000,None,None,10230000000,None,None,-4524000000,None,None,None,0.0997,952000000,44395000000,33159000000,52570000000,23707000000,None,None,None,None,None,None,None,0.129,1.502,0.476,None,None,None,None,None,-776000000,None,0.0082,None,85947000000,2025-11-04,quarterly,0.85,USD,pre-market,684000000,46151000000,0.0262,0.0355,0.025,17.76,13706000000,10230000000,8932000000,None,32.72,35.31,11.8421,206914000000,75290000000,71497000000,126149000000,131624000000,54652000000,239792000000,79976000000,55.27,-10598000000,37.44,24.13
2025-12-28,BP,0.62,185934004000.0,55.27,None,0.048,3.753,3936000000,None,2960000000,2960000000,-1713000000,-3229000000,None,None,-306000000,None,None,None,5164000000,3563158000,None,163026000000,163026000000,28614000000,None,None,42712000000,None,None,8771000000,4589000000,0.326,0.0583,2076000000,2076000000,None,5.0,0.09,33159000000,41930000000,0.76,2019-12-31,11.67,10371000000,49167000000.0,76766000000,31921000000,9473000000,4772000000,4772000000,None,616000000,None,19760000000,None,None,10230000000,None,None,249000000,None,None,None,0.0997,7603000000,44395000000,33159000000,52570000000,23707000000,None,None,None,None,None,None,None,0.129,1.502,0.476,None,None,None,None,None,-1171000000,None,0.0082,None,85947000000,2025-11-04,quarterly,0.85,USD,pre-market,684000000,46151000000,0.0262,0.0355,0.025,17.76,13706000000,10230000000,8932000000,None,32.72,35.31,11.8421,206914000000,75290000000,71497000000,126149000000,131624000000,54652000000,239792000000,79976000000,55.27,-10598000000,37.44,24.13
2025-12-28,BP,0.62,185934004000.0,55.27,None,0.048,3.753,3954000000,None,2960000000,2960000000,-3667000000,-3253000000,None,None,141000000,None,None,None,5164000000,3563158000,None,163026000000,163026000000,28614000000,None,None,42712000000,None,None,8771000000,4412000000,0.326,0.0583,1656000000,1656000000,None,5.0,0.09,33159000000,41930000000,0.76,2019-09-30,11.67,10371000000,49167000000.0,76766000000,31921000000,9473000000,4772000000,4772000000,None,616000000,None,19760000000,None,None,10230000000,None,None,-25000000,None,None,None,0.0997,6056000000,44395000000,33159000000,52570000000,23707000000,None,None,None,None,None,None,None,0.129,1.502,0.476,None,None,None,None,None,-215000000,None,0.0082,None,85947000000,2025-11-04,quarterly,0.85,USD,pre-market,684000000,46151000000,0.0262,0.0355,0.025,17.76,13706000000,10230000000,8932000000,None,32.72,35.31,11.8421,206914000000,75290000000,71497000000,126149000000,131624000000,54652000000,239792000000,79976000000,55.27,-10598000000,37.44,24.13
2025-12-28,BP,0.62,185934004000.0,55.27,None,0.048,3.753,3833000000,None,2960000000,2960000000,-1877000000,-5512000000,None,None,-58000000,None,None,None,5164000000,3563158000,None,163026000000,163026000000,28614000000,None,None,42712000000,None,None,8771000000,4665000000,0.326,0.0583,1779000000,1779000000,None,5.0,0.09,33159000000,41930000000,0.76,2019-06-30,11.67,10371000000,49167000000.0,76766000000,31921000000,9473000000,4772000000,4772000000,None,616000000,None,19760000000,None,None,10230000000,None,None,3148000000,None,None,None,0.0997,6815000000,44395000000,33159000000,52570000000,23707000000,None,None,None,None,None,None,None,0.129,1.502,0.476,None,None,None,None,None,-80000000,None,0.0082,None,85947000000,2025-11-04,quarterly,0.85,USD,pre-market,684000000,46151000000,0.0262,0.0355,0.025,17.76,13706000000,10230000000,8932000000,None,32.72,35.31,11.8421,206914000000,75290000000,71497000000,126149000000,131624000000,54652000000,239792000000,79976000000,55.27,-10598000000,37.44,24.13
2025-12-28,BP,0.62,185934004000.0,55.27,None,0.048,3.753,3695000000,None,2960000000,2960000000,-1560000000,-4980000000,None,None,-2695000000,None,None,None,5164000000,3563158000,None,163026000000,163026000000,28614000000,None,None,42712000000,None,None,8771000000,4745000000,0.326,0.0583,1435000000,1435000000,None,5.0,0.09,33159000000,41930000000,0.76,2019-03-31,11.67,10371000000,49167000000.0,76766000000,31921000000,9473000000,4772000000,4772000000,None,616000000,None,19760000000,None,None,10230000000,None,None,4782000000,None,None,None,0.0997,5296000000,44395000000,33159000000,52570000000,23707000000,None,None,None,None,None,None,None,0.129,1.502,0.476,None,None,None,None,None,-45000000,None,0.0082,None,85947000000,2025-11-04,quarterly,0.85,USD,pre-market,684000000,46151000000,0.0262,0.0355,0.025,17.76,13706000000,10230000000,8932000000,None,32.72,35.31,11.8421,206914000000,75290000000,71497000000,126149000000,131624000000,54652000000,239792000000,79976000000,55.27,-10598000000,37.44,24.13
2025-12-28,BP,0.62,185934004000.0,55.27,None,0.048,3.753,5962000000,None,2960000000,2960000000,-589000000,-9859000000,None,None,778000000,None,None,None,5164000000,3563158000,None,163026000000,163026000000,28614000000,None,None,42712000000,None,None,8771000000,4338000000,0.326,0.0583,1733000000,1733000000,None,5.0,0.09,33159000000,41930000000,0.76,2018-12-31,11.67,10371000000,49167000000.0,76766000000,31921000000,9473000000,4772000000,4772000000,None,616000000,None,19760000000,None,None,10230000000,None,None,2388000000,None,None,None,0.0997,6829000000,44395000000,33159000000,52570000000,23707000000,None,None,None,None,None,None,None,0.129,1.502,0.476,None,None,None,None,None,-16000000,None,0.0082,None,85947000000,2025-11-04,quarterly,0.85,USD,pre-market,684000000,46151000000,0.0262,0.0355,0.025,17.76,13706000000,10230000000,8932000000,None,32.72,35.31,11.8421,206914000000,75290000000,71497000000,126149000000,131624000000,54652000000,239792000000,79976000000,55.27,-10598000000,37.44,24.13
2025-12-28,BP,0.62,185934004000.0,55.27,None,0.048,3.753,3675000000,None,2960000000,2960000000,2245000000,-4274000000,None,None,-1573000000,None,None,None,5164000000,3563158000,None,163026000000,163026000000,28614000000,None,None,42712000000,None,None,8771000000,3955000000,0.326,0.0583,1410000000,1410000000,None,5.0,0.09,33159000000,41930000000,0.76,2018-09-30,11.67,10371000000,49167000000.0,76766000000,31921000000,9473000000,4772000000,4772000000,None,616000000,None,19760000000,None,None,10230000000,None,None,5434000000,None,None,None,0.0997,6092000000,44395000000,33159000000,52570000000,23707000000,None,None,None,None,None,None,None,0.129,1.502,0.476,None,None,None,None,None,-139000000,None,0.0082,None,85947000000,2025-11-04,quarterly,0.85,USD,pre-market,684000000,46151000000,0.0262,0.0355,0.025,17.76,13706000000,10230000000,8932000000,None,32.72,35.31,11.8421,206914000000,75290000000,71497000000,126149000000,131624000000,54652000000,239792000000,79976000000,55.27,-10598000000,37.44,24.13
2025-12-28,BP,0.62,185934004000.0,55.27,None,0.048,3.753,3484000000,None,2960000000,2960000000,-2398000000,-3651000000,None,None,-570000000,None,None,None,5164000000,3563158000,None,163026000000,163026000000,28614000000,None,None,42712000000,None,None,8771000000,3892000000,0.326,0.0583,1727000000,1727000000,None,5.0,0.09,33159000000,41930000000,0.76,2018-06-30,11.67,10371000000,49167000000.0,76766000000,31921000000,9473000000,4772000000,4772000000,None,616000000,None,19760000000,None,None,10230000000,None,None,4990000000,None,None,None,0.0997,6306000000,44395000000,33159000000,52570000000,23707000000,None,None,None,None,None,None,None,0.129,1.502,0.476,None,None,None,None,None,-90000000,None,0.0082,None,85947000000,2025-11-04,quarterly,0.85,USD,pre-market,684000000,46151000000,0.0262,0.0355,0.025,17.76,13706000000,10230000000,8932000000,None,32.72,35.31,11.8421,206914000000,75290000000,71497000000,126149000000,131624000000,54652000000,239792000000,79976000000,55.27,-10598000000,37.44,24.13
2025-12-28,BP,0.62,185934004000.0,55.27,None,0.048,3.753,3586000000,None,2960000000,2960000000,-3337000000,-3787000000,None,None,-3398000000,None,None,None,5164000000,3563158000,None,163026000000,163026000000,28614000000,None,None,42712000000,None,None,8771000000,4357000000,0.326,0.0583,1829000000,1829000000,None,5.0,0.09,33159000000,41930000000,0.76,2018-03-31,11.67,10371000000,49167000000.0,76766000000,31921000000,9473000000,4772000000,4772000000,None,616000000,None,19760000000,None,None,10230000000,None,None,3911000000,None,None,None,0.0997,3646000000,44395000000,33159000000,52570000000,23707000000,None,None,None,None,None,None,None,0.129,1.502,0.476,None,None,None,None,None,-110000000,None,0.0082,None,85947000000,2025-11-04,quarterly,0.85,USD,pre-market,684000000,46151000000,0.0262,0.0355,0.025,17.76,13706000000,10230000000,8932000000,None,32.72,35.31,11.8421,206914000000,75290000000,71497000000,126149000000,131624000000,54652000000,239792000000,79976000000,55.27,-10598000000,37.44,24.13
2025-12-28,BP,0.62,185934004000.0,55.27,None,0.048,3.753,4422000000,None,2960000000,2960000000,-3773000000,-2353000000,None,None,-60000000,None,None,None,5164000000,3563158000,None,163026000000,163026000000,28614000000,None,None,42712000000,None,None,8771000000,4417000000,0.326,0.0583,1627000000,1627000000,None,5.0,0.09,33159000000,41930000000,0.76,2017-12-31,11.67,10371000000,49167000000.0,76766000000,31921000000,9473000000,4772000000,4772000000,None,616000000,None,19760000000,None,None,10230000000,None,None,1182000000,None,None,None,0.0997,5903000000,44395000000,33159000000,52570000000,23707000000,None,None,None,None,None,None,None,0.129,1.502,0.476,None,None,None,None,None,-343000000,None,0.0082,None,85947000000,2025-11-04,quarterly,0.85,USD,pre-market,684000000,46151000000,0.0262,0.0355,0.025,17.76,13706000000,10230000000,8932000000,None,32.72,35.31,11.8421,206914000000,75290000000,71497000000,126149000000,131624000000,54652000000,239792000000,79976000000,55.27,-10598000000,37.44,24.13
2025-12-28,BP,0.62,185934004000.0,55.27,None,0.048,3.753,4136000000,None,2960000000,2960000000,254000000,-3914000000,None,None,305000000,None,None,None,5164000000,3563158000,None,163026000000,163026000000,28614000000,None,None,42712000000,None,None,8771000000,4121000000,0.326,0.0583,1676000000,1676000000,None,5.0,0.09,33159000000,41930000000,0.76,2017-09-30,11.67,10371000000,49167000000.0,76766000000,31921000000,9473000000,4772000000,4772000000,None,616000000,None,19760000000,None,None,10230000000,None,None,2955000000,None,None,None,0.0997,6024000000,44395000000,33159000000,52570000000,23707000000,None,None,None,None,None,None,None,0.129,1.502,0.476,None,None,None,None,None,None,None,0.0082,None,85947000000,2025-11-04,quarterly,0.85,USD,pre-market,684000000,46151000000,0.0262,0.0355,0.025,17.76,13706000000,10230000000,8932000000,None,32.72,35.31,11.8421,206914000000,75290000000,71497000000,126149000000,131624000000,54652000000,239792000000,79976000000,55.27,-10598000000,37.44,24.13
2025-12-28,BP,0.62,185934004000.0,55.27,None,0.048,3.753,4181000000,None,2960000000,2960000000,-1599000000,-4017000000,None,None,3000000,None,None,None,5164000000,3563158000,None,163026000000,163026000000,28614000000,None,None,42712000000,None,None,8771000000,4546000000,0.326,0.0583,1546000000,1546000000,None,5.0,0.09,33159000000,41930000000,0.76,2017-06-30,11.67,10371000000,49167000000.0,76766000000,31921000000,9473000000,4772000000,4772000000,None,616000000,None,19760000000,None,None,10230000000,None,None,928000000,None,None,None,0.0997,4890000000,44395000000,33159000000,52570000000,23707000000,None,None,None,None,None,None,None,0.129,1.502,0.476,None,None,None,None,None,None,None,0.0082,None,85947000000,2025-11-04,quarterly,0.85,USD,pre-market,684000000,46151000000,0.0262,0.0355,0.025,17.76,13706000000,10230000000,8932000000,None,32.72,35.31,11.8421,206914000000,75290000000,71497000000,126149000000,131624000000,54652000000,239792000000,79976000000,55.27,-10598000000,37.44,24.13
2025-12-28,BP,0.62,185934004000.0,55.27,None,0.048,3.753,3823000000,None,2960000000,2960000000,1822000000,-3793000000,None,None,-3600000000,None,None,None,5164000000,3563158000,None,163026000000,163026000000,28614000000,None,None,42712000000,None,None,8771000000,4103000000,0.326,0.0583,1304000000,1304000000,None,5.0,0.09,33159000000,41930000000,0.76,2017-03-31,11.67,10371000000,49167000000.0,76766000000,31921000000,9473000000,4772000000,4772000000,None,616000000,None,19760000000,None,None,10230000000,None,None,2115000000,None,None,None,0.0997,2114000000,44395000000,33159000000,52570000000,23707000000,None,None,None,None,None,None,None,0.129,1.502,0.476,None,None,None,None,None,None,None,0.0082,None,85947000000,2025-11-04,quarterly,0.85,USD,pre-market,684000000,46151000000,0.0262,0.0355,0.025,17.76,13706000000,10230000000,8932000000,None,32.72,35.31,11.8421,206914000000,75290000000,71497000000,126149000000,131624000000,54652000000,239792000000,79976000000,55.27,-10598000000,37.44,24.13
2025-12-28,BP,0.62,185934004000.0,55.27,None,0.048,3.753,4658000000,None,2960000000,2960000000,631000000,-4446000000,None,None,393000000,None,None,None,5164000000,3563158000,None,163026000000,163026000000,28614000000,None,None,42712000000,None,None,8771000000,3808000000,0.326,0.0583,1182000000,1182000000,None,5.0,0.09,33159000000,41930000000,0.76,2016-12-31,11.67,10371000000,49167000000.0,76766000000,31921000000,9473000000,4772000000,4772000000,None,616000000,None,19760000000,None,None,10230000000,None,None,617000000,None,None,None,0.0997,2428000000,44395000000,33159000000,52570000000,23707000000,None,None,None,None,None,None,None,0.129,1.502,0.476,None,None,None,None,None,887000000,None,0.0082,None,85947000000,2025-11-04,quarterly,0.85,USD,pre-market,684000000,46151000000,0.0262,0.0355,0.025,17.76,13706000000,10230000000,8932000000,None,32.72,35.31,11.8421,206914000000,75290000000,71497000000,126149000000,131624000000,54652000000,239792000000,79976000000,55.27,-10598000000,37.44,24.13
2025-12-28,BP,0.62,185934004000.0,55.27,None,0.048,3.753,3379000000,None,2960000000,2960000000,2469000000,-2987000000,None,None,-1001000000,None,None,None,5164000000,3563158000,None,163026000000,163026000000,28614000000,None,None,42712000000,None,None,8771000000,4183000000,0.326,0.0583,1161000000,1161000000,None,5.0,0.09,33159000000,41930000000,0.76,2016-09-30,11.67,10371000000,49167000000.0,76766000000,31921000000,9473000000,4772000000,4772000000,None,616000000,None,19760000000,None,None,10230000000,None,None,1329000000,None,None,None,0.0997,2508000000,44395000000,33159000000,52570000000,23707000000,None,None,None,None,None,None,None,0.129,1.502,0.476,None,None,None,None,None,None,None,0.0082,None,85947000000,2025-11-04,quarterly,0.85,USD,pre-market,684000000,46151000000,0.0262,0.0355,0.025,17.76,13706000000,10230000000,8932000000,None,32.72,35.31,11.8421,206914000000,75290000000,71497000000,126149000000,131624000000,54652000000,239792000000,79976000000,55.27,-10598000000,37.44,24.13
2025-12-28,BP,0.62,185934004000.0,55.27,None,0.048,3.753,4283000000,None,2960000000,2960000000,848000000,-4037000000,None,None,-863000000,None,None,None,5164000000,3563158000,None,163026000000,163026000000,28614000000,None,None,42712000000,None,None,8771000000,3897000000,0.326,0.0583,1169000000,1169000000,None,5.0,0.09,33159000000,41930000000,0.76,2016-06-30,11.67,10371000000,49167000000.0,76766000000,31921000000,9473000000,4772000000,4772000000,None,616000000,None,19760000000,None,None,10230000000,None,None,-3376000000,None,None,None,0.0997,3883000000,44395000000,33159000000,52570000000,23707000000,None,None,None,None,None,None,None,0.129,1.502,0.476,None,None,None,None,None,None,None,0.0082,None,85947000000,2025-11-04,quarterly,0.85,USD,pre-market,684000000,46151000000,0.0262,0.0355,0.025,17.76,13706000000,10230000000,8932000000,None,32.72,35.31,11.8421,206914000000,75290000000,71497000000,126149000000,131624000000,54652000000,239792000000,79976000000,55.27,-10598000000,37.44,24.13
2025-12-28,BP,0.62,185934004000.0,55.27,None,0.048,3.753,4381000000,None,2960000000,2960000000,-1971000000,-3283000000,None,None,-1727000000,None,None,None,5164000000,3563158000,None,163026000000,163026000000,28614000000,None,None,42712000000,None,None,8771000000,3891000000,0.326,0.0583,1099000000,1099000000,None,5.0,0.09,33159000000,41930000000,0.76,2016-03-31,11.67,10371000000,49167000000.0,76766000000,31921000000,9473000000,4772000000,4772000000,None,616000000,None,19760000000,None,None,10230000000,None,None,-865000000,None,None,None,0.0997,1872000000,44395000000,33159000000,52570000000,23707000000,None,None,None,None,None,None,None,0.129,1.502,0.476,None,None,None,None,None,None,None,0.0082,None,85947000000,2025-11-04,quarterly,0.85,USD,pre-market,684000000,46151000000,0.0262,0.0355,0.025,17.76,13706000000,10230000000,8932000000,None,32.72,35.31,11.8421,206914000000,75290000000,71497000000,126149000000,131624000000,54652000000,239792000000,79976000000,55.27,-10598000000,37.44,24.13
2025-12-28,BP,0.62,185934004000.0,55.27,None,0.048,3.753,5126000000,None,2960000000,2960000000,-5064000000,-5878000000,None,None,2978000000,None,None,None,5164000000,3563158000,None,163026000000,163026000000,28614000000,None,None,42712000000,None,None,8771000000,4578000000,0.326,0.0583,1541000000,1541000000,None,5.0,0.09,33159000000,41930000000,0.76,2015-12-31,11.67,10371000000,49167000000.0,76766000000,31921000000,9473000000,4772000000,4772000000,None,616000000,None,19760000000,None,None,10230000000,None,None,-4100000000,None,None,None,0.0997,5806000000,44395000000,33159000000,52570000000,23707000000,None,None,None,None,None,None,None,0.129,1.502,0.476,None,None,None,None,None,-5000000,None,0.0082,None,85947000000,2025-11-04,quarterly,0.85,USD,pre-market,684000000,46151000000,0.0262,0.0355,0.025,17.76,13706000000,10230000000,8932000000,None,32.72,35.31,11.8421,206914000000,75290000000,71497000000,126149000000,131624000000,54652000000,239792000000,79976000000,55.27,-10598000000,37.44,24.13
2025-12-28,BP,0.62,185934004000.0,55.27,None,0.048,3.753,4357000000,None,2960000000,2960000000,-1763000000,-4149000000,None,None,1231000000,None,None,None,5164000000,3563158000,None,163026000000,163026000000,28614000000,None,None,42712000000,None,None,8771000000,3971000000,0.326,0.0583,1718000000,1718000000,None,5.0,0.09,33159000000,41930000000,0.76,2015-09-30,11.67,10371000000,49167000000.0,76766000000,31921000000,9473000000,4772000000,4772000000,None,616000000,None,19760000000,None,None,10230000000,None,None,865000000,None,None,None,0.0997,5183000000,44395000000,33159000000,52570000000,23707000000,None,None,None,None,None,None,None,0.129,1.502,0.476,None,None,None,None,None,None,None,0.0082,None,85947000000,2025-11-04,quarterly,0.85,USD,pre-market,684000000,46151000000,0.0262,0.0355,0.025,17.76,13706000000,10230000000,8932000000,None,32.72,35.31,11.8421,206914000000,75290000000,71497000000,126149000000,131624000000,54652000000,239792000000,79976000000,55.27,-10598000000,37.44,24.13
2025-12-28,BP,0.62,185934004000.0,55.27,None,0.048,3.753,5499000000,None,2960000000,2960000000,-3080000000,-4698000000,None,None,654000000,None,None,None,5164000000,3563158000,None,163026000000,163026000000,28614000000,None,None,42712000000,None,None,8771000000,3953000000,0.326,0.0583,1572000000,1572000000,None,5.0,0.09,33159000000,41930000000,0.76,2015-06-30,11.67,10371000000,49167000000.0,76766000000,31921000000,9473000000,4772000000,4772000000,None,616000000,None,19760000000,None,None,10230000000,None,None,5147000000,None,None,None,0.0997,7877000000,44395000000,33159000000,52570000000,23707000000,None,None,None,None,None,None,None,0.129,1.502,0.476,None,None,None,None,None,-447000000,None,0.0082,None,85947000000,2025-11-04,quarterly,0.85,USD,pre-market,684000000,46151000000,0.0262,0.0355,0.025,17.76,13706000000,10230000000,8932000000,None,32.72,35.31,11.8421,206914000000,75290000000,71497000000,126149000000,131624000000,54652000000,239792000000,79976000000,55.27,-10598000000,37.44,24.13
2025-12-28,BP,0.62,185934004000.0,55.27,None,0.048,3.753,4636000000,None,2960000000,2960000000,4485000000,-3049000000,None,None,-3858000000,None,None,None,5164000000,3563158000,None,163026000000,163026000000,28614000000,None,None,42712000000,None,None,8771000000,3928000000,0.326,0.0583,1709000000,1709000000,None,5.0,0.09,33159000000,41930000000,0.76,2015-03-31,11.67,10371000000,49167000000.0,76766000000,31921000000,9473000000,4772000000,4772000000,None,616000000,None,19760000000,None,None,10230000000,None,None,2276000000,None,None,None,0.0997,1858000000,44395000000,33159000000,52570000000,23707000000,None,None,None,None,None,None,None,0.129,1.502,0.476,None,None,None,None,None,None,None,0.0082,None,85947000000,2025-11-04,quarterly,0.85,USD,pre-market,684000000,46151000000,0.0262,0.0355,0.025,17.76,13706000000,10230000000,8932000000,None,32.72,35.31,11.8421,206914000000,75290000000,71497000000,126149000000,131624000000,54652000000,239792000000,79976000000,55.27,-10598000000,37.44,24.13
2025-12-28,BP,0.62,185934004000.0,55.27,None,0.048,3.753,5900000000,None,2960000000,2960000000,-2897000000,-5059000000,None,None,4955000000,None,None,None,5164000000,3563158000,None,163026000000,163026000000,28614000000,None,None,42712000000,None,None,8771000000,5215000000,0.326,0.0583,1729000000,1729000000,None,5.0,0.09,33159000000,41930000000,0.76,2014-12-31,11.67,10371000000,49167000000.0,76766000000,31921000000,9473000000,4772000000,4772000000,None,616000000,None,19760000000,None,None,10230000000,None,None,-8078000000,None,None,None,0.0997,7247000000,44395000000,33159000000,52570000000,23707000000,None,None,None,None,None,None,None,0.129,1.502,0.476,None,None,None,None,None,-793000000,None,0.0082,None,85947000000,2025-11-04,quarterly,0.85,USD,pre-market,684000000,46151000000,0.0262,0.0355,0.025,17.76,13706000000,10230000000,8932000000,None,32.72,35.31,11.8421,206914000000,75290000000,71497000000,126149000000,131624000000,54652000000,239792000000,79976000000,55.27,-10598000000,37.44,24.13
2025-12-28,BP,0.62,185934004000.0,55.27,None,0.048,3.753,5256000000,None,2960000000,2960000000,-942000000,-4816000000,None,None,1744000000,None,None,None,5164000000,3563158000,None,163026000000,163026000000,28614000000,None,None,42712000000,None,None,8771000000,4602000000,0.326,0.0583,1122000000,1122000000,None,5.0,0.09,33159000000,41930000000,0.76,2014-09-30,11.67,10371000000,49167000000.0,76766000000,31921000000,9473000000,4772000000,4772000000,None,616000000,None,19760000000,None,None,10230000000,None,None,2611000000,None,None,None,0.0997,9399000000,44395000000,33159000000,52570000000,23707000000,None,None,None,None,None,None,None,0.129,1.502,0.476,None,None,None,None,None,-1623000000,None,0.0082,None,85947000000,2025-11-04,quarterly,0.85,USD,pre-market,684000000,46151000000,0.0262,0.0355,0.025,17.76,13706000000,10230000000,8932000000,None,32.72,35.31,11.8421,206914000000,75290000000,71497000000,126149000000,131624000000,54652000000,239792000000,79976000000,55.27,-10598000000,37.44,24.13
2025-12-28,BP,0.62,185934004000.0,55.27,None,0.048,3.753,5499000000,None,2960000000,2960000000,-3080000000,-4698000000,None,None,654000000,None,None,None,5164000000,3563158000,None,163026000000,163026000000,28614000000,None,None,42712000000,None,None,8771000000,3953000000,0.326,0.0583,1572000000,1572000000,None,5.0,0.09,33159000000,41930000000,0.76,2014-06-30,11.67,10371000000,49167000000.0,76766000000,31921000000,9473000000,4772000000,4772000000,None,616000000,None,19760000000,None,None,10230000000,None,None,5147000000,None,None,None,0.0997,7877000000,44395000000,33159000000,52570000000,23707000000,None,None,None,None,None,None,None,0.129,1.502,0.476,None,None,None,None,None,-447000000,None,0.0082,None,85947000000,2025-11-04,quarterly,0.85,USD,pre-market,684000000,46151000000,0.0262,0.0355,0.025,17.76,13706000000,10230000000,8932000000,None,32.72,35.31,11.8421,206914000000,75290000000,71497000000,126149000000,131624000000,54652000000,239792000000,79976000000,55.27,-10598000000,37.44,24.13
2025-12-28,BP,0.62,185934004000.0,55.27,None,0.048,3.753,5891000000,None,2960000000,2960000000,1653000000,-5001000000,None,None,-315000000,None,None,None,5164000000,3563158000,None,163026000000,163026000000,28614000000,None,None,42712000000,None,None,8771000000,4422000000,0.326,0.0583,1427000000,1427000000,None,5.0,0.09,33159000000,41930000000,0.76,2014-03-31,11.67,10371000000,49167000000.0,76766000000,31921000000,9473000000,4772000000,4772000000,None,616000000,None,19760000000,None,None,10230000000,None,None,5270000000,None,None,None,0.0997,8231000000,44395000000,33159000000,52570000000,23707000000,None,None,None,None,None,None,None,0.129,1.502,0.476,None,None,None,None,None,-1726000000,None,0.0082,None,85947000000,2025-11-04,quarterly,0.85,USD,pre-market,684000000,46151000000,0.0262,0.0355,0.025,17.76,13706000000,10230000000,8932000000,None,32.72,35.31,11.8421,206914000000,75290000000,71497000000,126149000000,131624000000,54652000000,239792000000,79976000000,55.27,-10598000000,37.44,24.13
2025-12-28,BP,0.62,185934004000.0,55.27,None,0.048,3.753,6798000000,None,2960000000,2960000000,-5662000000,-6774000000,None,None,1348000000,None,None,None,5164000000,3563158000,None,163026000000,163026000000,28614000000,None,None,42712000000,None,None,8771000000,5633000000,0.326,0.0583,1174000000,1174000000,None,5.0,0.09,33159000000,41930000000,0.76,2013-12-31,11.67,10371000000,49167000000.0,76766000000,31921000000,9473000000,4772000000,4772000000,None,616000000,None,19760000000,None,None,10230000000,None,None,1199000000,None,None,None,0.0997,5414000000,44395000000,33159000000,52570000000,23707000000,None,None,None,None,None,None,None,0.129,1.502,0.476,None,None,None,None,None,-2265000000,None,0.0082,None,85947000000,2025-11-04,quarterly,0.85,USD,pre-market,684000000,46151000000,0.0262,0.0355,0.025,17.76,13706000000,10230000000,8932000000,None,32.72,35.31,11.8421,206914000000,75290000000,71497000000,126149000000,131624000000,54652000000,239792000000,79976000000,55.27,-10598000000,37.44,24.13
2025-12-28,BP,0.62,185934004000.0,55.27,None,0.048,3.753,5882000000,None,2960000000,2960000000,183000000,-5563000000,None,None,-812000000,None,None,None,5164000000,3563158000,None,163026000000,163026000000,28614000000,None,None,42712000000,None,None,8771000000,3765000000,0.326,0.0583,1247000000,1247000000,None,5.0,0.09,33159000000,41930000000,0.76,2013-09-30,11.67,10371000000,49167000000.0,76766000000,31921000000,9473000000,4772000000,4772000000,None,616000000,None,19760000000,None,None,10230000000,None,None,5172000000,None,None,None,0.0997,6332000000,44395000000,33159000000,52570000000,23707000000,None,None,None,None,None,None,None,0.129,1.502,0.476,None,None,None,None,None,-1258000000,None,0.0082,None,85947000000,2025-11-04,quarterly,0.85,USD,pre-market,684000000,46151000000,0.0262,0.0355,0.025,17.76,13706000000,10230000000,8932000000,None,32.72,35.31,11.8421,206914000000,75290000000,71497000000,126149000000,131624000000,54652000000,239792000000,79976000000,55.27,-10598000000,37.44,24.13
2025-12-28,BP,0.62,185934004000.0,55.27,None,0.048,3.753,6111000000,None,2960000000,2960000000,-1607000000,-3158000000,None,None,-1796000000,None,None,None,5164000000,3563158000,None,163026000000,163026000000,28614000000,None,None,42712000000,None,None,8771000000,3453000000,0.326,0.0583,1398000000,1398000000,None,5.0,0.09,33159000000,41930000000,0.76,2013-06-30,11.67,10371000000,49167000000.0,76766000000,31921000000,9473000000,4772000000,4772000000,None,616000000,None,19760000000,None,None,10230000000,None,None,4116000000,None,None,None,0.0997,5387000000,44395000000,33159000000,52570000000,23707000000,None,None,None,None,None,None,None,0.129,1.502,0.476,None,None,None,None,None,-1890000000,None,0.0082,None,85947000000,2025-11-04,quarterly,0.85,USD,pre-market,684000000,46151000000,0.0262,0.0355,0.025,17.76,13706000000,10230000000,8932000000,None,32.72,35.31,11.8421,206914000000,75290000000,71497000000,126149000000,131624000000,54652000000,239792000000,79976000000,55.27,-10598000000,37.44,24.13
2025-12-28,BP,0.62,185934004000.0,55.27,None,0.048,3.753,5729000000,None,2960000000,2960000000,-3314000000,7640000000,None,None,-5345000000,None,None,None,5164000000,3563158000,None,163026000000,163026000000,28614000000,None,None,42712000000,None,None,8771000000,3369000000,0.326,0.0583,1622000000,1622000000,None,5.0,0.09,33159000000,41930000000,0.76,2013-03-31,11.67,10371000000,49167000000.0,76766000000,31921000000,9473000000,4772000000,4772000000,None,616000000,None,19760000000,None,None,10230000000,None,None,19734000000,None,None,None,0.0997,3967000000,44395000000,33159000000,52570000000,23707000000,None,None,None,None,None,None,None,0.129,1.502,0.476,None,None,None,None,None,-1234000000,None,0.0082,None,85947000000,2025-11-04,quarterly,0.85,USD,pre-market,684000000,46151000000,0.0262,0.0355,0.025,17.76,13706000000,10230000000,8932000000,None,32.72,35.31,11.8421,206914000000,75290000000,71497000000,126149000000,131624000000,54652000000,239792000000,79976000000,55.27,-10598000000,37.44,24.13
2025-12-28,BP,0.62,185934004000.0,55.27,None,0.048,3.753,6946000000,None,2960000000,2960000000,-2403000000,-499000000,None,None,475000000,None,None,None,5164000000,3563158000,None,163026000000,163026000000,28614000000,None,None,42712000000,None,None,8771000000,3351000000,0.326,0.0583,1217000000,1217000000,None,5.0,0.09,33159000000,41930000000,0.76,2012-12-31,11.67,10371000000,49167000000.0,76766000000,31921000000,9473000000,4772000000,4772000000,None,616000000,None,19760000000,None,None,10230000000,None,None,3462000000,None,None,None,0.0997,6340000000,44395000000,33159000000,52570000000,23707000000,None,None,None,None,None,None,None,0.129,1.502,0.476,None,None,None,None,None,2906000000,None,0.0082,None,85947000000,2025-11-04,quarterly,0.85,USD,pre-market,684000000,46151000000,0.0262,0.0355,0.025,17.76,13706000000,10230000000,8932000000,None,32.72,35.31,11.8421,206914000000,75290000000,71497000000,126149000000,131624000000,54652000000,239792000000,79976000000,55.27,-10598000000,37.44,24.13
2025-12-28,BP,0.62,185934004000.0,55.27,None,0.048,3.753,5742000000,None,2960000000,2960000000,-682000000,-4672000000,None,None,-2901000000,None,None,None,5164000000,3563158000,None,163026000000,163026000000,28614000000,None,None,42712000000,None,None,8771000000,3318000000,0.326,0.0583,1418000000,1418000000,None,5.0,0.09,33159000000,41930000000,0.76,2012-09-30,11.67,10371000000,49167000000.0,76766000000,31921000000,9473000000,4772000000,4772000000,None,616000000,None,19760000000,None,None,10230000000,None,None,8239000000,None,None,None,0.0997,6287000000,44395000000,33159000000,52570000000,23707000000,None,None,None,None,None,None,None,0.129,1.502,0.476,None,None,None,None,None,None,None,0.0082,None,85947000000,2025-11-04,quarterly,0.85,USD,pre-market,684000000,46151000000,0.0262,0.0355,0.025,17.76,13706000000,10230000000,8932000000,None,32.72,35.31,11.8421,206914000000,75290000000,71497000000,126149000000,131624000000,54652000000,239792000000,79976000000,55.27,-10598000000,37.44,24.13
2025-12-28,BP,0.62,185934004000.0,55.27,None,0.048,3.753,4951000000,None,2960000000,2960000000,198000000,-3462000000,None,None,999000000,None,None,None,5164000000,3563158000,None,163026000000,163026000000,28614000000,None,None,42712000000,None,None,8771000000,3269000000,0.326,0.0583,1447000000,1447000000,None,5.0,0.09,33159000000,41930000000,0.76,2012-06-30,11.67,10371000000,49167000000.0,76766000000,31921000000,9473000000,4772000000,4772000000,None,616000000,None,19760000000,None,None,10230000000,None,None,-1815000000,None,None,None,0.0997,4403000000,44395000000,33159000000,52570000000,23707000000,None,None,None,None,None,None,None,0.129,1.502,0.476,None,None,None,None,None,-183000000,None,0.0082,None,85947000000,2025-11-04,quarterly,0.85,USD,pre-market,684000000,46151000000,0.0262,0.0355,0.025,17.76,13706000000,10230000000,8932000000,None,32.72,35.31,11.8421,206914000000,75290000000,71497000000,126149000000,131624000000,54652000000,239792000000,79976000000,55.27,-10598000000,37.44,24.13
2025-12-28,BP,0.62,185934004000.0,55.27,None,0.048,3.753,5439000000,None,2960000000,2960000000,869000000,-4329000000,None,None,None,None,None,None,5164000000,3563158000,None,163026000000,163026000000,28614000000,None,None,42712000000,None,None,8771000000,3288000000,0.326,0.0583,1212000000,1212000000,None,5.0,0.09,33159000000,41930000000,0.76,2012-03-31,11.67,10371000000,49167000000.0,76766000000,31921000000,9473000000,4772000000,4772000000,None,616000000,None,19760000000,None,None,10230000000,None,None,8923000000,None,None,None,0.0997,3367000000,44395000000,33159000000,52570000000,23707000000,None,None,None,None,None,None,None,0.129,1.502,0.476,None,None,None,None,None,None,None,0.0082,None,85947000000,2025-11-04,quarterly,0.85,USD,pre-market,684000000,46151000000,0.0262,0.0355,0.025,17.76,13706000000,10230000000,8932000000,None,32.72,35.31,11.8421,206914000000,75290000000,71497000000,126149000000,131624000000,54652000000,239792000000,79976000000,55.27,-10598000000,37.44,24.13
2025-12-28,BP,0.62,185934004000.0,55.27,None,0.048,3.753,5805000000,None,2960000000,2960000000,2384000000,-11078000000,None,None,None,None,None,None,5164000000,3563158000,None,163026000000,163026000000,28614000000,None,None,42712000000,None,None,8771000000,3083000000,0.326,0.0583,1244000000,1244000000,None,5.0,0.09,33159000000,41930000000,0.76,2011-12-31,11.67,10371000000,49167000000.0,76766000000,31921000000,9473000000,4772000000,4772000000,None,616000000,None,19760000000,None,None,10230000000,None,None,11118000000,None,None,None,0.0997,5010000000,44395000000,33159000000,52570000000,23707000000,None,None,None,None,None,None,None,0.129,1.502,0.476,None,None,None,None,None,None,None,0.0082,None,85947000000,2025-11-04,quarterly,0.85,USD,pre-market,684000000,46151000000,0.0262,0.0355,0.025,17.76,13706000000,10230000000,8932000000,None,32.72,35.31,11.8421,206914000000,75290000000,71497000000,126149000000,131624000000,54652000000,239792000000,79976000000,55.27,-10598000000,37.44,24.13
2025-12-28,BP,0.62,185934004000.0,55.27,None,0.048,3.753,4146000000,None,2960000000,2960000000,-2908000000,-4191000000,None,None,None,None,None,None,5164000000,3563158000,None,163026000000,163026000000,28614000000,None,None,42712000000,None,None,8771000000,2674000000,0.326,0.0583,1225000000,1225000000,None,5.0,0.09,33159000000,41930000000,0.76,2011-09-30,11.67,10371000000,49167000000.0,76766000000,31921000000,9473000000,4772000000,4772000000,None,616000000,None,19760000000,None,None,10230000000,None,None,7490000000,None,None,None,0.0997,6892000000,44395000000,33159000000,52570000000,23707000000,None,None,None,None,None,None,None,0.129,1.502,0.476,None,None,None,None,None,None,None,0.0082,None,85947000000,2025-11-04,quarterly,0.85,USD,pre-market,684000000,46151000000,0.0262,0.0355,0.025,17.76,13706000000,10230000000,8932000000,None,32.72,35.31,11.8421,206914000000,75290000000,71497000000,126149000000,131624000000,54652000000,239792000000,79976000000,55.27,-10598000000,37.44,24.13
2025-12-28,BP,0.62,185934004000.0,55.27,None,0.048,3.753,4185000000,None,2960000000,2960000000,-1436000000,-6493000000,None,None,None,None,None,None,5164000000,3563158000,None,163026000000,163026000000,28614000000,None,None,42712000000,None,None,8771000000,3275000000,0.326,0.0583,795000000,795000000,None,5.0,0.09,33159000000,41930000000,0.76,2011-06-30,11.67,10371000000,49167000000.0,76766000000,31921000000,9473000000,4772000000,4772000000,None,616000000,None,19760000000,None,None,10230000000,None,None,8828000000,None,None,None,0.0997,7848000000,44395000000,33159000000,52570000000,23707000000,None,None,None,None,None,None,None,0.129,1.502,0.476,None,None,None,None,None,None,None,0.0082,None,85947000000,2025-11-04,quarterly,0.85,USD,pre-market,684000000,46151000000,0.0262,0.0355,0.025,17.76,13706000000,10230000000,8932000000,None,32.72,35.31,11.8421,206914000000,75290000000,71497000000,126149000000,131624000000,54652000000,239792000000,79976000000,55.27,-10598000000,37.44,24.13
2025-12-28,BP,0.62,185934004000.0,55.27,None,0.048,3.753,5774000000,None,2960000000,2960000000,2442000000,-4871000000,None,None,None,None,None,None,5164000000,3563158000,None,163026000000,163026000000,28614000000,None,None,42712000000,None,None,8771000000,3127000000,0.326,0.0583,808000000,808000000,None,5.0,0.09,33159000000,41930000000,0.76,2011-03-31,11.67,10371000000,49167000000.0,76766000000,31921000000,9473000000,4772000000,4772000000,None,616000000,None,19760000000,None,None,10230000000,None,None,7124000000,None,None,None,0.0997,2404000000,44395000000,33159000000,52570000000,23707000000,None,None,None,None,None,None,None,0.129,1.502,0.476,None,None,None,None,None,None,None,0.0082,None,85947000000,2025-11-04,quarterly,0.85,USD,pre-market,684000000,46151000000,0.0262,0.0355,0.025,17.76,13706000000,10230000000,8932000000,None,32.72,35.31,11.8421,206914000000,75290000000,71497000000,126149000000,131624000000,54652000000,239792000000,79976000000,55.27,-10598000000,37.44,24.13
2025-12-28,BP,0.62,185934004000.0,55.27,None,0.048,3.753,5118000000,None,2960000000,2960000000,3947000000,2155000000,None,None,None,None,None,None,5164000000,3563158000,None,163026000000,163026000000,28614000000,None,None,42712000000,None,None,8771000000,2502000000,0.326,0.0583,198000000,198000000,None,5.0,0.09,33159000000,41930000000,0.76,2010-12-31,11.67,10371000000,49167000000.0,76766000000,31921000000,9473000000,4772000000,4772000000,None,616000000,None,19760000000,None,None,10230000000,None,None,5567000000,None,None,None,0.0997,-178000000,44395000000,33159000000,52570000000,23707000000,None,None,None,None,None,None,None,0.129,1.502,0.476,None,None,None,None,None,396000000,None,0.0082,None,85947000000,2025-11-04,quarterly,0.85,USD,pre-market,684000000,46151000000,0.0262,0.0355,0.025,17.76,13706000000,10230000000,8932000000,None,32.72,35.31,11.8421,206914000000,75290000000,71497000000,126149000000,131624000000,54652000000,239792000000,79976000000,55.27,-10598000000,37.44,24.13
2025-12-28,BP,0.62,185934004000.0,55.27,None,0.048,3.753,4741000000,None,2960000000,2960000000,3182000000,2832000000,None,None,None,None,None,None,5164000000,3563158000,None,163026000000,163026000000,28614000000,None,None,42712000000,None,None,8771000000,2812000000,0.326,0.0583,68000000,68000000,None,5.0,0.09,33159000000,41930000000,0.76,2010-09-30,11.67,10371000000,49167000000.0,76766000000,31921000000,9473000000,4772000000,4772000000,None,616000000,None,19760000000,None,None,10230000000,None,None,1581000000,None,None,None,0.0997,-652000000,44395000000,33159000000,52570000000,23707000000,None,None,None,None,None,None,None,0.129,1.502,0.476,None,None,None,None,None,None,None,0.0082,None,85947000000,2025-11-04,quarterly,0.85,USD,pre-market,684000000,46151000000,0.0262,0.0355,0.025,17.76,13706000000,10230000000,8932000000,None,32.72,35.31,11.8421,206914000000,75290000000,71497000000,126149000000,131624000000,54652000000,239792000000,79976000000,55.27,-10598000000,37.44,24.13
2025-12-28,BP,0.62,185934004000.0,55.27,None,0.048,3.753,4273000000,None,2960000000,2960000000,-1388000000,-4734000000,None,None,None,None,None,None,5164000000,3563158000,None,163026000000,163026000000,28614000000,None,None,42712000000,None,None,8771000000,2833000000,0.326,0.0583,128000000,128000000,None,5.0,0.09,33159000000,41930000000,0.76,2010-06-30,11.67,10371000000,49167000000.0,76766000000,31921000000,9473000000,4772000000,4772000000,None,616000000,None,19760000000,None,None,10230000000,None,None,-17150000000,None,None,None,0.0997,6753000000,44395000000,33159000000,52570000000,23707000000,None,None,None,None,None,None,None,0.129,1.502,0.476,None,None,None,None,None,None,None,0.0082,None,85947000000,2025-11-04,quarterly,0.85,USD,pre-market,684000000,46151000000,0.0262,0.0355,0.025,17.76,13706000000,10230000000,8932000000,None,32.72,35.31,11.8421,206914000000,75290000000,71497000000,126149000000,131624000000,54652000000,239792000000,79976000000,55.27,-10598000000,37.44,24.13
2025-12-28,BP,0.62,185934004000.0,55.27,None,0.048,3.753,4289000000,None,2960000000,2960000000,-4901000000,-4213000000,None,None,None,None,None,None,5164000000,3563158000,None,163026000000,163026000000,28614000000,None,None,42712000000,None,None,8771000000,3017000000,0.326,0.0583,2629000000,2629000000,None,5.0,0.09,33159000000,41930000000,0.76,2010-03-31,11.67,10371000000,49167000000.0,76766000000,31921000000,9473000000,4772000000,4772000000,None,616000000,None,19760000000,None,None,10230000000,None,None,6079000000,None,None,None,0.0997,7693000000,44395000000,33159000000,52570000000,23707000000,None,None,None,None,None,None,None,0.129,1.502,0.476,None,None,None,None,None,None,None,0.0082,None,85947000000,2025-11-04,quarterly,0.85,USD,pre-market,684000000,46151000000,0.0262,0.0355,0.025,17.76,13706000000,10230000000,8932000000,None,32.72,35.31,11.8421,206914000000,75290000000,71497000000,126149000000,131624000000,54652000000,239792000000,79976000000,55.27,-10598000000,37.44,24.13
2025-12-28,BP,0.62,185934004000.0,55.27,None,0.048,3.753,5647000000,None,2960000000,2960000000,-4287000000,-4573000000,None,None,None,None,None,None,5164000000,3563158000,None,163026000000,163026000000,28614000000,None,None,42712000000,None,None,8771000000,2726000000,0.326,0.0583,3039000000,3039000000,None,5.0,0.09,33159000000,41930000000,0.76,2009-12-31,11.67,10371000000,49167000000.0,76766000000,31921000000,9473000000,4772000000,4772000000,None,616000000,None,19760000000,None,None,10230000000,None,None,4295000000,None,None,None,0.0997,7288000000,44395000000,33159000000,52570000000,23707000000,None,None,None,None,None,None,None,0.129,1.502,0.476,None,None,None,None,None,None,None,0.0082,None,85947000000,2025-11-04,quarterly,0.85,USD,pre-market,684000000,46151000000,0.0262,0.0355,0.025,17.76,13706000000,10230000000,8932000000,None,32.72,35.31,11.8421,206914000000,75290000000,71497000000,126149000000,131624000000,54652000000,239792000000,79976000000,55.27,-10598000000,37.44,24.13
2025-12-28,BP,0.62,185934004000.0,55.27,None,0.048,3.753,4975000000,None,2960000000,2960000000,-2743000000,-4492000000,None,None,None,None,None,None,5164000000,3563158000,None,163026000000,163026000000,28614000000,None,None,42712000000,None,None,8771000000,3216000000,0.326,0.0583,2436000000,2436000000,None,5.0,0.09,33159000000,41930000000,0.76,2009-09-30,11.67,10371000000,49167000000.0,76766000000,31921000000,9473000000,4772000000,4772000000,None,616000000,None,19760000000,None,None,10230000000,None,None,5336000000,None,None,None,0.0997,8099000000,44395000000,33159000000,52570000000,23707000000,None,None,None,None,None,None,None,0.129,1.502,0.476,None,None,None,None,None,2870000000,None,0.0082,None,85947000000,2025-11-04,quarterly,0.85,USD,pre-market,684000000,46151000000,0.0262,0.0355,0.025,17.76,13706000000,10230000000,8932000000,None,32.72,35.31,11.8421,206914000000,75290000000,71497000000,126149000000,131624000000,54652000000,239792000000,79976000000,55.27,-10598000000,37.44,24.13
2025-12-28,BP,0.62,185934004000.0,55.27,None,0.048,3.753,5211000000,None,2960000000,2960000000,-1683000000,-4576000000,None,None,None,None,None,None,5164000000,3563158000,None,163026000000,163026000000,28614000000,None,None,42712000000,None,None,8771000000,3315000000,0.326,0.0583,2694000000,2694000000,None,5.0,0.09,33159000000,41930000000,0.76,2009-06-30,11.67,10371000000,49167000000.0,76766000000,31921000000,9473000000,4772000000,4772000000,None,616000000,None,19760000000,None,None,10230000000,None,None,4385000000,None,None,None,0.0997,6757000000,44395000000,33159000000,52570000000,23707000000,None,None,None,None,None,None,None,0.129,1.502,0.476,None,None,None,None,None,None,None,0.0082,None,85947000000,2025-11-04,quarterly,0.85,USD,pre-market,684000000,46151000000,0.0262,0.0355,0.025,17.76,13706000000,10230000000,8932000000,None,32.72,35.31,11.8421,206914000000,75290000000,71497000000,126149000000,131624000000,54652000000,239792000000,79976000000,55.27,-10598000000,37.44,24.13
2025-12-28,BP,0.62,185934004000.0,55.27,None,0.048,3.753,4817000000,None,2960000000,2960000000,-838000000,-4492000000,None,None,None,None,None,None,5164000000,3563158000,None,163026000000,163026000000,28614000000,None,None,42712000000,None,None,8771000000,2849000000,0.326,0.0583,2730000000,2730000000,None,5.0,0.09,33159000000,41930000000,0.76,2009-03-31,11.67,10371000000,49167000000.0,76766000000,31921000000,9473000000,4772000000,4772000000,None,616000000,None,19760000000,None,None,10230000000,None,None,4130000000,None,None,None,0.0997,5572000000,44395000000,33159000000,52570000000,23707000000,None,None,None,None,None,None,None,0.129,1.502,0.476,None,None,None,None,None,None,None,0.0082,None,85947000000,2025-11-04,quarterly,0.85,USD,pre-market,684000000,46151000000,0.0262,0.0355,0.025,17.76,13706000000,10230000000,8932000000,None,32.72,35.31,11.8421,206914000000,75290000000,71497000000,126149000000,131624000000,54652000000,239792000000,79976000000,55.27,-10598000000,37.44,24.13
2025-12-28,BP,0.62,185934004000.0,55.27,None,0.048,3.753,5762000000,None,2960000000,2960000000,2392000000,-5818000000,None,None,9010000000,None,None,None,5164000000,3563158000,None,163026000000,163026000000,28614000000,None,None,42712000000,None,None,8771000000,2700000000,0.326,0.0583,2619000000,2619000000,None,5.0,0.09,33159000000,41930000000,0.76,2008-12-31,11.67,10371000000,49167000000.0,76766000000,31921000000,9473000000,4772000000,4772000000,None,616000000,None,19760000000,None,None,10230000000,None,None,-4573000000,None,None,None,0.0997,5665000000,44395000000,33159000000,52570000000,23707000000,None,None,None,None,None,None,None,0.129,1.502,0.476,None,None,None,None,None,64000000,None,0.0082,None,85947000000,2025-11-04,quarterly,0.85,USD,pre-market,684000000,46151000000,0.0262,0.0355,0.025,17.76,13706000000,10230000000,8932000000,None,32.72,35.31,11.8421,206914000000,75290000000,71497000000,126149000000,131624000000,54652000000,239792000000,79976000000,55.27,-10598000000,37.44,24.13
2025-12-28,BP,0.62,185934004000.0,55.27,None,0.048,3.753,7748000000,None,2960000000,2960000000,-4596000000,-7641000000,None,None,None,None,None,None,5164000000,3563158000,None,163026000000,163026000000,28614000000,None,None,42712000000,None,None,8771000000,2425000000,0.326,0.0583,2624000000,2624000000,None,5.0,0.09,33159000000,41930000000,0.76,2008-09-30,11.67,10371000000,49167000000.0,76766000000,31921000000,9473000000,4772000000,4772000000,None,616000000,None,19760000000,None,None,10230000000,None,None,12479000000,None,None,None,0.0997,14786000000,44395000000,33159000000,52570000000,23707000000,None,None,None,None,None,None,None,0.129,1.502,0.476,None,None,None,None,None,-814000000,None,0.0082,None,85947000000,2025-11-04,quarterly,0.85,USD,pre-market,684000000,46151000000,0.0262,0.0355,0.025,17.76,13706000000,10230000000,8932000000,None,32.72,35.31,11.8421,206914000000,75290000000,71497000000,126149000000,131624000000,54652000000,239792000000,79976000000,55.27,-10598000000,37.44,24.13
2025-12-28,BP,0.62,185934004000.0,55.27,None,0.048,3.753,4713000000,None,2960000000,2960000000,-3042000000,-4901000000,None,None,-5710000000,None,None,None,5164000000,3563158000,None,163026000000,163026000000,28614000000,None,None,42712000000,None,None,8771000000,2894000000,0.326,0.0583,2545000000,2545000000,None,5.0,0.09,33159000000,41930000000,0.76,2008-06-30,11.67,10371000000,49167000000.0,76766000000,31921000000,9473000000,4772000000,4772000000,None,616000000,None,19760000000,None,None,10230000000,None,None,14727000000,None,None,None,0.0997,6716000000,44395000000,33159000000,52570000000,23707000000,None,None,None,None,None,None,None,0.129,1.502,0.476,None,None,None,None,None,-928000000,None,0.0082,None,85947000000,2025-11-04,quarterly,0.85,USD,pre-market,684000000,46151000000,0.0262,0.0355,0.025,17.76,13706000000,10230000000,8932000000,None,32.72,35.31,11.8421,206914000000,75290000000,71497000000,126149000000,131624000000,54652000000,239792000000,79976000000,55.27,-10598000000,37.44,24.13
2025-12-28,BP,0.62,185934004000.0,55.27,None,0.048,3.753,4435000000,None,2960000000,2960000000,-5263000000,-4407000000,None,None,-717000000,None,None,None,5164000000,3563158000,None,163026000000,163026000000,28614000000,None,None,42712000000,None,None,8771000000,2966000000,0.326,0.0583,2554000000,2554000000,None,5.0,0.09,33159000000,41930000000,0.76,2008-03-31,11.67,10371000000,49167000000.0,76766000000,31921000000,9473000000,4772000000,4772000000,None,616000000,None,19760000000,None,None,10230000000,None,None,11650000000,None,None,None,0.0997,10928000000,44395000000,33159000000,52570000000,23707000000,None,None,None,None,None,None,None,0.129,1.502,0.476,None,None,None,None,None,-889000000,None,0.0082,None,85947000000,2025-11-04,quarterly,0.85,USD,pre-market,684000000,46151000000,0.0262,0.0355,0.025,17.76,13706000000,10230000000,8932000000,None,32.72,35.31,11.8421,206914000000,75290000000,71497000000,126149000000,131624000000,54652000000,239792000000,79976000000,55.27,-10598000000,37.44,24.13
2025-12-28,BP,0.62,185934004000.0,55.27,None,0.048,3.753,5515000000,None,2960000000,2960000000,2184000000,-5715000000,None,None,-5121000000,None,None,None,5164000000,3563158000,None,163026000000,163026000000,28614000000,None,None,42712000000,None,None,8771000000,3020000000,0.326,0.0583,2056000000,2056000000,None,5.0,0.09,33159000000,41930000000,0.76,2007-12-31,11.67,10371000000,49167000000.0,76766000000,31921000000,9473000000,4772000000,4772000000,None,616000000,None,19760000000,None,None,10230000000,None,None,6566000000,None,None,None,0.0997,4548000000,44395000000,33159000000,52570000000,23707000000,None,None,None,None,None,None,None,0.129,1.502,0.476,None,None,None,None,None,-1352000000,None,0.0082,None,85947000000,2025-11-04,quarterly,0.85,USD,pre-market,684000000,46151000000,0.0262,0.0355,0.025,17.76,13706000000,10230000000,8932000000,None,32.72,35.31,11.8421,206914000000,75290000000,71497000000,126149000000,131624000000,54652000000,239792000000,79976000000,55.27,-10598000000,37.44,24.13
2025-12-28,BP,0.62,185934004000.0,55.27,None,0.048,3.753,4336000000,None,2960000000,2960000000,-4424000000,-1683000000,None,None,-803000000,None,None,None,5164000000,3563158000,None,163026000000,163026000000,28614000000,None,None,42712000000,None,None,8771000000,2505000000,0.326,0.0583,2066000000,2066000000,None,5.0,0.09,33159000000,41930000000,0.76,2007-09-30,11.67,10371000000,49167000000.0,76766000000,31921000000,9473000000,4772000000,4772000000,None,616000000,None,19760000000,None,None,10230000000,None,None,6809000000,None,None,None,0.0997,5874000000,44395000000,33159000000,52570000000,23707000000,None,None,None,None,None,None,None,0.129,1.502,0.476,None,None,None,None,None,-1441000000,None,0.0082,None,85947000000,2025-11-04,quarterly,0.85,USD,pre-market,684000000,46151000000,0.0262,0.0355,0.025,17.76,13706000000,10230000000,8932000000,None,32.72,35.31,11.8421,206914000000,75290000000,71497000000,126149000000,131624000000,54652000000,239792000000,79976000000,55.27,-10598000000,37.44,24.13
2025-12-28,BP,0.62,185934004000.0,55.27,None,0.048,3.753,4334000000,None,2960000000,2960000000,-2552000000,-3144000000,None,None,-683000000,None,None,None,5164000000,3563158000,None,163026000000,163026000000,28614000000,None,None,42712000000,None,None,8771000000,2535000000,0.326,0.0583,1983000000,1983000000,None,5.0,0.09,33159000000,41930000000,0.76,2007-06-30,11.67,10371000000,49167000000.0,76766000000,31921000000,9473000000,4772000000,4772000000,None,616000000,None,19760000000,None,None,10230000000,None,None,10879000000,None,None,None,0.0997,6383000000,44395000000,33159000000,52570000000,23707000000,None,None,None,None,None,None,None,0.129,1.502,0.476,None,None,None,None,None,-1918000000,None,0.0082,None,85947000000,2025-11-04,quarterly,0.85,USD,pre-market,684000000,46151000000,0.0262,0.0355,0.025,17.76,13706000000,10230000000,8932000000,None,32.72,35.31,11.8421,206914000000,75290000000,71497000000,126149000000,131624000000,54652000000,239792000000,79976000000,55.27,-10598000000,37.44,24.13
2025-12-28,BP,0.62,185934004000.0,55.27,None,0.048,3.753,3645000000,None,2960000000,2960000000,-4243000000,-4295000000,None,None,-648000000,None,None,None,5164000000,3563158000,None,163026000000,163026000000,28614000000,None,None,42712000000,None,None,8771000000,2519000000,0.326,0.0583,2001000000,2001000000,None,5.0,0.09,33159000000,41930000000,0.76,2007-03-31,11.67,10371000000,49167000000.0,76766000000,31921000000,9473000000,4772000000,4772000000,None,616000000,None,19760000000,None,None,10230000000,None,None,7357000000,None,None,None,0.0997,7904000000,44395000000,33159000000,52570000000,23707000000,None,None,None,None,None,None,None,0.129,1.502,0.476,None,None,None,None,None,-2402000000,None,0.0082,None,85947000000,2025-11-04,quarterly,0.85,USD,pre-market,684000000,46151000000,0.0262,0.0355,0.025,17.76,13706000000,10230000000,8932000000,None,32.72,35.31,11.8421,206914000000,75290000000,71497000000,126149000000,131624000000,54652000000,239792000000,79976000000,55.27,-10598000000,37.44,24.13
2025-12-28,BP,0.62,185934004000.0,55.27,None,0.048,3.753,4473000000,None,2960000000,2960000000,-1759000000,-4281000000,None,None,861000000,None,None,None,5164000000,3563158000,None,163026000000,163026000000,28614000000,None,None,42712000000,None,None,8771000000,2441000000,0.326,0.0583,1927000000,1927000000,None,5.0,0.09,33159000000,41930000000,0.76,2006-12-31,11.67,10371000000,49167000000.0,76766000000,31921000000,9473000000,4772000000,4772000000,None,616000000,None,19760000000,None,None,10230000000,None,None,4435000000,None,None,None,0.0997,5384000000,44395000000,33159000000,52570000000,23707000000,None,None,None,None,None,None,None,0.129,1.502,0.476,None,None,None,None,None,-3449000000,None,0.0082,None,85947000000,2025-11-04,quarterly,0.85,USD,pre-market,684000000,46151000000,0.0262,0.0355,0.025,17.76,13706000000,10230000000,8932000000,None,32.72,35.31,11.8421,206914000000,75290000000,71497000000,126149000000,131624000000,54652000000,239792000000,79976000000,55.27,-10598000000,37.44,24.13
2025-12-28,BP,0.62,185934004000.0,55.27,None,0.048,3.753,3945000000,None,2960000000,2960000000,-5195000000,-1487000000,None,None,1477000000,None,None,None,5164000000,3563158000,None,163026000000,163026000000,28614000000,None,None,42712000000,None,None,8771000000,2194000000,0.326,0.0583,1943000000,1943000000,None,5.0,0.09,33159000000,41930000000,0.76,2006-09-30,11.67,10371000000,49167000000.0,76766000000,31921000000,9473000000,4772000000,4772000000,None,616000000,None,19760000000,None,None,10230000000,None,None,11025000000,None,None,None,0.0997,5029000000,44395000000,33159000000,52570000000,23707000000,None,None,None,None,None,None,None,0.129,1.502,0.476,None,None,None,None,None,-3430000000,None,0.0082,None,85947000000,2025-11-04,quarterly,0.85,USD,pre-market,684000000,46151000000,0.0262,0.0355,0.025,17.76,13706000000,10230000000,8932000000,None,32.72,35.31,11.8421,206914000000,75290000000,71497000000,126149000000,131624000000,54652000000,239792000000,79976000000,55.27,-10598000000,37.44,24.13
2025-12-28,BP,0.62,185934004000.0,55.27,None,0.048,3.753,3412000000,None,2960000000,2960000000,-6599000000,-456000000,None,None,-2351000000,None,None,None,5164000000,3563158000,None,163026000000,163026000000,28614000000,None,None,42712000000,None,None,8771000000,2309000000,0.326,0.0583,1894000000,1894000000,None,5.0,0.09,33159000000,41930000000,0.76,2006-06-30,11.67,10371000000,49167000000.0,76766000000,31921000000,9473000000,4772000000,4772000000,None,616000000,None,19760000000,None,None,10230000000,None,None,10813000000,None,None,None,0.0997,8968000000,44395000000,33159000000,52570000000,23707000000,None,None,None,None,None,None,None,0.129,1.502,0.476,None,None,None,None,None,-4411000000,None,0.0082,None,85947000000,2025-11-04,quarterly,0.85,USD,pre-market,684000000,46151000000,0.0262,0.0355,0.025,17.76,13706000000,10230000000,8932000000,None,32.72,35.31,11.8421,206914000000,75290000000,71497000000,126149000000,131624000000,54652000000,239792000000,79976000000,55.27,-10598000000,37.44,24.13
2025-12-28,BP,0.62,185934004000.0,55.27,None,0.048,3.753,3295000000,None,2960000000,2960000000,-5518000000,-3294000000,None,None,1008000000,None,None,None,5164000000,3563158000,None,163026000000,163026000000,28614000000,None,None,42712000000,None,None,8771000000,2184000000,0.326,0.0583,1922000000,1922000000,None,5.0,0.09,33159000000,41930000000,0.76,2006-03-31,11.67,10371000000,49167000000.0,76766000000,31921000000,9473000000,4772000000,4772000000,None,616000000,None,19760000000,None,None,10230000000,None,None,8869000000,None,None,None,0.0997,8791000000,44395000000,33159000000,52570000000,23707000000,None,None,None,None,None,None,None,0.129,1.502,0.476,None,None,None,None,None,-3861000000,None,0.0082,None,85947000000,2025-11-04,quarterly,0.85,USD,pre-market,684000000,46151000000,0.0262,0.0355,0.025,17.76,13706000000,10230000000,8932000000,None,32.72,35.31,11.8421,206914000000,75290000000,71497000000,126149000000,131624000000,54652000000,239792000000,79976000000,55.27,-10598000000,37.44,24.13
2025-12-28,BP,0.62,185934004000.0,55.27,None,0.048,3.753,3476000000,None,2960000000,2960000000,-8883000000,5427000000,None,None,-318000000,None,None,None,5164000000,3563158000,None,163026000000,163026000000,28614000000,None,None,42712000000,None,None,8771000000,2351000000,0.326,0.0583,1434000000,1434000000,None,5.0,0.09,33159000000,41930000000,0.76,2005-12-31,11.67,10371000000,49167000000.0,76766000000,31921000000,9473000000,4772000000,4772000000,None,616000000,None,19760000000,None,None,10230000000,None,None,4863000000,None,None,None,0.0997,4239000000,44395000000,33159000000,52570000000,23707000000,None,None,None,None,None,None,None,0.129,1.502,0.476,None,None,None,None,None,-3687000000,None,0.0082,None,85947000000,2025-11-04,quarterly,0.85,USD,pre-market,684000000,46151000000,0.0262,0.0355,0.025,17.76,13706000000,10230000000,8932000000,None,32.72,35.31,11.8421,206914000000,75290000000,71497000000,126149000000,131624000000,54652000000,239792000000,79976000000,55.27,-10598000000,37.44,24.13
2025-12-28,BP,0.62,185934004000.0,55.27,None,0.048,3.753,3069000000,None,2960000000,2960000000,-2630000000,-2836000000,None,None,None,None,None,None,5164000000,3563158000,None,163026000000,163026000000,28614000000,None,None,42712000000,None,None,8771000000,2041000000,0.326,0.0583,2293000000,2293000000,None,5.0,0.09,33159000000,41930000000,0.76,2005-09-30,11.67,10371000000,49167000000.0,76766000000,31921000000,9473000000,4772000000,4772000000,None,616000000,None,19760000000,None,None,10230000000,None,None,9931000000,None,None,None,0.0997,6371000000,44395000000,33159000000,52570000000,23707000000,None,None,None,None,None,None,None,0.129,1.502,0.476,None,None,None,None,None,-3661000000,None,0.0082,None,85947000000,2025-11-04,quarterly,0.85,USD,pre-market,684000000,46151000000,0.0262,0.0355,0.025,17.76,13706000000,10230000000,8932000000,None,32.72,35.31,11.8421,206914000000,75290000000,71497000000,126149000000,131624000000,54652000000,239792000000,79976000000,55.27,-10598000000,37.44,24.13
2025-12-28,BP,0.62,185934004000.0,55.27,None,0.048,3.753,15297000000,None,2960000000,2960000000,-7297000000,-13250000000,None,None,808000000,None,None,None,5164000000,3563158000,None,163026000000,163026000000,28614000000,None,None,42712000000,None,None,8771000000,16622000000,0.326,0.0583,5003000000,5003000000,None,5.0,0.09,33159000000,41930000000,0.76,2024-12-31,11.67,10371000000,49167000000.0,76766000000,31921000000,9473000000,4772000000,4772000000,None,616000000,None,19760000000,None,None,10230000000,None,None,6782000000,None,None,None,0.0997,27297000000,44395000000,33159000000,52570000000,23707000000,None,None,None,None,None,None,None,0.129,1.502,0.476,None,None,None,None,None,-7127000000,None,0.0082,None,85947000000,2025-11-04,annual,0.85,USD,pre-market,684000000,46151000000,0.0262,0.0355,0.025,17.76,13706000000,10230000000,8932000000,None,32.72,35.31,11.8421,206914000000,75290000000,71497000000,126149000000,131624000000,54652000000,239792000000,79976000000,55.27,-10598000000,37.44,24.13
2025-12-28,BP,0.62,185934004000.0,55.27,None,0.048,3.753,14285000000,None,2960000000,2960000000,-13359000000,-14872000000,None,None,5634000000,None,None,None,5164000000,3563158000,None,163026000000,163026000000,28614000000,None,None,42712000000,None,None,8771000000,15928000000,0.326,0.0583,4809000000,4809000000,None,5.0,0.09,33159000000,41930000000,0.76,2023-12-31,11.67,10371000000,49167000000.0,76766000000,31921000000,9473000000,4772000000,4772000000,None,616000000,None,19760000000,None,None,10230000000,None,None,23749000000,None,None,None,0.0997,32039000000,44395000000,33159000000,52570000000,23707000000,None,None,None,None,None,None,None,0.129,1.502,0.476,None,None,None,None,None,-7918000000,None,0.0082,None,85947000000,2025-11-04,annual,0.85,USD,pre-market,684000000,46151000000,0.0262,0.0355,0.025,17.76,13706000000,10230000000,8932000000,None,32.72,35.31,11.8421,206914000000,75290000000,71497000000,126149000000,131624000000,54652000000,239792000000,79976000000,55.27,-10598000000,37.44,24.13
2025-12-28,BP,0.62,185934004000.0,55.27,None,0.048,3.753,12069000000,None,2960000000,2960000000,-28021000000,-13713000000,None,None,-5492000000,None,None,None,5164000000,3563158000,None,163026000000,163026000000,28614000000,None,None,42712000000,None,None,8771000000,14703000000,0.326,0.0583,4358000000,4358000000,None,5.0,0.09,33159000000,41930000000,0.76,2022-12-31,11.67,10371000000,49167000000.0,76766000000,31921000000,9473000000,4772000000,4772000000,None,616000000,None,19760000000,None,None,10230000000,None,None,15405000000,None,None,None,0.0997,40932000000,44395000000,33159000000,52570000000,23707000000,None,None,None,None,None,None,None,0.129,1.502,0.476,None,None,None,None,None,-9996000000,None,0.0082,None,85947000000,2025-11-04,annual,0.85,USD,pre-market,684000000,46151000000,0.0262,0.0355,0.025,17.76,13706000000,10230000000,8932000000,None,32.72,35.31,11.8421,206914000000,75290000000,71497000000,126149000000,131624000000,54652000000,239792000000,79976000000,55.27,-10598000000,37.44,24.13
2025-12-28,BP,0.62,185934004000.0,55.27,None,0.048,3.753,10887000000,None,2960000000,2960000000,-18079000000,-5694000000,None,None,-626000000,None,None,None,5164000000,3563158000,None,163026000000,163026000000,28614000000,None,None,42712000000,None,None,8771000000,14972000000,0.326,0.0583,4304000000,4304000000,None,5.0,0.09,33159000000,41930000000,0.76,2021-12-31,11.67,10371000000,49167000000.0,76766000000,31921000000,9473000000,4772000000,4772000000,None,616000000,None,19760000000,None,None,10230000000,None,None,15227000000,None,None,None,0.0997,23612000000,44395000000,33159000000,52570000000,23707000000,None,None,None,None,None,None,None,0.129,1.502,0.476,None,None,None,None,None,-3151000000,None,0.0082,None,85947000000,2025-11-04,annual,0.85,USD,pre-market,684000000,46151000000,0.0262,0.0355,0.025,17.76,13706000000,10230000000,8932000000,None,32.72,35.31,11.8421,206914000000,75290000000,71497000000,126149000000,131624000000,54652000000,239792000000,79976000000,55.27,-10598000000,37.44,24.13
2025-12-28,BP,0.62,185934004000.0,55.27,None,0.048,3.753,12306000000,None,2960000000,2960000000,3956000000,-7858000000,None,None,3963000000,None,None,None,5164000000,3563158000,None,163026000000,163026000000,28614000000,None,None,42712000000,None,None,8771000000,14889000000,0.326,0.0583,6340000000,6340000000,None,5.0,0.09,33159000000,41930000000,0.76,2020-12-31,11.67,10371000000,49167000000.0,76766000000,31921000000,9473000000,4772000000,4772000000,None,616000000,None,19760000000,None,None,10230000000,None,None,-24888000000,None,None,None,0.0997,12162000000,44395000000,33159000000,52570000000,23707000000,None,None,None,None,None,None,None,0.129,1.502,0.476,None,None,None,None,None,-776000000,None,0.0082,None,85947000000,2025-11-04,annual,0.85,USD,pre-market,684000000,46151000000,0.0262,0.0355,0.025,17.76,13706000000,10230000000,8932000000,None,32.72,35.31,11.8421,206914000000,75290000000,71497000000,126149000000,131624000000,54652000000,239792000000,79976000000,55.27,-10598000000,37.44,24.13
2025-12-28,BP,0.62,185934004000.0,55.27,None,0.048,3.753,15418000000,None,2960000000,2960000000,-8817000000,-16974000000,None,None,-2918000000,None,None,None,5164000000,3563158000,None,163026000000,163026000000,28614000000,None,None,42712000000,None,None,8771000000,18411000000,0.326,0.0583,6946000000,6946000000,None,5.0,0.09,33159000000,41930000000,0.76,2019-12-31,11.67,10371000000,49167000000.0,76766000000,31921000000,9473000000,4772000000,4772000000,None,616000000,None,19760000000,None,None,10230000000,None,None,8154000000,None,None,None,0.0997,25770000000,44395000000,33159000000,52570000000,23707000000,None,None,None,None,None,None,None,0.129,1.502,0.476,None,None,None,None,None,-1511000000,None,0.0082,None,85947000000,2025-11-04,annual,0.85,USD,pre-market,684000000,46151000000,0.0262,0.0355,0.025,17.76,13706000000,10230000000,8932000000,None,32.72,35.31,11.8421,206914000000,75290000000,71497000000,126149000000,131624000000,54652000000,239792000000,79976000000,55.27,-10598000000,37.44,24.13
2025-12-28,BP,0.62,185934004000.0,55.27,None,0.048,3.753,16707000000,None,2960000000,2960000000,-4079000000,-21571000000,None,None,-4763000000,None,None,None,5164000000,3563158000,None,163026000000,163026000000,28614000000,None,None,42712000000,None,None,8771000000,16542000000,0.326,0.0583,6699000000,6699000000,None,5.0,0.09,33159000000,41930000000,0.76,2018-12-31,11.67,10371000000,49167000000.0,76766000000,31921000000,9473000000,4772000000,4772000000,None,616000000,None,19760000000,None,None,10230000000,None,None,16723000000,None,None,None,0.0997,22873000000,44395000000,33159000000,52570000000,23707000000,None,None,None,None,None,None,None,0.129,1.502,0.476,None,None,None,None,None,-355000000,None,0.0082,None,85947000000,2025-11-04,annual,0.85,USD,pre-market,684000000,46151000000,0.0262,0.0355,0.025,17.76,13706000000,10230000000,8932000000,None,32.72,35.31,11.8421,206914000000,75290000000,71497000000,126149000000,131624000000,54652000000,239792000000,79976000000,55.27,-10598000000,37.44,24.13
2025-12-28,BP,0.62,185934004000.0,55.27,None,0.048,3.753,16562000000,None,2960000000,2960000000,-3296000000,-14077000000,None,None,-3352000000,None,None,None,5164000000,3563158000,None,163026000000,163026000000,28614000000,None,None,42712000000,None,None,8771000000,17187000000,0.326,0.0583,6153000000,6153000000,None,5.0,0.09,33159000000,41930000000,0.76,2017-12-31,11.67,10371000000,49167000000.0,76766000000,31921000000,9473000000,4772000000,4772000000,None,616000000,None,19760000000,None,None,10230000000,None,None,7180000000,None,None,None,0.0997,18931000000,44395000000,33159000000,52570000000,23707000000,None,None,None,None,None,None,None,0.129,1.502,0.476,None,None,None,None,None,-343000000,None,0.0082,None,85947000000,2025-11-04,annual,0.85,USD,pre-market,684000000,46151000000,0.0262,0.0355,0.025,17.76,13706000000,10230000000,8932000000,None,32.72,35.31,11.8421,206914000000,75290000000,71497000000,126149000000,131624000000,54652000000,239792000000,79976000000,55.27,-10598000000,37.44,24.13
2025-12-28,BP,0.62,185934004000.0,55.27,None,0.048,3.753,16701000000,None,2960000000,2960000000,1977000000,-14753000000,None,None,-3198000000,None,None,None,5164000000,3563158000,None,163026000000,163026000000,28614000000,None,None,42712000000,None,None,8771000000,15779000000,0.326,0.0583,4611000000,4611000000,None,5.0,0.09,33159000000,41930000000,0.76,2016-12-31,11.67,10371000000,49167000000.0,76766000000,31921000000,9473000000,4772000000,4772000000,None,616000000,None,19760000000,None,None,10230000000,None,None,-2295000000,None,None,None,0.0997,10691000000,44395000000,33159000000,52570000000,23707000000,None,None,None,None,None,None,None,0.129,1.502,0.476,None,None,None,None,None,887000000,None,0.0082,None,85947000000,2025-11-04,annual,0.85,USD,pre-market,684000000,46151000000,0.0262,0.0355,0.025,17.76,13706000000,10230000000,8932000000,None,32.72,35.31,11.8421,206914000000,75290000000,71497000000,126149000000,131624000000,54652000000,239792000000,79976000000,55.27,-10598000000,37.44,24.13
2025-12-28,BP,0.62,185934004000.0,55.27,None,0.048,3.753,18648000000,None,2960000000,2960000000,-4535000000,-17300000000,None,None,843000000,None,None,None,5164000000,3563158000,None,163026000000,163026000000,28614000000,None,None,42712000000,None,None,8771000000,17048000000,0.326,0.0583,6659000000,6659000000,None,5.0,0.09,33159000000,41930000000,0.76,2015-12-31,11.67,10371000000,49167000000.0,76766000000,31921000000,9473000000,4772000000,4772000000,None,616000000,None,19760000000,None,None,10230000000,None,None,-9571000000,None,None,None,0.0997,19133000000,44395000000,33159000000,52570000000,23707000000,None,None,None,None,None,None,None,0.129,1.502,0.476,None,None,None,None,None,-5000000,None,0.0082,None,85947000000,2025-11-04,annual,0.85,USD,pre-market,684000000,46151000000,0.0262,0.0355,0.025,17.76,13706000000,10230000000,8932000000,None,32.72,35.31,11.8421,206914000000,75290000000,71497000000,126149000000,131624000000,54652000000,239792000000,79976000000,55.27,-10598000000,37.44,24.13
2025-12-28,BP,0.62,185934004000.0,55.27,None,0.048,3.753,22546000000,None,2960000000,2960000000,-5266000000,-19574000000,None,None,7112000000,None,None,None,5164000000,3563158000,None,163026000000,163026000000,28614000000,None,None,42712000000,None,None,8771000000,18192000000,0.326,0.0583,5850000000,5850000000,None,5.0,0.09,33159000000,41930000000,0.76,2014-12-31,11.67,10371000000,49167000000.0,76766000000,31921000000,9473000000,4772000000,4772000000,None,616000000,None,19760000000,None,None,10230000000,None,None,4950000000,None,None,None,0.0997,32754000000,44395000000,33159000000,52570000000,23707000000,None,None,None,None,None,None,None,0.129,1.502,0.476,None,None,None,None,None,-4589000000,None,0.0082,None,85947000000,2025-11-04,annual,0.85,USD,pre-market,684000000,46151000000,0.0262,0.0355,0.025,17.76,13706000000,10230000000,8932000000,None,32.72,35.31,11.8421,206914000000,75290000000,71497000000,126149000000,131624000000,54652000000,239792000000,79976000000,55.27,-10598000000,37.44,24.13
2025-12-28,BP,0.62,185934004000.0,55.27,None,0.048,3.753,24520000000,None,2960000000,2960000000,-10400000000,-7855000000,None,None,-6788000000,None,None,None,5164000000,3563158000,None,163026000000,163026000000,28614000000,None,None,42712000000,None,None,8771000000,16220000000,0.326,0.0583,5441000000,5441000000,None,5.0,0.09,33159000000,41930000000,0.76,2013-12-31,11.67,10371000000,49167000000.0,76766000000,31921000000,9473000000,4772000000,4772000000,None,616000000,None,19760000000,None,None,10230000000,None,None,30221000000,None,None,None,0.0997,21100000000,44395000000,33159000000,52570000000,23707000000,None,None,None,None,None,None,None,0.129,1.502,0.476,None,None,None,None,None,-5358000000,None,0.0082,None,85947000000,2025-11-04,annual,0.85,USD,pre-market,684000000,46151000000,0.0262,0.0355,0.025,17.76,13706000000,10230000000,8932000000,None,32.72,35.31,11.8421,206914000000,75290000000,71497000000,126149000000,131624000000,54652000000,239792000000,79976000000,55.27,-10598000000,37.44,24.13
2025-12-28,BP,0.62,185934004000.0,55.27,None,0.048,3.753,23078000000,None,2960000000,2960000000,-2018000000,-12962000000,None,None,-7645000000,None,None,None,5164000000,3563158000,None,163026000000,163026000000,28614000000,None,None,42712000000,None,None,8771000000,13226000000,0.326,0.0583,5294000000,5294000000,None,5.0,0.09,33159000000,41930000000,0.76,2012-12-31,11.67,10371000000,49167000000.0,76766000000,31921000000,9473000000,4772000000,4772000000,None,616000000,None,19760000000,None,None,10230000000,None,None,18809000000,None,None,None,0.0997,20397000000,44395000000,33159000000,52570000000,23707000000,None,None,None,None,None,None,None,0.129,1.502,0.476,None,None,None,None,None,6421000000,None,0.0082,None,85947000000,2025-11-04,annual,0.85,USD,pre-market,684000000,46151000000,0.0262,0.0355,0.025,17.76,13706000000,10230000000,8932000000,None,32.72,35.31,11.8421,206914000000,75290000000,71497000000,126149000000,131624000000,54652000000,239792000000,79976000000,55.27,-10598000000,37.44,24.13
2025-12-28,BP,0.62,185934004000.0,55.27,None,0.048,3.753,17845000000,None,2960000000,2960000000,482000000,-26633000000,None,None,-17527000000,None,None,None,5164000000,3563158000,None,163026000000,163026000000,28614000000,None,None,42712000000,None,None,8771000000,12159000000,0.326,0.0583,4072000000,4072000000,None,5.0,0.09,33159000000,41930000000,0.76,2011-12-31,11.67,10371000000,49167000000.0,76766000000,31921000000,9473000000,4772000000,4772000000,None,616000000,None,19760000000,None,None,10230000000,None,None,38834000000,None,None,None,0.0997,22154000000,44395000000,33159000000,52570000000,23707000000,None,None,None,None,None,None,None,0.129,1.502,0.476,None,None,None,None,None,None,None,0.0082,None,85947000000,2025-11-04,annual,0.85,USD,pre-market,684000000,46151000000,0.0262,0.0355,0.025,17.76,13706000000,10230000000,8932000000,None,32.72,35.31,11.8421,206914000000,75290000000,71497000000,126149000000,131624000000,54652000000,239792000000,79976000000,55.27,-10598000000,37.44,24.13
2025-12-28,BP,0.62,185934004000.0,55.27,None,0.048,3.753,18421000000,None,2960000000,2960000000,840000000,-3960000000,None,None,-3895000000,None,None,None,5164000000,3563158000,None,163026000000,163026000000,28614000000,None,None,42712000000,None,None,8771000000,11539000000,0.326,0.0583,2942000000,2942000000,None,5.0,0.09,33159000000,41930000000,0.76,2010-12-31,11.67,10371000000,49167000000.0,76766000000,31921000000,9473000000,4772000000,4772000000,None,616000000,None,19760000000,None,None,10230000000,None,None,-3719000000,None,None,None,0.0997,13616000000,44395000000,33159000000,52570000000,23707000000,None,None,None,None,None,None,None,0.129,1.502,0.476,None,None,None,None,None,315000000,None,0.0082,None,85947000000,2025-11-04,annual,0.85,USD,pre-market,684000000,46151000000,0.0262,0.0355,0.025,17.76,13706000000,10230000000,8932000000,None,32.72,35.31,11.8421,206914000000,75290000000,71497000000,126149000000,131624000000,54652000000,239792000000,79976000000,55.27,-10598000000,37.44,24.13
2025-12-28,BP,0.62,185934004000.0,55.27,None,0.048,3.753,20650000000,None,2960000000,2960000000,-9551000000,-18133000000,None,None,-5363000000,None,None,None,5164000000,3563158000,None,163026000000,163026000000,28614000000,None,None,42712000000,None,None,8771000000,12699000000,0.326,0.0583,10899000000,10899000000,None,5.0,0.09,33159000000,41930000000,0.76,2009-12-31,11.67,10371000000,49167000000.0,76766000000,31921000000,9473000000,4772000000,4772000000,None,616000000,None,19760000000,None,None,10230000000,None,None,25124000000,None,None,None,0.0997,27716000000,44395000000,33159000000,52570000000,23707000000,None,None,None,None,None,None,None,0.129,1.502,0.476,None,None,None,None,None,None,None,0.0082,None,85947000000,2025-11-04,annual,0.85,USD,pre-market,684000000,46151000000,0.0262,0.0355,0.025,17.76,13706000000,10230000000,8932000000,None,32.72,35.31,11.8421,206914000000,75290000000,71497000000,126149000000,131624000000,54652000000,239792000000,79976000000,55.27,-10598000000,37.44,24.13
2025-12-28,BP,0.62,185934004000.0,55.27,None,0.048,3.753,22658000000,None,2960000000,2960000000,-10509000000,-22767000000,None,None,5348000000,None,None,None,5164000000,3563158000,None,163026000000,163026000000,28614000000,None,None,42712000000,None,None,8771000000,10985000000,0.326,0.0583,10342000000,10342000000,None,5.0,0.09,33159000000,41930000000,0.76,2008-12-31,11.67,10371000000,49167000000.0,76766000000,31921000000,9473000000,4772000000,4772000000,None,616000000,None,19760000000,None,None,10230000000,None,None,35239000000,None,None,None,0.0997,37911000000,44395000000,33159000000,52570000000,23707000000,None,None,None,None,None,None,None,0.129,1.502,0.476,None,None,None,None,None,-2567000000,None,0.0082,None,85947000000,2025-11-04,annual,0.85,USD,pre-market,684000000,46151000000,0.0262,0.0355,0.025,17.76,13706000000,10230000000,8932000000,None,32.72,35.31,11.8421,206914000000,75290000000,71497000000,126149000000,131624000000,54652000000,239792000000,79976000000,55.27,-10598000000,37.44,24.13
2025-12-28,BP,0.62,185934004000.0,55.27,None,0.048,3.753,17830000000,None,2960000000,2960000000,-10529000000,-12843000000,None,None,-7255000000,None,None,None,5164000000,3563158000,None,163026000000,163026000000,28614000000,None,None,42712000000,None,None,8771000000,10579000000,0.326,0.0583,8106000000,8106000000,None,5.0,0.09,33159000000,41930000000,0.76,2007-12-31,11.67,10371000000,49167000000.0,76766000000,31921000000,9473000000,4772000000,4772000000,None,616000000,None,19760000000,None,None,10230000000,None,None,32352000000,None,None,None,0.0997,24344000000,44395000000,33159000000,52570000000,23707000000,None,None,None,None,None,None,None,0.129,1.502,0.476,None,None,None,None,None,-7113000000,None,0.0082,None,85947000000,2025-11-04,annual,0.85,USD,pre-market,684000000,46151000000,0.0262,0.0355,0.025,17.76,13706000000,10230000000,8932000000,None,32.72,35.31,11.8421,206914000000,75290000000,71497000000,126149000000,131624000000,54652000000,239792000000,79976000000,55.27,-10598000000,37.44,24.13
2025-12-28,BP,0.62,185934004000.0,55.27,None,0.048,3.753,15125000000,None,2960000000,2960000000,-22944000000,-5645000000,None,None,995000000,None,None,None,5164000000,3563158000,None,163026000000,163026000000,28614000000,None,None,42712000000,None,None,8771000000,9128000000,0.326,0.0583,7686000000,7686000000,None,5.0,0.09,33159000000,41930000000,0.76,2006-12-31,11.67,10371000000,49167000000.0,76766000000,31921000000,9473000000,4772000000,4772000000,None,616000000,None,19760000000,None,None,10230000000,None,None,35158000000,None,None,None,0.0997,28219000000,44395000000,33159000000,52570000000,23707000000,None,None,None,None,None,None,None,0.129,1.502,0.476,None,None,None,None,None,-15151000000,None,0.0082,None,85947000000,2025-11-04,annual,0.85,USD,pre-market,684000000,46151000000,0.0262,0.0355,0.025,17.76,13706000000,10230000000,8932000000,None,32.72,35.31,11.8421,206914000000,75290000000,71497000000,126149000000,131624000000,54652000000,239792000000,79976000000,55.27,-10598000000,37.44,24.13
2025-12-28,BP,0.62,185934004000.0,55.27,None,0.048,3.753,12281000000,None,2960000000,2960000000,-23303000000,-1328000000,None,None,-6638000000,None,None,None,5164000000,3563158000,None,163026000000,163026000000,28614000000,None,None,42712000000,None,None,8771000000,8771000000,0.326,0.0583,7359000000,7359000000,None,5.0,0.09,33159000000,41930000000,0.76,2005-12-31,11.67,10371000000,49167000000.0,76766000000,31921000000,9473000000,4772000000,4772000000,None,616000000,None,19760000000,None,None,10230000000,None,None,33652000000,None,None,None,0.0997,26232000000,44395000000,33159000000,52570000000,23707000000,None,None,None,None,None,None,None,0.129,1.502,0.476,None,None,None,None,None,-11315000000,None,0.0082,None,85947000000,2025-11-04,annual,0.85,USD,pre-market,684000000,46151000000,0.0262,0.0355,0.025,17.76,13706000000,10230000000,8932000000,None,32.72,35.31,11.8421,206914000000,75290000000,71497000000,126149000000,131624000000,54652000000,239792000000,79976000000,55.27,-10598000000,37.44,24.13
