date,symbol,eps,revenue_ttm,pe_ratio,accumulateddepreciationamortizationppe,beta,book_value,capitalexpenditures,capitalleaseobligations,cashandcashequivalentsatcarryingvalue,cashandshortterminvestments,cashflowfromfinancing,cashflowfrominvestment,changeincashandcashequivalents,changeinexchangerate,changeininventory,changeinoperatingassets,changeinoperatingliabilities,changeinreceivables,commonstock,commonstocksharesoutstanding,comprehensiveincomenetoftax,costofgoodsandservicessold,costofrevenue,currentaccountspayable,currentdebt,currentlongtermdebt,currentnetreceivables,deferredrevenue,depreciation,depreciationandamortization,depreciationdepletionandamortization,dividend_per_share,dividend_yield,dividendpayout,dividendpayoutcommonstock,dividendpayoutpreferredstock,earnings_growth_yoy,earnings_surprise,ebit,ebitda,estimated_eps,fiscaldateending,forward_pe,goodwill,gross_profit_ttm,grossprofit,incomebeforetax,incometaxexpense,intangibleassets,intangibleassetsexcludinggoodwill,interestanddebtexpense,interestexpense,interestincome,inventory,investmentincomenet,investments,longtermdebt,longtermdebtnoncurrent,longterminvestments,netincome,netincomefromcontinuingoperations,netinterestincome,noninterestincome,operating_margin_ttm,operatingcashflow,operatingexpenses,operatingincome,othercurrentassets,othercurrentliabilities,othernoncurrentassets,othernoncurrentliabilities,othernonoperatingincome,paymentsforoperatingactivities,paymentsforrepurchaseofcommonstock,paymentsforrepurchaseofequity,paymentsforrepurchaseofpreferredstock,peg_ratio,price_to_book,price_to_sales_ttm,proceedsfromissuanceofcommonstock,proceedsfromissuanceoflongtermdebtandcapitalsecuritiesnet,proceedsfromissuanceofpreferredstock,proceedsfromoperatingactivities,proceedsfromrepaymentsofshorttermdebt,proceedsfromrepurchaseofequity,proceedsfromsaleoftreasurystock,profit_margin,profitloss,propertyplantequipment,report_date,report_type,reported_eps,reportedcurrency,reporttime,researchanddevelopment,retainedearnings,return_on_assets_ttm,return_on_equity_ttm,revenue_growth_yoy,revenue_per_share_ttm,sellinggeneralandadministrative,shortlongtermdebttotal,shorttermdebt,shortterminvestments,sma_200,sma_50,surprise_pct,totalassets,totalcurrentassets,totalcurrentliabilities,totalliabilities,totalnoncurrentassets,totalnoncurrentliabilities,totalrevenue,totalshareholderequity,trailing_pe,treasurystock,week_52_high,week_52_low
1996-03-31,CAH,,,,,,,,,,,,,,,,,,,,,,,,,,,,,,,,,,,,,,0.0,,,0.22,,,,,,,,,,,,,,,,,,,,,,,,,,,,,,,,,,,,,,,,,,,,,,,,,1996-04-22,,0.22,,pre-market,,,,,,,,,,,,,0.0,,,,,,,,,,,,
1996-06-30,CAH,,,,,,,,,,,,,,,,,,,,,,,,,,,,,,,,,,,,,,0.01,,,0.19,,,,,,,,,,,,,,,,,,,,,,,,,,,,,,,,,,,,,,,,,,,,,,,,,1996-07-29,,0.2,,pre-market,,,,,,,,,,,,,5.2632,,,,,,,,,,,,
1996-09-30,CAH,,,,,,,,,,,,,,,,,,,,,,,,,,,,,,,,,,,,,,0.0,,,0.18,,,,,,,,,,,,,,,,,,,,,,,,,,,,,,,,,,,,,,,,,,,,,,,,,1996-10-22,,0.18,,pre-market,,,,,,,,,,,,,0.0,,,,,,,,,,,,
1996-12-31,CAH,,,,,,,,,,,,,,,,,,,,,,,,,,,,,,,,,,,,,,0.0,,,0.22,,,,,,,,,,,,,,,,,,,,,,,,,,,,,,,,,,,,,,,,,,,,,,,,,1997-01-22,,0.22,,pre-market,,,,,,,,,,,,,0.0,,,,,,,,,,,,
1997-03-31,CAH,,,,,,,,,,,,,,,,,,,,,,,,,,,,,,,,,,,,,,0.0,,,0.26,,,,,,,,,,,,,,,,,,,,,,,,,,,,,,,,,,,,,,,,,,,,,,,,,1997-04-22,,0.26,,pre-market,,,,,,,,,,,,,0.0,,,,,,,,,,,,
1997-06-30,CAH,,,,,,,,,,,,,,,,,,,,,,,,,,,,,,,,,,,,,,0.01,,,0.24,,,,,,,,,,,,,,,,,,,,,,,,,,,,,,,,,,,,,,,,,,,,,,,,,1997-07-31,,0.25,,pre-market,,,,,,,,,,,,,4.1667,,,,,,,,,,,,
1997-09-30,CAH,,,,,,,,,,,,,,,,,,,,,,,,,,,,,,,,,,,,,,0.0,,,0.22,,,,,,,,,,,,,,,,,,,,,,,,,,,,,,,,,,,,,,,,,,,,,,,,,1997-10-20,,0.22,,pre-market,,,,,,,,,,,,,0.0,,,,,,,,,,,,
1997-12-31,CAH,,,,,,,,,,,,,,,,,,,,,,,,,,,,,,,,,,,,,,0.0,,,0.27,,,,,,,,,,,,,,,,,,,,,,,,,,,,,,,,,,,,,,,,,,,,,,,,,1998-01-26,,0.27,,pre-market,,,,,,,,,,,,,0.0,,,,,,,,,,,,
1998-03-31,CAH,,,,,,,,,,,,,,,,,,,,,,,,,,,,,,,,,,,,,,0.0,,,0.32,,,,,,,,,,,,,,,,,,,,,,,,,,,,,,,,,,,,,,,,,,,,,,,,,1998-04-22,,0.32,,pre-market,,,,,,,,,,,,,0.0,,,,,,,,,,,,
1998-06-30,CAH,,,,,,,,,,,,,,,,,,,,,,,,,,,,,,,,,,,,,,0.01,,,0.31,,,,,,,,,,,,,,,,,,,,,,,,,,,,,,,,,,,,,,,,,,,,,,,,,1998-07-27,,0.32,,pre-market,,,,,,,,,,,,,3.2258,,,,,,,,,,,,
1998-09-30,CAH,,,,,,,,,,,,,,,,,,,,,,,,,,,,,,,,,,,,,,0.01,,,0.27,,,,,,,,,,,,,,,,,,,,,,,,,,,,,,,,,,,,,,,,,,,,,,,,,1998-10-26,,0.28,,pre-market,,,,,,,,,,,,,3.7037,,,,,,,,,,,,
1998-12-31,CAH,,,,,,,,,,,,,,,,,,,,,,,,,,,,,,,,,,,,,,0.0,,,0.33,,,,,,,,,,,,,,,,,,,,,,,,,,,,,,,,,,,,,,,,,,,,,,,,,1999-01-25,,0.33,,pre-market,,,,,,,,,,,,,0.0,,,,,,,,,,,,
1999-03-31,CAH,,,,,,,,,,,,,,,,,,,,,,,,,,,,,,,,,,,,,,0.01,,,0.36,,,,,,,,,,,,,,,,,,,,,,,,,,,,,,,,,,,,,,,,,,,,,,,,,1999-04-28,,0.37,,pre-market,,,,,,,,,,,,,2.7778,,,,,,,,,,,,
1999-06-30,CAH,,,,,,,,,,,,,,,,,,,,,,,,,,,,,,,,,,,,,,0.01,,,0.38,,,,,,,,,,,,,,,,,,,,,,,,,,,,,,,,,,,,,,,,,,,,,,,,,1999-07-30,,0.39,,pre-market,,,,,,,,,,,,,2.6316,,,,,,,,,,,,
1999-09-30,CAH,,,,,,,,,,,,,,,,,,,,,,,,,,,,,,,,,,,,,,0.0,,,0.35,,,,,,,,,,,,,,,,,,,,,,,,,,,,,,,,,,,,,,,,,,,,,,,,,1999-10-26,,0.35,,pre-market,,,,,,,,,,,,,0.0,,,,,,,,,,,,
1999-12-31,CAH,,,,,,,,,,,,,,,,,,,,,,,,,,,,,,,,,,,,,,0.01,,,0.4,,,,,,,,,,,,,,,,,,,,,,,,,,,,,,,,,,,,,,,,,,,,,,,,,2000-01-25,,0.41,,pre-market,,,,,,,,,,,,,2.5,,,,,,,,,,,,
2000-03-31,CAH,,,,,,,,,,,,,,,,,,,,,,,,,,,,,,,,,,,,,,0.01,,,0.46,,,,,,,,,,,,,,,,,,,,,,,,,,,,,,,,,,,,,,,,,,,,,,,,,2000-04-25,,0.47,,pre-market,,,,,,,,,,,,,2.1739,,,,,,,,,,,,
2000-06-30,CAH,,,,,,,,,,,,,,,,,,,,,,,,,,,,,,,,,,,,,,-0.15,,,0.47,,,,,,,,,,,,,,,,,,,,,,,,,,,,,,,,,,,,,,,,,,,,,,,,,2000-07-25,,0.32,,pre-market,,,,,,,,,,,,,-31.9149,,,,,,,,,,,,
2000-09-30,CAH,,,,,,,,,,,,,,,,,,,,,,,,,,,,,,,,,,,,,,-0.14,,,0.43,,,,,,,,,,,,,,,,,,,,,,,,,,,,,,,,,,,,,,,,,,,,,,,,,2000-10-24,,0.29,,pre-market,,,,,,,,,,,,,-32.5581,,,,,,,,,,,,
2000-12-31,CAH,,,,,,,,,,,,,,,,,,,,,,,,,,,,,,,,,,,,,,-0.17,,,0.5,,,,,,,,,,,,,,,,,,,,,,,,,,,,,,,,,,,,,,,,,,,,,,,,,2001-01-30,,0.33,,pre-market,,,,,,,,,,,,,-34.0,,,,,,,,,,,,
2001-03-31,CAH,,,,,,,,,,,,,,,,,,,,,,,,,,,,,,,,,,,,,,0.0,,,0.56,,,,,,,,,,,,,,,,,,,,,,,,,,,,,,,,,,,,,,,,,,,,,,,,,2001-04-26,,0.56,,pre-market,,,,,,,,,,,,,0.0,,,,,,,,,,,,
2001-06-30,CAH,,,,,,,,,,,,,,,,,,,,,,,,,,,,,,,,,,,,,,0.0,,,0.58,,,,,,,,,,,,,,,,,,,,,,,,,,,,,,,,,,,,,,,,,,,,,,,,,2001-07-31,,0.58,,pre-market,,,,,,,,,,,,,0.0,,,,,,,,,,,,
2001-09-30,CAH,,,,,,,,,,,,,,,,,,,,,,,,,,,,,,,,,,,,,,0.02,,,0.55,,,,,,,,,,,,,,,,,,,,,,,,,,,,,,,,,,,,,,,,,,,,,,,,,2001-10-23,,0.57,,pre-market,,,,,,,,,,,,,3.6364,,,,,,,,,,,,
2001-12-31,CAH,,,,,,,,,,,,,,,,,,,,,,,,,,,,,,,,,,,,,,-0.01,,,0.63,,,,,,,,,,,,,,,,,,,,,,,,,,,,,,,,,,,,,,,,,,,,,,,,,2002-01-22,,0.62,,pre-market,,,,,,,,,,,,,-1.5873,,,,,,,,,,,,
2002-03-31,CAH,,,,,,,,,,,,,,,,,,,,,,,,,,,,,,,,,,,,,,0.01,,,0.7,,,,,,,,,,,,,,,,,,,,,,,,,,,,,,,,,,,,,,,,,,,,,,,,,2002-04-23,,0.71,,pre-market,,,,,,,,,,,,,1.4286,,,,,,,,,,,,
2002-06-30,CAH,,,,,,,,,,,,,,,,,,,,,,,,,,,,,,,,,,,,,,0.01,,,0.73,,,,,,,,,,,,,,,,,,,,,,,,,,,,,,,,,,,,,,,,,,,,,,,,,2002-08-06,,0.74,,pre-market,,,,,,,,,,,,,1.3699,,,,,,,,,,,,
2002-09-30,CAH,,,,,,,,,,,,,,,,,,,,,,,,,,,,,,,,,,,,,,0.01,,,0.66,,,,,,,,,,,,,,,,,,,,,,,,,,,,,,,,,,,,,,,,,,,,,,,,,2002-10-22,,0.67,,pre-market,,,,,,,,,,,,,1.5152,,,,,,,,,,,,
2002-12-31,CAH,,,,,,,,,,,,,,,,,,,,,,,,,,,,,,,,,,,,,,0.0,,,0.77,,,,,,,,,,,,,,,,,,,,,,,,,,,,,,,,,,,,,,,,,,,,,,,,,2003-01-23,,0.77,,pre-market,,,,,,,,,,,,,0.0,,,,,,,,,,,,
2003-03-31,CAH,,,,,,,,,,,,,,,,,,,,,,,,,,,,,,,,,,,,,,0.0,,,0.86,,,,,,,,,,,,,,,,,,,,,,,,,,,,,,,,,,,,,,,,,,,,,,,,,2003-04-23,,0.86,,pre-market,,,,,,,,,,,,,0.0,,,,,,,,,,,,
2003-06-30,CAH,,,,,,,,,,,,,,,,,,,,,,,,,,,,,,,,,,,,,,0.0,,,0.89,,,,,,,,,,,,,,,,,,,,,,,,,,,,,,,,,,,,,,,,,,,,,,,,,2003-07-31,,0.89,,pre-market,,,,,,,,,,,,,0.0,,,,,,,,,,,,
2003-09-30,CAH,,,,,,,,,,,,,,,,,,,,,,,,,,,,,,,,,,,,,,-0.01,,,0.77,,,,,,,,,,,,,,,,,,,,,,,,,,,,,,,,,,,,,,,,,,,,,,,,,2003-10-23,,0.76,,pre-market,,,,,,,,,,,,,-1.2987,,,,,,,,,,,,
2003-12-31,CAH,,,,,,,,,,,,,,,,,,,,,,,,,,,,,,,,,,,,,,0.01,,,0.86,,,,,,,,,,,,,,,,,,,,,,,,,,,,,,,,,,,,,,,,,,,,,,,,,2004-01-22,,0.87,,pre-market,,,,,,,,,,,,,1.1628,,,,,,,,,,,,
2004-03-31,CAH,,,,,,,,,,,,,,,,,,,,,,,,,,,,,,,,,,,,,,-0.01,,,0.99,,,,,,,,,,,,,,,,,,,,,,,,,,,,,,,,,,,,,,,,,,,,,,,,,2004-04-22,,0.98,,pre-market,,,,,,,,,,,,,-1.0101,,,,,,,,,,,,
2004-09-30,CAH,,,,,,,,,,,,,,,,,,,,,,,,,,,,,,,,,,,,,,0.05,,,0.56,,,,,,,,,,,,,,,,,,,,,,,,,,,,,,,,,,,,,,,,,,,,,,,,,2004-11-04,,0.61,,pre-market,,,,,,,,,,,,,8.9286,,,,,,,,,,,,
2004-12-31,CAH,,,,,,,,,,,,,,,,,,,,,,,,,,,,,,,,,,,,,,-0.04,,,0.77,,,,,,,,,,,,,,,,,,,,,,,,,,,,,,,,,,,,,,,,,,,,,,,,,2005-02-04,,0.73,,pre-market,,,,,,,,,,,,,-5.1948,,,,,,,,,,,,
2005-03-31,CAH,,,,,,,,,,,,,,,,,,,,,,,,,,,,,,,,,,,,,,0.05,,,0.89,,,,,,,,,,,,,,,,,,,,,,,,,,,,,,,,,,,,,,,,,,,,,,,,,2005-04-29,,0.94,,pre-market,,,,,,,,,,,,,5.618,,,,,,,,,,,,
2005-06-30,CAH,,,,,,,,,,,,,,,,,,,,,,,,,,,,,,,,,,,,,,-0.11,,,0.89,,,,,,,,,,,,,,,,,,,,,,,,,,,,,,,,,,,,,,,,,,,,,,,,,2005-08-05,,0.78,,pre-market,,,,,,,,,,,,,-12.3596,,,,,,,,,,,,
2005-09-30,CAH,,,,,,,,,,,,,,,,,,,,,,,,,,,,,,,,,,,,,,-0.09,,,0.72,,,,,,,,,,,,,,,,,,,,,,,,,,,,,,,,,,,,,,,,,,,,,,,,,2005-10-26,,0.63,,pre-market,,,,,,,,,,,,,-12.5,,,,,,,,,,,,
2005-12-31,CAH,,,,,,,,,,,,,,,,,,,,,,,,,,,,,,,,,,,,,,0.01,,,0.73,,,,,,,,,,,,,,,,,,,,,,,,,,,,,,,,,,,,,,,,,,,,,,,,,2006-01-26,,0.74,,pre-market,,,,,,,,,,,,,1.3699,,,,,,,,,,,,
2006-03-31,CAH,,,,,,,,,,,,,,,,,,,,,,,,,,,,,,,,,,,,,,0.01,,,0.86,,,,,,,,,,,,,,,,,,,,,,,,,,,,,,,,,,,,,,,,,,,,,,,,,2006-04-27,,0.87,,pre-market,,,,,,,,,,,,,1.1628,,,,,,,,,,,,
2006-06-30,CAH,,,,,,,,,,,,,,,,,,,,,,,,,,,,,,,,,,,,,,0.0,,,0.87,,,,,,,,,,,,,,,,,,,,,,,,,,,,,,,,,,,,,,,,,,,,,,,,,2006-08-03,,0.87,,pre-market,,,,,,,,,,,,,0.0,,,,,,,,,,,,
2006-09-30,CAH,,,,,,,,,,,,,,,,,,,,,,,,,,,,,,,,,,,,,,0.02,,,0.76,,,,,,,,,,,,,,,,,,,,,,,,,,,,,,,,,,,,,,,,,,,,,,,,,2006-10-27,,0.78,,pre-market,,,,,,,,,,,,,2.6316,,,,,,,,,,,,
2006-12-31,CAH,,,,,,,,,,,,,,,,,,,,,,,,,,,,,,,,,,,,,,0.05,,,0.78,,,,,,,,,,,,,,,,,,,,,,,,,,,,,,,,,,,,,,,,,,,,,,,,,2007-01-25,,0.83,,pre-market,,,,,,,,,,,,,6.4103,,,,,,,,,,,,
2007-03-31,CAH,,,,,,,,,,,,,,,,,,,,,,,,,,,,,,,,,,,,,,0.05,,,0.91,,,,,,,,,,,,,,,,,,,,,,,,,,,,,,,,,,,,,,,,,,,,,,,,,2007-04-26,,0.96,,pre-market,,,,,,,,,,,,,5.4945,,,,,,,,,,,,
2007-06-30,CAH,,,,,,,,,,,,,,,,,,,,,,,,,,,,,,,,,,,,,,0.02,,,0.87,,,,,,,,,,,,,,,,,,,,,,,,,,,,,,,,,,,,,,,,,,,,,,,,,2007-08-09,,0.89,,pre-market,,,,,,,,,,,,,2.2989,,,,,,,,,,,,
2007-09-30,CAH,,,,,,,,,,,,,,,,,,,,,,,,,,,,,,,,,,,,,,0.0,,,0.86,,,,,,,,,,,,,,,,,,,,,,,,,,,,,,,,,,,,,,,,,,,,,,,,,2007-11-05,,0.86,,pre-market,,,,,,,,,,,,,0.0,,,,,,,,,,,,
2007-12-31,CAH,,,,,,,,,,,,,,,,,,,,,,,,,,,,,,,,,,,,,,0.03,,,0.87,,,,,,,,,,,,,,,,,,,,,,,,,,,,,,,,,,,,,,,,,,,,,,,,,2008-01-29,,0.9,,pre-market,,,,,,,,,,,,,3.4483,,,,,,,,,,,,
2008-03-31,CAH,,,,,,,,,,,,,,,,,,,,,,,,,,,,,,,,,,,,,,0.07,,,1.01,,,,,,,,,,,,,,,,,,,,,,,,,,,,,,,,,,,,,,,,,,,,,,,,,2008-05-01,,1.08,,pre-market,,,,,,,,,,,,,6.9307,,,,,,,,,,,,
2008-06-30,CAH,,,,,,,,,,,,,,,,,,,,,,,,,,,,,,,,,,,,,,0.02,,,0.95,,,,,,,,,,,,,,,,,,,,,,,,,,,,,,,,,,,,,,,,,,,,,,,,,2008-08-07,,0.97,,pre-market,,,,,,,,,,,,,2.1053,,,,,,,,,,,,
2008-09-30,CAH,,,,,,,,,,,,,,,,,,,,,,,,,,,,,,,,,,,,,,0.04,,,0.7,,,,,,,,,,,,,,,,,,,,,,,,,,,,,,,,,,,,,,,,,,,,,,,,,2008-10-29,,0.74,,pre-market,,,,,,,,,,,,,5.7143,,,,,,,,,,,,
2008-12-31,CAH,,,,,,,,,,,,,,,,,,,,,,,,,,,,,,,,,,,,,,0.04,,,0.89,,,,,,,,,,,,,,,,,,,,,,,,,,,,,,,,,,,,,,,,,,,,,,,,,2009-02-05,,0.93,,pre-market,,,,,,,,,,,,,4.4944,,,,,,,,,,,,
2009-03-31,CAH,,,,,,,,,,,,,,,,,,,,,,,,,,,,,,,,,,,,,,0.02,,,0.95,,,,,,,,,,,,,,,,,,,,,,,,,,,,,,,,,,,,,,,,,,,,,,,,,2009-04-30,,0.97,,pre-market,,,,,,,,,,,,,2.1053,,,,,,,,,,,,
2009-06-30,CAH,,,,,,,,,,,,,,,,,,,,,,,,,,,,,,,,,,,,,,0.0,,,0.86,,,,,,,,,,,,,,,,,,,,,,,,,,,,,,,,,,,,,,,,,,,,,,,,,2009-08-18,,0.86,,pre-market,,,,,,,,,,,,,0.0,,,,,,,,,,,,
2009-09-30,CAH,,,,,,,,,,,,,,,,,,,,,,,,,,,,,,,,,,,,,,0.11,,,0.43,,,,,,,,,,,,,,,,,,,,,,,,,,,,,,,,,,,,,,,,,,,,,,,,,2009-11-05,,0.54,,pre-market,,,,,,,,,,,,,25.5814,,,,,,,,,,,,
2009-12-31,CAH,,,,,,,,,,,,,,,,,,,,,,,,,,,,,,,,,,,,,,0.11,,,0.46,,,,,,,,,,,,,,,,,,,,,,,,,,,,,,,,,,,,,,,,,,,,,,,,,2010-01-28,,0.57,,pre-market,,,,,,,,,,,,,23.913,,,,,,,,,,,,
2010-03-31,CAH,,,,,,,,,,,,,,,,,,,,,,,,,,,,,,,,,,,,,,0.04,,,0.57,,,,,,,,,,,,,,,,,,,,,,,,,,,,,,,,,,,,,,,,,,,,,,,,,2010-04-29,,0.61,,pre-market,,,,,,,,,,,,,7.0175,,,,,,,,,,,,
2010-06-30,CAH,,,,,,,,,,,,,,,,,,,,,,,,,,,,,,,,,,,,,,0.01,,,0.49,,,,,,,,,,,,,,,,,,,,,,,,,,,,,,,,,,,,,,,,,,,,,,,,,2010-08-05,,0.5,,pre-market,,,,,,,,,,,,,2.0408,,,,,,,,,,,,
2010-09-30,CAH,,,,,,,,,,,,,,,,,,,,,,,,,,,,,,,,,,,,,,0.13,,,0.53,,,,,,,,,,,,,,,,,,,,,,,,,,,,,,,,,,,,,,,,,,,,,,,,,2010-10-28,,0.66,,pre-market,,,,,,,,,,,,,24.5283,,,,,,,,,,,,
2010-12-31,CAH,,,,,,,,,,,,,,,,,,,,,,,,,,,,,,,,,,,,,,0.12,,,0.61,,,,,,,,,,,,,,,,,,,,,,,,,,,,,,,,,,,,,,,,,,,,,,,,,2011-02-03,,0.73,,pre-market,,,,,,,,,,,,,19.6721,,,,,,,,,,,,
2011-03-31,CAH,,,,,,,,,,,,,,,,,,,,,,,,,,,,,,,,,,,,,,0.12,,,0.69,,,,,,,,,,,,,,,,,,,,,,,,,,,,,,,,,,,,,,,,,,,,,,,,,2011-04-28,,0.81,,pre-market,,,,,,,,,,,,,17.3913,,,,,,,,,,,,
2011-06-30,CAH,,,,,,,,,,,,,,,,,,,,,,,,,,,,,,,,,,,,,,0.02,,,0.58,,,,,,,,,,,,,,,,,,,,,,,,,,,,,,,,,,,,,,,,,,,,,,,,,2011-08-04,,0.6,,pre-market,,,,,,,,,,,,,3.4483,,,,,,,,,,,,
2011-09-30,CAH,,,,,,,,,,,,,,,,,,,,,,,,,,,,,,,,,,,,,,0.01,,,0.72,,,,,,,,,,,,,,,,,,,,,,,,,,,,,,,,,,,,,,,,,,,,,,,,,2011-10-27,,0.73,,pre-market,,,,,,,,,,,,,1.3889,,,,,,,,,,,,
2011-12-31,CAH,,,,,,,,,,,,,,,,,,,,,,,,,,,,,,,,,,,,,,0.05,,,0.76,,,,,,,,,,,,,,,,,,,,,,,,,,,,,,,,,,,,,,,,,,,,,,,,,2012-02-02,,0.81,,pre-market,,,,,,,,,,,,,6.5789,,,,,,,,,,,,
2012-03-31,CAH,,,,,,,,,,,,,,,,,,,,,,,,,,,,,,,,,,,,,,0.06,,,0.88,,,,,,,,,,,,,,,,,,,,,,,,,,,,,,,,,,,,,,,,,,,,,,,,,2012-05-03,,0.94,,pre-market,,,,,,,,,,,,,6.8182,,,,,,,,,,,,
2012-06-30,CAH,,,,,,,,,,,,,,,,,,,,,,,,,,,,,,,,,,,,,,0.01,,,0.72,,,,,,,,,,,,,,,,,,,,,,,,,,,,,,,,,,,,,,,,,,,,,,,,,2012-08-02,,0.73,,pre-market,,,,,,,,,,,,,1.3889,,,,,,,,,,,,
2012-09-30,CAH,,,,,,,,,,,,,,,,,,,,,,,,,,,,,,,,,,,,,,0.02,,,0.79,,,,,,,,,,,,,,,,,,,,,,,,,,,,,,,,,,,,,,,,,,,,,,,,,2012-10-30,,0.81,,pre-market,,,,,,,,,,,,,2.5316,,,,,,,,,,,,
2012-12-31,CAH,,,,,,,,,,,,,,,,,,,,,,,,,,,,,,,,,,,,,,0.07,,,0.86,,,,,,,,,,,,,,,,,,,,,,,,,,,,,,,,,,,,,,,,,,,,,,,,,2013-02-05,,0.93,,pre-market,,,,,,,,,,,,,8.1395,,,,,,,,,,,,
2013-03-31,CAH,,,,,,,,,,,,,,,,,,,,,,,,,,,,,,,,,,,,,,0.07,,,0.95,,,,,,,,,,,,,,,,,,,,,,,,,,,,,,,,,,,,,,,,,,,,,,,,,2013-05-02,,1.02,,pre-market,,,,,,,,,,,,,7.3684,,,,,,,,,,,,
2013-06-30,CAH,,,,,,,,,,,,,,,,,,,,,,,,,,,,,,,,,,,,,,0.02,,,0.77,,,,,,,,,,,,,,,,,,,,,,,,,,,,,,,,,,,,,,,,,,,,,,,,,2013-08-01,,0.79,,pre-market,,,,,,,,,,,,,2.5974,,,,,,,,,,,,
2013-09-30,CAH,,,,,,,,,,,,,,,,,,,,,,,,,,,,,,,,,,,,,,0.06,,,0.86,,,,,,,,,,,,,,,,,,,,,,,,,,,,,,,,,,,,,,,,,,,,,,,,,2013-10-31,,0.92,,pre-market,,,,,,,,,,,,,6.9767,,,,,,,,,,,,
2013-12-31,CAH,,,,,,,,,,,,,,,,,,,,,,,,,,,,,,,,,,,,,,0.06,,,0.84,,,,,,,,,,,,,,,,,,,,,,,,,,,,,,,,,,,,,,,,,,,,,,,,,2014-01-30,,0.9,,pre-market,,,,,,,,,,,,,7.1429,,,,,,,,,,,,
2014-03-31,CAH,,,,,,,,,,,,,,,,,,,,,,,,,,,,,,,,,,,,,,0.0,,,1.01,,,,,,,,,,,,,,,,,,,,,,,,,,,,,,,,,,,,,,,,,,,,,,,,,2014-05-01,,1.01,,pre-market,,,,,,,,,,,,,0.0,,,,,,,,,,,,
2014-06-30,CAH,,,,,,,,,,,,,,,,,,,,,,,,,,,,,,,,,,,,,,0.02,,,0.81,,,,,,,,,,,,,,,,,,,,,,,,,,,,,,,,,,,,,,,,,,,,,,,,,2014-08-04,,0.83,,pre-market,,,,,,,,,,,,,2.4691,,,,,,,,,,,,
2014-09-30,CAH,,,,,,,,,,,,,,,,,,,,,,,,,,,,,,,,,,,,,,0.04,,,0.96,,,,,,,,,,,,,,,,,,,,,,,,,,,,,,,,,,,,,,,,,,,,,,,,,2014-10-30,,1.0,,pre-market,,,,,,,,,,,,,4.1667,,,,,,,,,,,,
2014-12-31,CAH,,,,,,,,,,,,,,,,,,,,,,,,,,,,,,,,,,,,,,0.1,,,1.1,,,,,,,,,,,,,,,,,,,,,,,,,,,,,,,,,,,,,,,,,,,,,,,,,2015-01-29,,1.2,,pre-market,,,,,,,,,,,,,9.0909,,,,,,,,,,,,
2015-03-31,CAH,,,,,,,,,,,,,,,,,,,,,,,,,,,,,,,,,,,,,,0.03,,,1.16,,,,,,,,,,,,,,,,,,,,,,,,,,,,,,,,,,,,,,,,,,,,,,,,,2015-04-30,,1.19,,pre-market,,,,,,,,,,,,,2.5862,,,,,,,,,,,,
2015-06-30,CAH,,,,,,,,,,,,,,,,,,,,,,,,,,,,,,,,,,,,,,0.01,,,0.99,,,,,,,,,,,,,,,,,,,,,,,,,,,,,,,,,,,,,,,,,,,,,,,,,2015-07-30,,1.0,,pre-market,,,,,,,,,,,,,1.0101,,,,,,,,,,,,
2015-09-30,CAH,,,,,,,,,,,,,,,,,,,,,,,,,,,,,,,,,,,,,,0.28,,,1.1,,,,,,,,,,,,,,,,,,,,,,,,,,,,,,,,,,,,,,,,,,,,,,,,,2015-11-02,,1.38,,pre-market,,,,,,,,,,,,,25.4545,,,,,,,,,,,,
2015-12-31,CAH,,,,,,,,,,,,,,,,,,,,,,,,,,,,,,,,,,,,,,0.04,,,1.26,,,,,,,,,,,,,,,,,,,,,,,,,,,,,,,,,,,,,,,,,,,,,,,,,2016-02-01,,1.3,,pre-market,,,,,,,,,,,,,3.1746,,,,,,,,,,,,
2016-03-31,CAH,,,,,,,,,,,,,,,,,,,,,,,,,,,,,,,,,,,,,,0.1,,,1.33,,,,,,,,,,,,,,,,,,,,,,,,,,,,,,,,,,,,,,,,,,,,,,,,,2016-04-28,,1.43,,pre-market,,,,,,,,,,,,,7.5188,,,,,,,,,,,,
2016-06-30,CAH,,,,,,,,,,,,,,,,,,,,,,,,,,,,,,,,,,,,,,0.01,,,1.13,,,,,,,,,,,,,,,,,,,,,,,,,,,,,,,,,,,,,,,,,,,,,,,,,2016-08-02,,1.14,,pre-market,,,,,,,,,,,,,0.885,,,,,,,,,,,,
2016-09-30,CAH,,,,,,,,,,,,,,,,,,,,,,,,,,,,,,,,,,,,,,0.03,,,1.21,,,,,,,,,,,,,,,,,,,,,,,,,,,,,,,,,,,,,,,,,,,,,,,,,2016-10-31,,1.24,,pre-market,,,,,,,,,,,,,2.4793,,,,,,,,,,,,
2016-12-31,CAH,,,,,,,,,,,,,,,,,,,,,,,,,,,,,,,,,,,,,,0.11,,,1.23,,,,,,,,,,,,,,,,,,,,,,,,,,,,,,,,,,,,,,,,,,,,,,,,,2017-02-07,,1.34,,pre-market,,,,,,,,,,,,,8.9431,,,,,,,,,,,,
2017-03-31,CAH,,,,,,,,,,,,,,,,,,,,,,,,,,,,,,,,,,,,,,0.07,,,1.46,,,,,,,,,,,,,,,,,,,,,,,,,,,,,,,,,,,,,,,,,,,,,,,,,2017-05-01,,1.53,,pre-market,,,,,,,,,,,,,4.7945,,,,,,,,,,,,
2017-06-30,CAH,,,,,,,,,,,,,,,,,,,,,,,,,,,,,,,,,,,,,,0.07,,,1.24,,,,,,,,,,,,,,,,,,,,,,,,,,,,,,,,,,,,,,,,,,,,,,,,,2017-08-02,,1.31,,pre-market,,,,,,,,,,,,,5.6452,,,,,,,,,,,,
2017-09-30,CAH,,,,,,,,,,,,,,,,,,,,,,,,,,,,,,,,,,,,,,0.09,,,1.0,,,,,,,,,,,,,,,,,,,,,,,,,,,,,,,,,,,,,,,,,,,,,,,,,2017-11-06,,1.09,,pre-market,,,,,,,,,,,,,9.0,,,,,,,,,,,,
2017-12-31,CAH,,,,,,,,,,,,,,,,,,,,,,,,,,,,,,,,,,,,,,0.36,,,1.15,,,,,,,,,,,,,,,,,,,,,,,,,,,,,,,,,,,,,,,,,,,,,,,,,2018-02-08,,1.51,,pre-market,,,,,,,,,,,,,31.3043,,,,,,,,,,,,
2018-03-31,CAH,,,,,,,,,,,,,,,,,,,,,,,,,,,,,,,,,,,,,,-0.12,,,1.51,,,,,,,,,,,,,,,,,,,,,,,,,,,,,,,,,,,,,,,,,,,,,,,,,2018-05-03,,1.39,,pre-market,,,,,,,,,,,,,-7.947,,,,,,,,,,,,
2018-06-30,CAH,,,,,,,,,,,,,,,,,,,,,,,,,,,,,,,,,,,,,,0.08,,,0.93,,,,,,,,,,,,,,,,,,,,,,,,,,,,,,,,,,,,,,,,,,,,,,,,,2018-08-06,,1.01,,pre-market,,,,,,,,,,,,,8.6022,,,,,,,,,,,,
2018-09-30,CAH,,,,,,,,,,,,,,,,,,,,,,,,,,,,,,,,,,,,,,0.21,,,1.08,,,,,,,,,,,,,,,,,,,,,,,,,,,,,,,,,,,,,,,,,,,,,,,,,2018-11-08,,1.29,,pre-market,,,,,,,,,,,,,19.4444,,,,,,,,,,,,
2018-12-31,CAH,,,,,,,,,,,,,,,,,,,,,,,,,,,,,,,,,,,,,,0.2,,,1.09,,,,,,,,,,,,,,,,,,,,,,,,,,,,,,,,,,,,,,,,,,,,,,,,,2019-02-07,,1.29,,pre-market,,,,,,,,,,,,,18.3486,,,,,,,,,,,,
2019-03-31,CAH,,,,,,,,,,,,,,,,,,,,,,,,,,,,,,,,,,,,,,0.16,,,1.43,,,,,,,,,,,,,,,,,,,,,,,,,,,,,,,,,,,,,,,,,,,,,,,,,2019-05-09,,1.59,,pre-market,,,,,,,,,,,,,11.1888,,,,,,,,,,,,
2019-06-30,CAH,,,,,,,,,,,,,,,,,,,,,,,,,,,,,,,,,,,,,,0.18,,,0.93,,,,,,,,,,,,,,,,,,,,,,,,,,,,,,,,,,,,,,,,,,,,,,,,,2019-08-08,,1.11,,pre-market,,,,,,,,,,,,,19.3548,,,,,,,,,,,,
2019-09-30,CAH,,,,,,,,,,,,,,,,,,,,,,,,,,,,,,,,,,,,,,0.18,,,1.09,,,,,,,,,,,,,,,,,,,,,,,,,,,,,,,,,,,,,,,,,,,,,,,,,2019-11-07,,1.27,,pre-market,,,,,,,,,,,,,16.5138,,,,,,,,,,,,
2019-12-31,CAH,,,,,,,,,,,,,,,,,,,,,,,,,,,,,,,,,,,,,,0.3,,,1.22,,,,,,,,,,,,,,,,,,,,,,,,,,,,,,,,,,,,,,,,,,,,,,,,,2020-02-06,,1.52,,pre-market,,,,,,,,,,,,,24.5902,,,,,,,,,,,,
2020-03-31,CAH,,,,,,,,,,,,,,,,,,,,,,,,,,,,,,,,,,,,,,0.19,,,1.43,,,,,,,,,,,,,,,,,,,,,,,,,,,,,,,,,,,,,,,,,,,,,,,,,2020-05-11,,1.62,,pre-market,,,,,,,,,,,,,13.2867,,,,,,,,,,,,
2020-06-30,CAH,,,,,,,,,,,,,,,,,,,,,,,,,,,,,,,,,,,,,,0.12,,,0.92,,,,,,,,,,,,,,,,,,,,,,,,,,,,,,,,,,,,,,,,,,,,,,,,,2020-08-06,,1.04,,pre-market,,,,,,,,,,,,,13.0435,,,,,,,,,,,,
2020-09-30,CAH,,,,,,,,,,,,,,,,,,,,,,,,,,,,,,,,,,,,,,0.38,,,1.13,,,,,,,,,,,,,,,,,,,,,,,,,,,,,,,,,,,,,,,,,,,,,,,,,2020-11-05,,1.51,,pre-market,,,,,,,,,,,,,33.6283,,,,,,,,,,,,
2020-12-31,CAH,,,,,,,,,,,,,,,,,,,,,,,,,,,,,,,,,,,,,,0.3,,,1.44,,,,,,,,,,,,,,,,,,,,,,,,,,,,,,,,,,,,,,,,,,,,,,,,,2021-02-05,,1.74,,pre-market,,,,,,,,,,,,,20.8333,,,,,,,,,,,,
2021-03-31,CAH,,,,,,,,,,,,,,,,,,,,,,,,,,,,,,,,,,,,,,-0.02,,,1.55,,,,,,,,,,,,,,,,,,,,,,,,,,,,,,,,,,,,,,,,,,,,,,,,,2021-05-06,,1.53,,pre-market,,,,,,,,,,,,,-1.2903,,,,,,,,,,,,
2021-06-30,CAH,,,,,,,,,,,,,,,,,,,,,,,,,,,,,,,,,,,,,,0.1,,,1.2,,,,,,,,,,,,,,,,,,,,,,,,,,,,,,,,,,,,,,,,,,,,,,,,,2021-08-05,,1.3,,pre-market,,,,,,,,,,,,,8.3333,,,,,,,,,,,,
2021-09-30,CAH,,,,,,,,,,,,,,,,,,,,,,,,,,,,,,,,,,,,,,-0.04,,,1.33,,,,,,,,,,,,,,,,,,,,,,,,,,,,,,,,,,,,,,,,,,,,,,,,,2021-11-09,,1.29,,pre-market,,,,,,,,,,,,,-3.0075,,,,,,,,,,,,
2021-12-31,CAH,,,,,,,,,,,,,,,,,,,,,,,,,,,,,,,,,,,,,,0.04,,,1.23,,,,,,,,,,,,,,,,,,,,,,,,,,,,,,,,,,,,,,,,,,,,,,,,,2022-02-03,,1.27,,pre-market,,,,,,,,,,,,,3.252,,,,,,,,,,,,
2022-03-31,CAH,,,,,,,,,,,,,,,,,,,,,,,,,,,,,,,,,,,,,,-0.08,,,1.53,,,,,,,,,,,,,,,,,,,,,,,,,,,,,,,,,,,,,,,,,,,,,,,,,2022-05-05,,1.45,,pre-market,,,,,,,,,,,,,-5.2288,,,,,,,,,,,,
2022-06-30,CAH,,,,,,,,,,,,,,,,,,,,,,,,,,,,,,,,,,,,,,-0.13,,,1.18,,,,,,,,,,,,,,,,,,,,,,,,,,,,,,,,,,,,,,,,,,,,,,,,,2022-08-11,,1.05,,pre-market,,,,,,,,,,,,,-11.0169,,,,,,,,,,,,
2022-09-30,CAH,,,,,,,,,,,,,,,,,,,,,,,,,,,,,,,,,,,,,,0.26,,,0.94,,,,,,,,,,,,,,,,,,,,,,,,,,,,,,,,,,,,,,,,,,,,,,,,,2022-11-04,,1.2,,pre-market,,,,,,,,,,,,,27.6596,,,,,,,,,,,,
2022-12-31,CAH,,,,,,,,,,,,,,,,,,,,,,,,,,,,,,,,,,,,,,0.18,,,1.14,,,,,,,,,,,,,,,,,,,,,,,,,,,,,,,,,,,,,,,,,,,,,,,,,2023-02-02,,1.32,,pre-market,,,,,,,,,,,,,15.7895,,,,,,,,,,,,
2023-03-31,CAH,,,,,,,,,,,,,,,,,,,,,,,,,,,,,,,,,,,,,,0.25,,,1.49,,,,,,,,,,,,,,,,,,,,,,,,,,,,,,,,,,,,,,,,,,,,,,,,,2023-05-04,,1.74,,pre-market,,,,,,,,,,,,,16.7785,,,,,,,,,,,,
2023-06-30,CAH,,,,,,,,,,,,,,,,,,,,,,,,,,,,,,,,,,,,,,0.06,,,1.49,,,,,,,,,,,,,,,,,,,,,,,,,,,,,,,,,,,,,,,,,,,,,,,,,2023-08-15,,1.55,,pre-market,,,,,,,,,,,,,4.0268,,,,,,,,,,,,
2023-09-30,CAH,,,,,,,,,,,,,,,,,,,,,,,,,,,,,,,,,,,,,,0.33,,,1.4,,,,,,,,,,,,,,,,,,,,,,,,,,,,,,,,,,,,,,,,,,,,,,,,,2023-11-03,,1.73,,pre-market,,,,,,,,,,,,,23.5714,,,,,,,,,,,,
2023-12-31,CAH,,,,,,,,,,,,,,,,,,,,,,,,,,,,,,,,,,,,,,0.22,,,1.6,,,,,,,,,,,,,,,,,,,,,,,,,,,,,,,,,,,,,,,,,,,,,,,,,2024-02-01,,1.82,,pre-market,,,,,,,,,,,,,13.75,,,,,,,,,,,,
2024-03-31,CAH,,,,,,,,,,,,,,,,,,,,,,,,,,,,,,,,,,,,,,0.13,,,1.95,,,,,,,,,,,,,,,,,,,,,,,,,,,,,,,,,,,,,,,,,,,,,,,,,2024-05-02,,2.08,,pre-market,,,,,,,,,,,,,6.6667,,,,,,,,,,,,
2024-06-30,CAH,,,,,,,,,,,,,,,,,,,,,,,,,,,,,,,,,,,,,,0.11,,,1.73,,,,,,,,,,,,,,,,,,,,,,,,,,,,,,,,,,,,,,,,,,,,,,,,,2024-08-14,,1.84,,pre-market,,,,,,,,,,,,,6.3584,,,,,,,,,,,,
2024-09-30,CAH,,,,,,,,,,,,,,,,,,,,,,,,,,,,,,,,,,,,,,0.26,,,1.62,,,,,,,,,,,,,,,,,,,,,,,,,,,,,,,,,,,,,,,,,,,,,,,,,2024-11-01,,1.88,,pre-market,,,,,,,,,,,,,16.0494,,,,,,,,,,,,
2024-12-31,CAH,,,,,,,,,,,,,,,,,,,,,,,,,,,,,,,,,,,,,,0.17,,,1.76,,,,,,,,,,,,,,,,,,,,,,,,,,,,,,,,,,,,,,,,,,,,,,,,,2025-01-30,,1.93,,pre-market,,,,,,,,,,,,,9.6591,,,,,,,,,,,,
2025-03-31,CAH,,,,,,,,,,,,,,,,,,,,,,,,,,,,,,,,,,,,,,0.2,,,2.15,,,,,,,,,,,,,,,,,,,,,,,,,,,,,,,,,,,,,,,,,,,,,,,,,2025-05-01,,2.35,,pre-market,,,,,,,,,,,,,9.3023,,,,,,,,,,,,
2025-06-30,CAH,,,,,,,,,,,,,,,,,,,,,,,,,,,,,,,,,,,,,,0.05,,,2.03,,,,,,,,,,,,,,,,,,,,,,,,,,,,,,,,,,,,,,,,,,,,,,,,,2025-08-12,,2.08,,pre-market,,,,,,,,,,,,,2.4631,,,,,,,,,,,,
2025-09-30,CAH,,,,,,,,,,,,,,,,,,,,,,,,,,,,,,,,,,,,,,0.37,,,2.18,,,,,,,,,,,,,,,,,,,,,,,,,,,,,,,,,,,,,,,,,,,,,,,,,2025-10-31,,2.55,,pre-market,,,,,,,,,,,,,16.9725,,,,,,,,,,,,
2025-12-28,CAH,6.62,234309992000.0,31.46,,0.635,-12.1,,,,,,,,,,,,,,,,,,,,,,,,,,2.033,0.0098,,,,0.106,0.37,,,2.18,,21.32,,8585000000.0,,,,,,,,,,,,,,,,,,,0.0121,,,,,,,,,,,,,1.973,16.07,0.211,,,,,,,,0.0068,,,2025-10-31,,2.55,,pre-market,,,0.0344,0.0,0.224,977.31,,,,,160.77,193.06,16.9725,,,,,,,,,31.46,,214.93,115.86
2025-12-28,CAH,6.62,234309992000.0,31.46,,0.635,-12.1,,,,,,,,,,,,,,,None,61690000000,61690000000,,,,,,None,233000000,,2.033,0.0098,,,,0.106,0.37,678000000,911000000,2.18,2025-09-30,21.32,,8585000000.0,2319000000,598000000,144000000,,,None,80000000,80000000,,None,,,,,450000000,454000000,-80000000,None,0.0121,,1651000000,668000000,,,,,None,,,,,1.973,16.07,0.211,,,,,,,,0.0068,,,2025-10-31,quarterly,2.55,USD,pre-market,None,,0.0344,0.0,0.224,977.31,1461000000,,,,160.77,193.06,16.9725,,,,,,,64009000000,,31.46,,214.93,115.86
2025-12-28,CAH,6.62,234309992000.0,31.46,,0.635,-12.1,,,,,,,,,,,,,,,None,57957000000,57957000000,,,,,,None,209000000,,2.033,0.0098,,,,0.106,0.37,458000000,667000000,2.18,2025-06-30,21.32,,8585000000.0,2202000000,384000000,141000000,,,None,74000000,74000000,,None,,,,,239000000,243000000,-74000000,None,0.0121,,1774000000,428000000,,,,,None,,,,,1.973,16.07,0.211,,,,,,,,0.0068,,,2025-10-31,quarterly,2.55,USD,pre-market,None,,0.0344,0.0,0.224,977.31,1484000000,,,,160.77,193.06,16.9725,,,,,,,60159000000,,31.46,,214.93,115.86
2025-12-28,CAH,6.62,234309992000.0,31.46,,0.635,-12.1,,,,,,,,,,,,,,,None,52755000000,52755000000,,,,,,None,207000000,,2.033,0.0098,,,,0.106,0.37,739000000,946000000,2.18,2025-03-31,21.32,,8585000000.0,2123000000,665000000,157000000,,,None,74000000,74000000,,None,,,,,506000000,508000000,-74000000,None,0.0121,,1393000000,730000000,,,,,None,,,,,1.973,16.07,0.211,,,,,,,,0.0068,,,2025-10-31,quarterly,2.55,USD,pre-market,None,,0.0344,0.0,0.224,977.31,1315000000,,,,160.77,193.06,16.9725,,,,,,,54878000000,,31.46,,214.93,115.86
2025-12-28,CAH,6.62,234309992000.0,31.46,,0.635,-12.1,,,,,,,,,,,,,,,None,53323000000,53323000000,,,,,,None,192000000,,2.033,0.0098,,,,0.106,0.37,546000000,738000000,2.18,2024-12-31,21.32,,8585000000.0,1941000000,511000000,110000000,,,None,35000000,35000000,,None,,,,,400000000,401000000,-35000000,None,0.0121,,1392000000,549000000,,,,,None,,,,,1.973,16.07,0.211,,,,,,,,0.0068,,,2025-10-31,quarterly,2.55,USD,pre-market,None,,0.0344,0.0,0.224,977.31,1306000000,,,,160.77,193.06,16.9725,,,,,,,55264000000,,31.46,,214.93,115.86
2025-12-28,CAH,6.62,234309992000.0,31.46,,0.635,-12.1,,,,,,,,,,,,,,,None,50375000000,50375000000,,,,,,None,182000000,,2.033,0.0098,,,,0.106,0.37,573000000,755000000,2.18,2024-09-30,21.32,,8585000000.0,1902000000,541000000,124000000,,,None,32000000,32000000,,None,,,,,416000000,417000000,-32000000,None,0.0121,,1334000000,568000000,,,,,None,,,,,1.973,16.07,0.211,,,,,,,,0.0068,,,2025-10-31,quarterly,2.55,USD,pre-market,None,,0.0344,0.0,0.224,977.31,1277000000,,,,160.77,193.06,16.9725,,,,,,,52277000000,,31.46,,214.93,115.86
2025-12-28,CAH,6.62,234309992000.0,31.46,,0.635,-12.1,,,,,,,,,,,,,,,None,57855000000,57855000000,,,,,,None,186000000,,2.033,0.0098,,,,0.106,0.37,392000000,578000000,2.18,2024-06-30,21.32,,8585000000.0,1853000000,396000000,162000000,,,None,4000000,None,,None,,,,,236000000,234000000,4000000,None,0.0121,,1445000000,408000000,,,,,None,,,,,1.973,16.07,0.211,,,,,,,,0.0068,,,2025-10-31,quarterly,2.55,USD,pre-market,None,,0.0344,0.0,0.224,977.31,1238000000,,,,160.77,193.06,16.9725,,,,,,,59708000000,,31.46,,214.93,115.86
2025-12-28,CAH,6.62,234309992000.0,31.46,,0.635,-12.1,,,,,,,,,,,,,,,None,52933000000,52933000000,,,,,,None,177000000,,2.033,0.0098,,,,0.106,0.37,370000000,547000000,2.18,2024-03-31,21.32,,8585000000.0,1935000000,342000000,80000000,,,None,28000000,None,,None,,,,,261000000,259000000,-33000000,None,0.0121,,1566000000,369000000,,,,,None,,,,,1.973,16.07,0.211,,,,,,,,0.0068,,,2025-10-31,quarterly,2.55,USD,pre-market,None,,0.0344,0.0,0.224,977.31,1282000000,,,,160.77,193.06,16.9725,,,,,,,54868000000,,31.46,,214.93,115.86
2025-12-28,CAH,6.62,234309992000.0,31.46,,0.635,-12.1,,,,,,,,,,,,,,,None,55588000000,55588000000,,,,,,None,175000000,,2.033,0.0098,,,,0.106,0.37,515000000,690000000,2.18,2023-12-31,21.32,,8585000000.0,1846000000,512000000,143000000,,,None,3000000,None,,None,,,,,368000000,354000000,-8000000,None,0.0121,,1349000000,505000000,,,,,None,,,,,1.973,16.07,0.211,,,,,,,,0.0068,,,2025-10-31,quarterly,2.55,USD,pre-market,None,,0.0344,0.0,0.224,977.31,1283000000,,,,160.77,193.06,16.9725,,,,,,,57442000000,,31.46,,214.93,115.86
2025-12-28,CAH,6.62,234309992000.0,31.46,,0.635,-12.1,,,,,,,,,,,,,,,None,52907000000,52907000000,,,,,,None,172000000,,2.033,0.0098,,,,0.106,0.37,-33000000,139000000,2.18,2023-09-30,21.32,,8585000000.0,1743000000,-44000000,-33000000,,,None,11000000,14000000,,None,,,,,-12000000,6000000,-14000000,None,0.0121,,1775000000,-32000000,,,,,None,,,,,1.973,16.07,0.211,,,,,,,,0.0068,,,2025-10-31,quarterly,2.55,USD,pre-market,None,,0.0344,0.0,0.224,977.31,1197000000,,,,160.77,193.06,16.9725,,,,,,,54650000000,,31.46,,214.93,115.86
2025-12-28,CAH,6.62,234309992000.0,31.46,,0.635,-12.1,,,,,,,,,,,,,,,None,51626000000,51626000000,,,,,,None,176000000,,2.033,0.0098,,,,0.106,0.37,136000000,312000000,2.18,2023-06-30,21.32,,8585000000.0,1827000000,121000000,187000000,,,None,15000000,15000000,,None,,,,,-64000000,-66000000,-15000000,None,0.0121,,1690000000,137000000,,,,,-1000000,,,,,1.973,16.07,0.211,,,,,,,,0.0068,,,2025-10-31,quarterly,2.55,USD,pre-market,None,,0.0344,0.0,0.224,977.31,1267000000,,,,160.77,193.06,16.9725,,,,,,,53453000000,,31.46,,214.93,115.86
2025-12-28,CAH,6.62,234309992000.0,31.46,,0.635,-12.1,,,,,,,,,,,,,,,None,48702000000,48702000000,,,,,,None,175000000,,2.033,0.0098,,,,0.106,0.37,572000000,747000000,2.18,2023-03-31,21.32,,8585000000.0,1785000000,544000000,197000000,,,None,28000000,28000000,,None,,,,,345000000,347000000,-28000000,None,0.0121,,1213000000,572000000,,,,,None,,,,,1.973,16.07,0.211,,,,,,,,0.0068,,,2025-10-31,quarterly,2.55,USD,pre-market,None,,0.0344,0.0,0.224,977.31,1179000000,,,,160.77,193.06,16.9725,,,,,,,50487000000,,31.46,,214.93,115.86
2025-12-28,CAH,6.62,234309992000.0,31.46,,0.635,-12.1,,,,,,,,,,,,,,,None,49806000000,49806000000,,,,,,None,170000000,,2.033,0.0098,,,,0.106,0.37,-112000000,58000000,2.18,2022-12-31,21.32,,8585000000.0,1663000000,-137000000,-7000000,,,None,25000000,25000000,,None,,,,,-130000000,-130000000,-25000000,None,0.0121,,1782000000,-119000000,,,,,7000000,,,,,1.973,16.07,0.211,,,,,,,,0.0068,,,2025-10-31,quarterly,2.55,USD,pre-market,None,,0.0344,0.0,0.224,977.31,1191000000,,,,160.77,193.06,16.9725,,,,,,,51469000000,,31.46,,214.93,115.86
2025-12-28,CAH,6.62,234309992000.0,31.46,,0.635,-12.1,,,,,,,,,,,,,,,None,47989000000,47989000000,,,,,,None,171000000,,2.033,0.0098,,,,0.106,0.37,135000000,306000000,2.18,2022-09-30,21.32,,8585000000.0,1614000000,110000000,-1000000,,,None,25000000,25000000,,None,,,,,110000000,111000000,-25000000,None,0.0121,,1477000000,137000000,,,,,-2000000,,,,,1.973,16.07,0.211,,,,,,,,0.0068,,,2025-10-31,quarterly,2.55,USD,pre-market,None,,0.0344,0.0,0.224,977.31,1197000000,,,,160.77,193.06,16.9725,,,,,,,49603000000,,31.46,,214.93,115.86
2025-12-28,CAH,6.62,234309992000.0,31.46,,0.635,-12.1,,,,,,,,,,,,,,,None,45498000000,45498000000,,,,,,None,179000000,,2.033,0.0098,,,,0.106,0.37,6000000,185000000,2.18,2022-06-30,21.32,,8585000000.0,1605000000,-28000000,-165000000,,,None,34000000,34000000,,None,,,,,138000000,137000000,-34000000,None,0.0121,,1569000000,36000000,,,,,-30000000,,,,,1.973,16.07,0.211,,,,,,,,0.0068,,,2025-10-31,quarterly,2.55,USD,pre-market,None,,0.0344,0.0,0.224,977.31,1155000000,,,,160.77,193.06,16.9725,,,,,,,47103000000,,31.46,,214.93,115.86
2025-12-28,CAH,6.62,234309992000.0,31.46,,0.635,-12.1,,,,,,,,,,,,,,,None,43154000000,43154000000,,,,,,None,181000000,,2.033,0.0098,,,,0.106,0.37,-99000000,82000000,2.18,2022-03-31,21.32,,8585000000.0,1682000000,-137000000,1253000000,,,None,38000000,37000000,,None,,,,,-1390000000,-1390000000,-38000000,None,0.0121,,1779000000,-97000000,,,,,-2000000,,,,,1.973,16.07,0.211,,,,,,,,0.0068,,,2025-10-31,quarterly,2.55,USD,pre-market,None,,0.0344,0.0,0.224,977.31,1137000000,,,,160.77,193.06,16.9725,,,,,,,44836000000,,31.46,,214.93,115.86
2025-12-28,CAH,6.62,234309992000.0,31.46,,0.635,-12.1,,,,,,,,,,,,,,,None,43841000000,43841000000,,,,,,None,164000000,,2.033,0.0098,,,,0.106,0.37,-936000000,-772000000,2.18,2021-12-31,21.32,,8585000000.0,1616000000,-973000000,-1022000000,,,None,37000000,36000000,,None,,,,,49000000,49000000,-37000000,None,0.0121,,2566000000,-950000000,,,,,14000000,,,,,1.973,16.07,0.211,,,,,,,,0.0068,,,2025-10-31,quarterly,2.55,USD,pre-market,None,,0.0344,0.0,0.224,977.31,1151000000,,,,160.77,193.06,16.9725,,,,,,,45457000000,,31.46,,214.93,115.86
2025-12-28,CAH,6.62,234309992000.0,31.46,,0.635,-12.1,,,,,,,,,,,,,,,None,42326000000,42326000000,,,,,,None,168000000,,2.033,0.0098,,,,0.106,0.37,409000000,577000000,2.18,2021-09-30,21.32,,8585000000.0,1642000000,369000000,97000000,,,None,40000000,40000000,,None,,,,,271000000,272000000,-40000000,None,0.0121,,1227000000,415000000,,,,,-6000000,,,,,1.973,16.07,0.211,,,,,,,,0.0068,,,2025-10-31,quarterly,2.55,USD,pre-market,None,,0.0344,0.0,0.224,977.31,1114000000,,,,160.77,193.06,16.9725,,,,,,,43968000000,,31.46,,214.93,115.86
2025-12-28,CAH,6.62,234309992000.0,31.46,,0.635,-12.1,,,,,,,,,,,,,,,None,41111000000,41111000000,,,,,,None,180000000,,2.033,0.0098,,,,0.106,0.37,163000000,343000000,2.18,2021-06-30,21.32,,8585000000.0,1475000000,119000000,4000000,,,None,44000000,46000000,,None,,,,,116000000,115000000,-44000000,None,0.0121,,1313000000,162000000,,,,,None,,,,,1.973,16.07,0.211,,,,,,,,0.0068,,,2025-10-31,quarterly,2.55,USD,pre-market,None,,0.0344,0.0,0.224,977.31,1129000000,,,,160.77,193.06,16.9725,,,,,,,42586000000,,31.46,,214.93,115.86
2025-12-28,CAH,6.62,234309992000.0,31.46,,0.635,-12.1,,,,,,,,,,,,,,,None,37463000000,37463000000,,,,,,None,199000000,,2.033,0.0098,,,,0.106,0.37,485000000,684000000,2.18,2021-03-31,21.32,,8585000000.0,1812000000,440000000,320000000,,,None,45000000,45000000,,None,,,,,119000000,760000000,-45000000,None,0.0121,,1339000000,473000000,,,,,12000000,,,,,1.973,16.07,0.211,,,,,,,,0.0068,,,2025-10-31,quarterly,2.55,USD,pre-market,None,,0.0344,0.0,0.224,977.31,1120000000,,,,160.77,193.06,16.9725,,,,,,,39275000000,,31.46,,214.93,115.86
2025-12-28,CAH,6.62,234309992000.0,31.46,,0.635,-12.1,,,,,,,,,,,,,,,None,39765000000,39765000000,,,,,,None,199000000,,2.033,0.0098,,,,0.106,0.37,473000000,672000000,2.18,2020-12-31,21.32,,8585000000.0,1776000000,427000000,-203000000,,,None,46000000,46000000,,None,,,,,629000000,224000000,-46000000,None,0.0121,,1315000000,461000000,,,,,12000000,,,,,1.973,16.07,0.211,,,,,,,,0.0068,,,2025-10-31,quarterly,2.55,USD,pre-market,None,,0.0344,0.0,0.224,977.31,1147000000,,,,160.77,193.06,16.9725,,,,,,,41541000000,,31.46,,214.93,115.86
2025-12-28,CAH,6.62,234309992000.0,31.46,,0.635,-12.1,,,,,,,,,,,,,,,None,37350000000,37350000000,,,,,,None,205000000,,2.033,0.0098,,,,0.106,0.37,-618000000,-413000000,2.18,2020-09-30,21.32,,8585000000.0,1715000000,-663000000,-410000000,,,None,45000000,45000000,,None,,,,,-253000000,-253000000,-45000000,None,0.0121,,2339000000,-624000000,,,,,7000000,,,,,1.973,16.07,0.211,,,,,,,,0.0068,,,2025-10-31,quarterly,2.55,USD,pre-market,None,,0.0344,0.0,0.224,977.31,1137000000,,,,160.77,193.06,16.9725,,,,,,,39065000000,,31.46,,214.93,115.86
2025-12-28,CAH,6.62,234309992000.0,31.46,,0.635,-12.1,,,,,,,,,,,,,,,None,35099000000,35099000000,,,,,,None,225000000,,2.033,0.0098,,,,0.106,0.37,864000000,1089000000,2.18,2020-06-30,21.32,,8585000000.0,1590000000,815000000,158000000,,,None,49000000,530000000,,None,,,,,656000000,657000000,-49000000,None,0.0121,,1320000000,270000000,,,,,15000000,,,,,1.973,16.07,0.211,,,,,,,,0.0068,,,2025-10-31,quarterly,2.55,USD,pre-market,None,,0.0344,0.0,0.224,977.31,1137000000,,,,160.77,193.06,16.9725,,,,,,,36689000000,,31.46,,214.93,115.86
2025-12-28,CAH,6.62,234309992000.0,31.46,,0.635,-12.1,,,,,,,,,,,,,,,None,37272000000,37272000000,,,,,,None,224000000,,2.033,0.0098,,,,0.106,0.37,538000000,762000000,2.18,2020-03-31,21.32,,8585000000.0,1885000000,478000000,127000000,,,None,60000000,60000000,,None,,,,,350000000,351000000,-60000000,None,0.0121,,1323000000,562000000,,,,,-24000000,,,,,1.973,16.07,0.211,,,,,,,,0.0068,,,2025-10-31,quarterly,2.55,USD,pre-market,None,,0.0344,0.0,0.224,977.31,1107000000,,,,160.77,193.06,16.9725,,,,,,,39157000000,,31.46,,214.93,115.86
2025-12-28,CAH,6.62,234309992000.0,31.46,,0.635,-12.1,,,,,,,,,,,,,,,None,38021000000,38021000000,,,,,,None,230000000,,2.033,0.0098,,,,0.106,0.37,342000000,572000000,2.18,2019-12-31,21.32,,8585000000.0,1714000000,279000000,59000000,,,None,63000000,63000000,,None,,,,,220000000,220000000,-63000000,None,0.0121,,1380000000,334000000,,,,,8000000,,,,,1.973,16.07,0.211,,,,,,,,0.0068,,,2025-10-31,quarterly,2.55,USD,pre-market,None,,0.0344,0.0,0.224,977.31,1163000000,,,,160.77,193.06,16.9725,,,,,,,39735000000,,31.46,,214.93,115.86
2025-12-28,CAH,6.62,234309992000.0,31.46,,0.635,-12.1,,,,,,,,,,,,,,,None,35662000000,35662000000,,,,,,None,234000000,,2.033,0.0098,,,,0.106,0.37,-5278000000,-5044000000,2.18,2019-09-30,21.32,,8585000000.0,1679000000,-5344000000,-423000000,,,None,66000000,66000000,,None,,,,,-4922000000,-4921000000,-66000000,None,0.0121,,6943000000,-5264000000,,,,,-14000000,,,,,1.973,16.07,0.211,,,,,,,,0.0068,,,2025-10-31,quarterly,2.55,USD,pre-market,None,,0.0344,0.0,0.224,977.31,1165000000,,,,160.77,193.06,16.9725,,,,,,,37341000000,,31.46,,214.93,115.86
2025-12-28,CAH,6.62,234309992000.0,31.46,,0.635,-12.1,,,,,,,,,,,,,,,None,35679000000,35679000000,,,,,,None,241000000,,2.033,0.0098,,,,0.106,0.37,306000000,547000000,2.18,2019-06-30,21.32,,8585000000.0,1674000000,238000000,44000000,,,None,67000000,67000000,,None,,,,,194000000,966000000,-67000000,None,0.0121,,1366000000,308000000,,,,,-4000000,,,,,1.973,16.07,0.211,,,,,,,,0.0068,,,2025-10-31,quarterly,2.55,USD,pre-market,None,,0.0344,0.0,0.224,977.31,1165000000,,,,160.77,193.06,16.9725,,,,,,,37353000000,,31.46,,214.93,115.86
2025-12-28,CAH,6.62,234309992000.0,31.46,,0.635,-12.1,,,,,,,,,,,,,,,None,33464000000,33464000000,,,,,,None,261000000,,2.033,0.0098,,,,0.106,0.37,445000000,706000000,2.18,2019-03-31,21.32,,8585000000.0,1764000000,370000000,74000000,,,None,75000000,75000000,,None,,,,,296000000,296000000,-75000000,None,0.0121,,1332000000,432000000,,,,,13000000,,,,,1.973,16.07,0.211,,,,,,,,0.0068,,,2025-10-31,quarterly,2.55,USD,pre-market,None,,0.0344,0.0,0.224,977.31,1155000000,,,,160.77,193.06,16.9725,,,,,,,35228000000,,31.46,,214.93,115.86
2025-12-28,CAH,6.62,234309992000.0,31.46,,0.635,-12.1,,,,,,,,,,,,,,,None,36010000000,36010000000,,,,,,None,253000000,,2.033,0.0098,,,,0.106,0.37,483000000,736000000,2.18,2018-12-31,21.32,,8585000000.0,1730000000,407000000,126000000,,,None,76000000,None,,None,,,,,280000000,281000000,None,None,0.0121,,1226000000,504000000,,,,,-21000000,,,,,1.973,16.07,0.211,,,,,,,,0.0068,,,2025-10-31,quarterly,2.55,USD,pre-market,0,,0.0344,0.0,0.224,977.31,1064000000,,,,160.77,193.06,16.9725,,,,,,,37740000000,,31.46,,214.93,115.86
2025-12-28,CAH,6.62,234309992000.0,31.46,,0.635,-12.1,,,,,,,,,,,,,,,None,33546000000,33546000000,,,,,,None,245000000,,2.033,0.0098,,,,0.106,0.37,813000000,1058000000,2.18,2018-09-30,21.32,,8585000000.0,1667000000,736000000,142000000,,,None,77000000,None,,None,,,,,593000000,594000000,None,None,0.0121,,851000000,816000000,,,,,-3000000,,,,,1.973,16.07,0.211,,,,,,,,0.0068,,,2025-10-31,quarterly,2.55,USD,pre-market,0,,0.0344,0.0,0.224,977.31,1097000000,,,,160.77,193.06,16.9725,,,,,,,35213000000,,31.46,,214.93,115.86
2025-12-28,CAH,6.62,234309992000.0,31.46,,0.635,-12.1,,,,,,,,,,,,,,,None,33614000000,33614000000,,,,,,None,253000000,,2.033,0.0098,,,,0.106,0.37,-1109000000,-856000000,2.18,2018-06-30,21.32,,8585000000.0,1735000000,-1187000000,-21000000,,,None,78000000,None,,None,,,,,-1166000000,-2140000000,None,None,0.0121,,2815000000,-1080000000,,,,,-29000000,,,,,1.973,16.07,0.211,,,,,,,,0.0068,,,2025-10-31,quarterly,2.55,USD,pre-market,0,,0.0344,0.0,0.224,977.31,1271000000,,,,160.77,193.06,16.9725,,,,,,,35349000000,,31.46,,214.93,115.86
2025-12-28,CAH,6.62,234309992000.0,31.46,,0.635,-12.1,,,,,,,,,,,,,,,None,31720000000,31720000000,,,,,,None,259000000,,2.033,0.0098,,,,0.106,0.37,548000000,807000000,2.18,2018-03-31,21.32,,8585000000.0,1913000000,464000000,209000000,,,None,84000000,None,,None,,,,,255000000,255000000,None,None,0.0121,,1367000000,546000000,,,,,2000000,,,,,1.973,16.07,0.211,,,,,,,,0.0068,,,2025-10-31,quarterly,2.55,USD,pre-market,0,,0.0344,0.0,0.224,977.31,1062000000,,,,160.77,193.06,16.9725,,,,,,,33633000000,,31.46,,214.93,115.86
2025-12-28,CAH,6.62,234309992000.0,31.46,,0.635,-12.1,,,,,,,,,,,,,,,None,33325000000,33325000000,,,,,,None,291000000,,2.033,0.0098,,,,0.106,0.37,404000000,695000000,2.18,2017-12-31,21.32,,8585000000.0,1861000000,317000000,-736000000,,,None,87000000,None,,None,,,,,1053000000,1053000000,None,None,0.0121,,1462000000,399000000,,,,,5000000,,,,,1.973,16.07,0.211,,,,,,,,0.0068,,,2025-10-31,quarterly,2.55,USD,pre-market,0,,0.0344,0.0,0.224,977.31,1131000000,,,,160.77,193.06,16.9725,,,,,,,35186000000,,31.46,,214.93,115.86
2025-12-28,CAH,6.62,234309992000.0,31.46,,0.635,-12.1,,,,,,,,,,,,,,,None,30969000000,30969000000,,,,,,None,229000000,,2.033,0.0098,,,,0.106,0.37,259000000,488000000,2.18,2017-09-30,21.32,,8585000000.0,1672000000,178000000,61000000,,,None,81000000,None,,None,,,,,115000000,117000000,None,None,0.0121,,1410000000,262000000,,,,,-3000000,,,,,1.973,16.07,0.211,,,,,,,,0.0068,,,2025-10-31,quarterly,2.55,USD,pre-market,0,,0.0344,0.0,0.224,977.31,1132000000,,,,160.77,193.06,16.9725,,,,,,,32641000000,,31.46,,214.93,115.86
2025-12-28,CAH,6.62,234309992000.0,31.46,,0.635,-12.1,,,,,,,,,,,,,,,None,31343000000,31343000000,,,,,,None,192000000,,2.033,0.0098,,,,0.106,0.37,442000000,634000000,2.18,2017-06-30,21.32,,8585000000.0,1623000000,374000000,96000000,,,None,67000000,None,,None,,,,,274000000,278000000,None,None,0.0121,,1184000000,439000000,,,,,4000000,,,,,1.973,16.07,0.211,,,,,,,,0.0068,,,2025-10-31,quarterly,2.55,USD,pre-market,0,,0.0344,0.0,0.224,977.31,983000000,,,,160.77,193.06,16.9725,,,,,,,32966000000,,31.46,,214.93,115.86
2025-12-28,CAH,6.62,234309992000.0,31.46,,0.635,-12.1,,,,,,,,,,,,,,,None,30093000000,30093000000,,,,,,None,186000000,,2.033,0.0098,,,,0.106,0.37,610000000,796000000,2.18,2017-03-31,21.32,,8585000000.0,1728000000,564000000,182000000,,,None,46000000,None,,None,,,,,381000000,382000000,None,None,0.0121,,1123000000,605000000,,,,,5000000,,,,,1.973,16.07,0.211,,,,,,,,0.0068,,,2025-10-31,quarterly,2.55,USD,pre-market,0,,0.0344,0.0,0.224,977.31,920000000,,,,160.77,193.06,16.9725,,,,,,,31821000000,,31.46,,214.93,115.86
2025-12-28,CAH,6.62,234309992000.0,31.46,,0.635,-12.1,,,,,,,,,,,,,,,None,31548000000,31548000000,,,,,,None,166000000,,2.033,0.0098,,,,0.106,0.37,535000000,701000000,2.18,2016-12-31,21.32,,8585000000.0,1602000000,491000000,167000000,,,None,44000000,None,,None,,,,,324000000,324000000,None,None,0.0121,,1060000000,542000000,,,,,-7000000,,,,,1.973,16.07,0.211,,,,,,,,0.0068,,,2025-10-31,quarterly,2.55,USD,pre-market,0,,0.0344,0.0,0.224,977.31,910000000,,,,160.77,193.06,16.9725,,,,,,,33150000000,,31.46,,214.93,115.86
2025-12-28,CAH,6.62,234309992000.0,31.46,,0.635,-12.1,,,,,,,,,,,,,,,None,30449000000,30449000000,,,,,,None,173000000,,2.033,0.0098,,,,0.106,0.37,538000000,711000000,2.18,2016-09-30,21.32,,8585000000.0,1590000000,494000000,184000000,,,None,44000000,None,,None,,,,,309000000,310000000,None,None,0.0121,,1055000000,535000000,,,,,3000000,,,,,1.973,16.07,0.211,,,,,,,,0.0068,,,2025-10-31,quarterly,2.55,USD,pre-market,0,,0.0344,0.0,0.224,977.31,960000000,,,,160.77,193.06,16.9725,,,,,,,32039000000,,31.46,,214.93,115.86
2025-12-28,CAH,6.62,234309992000.0,31.46,,0.635,-12.1,,,,,,,,,,,,,,,None,29718000000,29718000000,,,,,,None,176000000,,2.033,0.0098,,,,0.106,0.37,620000000,796000000,2.18,2016-06-30,21.32,,8585000000.0,1665000000,576000000,241000000,,,None,44000000,None,,None,,,,,333000000,335000000,None,None,0.0121,,1046000000,620000000,,,,,1000000,,,,,1.973,16.07,0.211,,,,,,,,0.0068,,,2025-10-31,quarterly,2.55,USD,pre-market,0,,0.0344,0.0,0.224,977.31,970000000,,,,160.77,193.06,16.9725,,,,,,,31384000000,,31.46,,214.93,115.86
2025-12-28,CAH,6.62,234309992000.0,31.46,,0.635,-12.1,,,,,,,,,,,,,,,None,28973000000,28973000000,,,,,,None,159000000,,2.033,0.0098,,,,0.106,0.37,656000000,815000000,2.18,2016-03-31,21.32,,8585000000.0,1689000000,612000000,226000000,,,None,44000000,None,,None,,,,,386000000,386000000,None,None,0.0121,,1033000000,656000000,,,,,None,,,,,1.973,16.07,0.211,,,,,,,,0.0068,,,2025-10-31,quarterly,2.55,USD,pre-market,0,,0.0344,0.0,0.224,977.31,842000000,,,,160.77,193.06,16.9725,,,,,,,30662000000,,31.46,,214.93,115.86
2025-12-28,CAH,6.62,234309992000.0,31.46,,0.635,-12.1,,,,,,,,,,,,,,,None,29836000000,29836000000,,,,,,None,169000000,,2.033,0.0098,,,,0.106,0.37,565000000,734000000,2.18,2015-12-31,21.32,,8585000000.0,1609000000,520000000,194000000,,,None,45000000,None,,None,,,,,326000000,326000000,None,None,0.0121,,1046000000,563000000,,,,,2000000,,,,,1.973,16.07,0.211,,,,,,,,0.0068,,,2025-10-31,quarterly,2.55,USD,pre-market,0,,0.0344,0.0,0.224,977.31,922000000,,,,160.77,193.06,16.9725,,,,,,,31445000000,,31.46,,214.93,115.86
2025-12-28,CAH,6.62,234309992000.0,31.46,,0.635,-12.1,,,,,,,,,,,,,,,None,26476000000,26476000000,,,,,,None,137000000,,2.033,0.0098,,,,0.106,0.37,612000000,749000000,2.18,2015-09-30,21.32,,8585000000.0,1579000000,568000000,184000000,,,None,44000000,None,,None,,,,,383000000,384000000,None,None,0.0121,,959000000,620000000,,,,,-8000000,,,,,1.973,16.07,0.211,,,,,,,,0.0068,,,2025-10-31,quarterly,2.55,USD,pre-market,0,,0.0344,0.0,0.224,977.31,914000000,,,,160.77,193.06,16.9725,,,,,,,28055000000,,31.46,,214.93,115.86
2025-12-28,CAH,6.62,234309992000.0,31.46,,0.635,-12.1,,,,,,,,,,,,,,,None,26090000000,26090000000,,,,,,None,115000000,,2.033,0.0098,,,,0.106,0.37,559000000,674000000,2.18,2015-06-30,21.32,,8585000000.0,1458000000,523000000,230000000,,,None,36000000,None,,None,,,,,295000000,292000000,None,None,0.0121,,900000000,558000000,,,,,1000000,,,,,1.973,16.07,0.211,,,,,,,,0.0068,,,2025-10-31,quarterly,2.55,USD,pre-market,0,,0.0344,0.0,0.224,977.31,847000000,,,,160.77,193.06,16.9725,,,,,,,27548000000,,31.46,,214.93,115.86
2025-12-28,CAH,6.62,234309992000.0,31.46,,0.635,-12.1,,,,,,,,,,,,,,,None,23916000000,23916000000,,,,,,None,116000000,,2.033,0.0098,,,,0.106,0.37,593000000,709000000,2.18,2015-03-31,21.32,,8585000000.0,1459000000,558000000,193000000,,,None,35000000,None,,None,,,,,365000000,365000000,None,None,0.0121,,868000000,591000000,,,,,2000000,,,,,1.973,16.07,0.211,,,,,,,,0.0068,,,2025-10-31,quarterly,2.55,USD,pre-market,0,,0.0344,0.0,0.224,977.31,775000000,,,,160.77,193.06,16.9725,,,,,,,25375000000,,31.46,,214.93,115.86
2025-12-28,CAH,6.62,234309992000.0,31.46,,0.635,-12.1,,,,,,,,,,,,,,,None,24083000000,24083000000,,,,,,None,112000000,,2.033,0.0098,,,,0.106,0.37,487000000,599000000,2.18,2014-12-31,21.32,,8585000000.0,1454000000,451000000,162000000,,,None,36000000,None,,None,,,,,289000000,289000000,None,None,0.0121,,908000000,546000000,,,,,-59000000,,,,,1.973,16.07,0.211,,,,,,,,0.0068,,,2025-10-31,quarterly,2.55,USD,pre-market,0,,0.0344,0.0,0.224,977.31,815000000,,,,160.77,193.06,16.9725,,,,,,,25537000000,,31.46,,214.93,115.86
2025-12-28,CAH,6.62,234309992000.0,31.46,,0.635,-12.1,,,,,,,,,,,,,,,None,22729000000,22729000000,,,,,,None,108000000,,2.033,0.0098,,,,0.106,0.37,469000000,577000000,2.18,2014-09-30,21.32,,8585000000.0,1341000000,435000000,169000000,,,None,34000000,None,,None,,,,,266000000,266000000,None,None,0.0121,,875000000,466000000,,,,,3000000,,,,,1.973,16.07,0.211,,,,,,,,0.0068,,,2025-10-31,quarterly,2.55,USD,pre-market,0,,0.0344,0.0,0.224,977.31,803000000,,,,160.77,193.06,16.9725,,,,,,,24070000000,,31.46,,214.93,115.86
2025-12-28,CAH,6.62,234309992000.0,31.46,,0.635,-12.1,,,,,,,,,,,,,,,None,21638000000,21638000000,,,,,,None,115000000,,2.033,0.0098,,,,0.106,0.37,390000000,505000000,2.18,2014-06-30,21.32,,8585000000.0,1256000000,357000000,123000000,,,None,33000000,None,,None,,,,,234000000,233000000,None,None,0.0121,,869000000,387000000,,,,,3000000,,,,,1.973,16.07,0.211,,,,,,,,0.0068,,,2025-10-31,quarterly,2.55,USD,pre-market,0,,0.0344,0.0,0.224,977.31,795000000,,,,160.77,193.06,16.9725,,,,,,,22894000000,,31.46,,214.93,115.86
2025-12-28,CAH,6.62,234309992000.0,31.46,,0.635,-12.1,,,,,,,,,,,,,,,None,20130000000,20130000000,,,,,,None,110000000,,2.033,0.0098,,,,0.106,0.37,541000000,651000000,2.18,2014-03-31,21.32,,8585000000.0,1297000000,507000000,192000000,,,None,34000000,None,,None,,,,,315000000,315000000,None,None,0.0121,,789000000,508000000,,,,,33000000,,,,,1.973,16.07,0.211,,,,,,,,0.0068,,,2025-10-31,quarterly,2.55,USD,pre-market,0,,0.0344,0.0,0.224,977.31,732000000,,,,160.77,193.06,16.9725,,,,,,,21427000000,,31.46,,214.93,115.86
2025-12-28,CAH,6.62,234309992000.0,31.46,,0.635,-12.1,,,,,,,,,,,,,,,None,20895000000,20895000000,,,,,,None,117000000,,2.033,0.0098,,,,0.106,0.37,525000000,642000000,2.18,2013-12-31,21.32,,8585000000.0,1345000000,492000000,217000000,,,None,33000000,None,,None,,,,,278000000,275000000,None,None,0.0121,,826000000,519000000,,,,,6000000,,,,,1.973,16.07,0.211,,,,,,,,0.0068,,,2025-10-31,quarterly,2.55,USD,pre-market,0,,0.0344,0.0,0.224,977.31,766000000,,,,160.77,193.06,16.9725,,,,,,,22240000000,,31.46,,214.93,115.86
2025-12-28,CAH,6.62,234309992000.0,31.46,,0.635,-12.1,,,,,,,,,,,,,,,None,23259000000,23259000000,,,,,,None,117000000,,2.033,0.0098,,,,0.106,0.37,475000000,592000000,2.18,2013-09-30,21.32,,8585000000.0,1264000000,442000000,102000000,,,None,33000000,None,,None,,,,,339000000,340000000,None,None,0.0121,,793000000,471000000,,,,,4000000,,,,,1.973,16.07,0.211,,,,,,,,0.0068,,,2025-10-31,quarterly,2.55,USD,pre-market,0,,0.0344,0.0,0.224,977.31,736000000,,,,160.77,193.06,16.9725,,,,,,,24523000000,,31.46,,214.93,115.86
2025-12-28,CAH,6.62,234309992000.0,31.46,,0.635,-12.1,,,,,,,,,,,,,,,None,24172000000,24172000000,,,,,,None,122000000,,2.033,0.0098,,,,0.106,0.37,-445000000,-323000000,2.18,2013-06-30,21.32,,8585000000.0,1247000000,-480000000,105000000,,,None,36000000,None,,None,,,,,-586000000,-586000000,None,None,0.0121,,1691000000,-443000000,,,,,-3000000,,,,,1.973,16.07,0.211,,,,,,,,0.0068,,,2025-10-31,quarterly,2.55,USD,pre-market,0,,0.0344,0.0,0.224,977.31,776000000,,,,160.77,193.06,16.9725,,,,,,,25420000000,,31.46,,214.93,115.86
2025-12-28,CAH,6.62,234309992000.0,31.46,,0.635,-12.1,,,,,,,,,,,,,,,None,23261000000,23261000000,,,,,,None,99000000,,2.033,0.0098,,,,0.106,0.37,481000000,580000000,2.18,2013-03-31,21.32,,8585000000.0,1291000000,447000000,101000000,,,None,34000000,None,,None,,,,,345000000,346000000,None,None,0.0121,,816000000,475000000,,,,,6000000,,,,,1.973,16.07,0.211,,,,,,,,0.0068,,,2025-10-31,quarterly,2.55,USD,pre-market,0,,0.0344,0.0,0.224,977.31,690000000,,,,160.77,193.06,16.9725,,,,,,,24552000000,,31.46,,214.93,115.86
2025-12-28,CAH,6.62,234309992000.0,31.46,,0.635,-12.1,,,,,,,,,,,,,,,None,24008000000,24008000000,,,,,,None,88000000,,2.033,0.0098,,,,0.106,0.37,510000000,598000000,2.18,2012-12-31,21.32,,8585000000.0,1224000000,483000000,180000000,,,None,27000000,None,,None,,,,,303000000,303000000,None,None,0.0121,,718000000,506000000,,,,,4000000,,,,,1.973,16.07,0.211,,,,,,,,0.0068,,,2025-10-31,quarterly,2.55,USD,pre-market,0,,0.0344,0.0,0.224,977.31,699000000,,,,160.77,193.06,16.9725,,,,,,,25232000000,,31.46,,214.93,115.86
2025-12-28,CAH,6.62,234309992000.0,31.46,,0.635,-12.1,,,,,,,,,,,,,,,None,24730000000,24730000000,,,,,,None,88000000,,2.033,0.0098,,,,0.106,0.37,465000000,553000000,2.18,2012-09-30,21.32,,8585000000.0,1159000000,439000000,167000000,,,None,26000000,None,,None,,,,,271000000,272000000,None,None,0.0121,,702000000,457000000,,,,,8000000,,,,,1.973,16.07,0.211,,,,,,,,0.0068,,,2025-10-31,quarterly,2.55,USD,pre-market,0,,0.0344,0.0,0.224,977.31,712000000,,,,160.77,193.06,16.9725,,,,,,,25889000000,,31.46,,214.93,115.86
2025-12-28,CAH,6.62,234309992000.0,31.46,,0.635,-12.1,,,,,,,,,,,,,,,None,25628500000,25628500000,,,,,,None,85700000,,2.033,0.0098,,,,0.106,0.37,401800000,487500000,2.18,2012-06-30,21.32,,8585000000.0,1136000000,377000000,141000000,,,None,24800000,None,,None,,,,,236000000,236000000,None,None,0.0121,,732200000,403800000,,,,,-2100000,,,,,1.973,16.07,0.211,,,,,,,,0.0068,,,2025-10-31,quarterly,2.55,USD,pre-market,0,,0.0344,0.0,0.224,977.31,711400000,,,,160.77,193.06,16.9725,,,,,,,26764500000,,31.46,,214.93,115.86
2025-12-28,CAH,6.62,234309992000.0,31.46,,0.635,-12.1,,,,,,,,,,,,,,,None,25711000000,25711000000,,,,,,None,83000000,,2.033,0.0098,,,,0.106,0.37,534000000,617000000,2.18,2012-03-31,21.32,,8585000000.0,1206700000,510400000,177900000,,,None,24000000,None,,None,,,,,333400000,332500000,None,None,0.0121,,680000000,527000000,,,,,7700000,,,,,1.973,16.07,0.211,,,,,,,,0.0068,,,2025-10-31,quarterly,2.55,USD,pre-market,0,,0.0344,0.0,0.224,977.31,643300000,,,,160.77,193.06,16.9725,,,,,,,26918000000,,31.46,,214.93,115.86
2025-12-28,CAH,6.62,234309992000.0,31.46,,0.635,-12.1,,,,,,,,,,,,,,,None,25964000000,25964000000,,,,,,None,78000000,,2.033,0.0098,,,,0.106,0.37,449000000,527000000,2.18,2011-12-31,21.32,,8585000000.0,1113900000,425600000,161200000,,,None,23000000,None,,None,,,,,262000000,264400000,None,None,0.0121,,665000000,449000000,,,,,-800000,,,,,1.973,16.07,0.211,,,,,,,,0.0068,,,2025-10-31,quarterly,2.55,USD,pre-market,0,,0.0344,0.0,0.224,977.31,639800000,,,,160.77,193.06,16.9725,,,,,,,27078000000,,31.46,,214.93,115.86
2025-12-28,CAH,6.62,234309992000.0,31.46,,0.635,-12.1,,,,,,,,,,,,,,,None,25708000000,25708000000,,,,,,None,78000000,,2.033,0.0098,,,,0.106,0.37,408000000,486000000,2.18,2011-09-30,21.32,,8585000000.0,1084500000,385000000,147900000,,,None,23000000,None,,None,,,,,236800000,237100000,None,None,0.0121,,672000000,412000000,,,,,-3800000,,,,,1.973,16.07,0.211,,,,,,,,0.0068,,,2025-10-31,quarterly,2.55,USD,pre-market,0,,0.0344,0.0,0.224,977.31,682700000,,,,160.77,193.06,16.9725,,,,,,,26792000000,,31.46,,214.93,115.86
2025-12-28,CAH,6.62,234309992000.0,31.46,,0.635,-12.1,,,,,,,,,,,,,,,None,25720200000,25720200000,,,,,,None,74100000,,2.033,0.0098,,,,0.106,0.37,321200000,395300000,2.18,2011-06-30,21.32,,8585000000.0,1043300000,341300000,133900000,,,None,23800000,None,,None,,,,,202700000,207300000,None,None,0.0121,,684400000,358900000,,,,,2300000,,,,,1.973,16.07,0.211,,,,,,,,0.0068,,,2025-10-31,quarterly,2.55,USD,pre-market,0,,0.0344,0.0,0.224,977.31,671800000,,,,160.77,193.06,16.9725,,,,,,,26763500000,,31.46,,214.93,115.86
2025-12-28,CAH,6.62,234309992000.0,31.46,,0.635,-12.1,,,,,,,,,,,,,,,None,24909200000,24909200000,,,,,,None,97500000,,2.033,0.0098,,,,0.106,0.37,450200000,547700000,2.18,2011-03-31,21.32,,8585000000.0,1162200000,425100000,175600000,,,None,25100000,None,,None,,,,,246000000,249500000,None,None,0.0121,,714900000,447300000,,,,,6200000,,,,,1.973,16.07,0.211,,,,,,,,0.0068,,,2025-10-31,quarterly,2.55,USD,pre-market,0,,0.0344,0.0,0.224,977.31,591900000,,,,160.77,193.06,16.9725,,,,,,,26071400000,,31.46,,214.93,115.86
2025-12-28,CAH,6.62,234309992000.0,31.46,,0.635,-12.1,,,,,,,,,,,,,,,None,24377600000,24377600000,,,,,,None,73200000,,2.033,0.0098,,,,0.106,0.37,349700000,422900000,2.18,2010-12-31,21.32,,8585000000.0,994200000,327800000,112800000,,,None,21900000,None,,None,,,,,215400000,215000000,None,None,0.0121,,650300000,343900000,,,,,5800000,,,,,1.973,16.07,0.211,,,,,,,,0.0068,,,2025-10-31,quarterly,2.55,USD,pre-market,0,,0.0344,0.0,0.224,977.31,628000000,,,,160.77,193.06,16.9725,,,,,,,25371800000,,31.46,,214.93,115.86
2025-12-28,CAH,6.62,234309992000.0,31.46,,0.635,-12.1,,,,,,,,,,,,,,,None,23475300000,23475300000,,,,,,None,68500000,,2.033,0.0098,,,,0.106,0.37,446200000,514700000,2.18,2010-09-30,21.32,,8585000000.0,962200000,424200000,129800000,,,None,22000000,None,,None,,,,,294800000,294400000,None,None,0.0121,,598300000,363900000,,,,,7500000,,,,,1.973,16.07,0.211,,,,,,,,0.0068,,,2025-10-31,quarterly,2.55,USD,pre-market,0,,0.0344,0.0,0.224,977.31,701600000,,,,160.77,193.06,16.9725,,,,,,,24437500000,,31.46,,214.93,115.86
2025-12-28,CAH,6.62,234309992000.0,31.46,,0.635,-12.1,,,,,,,,,,,,,,,None,23555500000,23555500000,,,,,,None,60000000,,2.033,0.0098,,,,0.106,0.37,380600000,440600000,2.18,2010-06-30,21.32,,8585000000.0,904100000,308400000,114600000,,,None,24500000,None,,None,,,,,223500000,193800000,None,None,0.0121,,570200000,333900000,,,,,-22400000,,,,,1.973,16.07,0.211,,,,,,,,0.0068,,,2025-10-31,quarterly,2.55,USD,pre-market,0,,0.0344,0.0,0.224,977.31,617000000,,,,160.77,193.06,16.9725,,,,,,,24459600000,,31.46,,214.93,115.86
2025-12-28,CAH,6.62,234309992000.0,31.46,,0.635,-12.1,,,,,,,,,,,,,,,None,23332700000,23332700000,,,,,,None,68600000,,2.033,0.0098,,,,0.106,0.37,390900000,459500000,2.18,2010-03-31,21.32,,8585000000.0,1010100000,363200000,138400000,,,None,27700000,None,,None,,,,,222400000,224800000,None,None,0.0121,,643800000,366300000,,,,,1400000,,,,,1.973,16.07,0.211,,,,,,,,0.0068,,,2025-10-31,quarterly,2.55,USD,pre-market,0,,0.0344,0.0,0.224,977.31,585600000,,,,160.77,193.06,16.9725,,,,,,,24342800000,,31.46,,214.93,115.86
2025-12-28,CAH,6.62,234309992000.0,31.46,,0.635,-12.1,,,,,,,,,,,,,,,None,23962000000,23962000000,,,,,,None,59500000,,2.033,0.0098,,,,0.106,0.37,392400000,451900000,2.18,2009-12-31,21.32,,8585000000.0,957700000,365000000,134800000,,,None,27400000,None,,None,,,,,234500000,230200000,None,None,0.0121,,590900000,366800000,,,,,25600000,,,,,1.973,16.07,0.211,,,,,,,,0.0068,,,2025-10-31,quarterly,2.55,USD,pre-market,0,,0.0344,0.0,0.224,977.31,579800000,,,,160.77,193.06,16.9725,,,,,,,24919700000,,31.46,,214.93,115.86
2025-12-28,CAH,6.62,234309992000.0,31.46,,0.635,-12.1,,,,,,,,,,,,,,,None,23871900000,23871900000,,,,,,None,66300000,,2.033,0.0098,,,,0.106,0.37,208900000,275200000,2.18,2009-09-30,21.32,,8585000000.0,908800000,175000000,236800000,,,None,33900000,None,,None,,,,,-38200000,-61800000,None,None,0.0121,,668900000,239900000,,,,,-31000000,,,,,1.973,16.07,0.211,,,,,,,,0.0068,,,2025-10-31,quarterly,2.55,USD,pre-market,0,,0.0344,0.0,0.224,977.31,625700000,,,,160.77,193.06,16.9725,,,,,,,24780700000,,31.46,,214.93,115.86
2025-12-28,CAH,6.62,234309992000.0,31.46,,0.635,-12.1,,,,,,,,,,,,,,,None,23783200000,23783200000,,,,,,None,106000000,,2.033,0.0098,,,,0.106,0.37,425200000,531200000,2.18,2009-06-30,21.32,,8585000000.0,1343800000,391800000,131100000,,,None,33400000,None,,None,,,,,273200000,0,None,None,0.0121,,918600000,425200000,,,,,None,,,,,1.973,16.07,0.211,,,,,,,,0.0068,,,2025-10-31,quarterly,2.55,USD,pre-market,167100000,,0.0344,0.0,0.224,977.31,854100000,,,,160.77,193.06,16.9725,,,,,,,25127000000,,31.46,,214.93,115.86
2025-12-28,CAH,6.62,234309992000.0,31.46,,0.635,-12.1,,,,,,,,,,,,,,,None,23102400000,23102400000,,,,,,None,52700000,,2.033,0.0098,,,,0.106,0.37,374400000,427100000,2.18,2009-03-31,21.32,,8585000000.0,1401700000,435900000,129000000,,,None,30300000,None,,None,,,,,312900000,0,None,None,0.0121,,606000000,380900000,,,,,None,,,,,1.973,16.07,0.211,,,,,,,,0.0068,,,2025-10-31,quarterly,2.55,USD,pre-market,0,,0.0344,0.0,0.224,977.31,882200000,,,,160.77,193.06,16.9725,,,,,,,24089300000,,31.46,,214.93,115.86
2025-12-28,CAH,6.62,234309992000.0,31.46,,0.635,-12.1,,,,,,,,,,,,,,,None,23202700000,23202700000,,,,,,None,68700000,,2.033,0.0098,,,,0.106,0.37,293400000,362100000,2.18,2008-12-31,21.32,,8585000000.0,1416400000,475500000,102200000,,,None,22200000,None,,None,,,,,318900000,0,None,None,0.0121,,602000000,313100000,,,,,None,,,,,1.973,16.07,0.211,,,,,,,,0.0068,,,2025-10-31,quarterly,2.55,USD,pre-market,0,,0.0344,0.0,0.224,977.31,851900000,,,,160.77,193.06,16.9725,,,,,,,24117800000,,31.46,,214.93,115.86
2025-12-28,CAH,6.62,234309992000.0,31.46,,0.635,-12.1,,,,,,,,,,,,,,,None,22535900000,22535900000,,,,,,None,47400000,,2.033,0.0098,,,,0.106,0.37,284100000,331500000,2.18,2008-09-30,21.32,,8585000000.0,1364500000,363900000,82600000,,,None,29300000,None,,None,,,,,249100000,0,None,None,0.0121,,614600000,286600000,,,,,None,,,,,1.973,16.07,0.211,,,,,,,,0.0068,,,2025-10-31,quarterly,2.55,USD,pre-market,0,,0.0344,0.0,0.224,977.31,850200000,,,,160.77,193.06,16.9725,,,,,,,23437100000,,31.46,,214.93,115.86
2025-12-28,CAH,6.62,234309992000.0,31.46,,0.635,-12.1,,,,,,,,,,,,,,,None,21456200000,21456200000,,,,,,None,96400000,,2.033,0.0098,,,,0.106,0.37,526800000,623200000,2.18,2008-06-30,21.32,,8585000000.0,1469400000,488300000,166700000,,,None,74500000,None,,None,,,,,318000000,0,None,None,0.0121,,933700000,535700000,,,,,None,,,,,1.973,16.07,0.211,,,,,,,,0.0068,,,2025-10-31,quarterly,2.55,USD,pre-market,152900000,,0.0344,0.0,0.224,977.31,901300000,,,,160.77,193.06,16.9725,,,,,,,22925600000,,31.46,,214.93,115.86
2025-12-28,CAH,6.62,234309992000.0,31.46,,0.635,-12.1,,,,,,,,,,,,,,,None,21441800000,21441800000,,,,,,None,93000000,,2.033,0.0098,,,,0.106,0.37,576500000,669500000,2.18,2008-03-31,21.32,,8585000000.0,1467800000,545400000,179500000,,,None,31100000,None,,None,,,,,356000000,0,None,None,0.0121,,891300000,576500000,,,,,None,,,,,1.973,16.07,0.211,,,,,,,,0.0068,,,2025-10-31,quarterly,2.55,USD,pre-market,0,,0.0344,0.0,0.224,977.31,830100000,,,,160.77,193.06,16.9725,,,,,,,22909600000,,31.46,,214.93,115.86
2025-12-28,CAH,6.62,234309992000.0,31.46,,0.635,-12.1,,,,,,,,,,,,,,,None,21928100000,21928100000,,,,,,None,97000000,,2.033,0.0098,,,,0.106,0.37,560700000,657700000,2.18,2007-12-31,21.32,,8585000000.0,1354600000,469200000,144100000,,,None,98400000,None,,None,,,,,324700000,0,None,None,0.0121,,835400000,519200000,,,,,None,,,,,1.973,16.07,0.211,,,,,,,,0.0068,,,2025-10-31,quarterly,2.55,USD,pre-market,0,,0.0344,0.0,0.224,977.31,828900000,,,,160.77,193.06,16.9725,,,,,,,23282700000,,31.46,,214.93,115.86
2025-12-28,CAH,6.62,234309992000.0,31.46,,0.635,-12.1,,,,,,,,,,,,,,,None,20631200000,20631200000,,,,,,None,94900000,,2.033,0.0098,,,,0.106,0.37,510000000,604900000,2.18,2007-09-30,21.32,,8585000000.0,1342200000,446900000,143700000,,,None,90700000,None,,None,,,,,301800000,0,None,None,0.0121,,852400000,489800000,,,,,None,,,,,1.973,16.07,0.211,,,,,,,,0.0068,,,2025-10-31,quarterly,2.55,USD,pre-market,0,,0.0344,0.0,0.224,977.31,854500000,,,,160.77,193.06,16.9725,,,,,,,21973400000,,31.46,,214.93,115.86
2025-12-28,CAH,6.62,234309992000.0,31.46,,0.635,-12.1,,,,,,,,,,,,,,,None,20905400000,20905400000,,,,,,None,85000000,,2.033,0.0098,,,,0.106,0.37,519800000,604800000,2.18,2007-06-30,21.32,,8585000000.0,1357500000,401400000,163700000,,,None,428500000,None,,None,,,,,902200000,0,None,None,0.0121,,936900000,420600000,,,,,None,,,,,1.973,16.07,0.211,,,,,,,,0.0068,,,2025-10-31,quarterly,2.55,USD,pre-market,102800000,,0.0344,0.0,0.224,977.31,819300000,,,,160.77,193.06,16.9725,,,,,,,22262900000,,31.46,,214.93,115.86
2025-12-28,CAH,6.62,234309992000.0,31.46,,0.635,-12.1,,,,,,,,,,,,,,,None,20479600000,20479600000,,,,,,None,81700000,,2.033,0.0098,,,,0.106,0.37,-300000,81400000,2.18,2007-03-31,21.32,,8585000000.0,1387500000,-42000000,-37100000,,,None,121100000,None,,None,,,,,19000000,0,None,None,0.0121,,1397300000,-9800000,,,,,None,,,,,1.973,16.07,0.211,,,,,,,,0.0068,,,2025-10-31,quarterly,2.55,USD,pre-market,0,,0.0344,0.0,0.224,977.31,807300000,,,,160.77,193.06,16.9725,,,,,,,21867100000,,31.46,,214.93,115.86
2025-12-28,CAH,6.62,234309992000.0,31.46,,0.635,-12.1,,,,,,,,,,,,,,,None,20484700000,20484700000,,,,,,None,77000000,,2.033,0.0098,,,,0.106,0.37,531000000,608000000,2.18,2006-12-31,21.32,,8585000000.0,1299900000,479700000,164000000,,,None,339900000,None,,None,,,,,739300000,0,None,None,0.0121,,788000000,511900000,,,,,None,,,,,1.973,16.07,0.211,,,,,,,,0.0068,,,2025-10-31,quarterly,2.55,USD,pre-market,0,,0.0344,0.0,0.224,977.31,755600000,,,,160.77,193.06,16.9725,,,,,,,21784600000,,31.46,,214.93,115.86
2025-12-28,CAH,6.62,234309992000.0,31.46,,0.635,-12.1,,,,,,,,,,,,,,,None,19737000000,19737000000,,,,,,None,78400000,,2.033,0.0098,,,,0.106,0.37,464900000,543300000,2.18,2006-09-30,21.32,,8585000000.0,1298900000,416000000,122000000,,,None,633400000,None,,None,,,,,270700000,0,None,None,0.0121,,749300000,451200000,,,,,None,,,,,1.973,16.07,0.211,,,,,,,,0.0068,,,2025-10-31,quarterly,2.55,USD,pre-market,0,,0.0344,0.0,0.224,977.31,781700000,,,,160.77,193.06,16.9725,,,,,,,20937500000,,31.46,,214.93,115.86
2025-12-28,CAH,6.62,234309992000.0,31.46,,0.635,-12.1,,,,,,,,,,,,,,,None,20280900000,20280900000,,,,,,None,101600000,,2.033,0.0098,,,,0.106,0.37,545600000,647200000,2.18,2006-06-30,21.32,,8585000000.0,1427400000,501000000,162200000,,,None,101600000,None,,None,,,,,321000000,0,None,None,0.0121,,893100000,534300000,,,,,None,,,,,1.973,16.07,0.211,,,,,,,,0.0068,,,2025-10-31,quarterly,2.55,USD,pre-market,133300000,,0.0344,0.0,0.224,977.31,853900000,,,,160.77,193.06,16.9725,,,,,,,21708300000,,31.46,,214.93,115.86
2025-12-28,CAH,6.62,234309992000.0,31.46,,0.635,-12.1,,,,,,,,,,,,,,,None,18958800000,18958800000,,,,,,None,74200000,,2.033,0.0098,,,,0.106,0.37,553300000,627500000,2.18,2006-03-31,21.32,,8585000000.0,1369200000,525000000,169200000,,,None,80100000,None,,None,,,,,146800000,0,None,None,0.0121,,719500000,534900000,,,,,None,,,,,1.973,16.07,0.211,,,,,,,,0.0068,,,2025-10-31,quarterly,2.55,USD,pre-market,0,,0.0344,0.0,0.224,977.31,815600000,,,,160.77,193.06,16.9725,,,,,,,20213200000,,31.46,,214.93,115.86
2025-12-28,CAH,6.62,234309992000.0,31.46,,0.635,-12.1,,,,,,,,,,,,,,,None,18181200000,18181200000,,,,,,None,44600000,,2.033,0.0098,,,,0.106,0.37,472300000,516900000,2.18,2005-12-31,21.32,,8585000000.0,1307200000,450500000,144700000,,,None,81900000,None,,None,,,,,304000000,0,None,None,0.0121,,708600000,457100000,,,,,None,,,,,1.973,16.07,0.211,,,,,,,,0.0068,,,2025-10-31,quarterly,2.55,USD,pre-market,0,,0.0344,0.0,0.224,977.31,796700000,,,,160.77,193.06,16.9725,,,,,,,19346900000,,31.46,,214.93,115.86
2025-12-28,CAH,6.62,234309992000.0,31.46,,0.635,-12.1,,,,,,,,,,,,,,,None,18043000000,18043000000,,,,,,None,101000000,,2.033,0.0098,,,,0.106,0.37,395200000,496200000,2.18,2005-09-30,21.32,,8585000000.0,1213200000,340700000,108200000,,,None,310900000,None,,None,,,,,228300000,0,None,None,0.0121,,817500000,376700000,,,,,None,,,,,1.973,16.07,0.211,,,,,,,,0.0068,,,2025-10-31,quarterly,2.55,USD,pre-market,0,,0.0344,0.0,0.224,977.31,778600000,,,,160.77,193.06,16.9725,,,,,,,19237200000,,31.46,,214.93,115.86
2025-12-28,CAH,6.62,234309992000.0,31.46,,0.635,-12.1,,,,,,,,,,,,,,,None,214410000000,214410000000,,,,,,None,790000000,,2.033,0.0098,,,,0.106,0.37,2316000000,3106000000,2.18,2025-06-30,21.32,,8585000000.0,8168000000,2101000000,532000000,,,None,215000000,215000000,,None,,,,,1561000000,1569000000,-215000000,None,0.0121,,5893000000,2275000000,,,,,None,,,,,1.973,16.07,0.211,,,,,,,,0.0068,,,2025-10-31,annual,2.55,USD,pre-market,None,,0.0344,0.0,0.224,977.31,5382000000,,,,160.77,193.06,16.9725,,,,,,,222578000000,,31.46,,214.93,115.86
2025-12-28,CAH,6.62,234309992000.0,31.46,,0.635,-12.1,,,,,,,,,,,,,,,None,219413000000,219413000000,,,,,,None,710000000,,2.033,0.0098,,,,0.106,0.37,1252000000,1962000000,2.18,2024-06-30,21.32,,8585000000.0,7414000000,1201000000,348000000,,,None,51000000,51000000,,None,,,,,852000000,853000000,-51000000,None,0.0121,,6171000000,1243000000,,,,,None,,,,,1.973,16.07,0.211,,,,,,,,0.0068,,,2025-10-31,annual,2.55,USD,pre-market,None,,0.0344,0.0,0.224,977.31,5000000000,,,,160.77,193.06,16.9725,,,,,,,226827000000,,31.46,,214.93,115.86
2025-12-28,CAH,6.62,234309992000.0,31.46,,0.635,-12.1,,,,,,,,,,,,,,,None,198105000000,198105000000,,,,,,None,692000000,,2.033,0.0098,,,,0.106,0.37,747000000,1439000000,2.18,2023-06-30,21.32,,8585000000.0,6889000000,663000000,332000000,,,None,84000000,93000000,,None,,,,,330000000,262000000,-93000000,None,0.0121,,6122000000,752000000,,,,,4000000,,,,,1.973,16.07,0.211,,,,,,,,0.0068,,,2025-10-31,annual,2.55,USD,pre-market,None,,0.0344,0.0,0.224,977.31,4834000000,,,,160.77,193.06,16.9725,,,,,,,204979000000,,31.46,,214.93,115.86
2025-12-28,CAH,6.62,234309992000.0,31.46,,0.635,-12.1,,,,,,,,,,,,,,,None,174842000000,174842000000,,,,,,None,692000000,,2.033,0.0098,,,,0.106,0.37,-637000000,55000000,2.18,2022-06-30,21.32,,8585000000.0,6484000000,-784000000,153000000,,,None,147000000,147000000,,None,,,,,-938000000,-932000000,-149000000,None,0.0121,,7091000000,-607000000,,,,,-24000000,,,,,1.973,16.07,0.211,,,,,,,,0.0068,,,2025-10-31,annual,2.55,USD,pre-market,None,,0.0344,0.0,0.224,977.31,4557000000,,,,160.77,193.06,16.9725,,,,,,,181326000000,,31.46,,214.93,115.86
2025-12-28,CAH,6.62,234309992000.0,31.46,,0.635,-12.1,,,,,,,,,,,,,,,None,155689000000,155689000000,,,,,,None,783000000,,2.033,0.0098,,,,0.106,0.37,503000000,1286000000,2.18,2021-06-30,21.32,,8585000000.0,6778000000,323000000,-289000000,,,None,180000000,182000000,,None,,,,,611000000,612000000,-180000000,None,0.0121,,6306000000,472000000,,,,,31000000,,,,,1.973,16.07,0.211,,,,,,,,0.0068,,,2025-10-31,annual,2.55,USD,pre-market,None,,0.0344,0.0,0.224,977.31,4533000000,,,,160.77,193.06,16.9725,,,,,,,162467000000,,31.46,,214.93,115.86
2025-12-28,CAH,6.62,234309992000.0,31.46,,0.635,-12.1,,,,,,,,,,,,,,,None,146054000000,146054000000,,,,,,None,913000000,,2.033,0.0098,,,,0.106,0.37,-3534000000,-2621000000,2.18,2020-06-30,21.32,,8585000000.0,6868000000,-3772000000,-79000000,,,None,238000000,341000000,,None,,,,,-3693000000,-3693000000,-238000000,None,0.0121,,10966000000,-4098000000,,,,,-15000000,,,,,1.973,16.07,0.211,,,,,,,,0.0068,,,2025-10-31,annual,2.55,USD,pre-market,None,,0.0344,0.0,0.224,977.31,4572000000,,,,160.77,193.06,16.9725,,,,,,,152922000000,,31.46,,214.93,115.86
2025-12-28,CAH,6.62,234309992000.0,31.46,,0.635,-12.1,,,,,,,,,,,,,,,None,138700000000,138700000000,,,,,,None,1000000000,,2.033,0.0098,,,,0.106,0.37,2045000000,3045000000,2.18,2019-06-30,21.32,,8585000000.0,6834000000,1751000000,386000000,,,None,294000000,307000000,,None,,,,,1363000000,2137000000,-294000000,None,0.0121,,4774000000,2060000000,,,,,-15000000,,,,,1.973,16.07,0.211,,,,,,,,0.0068,,,2025-10-31,annual,2.55,USD,pre-market,None,,0.0344,0.0,0.224,977.31,4480000000,,,,160.77,193.06,16.9725,,,,,,,145534000000,,31.46,,214.93,115.86
2025-12-28,CAH,6.62,234309992000.0,31.46,,0.635,-12.1,,,,,,,,,,,,,,,None,129628000000,129628000000,,,,,,None,1032000000,,2.033,0.0098,,,,0.106,0.37,101000000,1133000000,2.18,2018-06-30,21.32,,8585000000.0,7181000000,-228000000,-487000000,,,None,329000000,334000000,,None,,,,,256000000,-715000000,-329000000,None,0.0121,,7055000000,126000000,,,,,-25000000,,,,,1.973,16.07,0.211,,,,,,,,0.0068,,,2025-10-31,annual,2.55,USD,pre-market,0,,0.0344,0.0,0.224,977.31,4596000000,,,,160.77,193.06,16.9725,,,,,,,136809000000,,31.46,,214.93,115.86
2025-12-28,CAH,6.62,234309992000.0,31.46,,0.635,-12.1,,,,,,,,,,,,,,,None,123432000000,123432000000,,,,,,None,717000000,,2.033,0.0098,,,,0.106,0.37,2125000000,2842000000,2.18,2017-06-30,21.32,,8585000000.0,6544000000,1924000000,630000000,,,None,201000000,206000000,,None,,,,,1288000000,1294000000,-201000000,None,0.0121,,4424000000,2120000000,,,,,5000000,,,,,1.973,16.07,0.211,,,,,,,,0.0068,,,2025-10-31,annual,2.55,USD,pre-market,0,,0.0344,0.0,0.224,977.31,3775000000,,,,160.77,193.06,16.9725,,,,,,,129976000000,,31.46,,214.93,115.86
2025-12-28,CAH,6.62,234309992000.0,31.46,,0.635,-12.1,,,,,,,,,,,,,,,None,115003000000,115003000000,,,,,,None,641000000,,2.033,0.0098,,,,0.106,0.37,2454000000,3095000000,2.18,2016-06-30,21.32,,8585000000.0,6543000000,2276000000,845000000,,,None,178000000,195000000,,None,,,,,1427000000,1431000000,-178000000,None,0.0121,,4084000000,2459000000,,,,,-5000000,,,,,1.973,16.07,0.211,,,,,,,,0.0068,,,2025-10-31,annual,2.55,USD,pre-market,0,,0.0344,0.0,0.224,977.31,3648000000,,,,160.77,193.06,16.9725,,,,,,,121546000000,,31.46,,214.93,115.86
2025-12-28,CAH,6.62,234309992000.0,31.46,,0.635,-12.1,,,,,,,,,,,,,,,None,96819000000,96819000000,,,,,,None,451000000,,2.033,0.0098,,,,0.106,0.37,2108000000,2559000000,2.18,2015-06-30,21.32,,8585000000.0,5712000000,1967000000,755000000,,,None,141000000,186000000,,None,,,,,1215000000,1212000000,None,None,0.0121,,3551000000,2161000000,,,,,-53000000,,,,,1.973,16.07,0.211,,,,,,,,0.0068,,,2025-10-31,annual,2.55,USD,pre-market,0,,0.0344,0.0,0.224,977.31,3240000000,,,,160.77,193.06,16.9725,,,,,,,102531000000,,31.46,,214.93,115.86
2025-12-28,CAH,6.62,234309992000.0,31.46,,0.635,-12.1,,,,,,,,,,,,,,,None,85923000000,85923000000,,,,,,None,459000000,,2.033,0.0098,,,,0.106,0.37,1931000000,2390000000,2.18,2014-06-30,21.32,,8585000000.0,5161000000,1798000000,635000000,,,None,133000000,None,,None,,,,,1166000000,1163000000,None,None,0.0121,,3276000000,1885000000,,,,,46000000,,,,,1.973,16.07,0.211,,,,,,,,0.0068,,,2025-10-31,annual,2.55,USD,pre-market,0,,0.0344,0.0,0.224,977.31,3028000000,,,,160.77,193.06,16.9725,,,,,,,91084000000,,31.46,,214.93,115.86
2025-12-28,CAH,6.62,234309992000.0,31.46,,0.635,-12.1,,,,,,,,,,,,,,,None,96172000000,96172000000,,,,,,None,397000000,,2.033,0.0098,,,,0.106,0.37,1011000000,1408000000,2.18,2013-06-30,21.32,,8585000000.0,4921000000,888000000,553000000,,,None,123000000,None,,None,,,,,334000000,335000000,None,None,0.0121,,3925000000,996000000,,,,,15000000,,,,,1.973,16.07,0.211,,,,,,,,0.0068,,,2025-10-31,annual,2.55,USD,pre-market,0,,0.0344,0.0,0.224,977.31,2875000000,,,,160.77,193.06,16.9725,,,,,,,101093000000,,31.46,,214.93,115.86
2025-12-28,CAH,6.62,234309992000.0,31.46,,0.635,-12.1,,,,,,,,,,,,,,,None,103011000000,103011000000,,,,,,None,325000000,,2.033,0.0098,,,,0.106,0.37,1793000000,2118000000,2.18,2012-06-30,21.32,,8585000000.0,4541000000,1698000000,628000000,,,None,95000000,None,,None,,,,,1069000000,1070000000,None,None,0.0121,,2749000000,1792000000,,,,,1000000,,,,,1.973,16.07,0.211,,,,,,,,0.0068,,,2025-10-31,annual,2.55,USD,pre-market,0,,0.0344,0.0,0.224,977.31,2677000000,,,,160.77,193.06,16.9725,,,,,,,107552000000,,31.46,,214.93,115.86
2025-12-28,CAH,6.62,234309992000.0,31.46,,0.635,-12.1,,,,,,,,,,,,,,,None,98482000000,98482000000,,,,,,None,313000000,,2.033,0.0098,,,,0.106,0.37,1611000000,1924000000,2.18,2011-06-30,21.32,,8585000000.0,4162000000,1518300000,552100000,,,None,93000000,None,,None,,,,,959000000,966200000,None,None,0.0121,,2648000000,1514000000,,,,,21800000,,,,,1.973,16.07,0.211,,,,,,,,0.0068,,,2025-10-31,annual,2.55,USD,pre-market,0,,0.0344,0.0,0.224,977.31,2594800000,,,,160.77,193.06,16.9725,,,,,,,102644000000,,31.46,,214.93,115.86
2025-12-28,CAH,6.62,234309992000.0,31.46,,0.635,-12.1,,,,,,,,,,,,,,,None,94722000000,94722000000,,,,,,None,254000000,,2.033,0.0098,,,,0.106,0.37,1325000000,1579000000,2.18,2010-06-30,21.32,,8585000000.0,3780700000,1211600000,624600000,,,None,113000000,None,,None,,,,,642200000,587000000,None,None,0.0121,,2474000000,1307000000,,,,,-26400000,,,,,1.973,16.07,0.211,,,,,,,,0.0068,,,2025-10-31,annual,2.55,USD,pre-market,None,,0.0344,0.0,0.224,977.31,2408000000,,,,160.77,193.06,16.9725,,,,,,,98503000000,,31.46,,214.93,115.86
2025-12-28,CAH,6.62,234309992000.0,31.46,,0.635,-12.1,,,,,,,,,,,,,,,None,92244000000,92244000000,,,,,,None,225800000,,2.033,0.0098,,,,0.106,0.37,1414000000,1639800000,2.18,2009-06-30,21.32,,8585000000.0,5526400000,1667000000,524200000,,,None,218700000,None,,None,,,,,1151600000,None,None,None,0.0121,,2460100000,1287400000,,,,,None,,,,,1.973,16.07,0.211,,,,,,,,0.0068,,,2025-10-31,annual,2.55,USD,pre-market,167100000,,0.0344,0.0,0.224,977.31,3438300000,,,,160.77,193.06,16.9725,,,,,,,95991500000,,31.46,,214.93,115.86
2025-12-28,CAH,6.62,234309992000.0,31.46,,0.635,-12.1,,,,,,,,,,,,,,,None,83631100000,83631100000,,,,,,None,220000000,,2.033,0.0098,,,,0.106,0.37,1436500000,1656500000,2.18,2008-06-30,21.32,,8585000000.0,5634100000,1949800000,633900000,,,None,136100000,None,,None,,,,,1300600000,None,None,None,0.0121,,2384700000,1392400000,,,,,None,,,,,1.973,16.07,0.211,,,,,,,,0.0068,,,2025-10-31,annual,2.55,USD,pre-market,152900000,,0.0344,0.0,0.224,977.31,3414800000,,,,160.77,193.06,16.9725,,,,,,,87408200000,,31.46,,214.93,115.86
2025-12-28,CAH,6.62,234309992000.0,31.46,,0.635,-12.1,,,,,,,,,,,,,,,None,81606700000,81606700000,,,,,,None,322100000,,2.033,0.0098,,,,0.106,0.37,1515300000,1837400000,2.18,2007-06-30,21.32,,8585000000.0,5245300000,1252300000,412600000,,,None,121400000,None,,None,,,,,1931100000,None,None,None,0.0121,,3871600000,1373700000,,,,,None,,,,,1.973,16.07,0.211,,,,,,,,0.0068,,,2025-10-31,annual,2.55,USD,pre-market,102800000,,0.0344,0.0,0.224,977.31,3082300000,,,,160.77,193.06,16.9725,,,,,,,86852000000,,31.46,,214.93,115.86
2025-12-28,CAH,6.62,234309992000.0,31.46,,0.635,-12.1,,,,,,,,,,,,,,,None,74850200000,74850200000,,,,,,None,297600000,,2.033,0.0098,,,,0.106,0.37,1917900000,2215500000,2.18,2006-06-30,21.32,,8585000000.0,5280900000,1835000000,577100000,,,None,104500000,None,,None,,,,,1000100000,None,None,None,0.0121,,2969100000,1844900000,,,,,None,,,,,1.973,16.07,0.211,,,,,,,,0.0068,,,2025-10-31,annual,2.55,USD,pre-market,133300000,,0.0344,0.0,0.224,977.31,3199300000,,,,160.77,193.06,16.9725,,,,,,,79664200000,,31.46,,214.93,115.86
2025-12-28,CAH,6.62,234309992000.0,31.46,None,0.635,-12.1,,None,4593000000,4593000000,,,,,,,,,2746000000,239000000,None,74850200000,74850200000,36860000000,None,52000000,13770000000,None,None,297600000,,2.033,0.0098,,,,0.106,0.37,1917900000,2215500000,2.18,2025-09-30,21.32,9711000000,8585000000.0,5280900000,1835000000,577100000,2399000000,2399000000,None,104500000,None,17559000000,None,None,8980000000,None,None,1000100000,None,None,None,0.0121,,2969100000,1844900000,2615000000,3356000000,None,8711000000,None,,,,,1.973,16.07,0.211,,,,,,,,0.0068,,2831000000,2025-10-31,quarterly,2.55,USD,pre-market,133300000,1116000000,0.0344,0.0,0.224,977.31,3199300000,9032000000,52000000,None,160.77,193.06,16.9725,55228000000,38537000000,40268000000,57959000000,16691000000,17839000000,79664200000,-2879000000,31.46,None,214.93,115.86
2025-12-28,CAH,6.62,234309992000.0,31.46,None,0.635,-12.1,,None,3874000000,3874000000,,,,,,,,,2956000000,240000000,None,74850200000,74850200000,34713000000,None,550000000,13242000000,None,None,297600000,,2.033,0.0098,,,,0.106,0.37,1917900000,2215500000,2.18,2025-06-30,21.32,9691000000,8585000000.0,5280900000,1835000000,577100000,2486000000,2486000000,None,104500000,None,16831000000,None,None,7977000000,None,None,1000100000,None,None,None,0.0121,,2969100000,1844900000,2426000000,3470000000,None,8882000000,None,,,,,1.973,16.07,0.211,,,,,,,,0.0068,,2858000000,2025-10-31,quarterly,2.55,USD,pre-market,133300000,783000000,0.0344,0.0,0.224,977.31,3199300000,9345000000,714000000,None,160.77,193.06,16.9725,53122000000,36373000000,38897000000,55756000000,16749000000,16859000000,79664200000,-2781000000,31.46,None,214.93,115.86
2025-12-28,CAH,6.62,234309992000.0,31.46,None,0.635,-12.1,,None,3326000000,3326000000,,,,,,,,,2946000000,241000000,None,74850200000,74850200000,32812000000,None,543000000,12666000000,None,None,297600000,,2.033,0.0098,,,,0.106,0.37,1917900000,2215500000,2.18,2025-03-31,21.32,8906000000,8585000000.0,5280900000,1835000000,577100000,2108000000,2108000000,None,104500000,None,16158000000,None,None,7136000000,None,None,1000100000,None,None,None,0.0121,,2969100000,1844900000,2445000000,3307000000,None,7971000000,None,,,,,1.973,16.07,0.211,,,,,,,,0.0068,,2664000000,2025-10-31,quarterly,2.55,USD,pre-market,133300000,664000000,0.0344,0.0,0.224,977.31,3199300000,7679000000,543000000,None,160.77,193.06,16.9725,49871000000,34595000000,36662000000,51769000000,15276000000,15107000000,79664200000,-2948000000,31.46,None,214.93,115.86
2025-12-28,CAH,6.62,234309992000.0,31.46,None,0.635,-12.1,,None,3810000000,3810000000,,,,,,,,,2932000000,243000000,None,74850200000,74850200000,31298000000,None,544000000,12369000000,None,None,297600000,,2.033,0.0098,,,,0.106,0.37,1917900000,2215500000,2.18,2024-12-31,21.32,5488000000,8585000000.0,5280900000,1835000000,577100000,1948000000,1948000000,None,104500000,None,16904000000,None,None,7062000000,None,None,1000100000,None,None,None,0.0121,,2969100000,1844900000,2673000000,3381000000,None,7638000000,None,,,,,1.973,16.07,0.211,,,,,,,,0.0068,,2558000000,2025-10-31,quarterly,2.55,USD,pre-market,133300000,283000000,0.0344,0.0,0.224,977.31,3199300000,7606000000,544000000,None,160.77,193.06,16.9725,47002000000,35756000000,35223000000,49923000000,11246000000,14700000000,79664200000,-2991000000,31.46,None,214.93,115.86
2025-12-28,CAH,6.62,234309992000.0,31.46,None,0.635,-12.1,,None,2867000000,2867000000,,,,,,,,,2827000000,245000000,None,74850200000,74850200000,30365000000,None,940000000,11781000000,None,None,297600000,,2.033,0.0098,,,,0.106,0.37,1917900000,2215500000,2.18,2024-09-30,21.32,4725000000,8585000000.0,5280900000,1835000000,577100000,1663000000,1663000000,None,104500000,None,15619000000,None,None,4224000000,None,None,1000100000,None,None,None,0.0121,,2969100000,1844900000,2638000000,3373000000,None,7433000000,None,,,,,1.973,16.07,0.211,,,,,,,,0.0068,,2535000000,2025-10-31,quarterly,2.55,USD,pre-market,133300000,14000000,0.0344,0.0,0.224,977.31,3199300000,5164000000,940000000,None,160.77,193.06,16.9725,43059000000,32905000000,34678000000,46335000000,10154000000,11657000000,79664200000,-3277000000,31.46,None,214.93,115.86
2025-12-28,CAH,6.62,234309992000.0,31.46,None,0.635,-12.1,,None,5133000000,5133000000,,,,,,,,,2917000000,245000000,None,74850200000,74850200000,31759000000,None,434000000,12084000000,None,None,297600000,,2.033,0.0098,,,,0.106,0.37,1917900000,2215500000,2.18,2024-06-30,21.32,4725000000,8585000000.0,5280900000,1835000000,577100000,1725000000,1725000000,None,104500000,None,14957000000,None,None,4658000000,None,None,1000100000,None,None,None,0.0121,,2969100000,1844900000,2710000000,3447000000,None,8035000000,None,,,,,1.973,16.07,0.211,,,,,,,,0.0068,,None,2025-10-31,quarterly,2.55,USD,pre-market,133300000,-286000000,0.0344,0.0,0.224,977.31,3199300000,5609000000,551000000,200000000,160.77,193.06,16.9725,45121000000,34884000000,35640000000,48333000000,10237000000,12693000000,79664200000,-3213000000,31.46,None,214.93,115.86
2025-12-28,CAH,6.62,234309992000.0,31.46,None,0.635,-12.1,,None,3718000000,3718000000,,,,,,,,,2887000000,245000000,None,74850200000,74850200000,32089000000,None,1187000000,11566000000,None,None,297600000,,2.033,0.0098,,,,0.106,0.37,1917900000,2215500000,2.18,2024-03-31,21.32,4788000000,8585000000.0,5280900000,1835000000,577100000,1719000000,1719000000,None,104500000,None,17277000000,None,None,4667000000,None,None,1000100000,None,None,None,0.0121,,2969100000,1844900000,3173000000,3030000000,None,8169000000,None,,,,,1.973,16.07,0.211,,,,,,,,0.0068,,None,2025-10-31,quarterly,2.55,USD,pre-market,133300000,-289000000,0.0344,0.0,0.224,977.31,3199300000,5854000000,1187000000,None,160.77,193.06,16.9725,45880000000,35734000000,36306000000,49142000000,10146000000,12836000000,79664200000,-3265000000,31.46,None,214.93,115.86
2025-12-28,CAH,6.62,234309992000.0,31.46,None,0.635,-12.1,,None,4591000000,4591000000,,,,,,,,,2855000000,246000000,None,74850200000,74850200000,34259000000,None,1188000000,11788000000,None,None,297600000,,2.033,0.0098,,,,0.106,0.37,1917900000,2215500000,2.18,2023-12-31,21.32,4024000000,8585000000.0,5280900000,1835000000,577100000,1347000000,1347000000,None,104500000,None,18451000000,None,None,3535000000,None,None,1000100000,None,None,None,0.0121,,2969100000,1844900000,2828000000,2839000000,None,8199000000,None,,,,,1.973,16.07,0.211,,,,,,,,0.0068,,None,2025-10-31,quarterly,2.55,USD,pre-market,133300000,-425000000,0.0344,0.0,0.224,977.31,3199300000,4723000000,1188000000,None,160.77,193.06,16.9725,46573000000,37658000000,38286000000,50020000000,8915000000,11734000000,79664200000,-3449000000,31.46,None,214.93,115.86
2025-12-28,CAH,6.62,234309992000.0,31.46,None,0.635,-12.1,,None,3854000000,3854000000,,,,,,,,,2728000000,250000000,None,74850200000,74850200000,31540000000,None,788000000,11265000000,None,None,297600000,,2.033,0.0098,,,,0.106,0.37,1917900000,2215500000,2.18,2023-09-30,21.32,4025000000,8585000000.0,5280900000,1835000000,577100000,1407000000,1407000000,None,104500000,None,16987000000,None,None,3890000000,None,None,1000100000,None,None,None,0.0121,,2969100000,1844900000,2582000000,2737000000,None,8245000000,None,,,,,1.973,16.07,0.211,,,,,,,,0.0068,,2441000000,2025-10-31,quarterly,2.55,USD,pre-market,133300000,-654000000,0.0344,0.0,0.224,977.31,3199300000,4678000000,788000000,None,160.77,193.06,16.9725,43710000000,34688000000,35065000000,47200000000,9022000000,12135000000,79664200000,-3491000000,31.46,None,214.93,115.86
2025-12-28,CAH,6.62,234309992000.0,31.46,None,0.635,-12.1,,None,4076000000,4076000000,,,,,,,,,2746000000,254000000,None,74850200000,74850200000,29934000000,None,792000000,11108000000,None,None,297600000,,2.033,0.0098,,,,0.106,0.37,1917900000,2215500000,2.18,2023-06-30,21.32,4613000000,8585000000.0,5280900000,1835000000,577100000,1472000000,1472000000,None,104500000,None,16119000000,None,None,3909000000,None,None,1000100000,None,None,None,0.0121,,2969100000,1844900000,2434000000,3014000000,None,8653000000,None,,,,,1.973,16.07,0.211,,,,,,,,0.0068,,2462000000,2025-10-31,quarterly,2.55,USD,pre-market,133300000,-642000000,0.0344,0.0,0.224,977.31,3199300000,4701000000,792000000,None,160.77,193.06,16.9725,43349000000,33737000000,33740000000,46306000000,9612000000,12566000000,79664200000,-2958000000,31.46,-4914000000,214.93,115.86
2025-12-28,CAH,6.62,234309992000.0,31.46,None,0.635,-12.1,,None,3990000000,3990000000,,,,,,,,,2818000000,258000000,None,74850200000,74850200000,29601000000,None,26000000,10992000000,None,None,297600000,,2.033,0.0098,,,,0.106,0.37,1917900000,2215500000,2.18,2023-03-31,21.32,5000000000,8585000000.0,5280900000,1835000000,577100000,1567000000,1567000000,None,104500000,None,16620000000,None,None,4708000000,None,None,1000100000,None,None,None,0.0121,,2969100000,1844900000,1895000000,2876000000,None,8384000000,None,,,,,1.973,16.07,0.211,,,,,,,,0.0068,,2362000000,2025-10-31,quarterly,2.55,USD,pre-market,133300000,-342000000,0.0344,0.0,0.224,977.31,3199300000,4734000000,26000000,None,160.77,193.06,16.9725,43377000000,33497000000,32503000000,45595000000,9880000000,13092000000,79664200000,-2220000000,31.46,-4554000000,214.93,115.86
2025-12-28,CAH,6.62,234309992000.0,31.46,None,0.635,-12.1,,None,3654000000,3654000000,,,,,,,,,2747000000,261000000,None,74850200000,74850200000,30083000000,None,577000000,11421000000,None,None,297600000,,2.033,0.0098,,,,0.106,0.37,1917900000,2215500000,2.18,2022-12-31,21.32,4986000000,8585000000.0,5280900000,1835000000,577100000,1632000000,1632000000,None,104500000,None,17263000000,None,None,4685000000,None,None,1000100000,None,None,None,0.0121,,2969100000,1844900000,2258000000,2552000000,None,8797000000,None,,,,,1.973,16.07,0.211,,,,,,,,0.0068,,2341000000,2025-10-31,quarterly,2.55,USD,pre-market,133300000,-560000000,0.0344,0.0,0.224,977.31,3199300000,5262000000,577000000,None,160.77,193.06,16.9725,44482000000,34596000000,33212000000,46694000000,9886000000,13482000000,79664200000,-2213000000,31.46,-4254000000,214.93,115.86
2025-12-28,CAH,6.62,234309992000.0,31.46,None,0.635,-12.1,,None,3492000000,3492000000,,,,,,,,,2576000000,273000000,None,74850200000,74850200000,28362000000,None,578000000,11039000000,None,None,297600000,,2.033,0.0098,,,,0.106,0.37,1917900000,2215500000,2.18,2022-09-30,21.32,5675000000,8585000000.0,5280900000,1835000000,577100000,1692000000,1692000000,None,104500000,None,15891000000,None,None,4689000000,None,None,1000100000,None,None,None,0.0121,,2969100000,1844900000,2274000000,2619000000,None,4689000000,None,,,,,1.973,16.07,0.211,,,,,,,,0.0068,,2339000000,2025-10-31,quarterly,2.55,USD,pre-market,133300000,-301000000,0.0344,0.0,0.224,977.31,3199300000,5267000000,578000000,None,160.77,193.06,16.9725,43387000000,32696000000,31559000000,45167000000,10691000000,13608000000,79664200000,-1781000000,31.46,-3880000000,214.93,115.86
2025-12-28,CAH,6.62,234309992000.0,31.46,None,0.635,-12.1,,None,4717000000,4717000000,,,,,,,,,2813000000,275000000,None,74850200000,74850200000,27128000000,None,580000000,10561000000,None,None,297600000,,2.033,0.0098,,,,0.106,0.37,1917900000,2215500000,2.18,2022-06-30,21.32,5855000000,8585000000.0,5280900000,1835000000,577100000,1774000000,1774000000,None,104500000,None,15636000000,None,None,4735000000,None,None,1000100000,None,None,None,0.0121,,2969100000,1844900000,2021000000,2842000000,None,None,None,,,,,1.973,16.07,0.211,,,,,,,,0.0068,,2361000000,2025-10-31,quarterly,2.55,USD,pre-market,133300000,-280000000,0.0344,0.0,0.224,977.31,3199300000,5315000000,580000000,None,160.77,193.06,16.9725,43878000000,32935000000,30550000000,44584000000,10943000000,14034000000,79664200000,-709000000,31.46,-3128000000,214.93,115.86
2025-12-28,CAH,6.62,234309992000.0,31.46,None,0.635,-12.1,,None,2356000000,2356000000,,,,,,,,,2761000000,275000000,None,74850200000,74850200000,24821000000,None,861000000,10250000000,None,None,297600000,,2.033,0.0098,,,,0.106,0.37,1917900000,2215500000,2.18,2022-03-31,21.32,6167000000,8585000000.0,5280900000,1835000000,577100000,1855000000,1855000000,None,104500000,None,15493000000,None,None,4751000000,None,None,1000100000,None,None,None,0.0121,,2969100000,1844900000,2785000000,3033000000,None,None,None,,,,,1.973,16.07,0.211,,,,,,,,0.0068,,2298000000,2025-10-31,quarterly,2.55,USD,pre-market,133300000,-281000000,0.0344,0.0,0.224,977.31,3199300000,5612000000,861000000,None,160.77,193.06,16.9725,42111000000,30884000000,28715000000,42804000000,11227000000,14089000000,79664200000,-697000000,31.46,-3100000000,214.93,115.86
2025-12-28,CAH,6.62,234309992000.0,31.46,None,0.635,-12.1,,None,3161000000,3161000000,,,,,,,,,2721000000,281000000,None,74850200000,74850200000,24759000000,None,301000000,9406000000,None,None,297600000,,2.033,0.0098,,,,0.106,0.37,1917900000,2215500000,2.18,2021-12-31,21.32,6656000000,8585000000.0,5280900000,1835000000,577100000,1943000000,1943000000,None,104500000,None,14941000000,None,None,5342000000,None,None,1000100000,None,None,None,0.0121,,2969100000,1844900000,4339000000,2669000000,None,None,None,,,,,1.973,16.07,0.211,,,,,,,,0.0068,,2321000000,2025-10-31,quarterly,2.55,USD,pre-market,133300000,1245000000,0.0344,0.0,0.224,977.31,3199300000,5643000000,301000000,None,160.77,193.06,16.9725,43680000000,31847000000,27729000000,42678000000,11833000000,14949000000,79664200000,998000000,31.46,-2883000000,214.93,115.86
2025-12-28,CAH,6.62,234309992000.0,31.46,None,0.635,-12.1,,None,2463000000,2463000000,,,,,,,,,2666000000,289000000,None,74850200000,74850200000,23408000000,None,301000000,9305000000,None,None,297600000,,2.033,0.0098,,,,0.106,0.37,1917900000,2215500000,2.18,2021-09-30,21.32,7979000000,8585000000.0,5280900000,1835000000,577100000,2026000000,2026000000,None,104500000,None,14720000000,None,None,5353000000,None,None,1000100000,None,None,None,0.0121,,2969100000,1844900000,3243000000,2790000000,None,None,None,,,,,1.973,16.07,0.211,,,,,,,,0.0068,,2336000000,2025-10-31,quarterly,2.55,USD,pre-market,133300000,1335000000,0.0344,0.0,0.224,977.31,3199300000,5654000000,301000000,None,160.77,193.06,16.9725,42993000000,29731000000,26499000000,41597000000,13262000000,15098000000,79664200000,1393000000,31.46,-2547000000,214.93,115.86
2025-12-28,CAH,6.62,234309992000.0,31.46,None,0.635,-12.1,,None,3407000000,3407000000,,,,,,,,,2806000000,293000000,None,74850200000,74850200000,23700000000,None,871000000,9103000000,None,None,297600000,,2.033,0.0098,,,,0.106,0.37,1917900000,2215500000,2.18,2021-06-30,21.32,7989000000,8585000000.0,5280900000,1835000000,577100000,2105000000,2105000000,None,104500000,None,14594000000,None,None,5365000000,None,None,1000100000,None,None,None,0.0121,,2969100000,1844900000,3944000000,3053000000,None,None,None,,,,,1.973,16.07,0.211,,,,,,,,0.0068,,2360000000,2025-10-31,quarterly,2.55,USD,pre-market,133300000,1205000000,0.0344,0.0,0.224,977.31,3199300000,6236000000,871000000,None,160.77,193.06,16.9725,44453000000,31048000000,27624000000,42659000000,13405000000,15035000000,79664200000,1791000000,31.46,-2186000000,214.93,115.86
2025-12-28,CAH,6.62,234309992000.0,31.46,None,0.635,-12.1,,None,3499000000,3499000000,,,,,,,,,2807000000,294000000,None,74850200000,74850200000,22641000000,None,16000000,8727000000,None,None,297600000,,2.033,0.0098,,,,0.106,0.37,1917900000,2215500000,2.18,2021-03-31,21.32,7986000000,8585000000.0,5280900000,1835000000,577100000,2193000000,2193000000,None,104500000,None,14329000000,None,None,6715000000,None,None,1000100000,None,None,None,0.0121,,2969100000,1844900000,3807000000,2666000000,None,None,None,,,,,1.973,16.07,0.211,,,,,,,,0.0068,,2315000000,2025-10-31,quarterly,2.55,USD,pre-market,133300000,1233000000,0.0344,0.0,0.224,977.31,3199300000,6731000000,16000000,None,160.77,193.06,16.9725,43874000000,30362000000,25323000000,42080000000,13512000000,16757000000,79664200000,1790000000,31.46,-2202000000,214.93,115.86
2025-12-28,CAH,6.62,234309992000.0,31.46,None,0.635,-12.1,,None,3737000000,3737000000,,,,,,,,,2778000000,295000000,None,74850200000,74850200000,23235000000,None,13000000,8728000000,None,None,297600000,,2.033,0.0098,,,,0.106,0.37,1917900000,2215500000,2.18,2020-12-31,21.32,8399000000,8585000000.0,5280900000,1835000000,577100000,2703000000,2703000000,None,104500000,None,14443000000,None,None,6720000000,None,None,1000100000,None,None,None,0.0121,,2969100000,1844900000,3205000000,2502000000,None,None,None,,,,,1.973,16.07,0.211,,,,,,,,0.0068,,2386000000,2025-10-31,quarterly,2.55,USD,pre-market,133300000,1255000000,0.0344,0.0,0.224,977.31,3199300000,6733000000,13000000,None,160.77,193.06,16.9725,44719000000,30113000000,25750000000,42744000000,14606000000,16994000000,79664200000,1971000000,31.46,-2009000000,214.93,115.86
2025-12-28,CAH,6.62,234309992000.0,31.46,None,0.635,-12.1,,None,2746000000,2746000000,,,,,,,,,2760000000,293000000,None,74850200000,74850200000,21688000000,None,12000000,8637000000,None,None,297600000,,2.033,0.0098,,,,0.106,0.37,1917900000,2215500000,2.18,2020-09-30,21.32,8375000000,8585000000.0,5280900000,1835000000,577100000,2811000000,2811000000,None,104500000,None,13439000000,None,None,6728000000,None,None,1000100000,None,None,None,0.0121,,2969100000,1844900000,2208000000,2316000000,None,None,None,,,,,1.973,16.07,0.211,,,,,,,,0.0068,,2369000000,2025-10-31,quarterly,2.55,USD,pre-market,133300000,771000000,0.0344,0.0,0.224,977.31,3199300000,6740000000,12000000,None,160.77,193.06,16.9725,41727000000,27030000000,24016000000,40302000000,14697000000,16286000000,79664200000,1422000000,31.46,-2022000000,214.93,115.86
2025-12-28,CAH,6.62,234309992000.0,31.46,None,0.635,-12.1,,None,2771000000,2771000000,,,,,,,,,2789000000,294000000,None,74850200000,74850200000,21374000000,None,10000000,8264000000,None,None,297600000,,2.033,0.0098,,,,0.106,0.37,1917900000,2215500000,2.18,2020-06-30,21.32,8357000000,8585000000.0,5280900000,1835000000,577100000,2918000000,2918000000,None,104500000,None,13198000000,None,None,6740000000,None,None,1000100000,None,None,None,0.0121,,2969100000,1844900000,1707000000,2231000000,None,None,None,,,,,1.973,16.07,0.211,,,,,,,,0.0068,,2792000000,2025-10-31,quarterly,2.55,USD,pre-market,133300000,1170000000,0.0344,0.0,0.224,977.31,3199300000,6775000000,10000000,None,160.77,193.06,16.9725,40766000000,25940000000,23615000000,38974000000,14826000000,15359000000,79664200000,1789000000,31.46,-2066000000,214.93,115.86
2025-12-28,CAH,6.62,234309992000.0,31.46,None,0.635,-12.1,,None,2329000000,2329000000,,,,,,,,,2774000000,294000000,None,74850200000,74850200000,21984000000,None,508000000,9019000000,None,None,297600000,,2.033,0.0098,,,,0.106,0.37,1917900000,2215500000,2.18,2020-03-31,21.32,8339000000,8585000000.0,5280900000,1835000000,577100000,3039000000,3039000000,None,104500000,None,12808000000,None,None,6754000000,None,None,1000100000,None,None,None,0.0121,,2969100000,1844900000,1692000000,2179000000,None,None,None,,,,,1.973,16.07,0.211,,,,,,,,0.0068,,2299000000,2025-10-31,quarterly,2.55,USD,pre-market,133300000,656000000,0.0344,0.0,0.224,977.31,3199300000,7262000000,508000000,None,160.77,193.06,16.9725,41148000000,25848000000,24671000000,39942000000,15300000000,15271000000,79664200000,1203000000,31.46,-2086000000,214.93,115.86
2025-12-28,CAH,6.62,234309992000.0,31.46,None,0.635,-12.1,,None,1659000000,1659000000,,,,,,,,,2752000000,294000000,None,74850200000,74850200000,21459000000,None,1192000000,8280000000,None,None,297600000,,2.033,0.0098,,,,0.106,0.37,1917900000,2215500000,2.18,2019-12-31,21.32,8356000000,8585000000.0,5280900000,1835000000,577100000,3167000000,3167000000,None,104500000,None,13799000000,None,None,6742000000,None,None,1000100000,None,None,None,0.0121,,2969100000,1844900000,1998000000,2239000000,None,None,None,,,,,1.973,16.07,0.211,,,,,,,,0.0068,,2301000000,2025-10-31,quarterly,2.55,USD,pre-market,133300000,449000000,0.0344,0.0,0.224,977.31,3199300000,7934000000,1192000000,None,160.77,193.06,16.9725,41042000000,25736000000,24890000000,40040000000,15306000000,15150000000,79664200000,999000000,31.46,-2099000000,214.93,115.86
2025-12-28,CAH,6.62,234309992000.0,31.46,None,0.635,-12.1,,None,1212000000,1212000000,,,,,,,,,2669000000,296000000,None,74850200000,74850200000,19724000000,None,631000000,8190000000,None,None,297600000,,2.033,0.0098,,,,0.106,0.37,1917900000,2215500000,2.18,2019-09-30,21.32,8360000000,8585000000.0,5280900000,1835000000,577100000,3298000000,3298000000,None,104500000,None,12458000000,None,None,7360000000,None,None,1000100000,None,None,None,0.0121,,2969100000,1844900000,1855000000,2194000000,None,None,None,,,,,1.973,16.07,0.211,,,,,,,,0.0068,,2324000000,2025-10-31,quarterly,2.55,USD,pre-market,133300000,371000000,0.0344,0.0,0.224,977.31,3199300000,7991000000,631000000,None,160.77,193.06,16.9725,39179000000,23715000000,22549000000,38276000000,15464000000,15727000000,79664200000,900000000,31.46,-2039000000,214.93,115.86
2025-12-28,CAH,6.62,234309992000.0,31.46,None,0.635,-12.1,,None,2531000000,2531000000,,,,,,,,,2763000000,300000000,None,74850200000,74850200000,21535000000,None,452000000,8448000000,None,None,297600000,,2.033,0.0098,,,,0.106,0.37,1917900000,2215500000,2.18,2019-06-30,21.32,8378000000,8585000000.0,5280900000,1835000000,577100000,3430000000,3430000000,None,104500000,None,12822000000,None,None,7579000000,None,46000000,1000100000,None,None,None,0.0121,,2969100000,1844900000,1946000000,2122000000,None,None,None,,,,,1.973,16.07,0.211,,,,,,,,0.0068,,2356000000,2025-10-31,quarterly,2.55,USD,pre-market,133300000,5434000000,0.0344,0.0,0.224,977.31,3199300000,8031000000,452000000,None,160.77,193.06,16.9725,40963000000,25747000000,24109000000,34633000000,15216000000,10524000000,79664200000,6328000000,31.46,-1790000000,214.93,115.86
2025-12-28,CAH,6.62,234309992000.0,31.46,None,0.635,-12.1,,None,3438000000,3438000000,,,,,,,,,2748000000,299000000,None,74850200000,74850200000,20517000000,None,1451000000,7879000000,None,None,297600000,,2.033,0.0098,,,,0.106,0.37,1917900000,2215500000,2.18,2019-03-31,21.32,8330000000,8585000000.0,5280900000,1835000000,577100000,3530000000,3530000000,None,104500000,None,12622000000,None,None,7629000000,None,339000000,1000100000,None,None,None,0.0121,,2969100000,1844900000,1643000000,1951000000,None,None,None,,,,,1.973,16.07,0.211,,,,,,,,0.0068,,2322000000,2025-10-31,quarterly,2.55,USD,pre-market,133300000,5386000000,0.0344,0.0,0.224,977.31,3199300000,9080000000,1451000000,None,160.77,193.06,16.9725,40809000000,25582000000,23919000000,34577000000,15227000000,10658000000,79664200000,6230000000,31.46,-1793000000,214.93,115.86
2025-12-28,CAH,6.62,234309992000.0,31.46,None,0.635,-12.1,,None,2182000000,2182000000,,,,,,,,,2728000000,300000000,None,74850200000,74850200000,20610000000,None,1450000000,7932000000,None,None,297600000,,2.033,0.0098,,,,0.106,0.37,1917900000,2215500000,2.18,2018-12-31,21.32,8317000000,8585000000.0,5280900000,1835000000,577100000,3656000000,3656000000,None,104500000,None,13037000000,None,None,7599000000,None,343000000,1000100000,None,None,None,0.0121,,2969100000,1844900000,1940000000,1764000000,None,None,None,,,,,1.973,16.07,0.211,,,,,,,,0.0068,,2376000000,2025-10-31,quarterly,2.55,USD,pre-market,133300000,5233000000,0.0344,0.0,0.224,977.31,3199300000,9049000000,1450000000,None,160.77,193.06,16.9725,40462000000,25091000000,23824000000,34419000000,15371000000,10595000000,79664200000,6043000000,31.46,-1795000000,214.93,115.86
2025-12-28,CAH,6.62,234309992000.0,31.46,None,0.635,-12.1,,None,2045000000,2045000000,,,,,,,,,2590000000,306000000,None,74850200000,74850200000,20236000000,None,1002000000,8082000000,None,None,297600000,,2.033,0.0098,,,,0.106,0.37,1917900000,2215500000,2.18,2018-09-30,21.32,8319000000,8585000000.0,5280900000,1835000000,577100000,3774000000,3774000000,None,104500000,None,12481000000,None,None,7999000000,None,394000000,1000100000,None,None,None,0.0121,,2969100000,1844900000,1837000000,1819000000,None,None,None,,,,,1.973,16.07,0.211,,,,,,,,0.0068,,2436000000,2025-10-31,quarterly,2.55,USD,pre-market,133300000,5097000000,0.0344,0.0,0.224,977.31,3199300000,9001000000,1002000000,0,160.77,193.06,16.9725,40011000000,24445000000,23057000000,34098000000,15566000000,11041000000,79664200000,5913000000,31.46,-1678000000,214.93,115.86
2025-12-28,CAH,6.62,234309992000.0,31.46,None,0.635,-12.1,,None,1763000000,1763000000,,,,,,,,,2730000000,310000000,None,74850200000,74850200000,19677000000,None,996000000,7800000000,None,None,297600000,,2.033,0.0098,,,,0.106,0.37,1917900000,2215500000,2.18,2018-06-30,21.32,8316000000,8585000000.0,5280900000,1835000000,577100000,3913000000,3913000000,None,104500000,None,12308000000,None,None,8084000000,None,None,1000100000,None,None,None,0.0121,,2969100000,1844900000,2682000000,2215000000,None,None,None,,,,,1.973,16.07,0.211,,,,,,,,0.0068,,2487000000,2025-10-31,quarterly,2.55,USD,pre-market,133300000,4645000000,0.0344,0.0,0.224,977.31,3199300000,9013000000,1001000000,0,160.77,193.06,16.9725,39951000000,24553000000,22893000000,33892000000,15398000000,10999000000,79664200000,6059000000,31.46,-1224000000,214.93,115.86
2025-12-28,CAH,6.62,234309992000.0,31.46,None,0.635,-12.1,,None,2175000000,2175000000,,,,,,,,,2710000000,315000000,None,74850200000,74850200000,18741000000,None,551000000,7671000000,None,None,297600000,,2.033,0.0098,,,,0.106,0.37,1917900000,2215500000,2.18,2018-03-31,21.32,10098000000,8585000000.0,5280900000,1835000000,577100000,4201000000,4201000000,None,104500000,None,11962000000,None,None,9027000000,None,None,1000100000,None,None,None,0.0121,,2969100000,1844900000,1705000000,2135000000,None,None,None,,,,,1.973,16.07,0.211,,,,,,,,0.0068,,2521000000,2025-10-31,quarterly,2.55,USD,pre-market,133300000,5958000000,0.0344,0.0,0.224,977.31,3199300000,9578000000,551000000,0,160.77,193.06,16.9725,41031000000,23513000000,21427000000,33493000000,17518000000,12066000000,79664200000,7537000000,31.46,-1126000000,214.93,115.86
2025-12-28,CAH,6.62,234309992000.0,31.46,None,0.635,-12.1,,None,1249000000,1249000000,,,,,,,,,2694000000,316000000,None,74850200000,74850200000,19194000000,None,551000000,7664000000,None,None,297600000,,2.033,0.0098,,,,0.106,0.37,1917900000,2215500000,2.18,2017-12-31,21.32,10045000000,8585000000.0,5280900000,1835000000,577100000,4321000000,4321000000,None,104500000,None,12087000000,None,None,9057000000,None,None,1000100000,None,None,None,0.0121,,2969100000,1844900000,4188000000,3229000000,None,None,None,,,,,1.973,16.07,0.211,,,,,,,,0.0068,,2547000000,2025-10-31,quarterly,2.55,USD,pre-market,133300000,5848000000,0.0344,0.0,0.224,977.31,3199300000,9759000000,702000000,0,160.77,193.06,16.9725,42905000000,25188000000,23125000000,35286000000,17717000000,12161000000,79664200000,7599000000,31.46,-848000000,214.93,115.86
2025-12-28,CAH,6.62,234309992000.0,31.46,None,0.635,-12.1,,None,1181000000,1181000000,,,,,,,,,2674000000,318000000,None,74850200000,74850200000,19202000000,None,935000000,8382000000,None,None,297600000,,2.033,0.0098,,,,0.106,0.37,1917900000,2215500000,2.18,2017-09-30,21.32,10419000000,8585000000.0,5280900000,1835000000,577100000,4507000000,4507000000,None,104500000,None,12121000000,None,None,9068000000,None,None,1000100000,None,None,None,0.0121,,2969100000,1844900000,2041000000,2270000000,None,None,None,,,,,1.973,16.07,0.211,,,,,,,,0.0068,,2651000000,2025-10-31,quarterly,2.55,USD,pre-market,133300000,4943000000,0.0344,0.0,0.224,977.31,3199300000,10003000000,935000000,0,160.77,193.06,16.9725,41940000000,23725000000,22407000000,35245000000,18215000000,12838000000,79664200000,6678000000,31.46,-853000000,214.93,115.86
2025-12-28,CAH,6.62,234309992000.0,31.46,None,0.635,-12.1,,None,6879000000,6879000000,,,,,,,,,2697000000,318000000,None,74850200000,74850200000,17906000000,None,1329000000,8048000000,None,None,297600000,,2.033,0.0098,,,,0.106,0.37,1917900000,2215500000,2.18,2017-06-30,21.32,7221000000,8585000000.0,5280900000,1835000000,577100000,1986000000,1986000000,None,104500000,None,11301000000,None,None,9068000000,None,0,1000100000,None,None,None,0.0121,,2969100000,1844900000,2117000000,1988000000,None,None,None,,,,,1.973,16.07,0.211,,,,,,,,0.0068,,1879000000,2025-10-31,quarterly,2.55,USD,pre-market,133300000,4967000000,0.0344,0.0,0.224,977.31,3199300000,10395000000,1327000000,65000000,160.77,193.06,16.9725,40112000000,28345000000,21221000000,33284000000,11767000000,12063000000,79664200000,6808000000,31.46,-731000000,214.93,115.86
2025-12-28,CAH,6.62,234309992000.0,31.46,None,0.635,-12.1,,None,1368000000,1368000000,,,,,,,,,2684000000,318000000,None,74850200000,74850200000,17535000000,None,607000000,7505000000,None,None,297600000,,2.033,0.0098,,,,0.106,0.37,1917900000,2215500000,2.18,2017-03-31,21.32,7209000000,8585000000.0,5280900000,1835000000,577100000,2078000000,2078000000,None,104500000,None,11641000000,None,None,4854000000,None,69000000,1000100000,None,None,None,0.0121,,2969100000,1844900000,1769000000,1654000000,None,None,None,,,,,1.973,16.07,0.211,,,,,,,,0.0068,,1849000000,2025-10-31,quarterly,2.55,USD,pre-market,133300000,4842000000,0.0344,0.0,0.224,977.31,3199300000,5461000000,607000000,128000000,160.77,193.06,16.9725,34174000000,22283000000,19796000000,27509000000,11891000000,7713000000,79664200000,6646000000,31.46,-744000000,214.93,115.86
2025-12-28,CAH,6.62,234309992000.0,31.46,None,0.635,-12.1,,None,1881000000,1881000000,,,,,,,,,2672000000,319000000,None,74850200000,74850200000,18857000000,None,603000000,7533000000,None,None,297600000,,2.033,0.0098,,,,0.106,0.37,1917900000,2215500000,2.18,2016-12-31,21.32,7212000000,8585000000.0,5280900000,1835000000,577100000,2064000000,2064000000,None,104500000,None,11915000000,None,None,4859000000,None,91000000,1000100000,None,None,None,0.0121,,2969100000,1844900000,1824000000,1554000000,None,None,None,,,,,1.973,16.07,0.211,,,,,,,,0.0068,,1856000000,2025-10-31,quarterly,2.55,USD,pre-market,133300000,4604000000,0.0344,0.0,0.224,977.31,3199300000,5462000000,603000000,110000000,160.77,193.06,16.9725,35021000000,23153000000,21014000000,28680000000,11868000000,7666000000,79664200000,6323000000,31.46,-783000000,214.93,115.86
2025-12-28,CAH,6.62,234309992000.0,31.46,None,0.635,-12.1,,None,2001000000,2001000000,,,,,,,,,2958000000,322000000,None,74850200000,74850200000,17597000000,None,616000000,7708000000,None,None,297600000,,2.033,0.0098,,,,0.106,0.37,1917900000,2215500000,2.18,2016-09-30,21.32,7261000000,8585000000.0,5280900000,1835000000,577100000,2166000000,2166000000,None,104500000,None,10917000000,None,None,4916000000,None,92000000,1000100000,None,None,None,0.0121,,2969100000,1844900000,1657000000,1788000000,None,None,None,,,,,1.973,16.07,0.211,,,,,,,,0.0068,,1823000000,2025-10-31,quarterly,2.55,USD,pre-market,133300000,6582000000,0.0344,0.0,0.224,977.31,3199300000,5532000000,616000000,108000000,160.77,193.06,16.9725,34406000000,22283000000,20001000000,27875000000,12123000000,7874000000,79664200000,6512000000,31.46,-2912000000,214.93,115.86
2025-12-28,CAH,6.62,234309992000.0,31.46,None,0.635,-12.1,,None,2356000000,2356000000,,,,,,,,,3010000000,327000000,None,74850200000,74850200000,17306000000,None,587000000,7405000000,None,None,297600000,,2.033,0.0098,,,,0.106,0.37,1917900000,2215500000,2.18,2016-06-30,21.32,7167000000,8585000000.0,5280900000,1835000000,577100000,2259000000,2259000000,None,104500000,None,10615000000,None,None,4952000000,None,33000000,1000100000,None,None,None,0.0121,,2969100000,1844900000,1580000000,1808000000,None,None,None,,,,,1.973,16.07,0.211,,,,,,,,0.0068,,1796000000,2025-10-31,quarterly,2.55,USD,pre-market,133300000,6419000000,0.0344,0.0,0.224,977.31,3199300000,5539000000,587000000,1000000,160.77,193.06,16.9725,34122000000,21956000000,19701000000,27551000000,12166000000,7850000000,79664200000,6554000000,31.46,-2759000000,214.93,115.86
2025-12-28,CAH,6.62,234309992000.0,31.46,None,0.635,-12.1,,None,2598000000,2598000000,,,,,,,,,2995000000,331000000,None,74850200000,74850200000,17340000000,None,351000000,7292000000,None,None,297600000,,2.033,0.0098,,,,0.106,0.37,1917900000,2215500000,2.18,2016-03-31,21.32,6888000000,8585000000.0,5280900000,1835000000,577100000,2262000000,2262000000,None,104500000,None,10910000000,None,None,5195000000,None,None,1000100000,None,None,None,0.0121,,2969100000,1844900000,1491000000,1694000000,None,None,None,,,,,1.973,16.07,0.211,,,,,,,,0.0068,,1683000000,2025-10-31,quarterly,2.55,USD,pre-market,133300000,6231000000,0.0344,0.0,0.224,977.31,3199300000,5546000000,351000000,105000000,160.77,193.06,16.9725,34055000000,22291000000,19385000000,27325000000,11764000000,7940000000,79664200000,6713000000,31.46,-2429000000,214.93,115.86
2025-12-28,CAH,6.62,234309992000.0,31.46,None,0.635,-12.1,,None,2324000000,2324000000,,,,,,,,,2973000000,332000000,None,74850200000,74850200000,16919000000,None,None,6980000000,None,None,297600000,,2.033,0.0098,,,,0.106,0.37,1917900000,2215500000,2.18,2015-12-31,21.32,6799000000,8585000000.0,5280900000,1835000000,577100000,2314000000,2314000000,None,104500000,None,11007000000,None,None,5171000000,None,None,1000100000,None,None,None,0.0121,,2969100000,1844900000,1518000000,1606000000,None,None,None,,,,,1.973,16.07,0.211,,,,,,,,0.0068,,1651000000,2025-10-31,quarterly,2.55,USD,pre-market,133300000,5972000000,0.0344,0.0,0.224,977.31,3199300000,5525000000,354000000,104000000,160.77,193.06,16.9725,33507000000,21829000000,18879000000,26779000000,11678000000,7900000000,79664200000,6711000000,31.46,-2137000000,214.93,115.86
2025-12-28,CAH,6.62,234309992000.0,31.46,None,0.635,-12.1,,None,2974000000,2974000000,,,,,,,,,2957000000,331000000,None,74850200000,74850200000,14868000000,None,None,6996000000,None,None,297600000,,2.033,0.0098,,,,0.106,0.37,1917900000,2215500000,2.18,2015-09-30,21.32,6159000000,8585000000.0,5280900000,1835000000,577100000,1405000000,1405000000,None,104500000,None,9758000000,None,None,5231000000,None,None,1000100000,None,None,None,0.0121,,2969100000,1844900000,1490000000,2595000000,None,None,None,,,,,1.973,16.07,0.211,,,,,,,,0.0068,,1546000000,2025-10-31,quarterly,2.55,USD,pre-market,133300000,5774000000,0.0344,0.0,0.224,977.31,3199300000,5550000000,319000000,107000000,160.77,193.06,16.9725,31222000000,21218000000,17782000000,24695000000,10004000000,6913000000,79664200000,6505000000,31.46,-2158000000,214.93,115.86
2025-12-28,CAH,6.62,234309992000.0,31.46,None,0.635,-12.1,,None,4616000000,4616000000,,,,,,,,,3003000000,333000000,None,74850200000,74850200000,14368000000,None,281000000,6523000000,None,None,297600000,,2.033,0.0098,,,,0.106,0.37,1917900000,2215500000,2.18,2015-06-30,21.32,5070000000,8585000000.0,5280900000,1835000000,577100000,948000000,948000000,None,104500000,None,9211000000,None,None,5211000000,None,8000000,1000100000,None,None,None,0.0121,,2969100000,1844900000,1402000000,2594000000,None,None,None,,,,,1.973,16.07,0.211,,,,,,,,0.0068,,1506000000,2025-10-31,quarterly,2.55,USD,pre-market,133300000,5521000000,0.0344,0.0,0.224,977.31,3199300000,5492000000,281000000,91000000,160.77,193.06,16.9725,30142000000,21752000000,17243000000,23886000000,8390000000,6643000000,79664200000,6256000000,31.46,-2245000000,214.93,115.86
2025-12-28,CAH,6.62,234309992000.0,31.46,None,0.635,-12.1,,None,3183000000,3183000000,,,,,,,,,2992000000,334000000,None,74850200000,74850200000,13851000000,None,None,6095000000,None,None,297600000,,2.033,0.0098,,,,0.106,0.37,1917900000,2215500000,2.18,2015-03-31,21.32,5055000000,8585000000.0,5280900000,1835000000,577100000,978000000,978000000,None,104500000,None,9163000000,None,None,3720000000,None,None,1000100000,None,None,None,0.0121,,2969100000,1844900000,1190000000,2261000000,None,None,None,,,,,1.973,16.07,0.211,,,,,,,,0.0068,,1407000000,2025-10-31,quarterly,2.55,USD,pre-market,133300000,5353000000,0.0344,0.0,0.224,977.31,3199300000,4003000000,283000000,35000000,160.77,193.06,16.9725,27888000000,19631000000,16395000000,21519000000,8257000000,5124000000,79664200000,6369000000,31.46,-1923000000,214.93,115.86
2025-12-28,CAH,6.62,234309992000.0,31.46,None,0.635,-12.1,,None,2881000000,2881000000,,,,,,,,,2973000000,334000000,None,74850200000,74850200000,13602000000,None,None,5653000000,None,None,297600000,,2.033,0.0098,,,,0.106,0.37,1917900000,2215500000,2.18,2014-12-31,21.32,4929000000,8585000000.0,5280900000,1835000000,577100000,947000000,947000000,None,104500000,None,9408000000,None,None,3706000000,None,None,1000100000,None,None,None,0.0121,,2969100000,1844900000,1213000000,2158000000,None,None,None,,,,,1.973,16.07,0.211,,,,,,,,0.0068,,1415000000,2025-10-31,quarterly,2.55,USD,pre-market,133300000,5100000000,0.0344,0.0,0.224,977.31,3199300000,3976000000,270000000,51000000,160.77,193.06,16.9725,27248000000,19155000000,16030000000,21148000000,8093000000,5118000000,79664200000,6100000000,31.46,-1970000000,214.93,115.86
2025-12-28,CAH,6.62,234309992000.0,31.46,None,0.635,-12.1,,None,2469000000,2469000000,,,,,,,,,2948000000,340000000,None,74850200000,74850200000,11995000000,None,None,5662000000,None,None,297600000,,2.033,0.0098,,,,0.106,0.37,1917900000,2215500000,2.18,2014-09-30,21.32,4935000000,8585000000.0,5280900000,1835000000,577100000,988000000,988000000,None,104500000,None,8069000000,None,None,3164000000,None,None,1000100000,None,None,None,0.0121,,2969100000,1844900000,1338000000,2058000000,None,None,None,,,,,1.973,16.07,0.211,,,,,,,,0.0068,,1434000000,2025-10-31,quarterly,2.55,USD,pre-market,133300000,4925000000,0.0344,0.0,0.224,977.31,3199300000,4007000000,843000000,25000000,160.77,193.06,16.9725,25711000000,17538000000,14896000000,19455000000,8173000000,4559000000,79664200000,6256000000,31.46,-1663000000,214.93,115.86
2025-12-28,CAH,6.62,234309992000.0,31.46,None,0.635,-12.1,,None,2865000000,2865000000,,,,,,,,,2980000000,343000000,None,74850200000,74850200000,12149000000,None,3978000000,5380000000,None,None,297600000,,2.033,0.0098,,,,0.106,0.37,1917900000,2215500000,2.18,2014-06-30,21.32,4878000000,8585000000.0,5280900000,1835000000,577100000,992000000,992000000,None,104500000,None,8266000000,None,None,3171000000,None,None,1000100000,None,None,None,0.0121,,2969100000,1844900000,1428000000,2165000000,None,None,None,,,,,1.973,16.07,0.211,,,,,,,,0.0068,,1459000000,2025-10-31,quarterly,2.55,USD,pre-market,133300000,4774000000,0.0344,0.0,0.224,977.31,3199300000,3972000000,801000000,10000000,160.77,193.06,16.9725,26033000000,17939000000,15115000000,19632000000,8094000000,4517000000,79664200000,6401000000,31.46,-1423000000,214.93,115.86
2025-12-28,CAH,6.62,234309992000.0,31.46,None,0.635,-12.1,,None,3041000000,3041000000,,,,,,,,,2959000000,347000000,None,74850200000,74850200000,10919000000,None,None,4812000000,None,None,297600000,,2.033,0.0098,,,,0.106,0.37,1917900000,2215500000,2.18,2014-03-31,21.32,4682000000,8585000000.0,5280900000,1835000000,577100000,911000000,911000000,None,104500000,None,8030000000,None,None,3679000000,None,None,1000100000,None,None,None,0.0121,,2969100000,1844900000,1053000000,1987000000,None,None,None,,,,,1.973,16.07,0.211,,,,,,,,0.0068,,1404000000,2025-10-31,quarterly,2.55,USD,pre-market,133300000,4657000000,0.0344,0.0,0.224,977.31,3199300000,3920000000,241000000,0,160.77,193.06,16.9725,24701000000,16936000000,13147000000,18169000000,7765000000,5022000000,79664200000,6532000000,31.46,-1154000000,214.93,115.86
2025-12-28,CAH,6.62,234309992000.0,31.46,None,0.635,-12.1,,None,2741000000,2741000000,,,,,,,,,2961000000,346000000,None,74850200000,74850200000,11221000000,None,None,4876000000,None,None,297600000,,2.033,0.0098,,,,0.106,0.37,1917900000,2215500000,2.18,2013-12-31,21.32,4635000000,8585000000.0,5280900000,1835000000,577100000,921000000,921000000,None,104500000,None,8478000000,None,None,3679000000,None,None,1000100000,None,None,None,0.0121,,2969100000,1844900000,1153000000,1886000000,None,None,None,,,,,1.973,16.07,0.211,,,,,,,,0.0068,,1407000000,2025-10-31,quarterly,2.55,USD,pre-market,133300000,4446000000,0.0344,0.0,0.224,977.31,3199300000,3934000000,255000000,0,160.77,193.06,16.9725,25009000000,17248000000,13362000000,18420000000,7761000000,5058000000,79664200000,6589000000,31.46,-917000000,214.93,115.86
2025-12-28,CAH,6.62,234309992000.0,31.46,None,0.635,-12.1,,None,2753000000,2753000000,,,,,,,,,2941000000,344000000,None,74850200000,74850200000,10442000000,None,None,4898000000,None,None,297600000,,2.033,0.0098,,,,0.106,0.37,1917900000,2215500000,2.18,2013-09-30,21.32,4619000000,8585000000.0,5280900000,1835000000,577100000,951000000,951000000,None,104500000,None,7275000000,None,None,3693000000,None,None,1000100000,None,None,None,0.0121,,2969100000,1844900000,1111000000,1875000000,None,None,None,,,,,1.973,16.07,0.211,,,,,,,,0.0068,,1445000000,2025-10-31,quarterly,2.55,USD,pre-market,133300000,4273000000,0.0344,0.0,0.224,977.31,3199300000,3883000000,190000000,0,160.77,193.06,16.9725,23816000000,16037000000,12507000000,17519000000,7779000000,5012000000,79664200000,6297000000,31.46,-1009000000,214.93,115.86
2025-12-28,CAH,6.62,234309992000.0,31.46,None,0.635,-12.1,,None,1901000000,1901000000,,,,,,,,,2953000000,341000000,None,74850200000,74850200000,12295000000,None,None,6304000000,None,None,297600000,,2.033,0.0098,,,,0.106,0.37,1917900000,2215500000,2.18,2013-06-30,21.32,4601000000,8585000000.0,5280900000,1835000000,577100000,973000000,973000000,None,104500000,None,8373000000,None,None,3686000000,None,None,1000100000,None,None,None,0.0121,,2969100000,1844900000,1192000000,2127000000,None,None,None,,,,,1.973,16.07,0.211,,,,,,,,0.0068,,1489000000,2025-10-31,quarterly,2.55,USD,pre-market,133300000,4038000000,0.0344,0.0,0.224,977.31,3199300000,3854000000,168000000,0,160.77,193.06,16.9725,25819000000,17770000000,14590000000,19844000000,8049000000,5254000000,79664200000,5975000000,31.46,-1084000000,214.93,115.86
2025-12-28,CAH,6.62,234309992000.0,31.46,None,0.635,-12.1,,None,2305000000,2305000000,,,,,,,,,2936000000,345000000,None,74850200000,74850200000,12049000000,None,None,6416000000,None,None,297600000,,2.033,0.0098,,,,0.106,0.37,1917900000,2215500000,2.18,2013-03-31,21.32,5407000000,8585000000.0,5280900000,1835000000,577100000,1006000000,1006000000,None,104500000,None,8328000000,None,None,3714000000,None,None,1000100000,None,None,None,0.0121,,2969100000,1844900000,878000000,1979000000,None,None,None,,,,,1.973,16.07,0.211,,,,,,,,0.0068,,1470000000,2025-10-31,quarterly,2.55,USD,pre-market,133300000,4742000000,0.0344,0.0,0.224,977.31,3199300000,4160000000,446000000,0,160.77,193.06,16.9725,26723000000,17927000000,14474000000,19893000000,8796000000,5419000000,79664200000,6830000000,31.46,-904000000,214.93,115.86
2025-12-28,CAH,6.62,234309992000.0,31.46,None,0.635,-12.1,,None,2255000000,2255000000,,,,,,,,,2929000000,343000000,None,74850200000,74850200000,11796000000,None,None,6158000000,None,None,297600000,,2.033,0.0098,,,,0.106,0.37,1917900000,2215500000,2.18,2012-12-31,21.32,4018000000,8585000000.0,5280900000,1835000000,577100000,410000000,410000000,None,104500000,None,8452000000,None,None,2423000000,None,None,1000100000,None,None,None,0.0121,,2969100000,1844900000,996000000,1932000000,None,None,None,,,,,1.973,16.07,0.211,,,,,,,,0.0068,,1475000000,2025-10-31,quarterly,2.55,USD,pre-market,133300000,4491000000,0.0344,0.0,0.224,977.31,3199300000,2897000000,474000000,0,160.77,193.06,16.9725,24642000000,17861000000,14202000000,18100000000,6781000000,3898000000,79664200000,6542000000,31.46,-952000000,214.93,115.86
2025-12-28,CAH,6.62,234309992000.0,31.46,None,0.635,-12.1,,None,2440000000,2440000000,,,,,,,,,2927000000,344000000,None,74850200000,74850200000,12215000000,None,None,6449000000,None,None,297600000,,2.033,0.0098,,,,0.106,0.37,1917900000,2215500000,2.18,2012-09-30,21.32,4012000000,8585000000.0,5280900000,1835000000,577100000,429000000,429000000,None,104500000,None,8105000000,None,None,2408000000,None,None,1000100000,None,None,None,0.0121,,2969100000,1844900000,1013000000,1983000000,None,None,None,,,,,1.973,16.07,0.211,,,,,,,,0.0068,,1511000000,2025-10-31,quarterly,2.55,USD,pre-market,133300000,4282000000,0.0344,0.0,0.224,977.31,3199300000,2879000000,471000000,48000000,160.77,193.06,16.9725,24820000000,18007000000,14669000000,18539000000,6813000000,3870000000,79664200000,6281000000,31.46,-989000000,214.93,115.86
2025-12-28,CAH,6.62,234309992000.0,31.46,None,0.635,-12.1,,None,2274000000,2274000000,,,,,,,,,2930000000,349000000,None,74850200000,74850200000,11726000000,None,None,6355000000,None,None,297600000,,2.033,0.0098,,,,0.106,0.37,1917900000,2215500000,2.18,2012-06-30,21.32,3978000000,8585000000.0,5280900000,1835000000,577100000,414000000,414000000,None,104500000,None,7864000000,None,None,2418000000,None,None,1000100000,None,None,None,0.0121,,2969100000,1844900000,1017000000,1972000000,None,None,None,,,,,1.973,16.07,0.211,,,,,,,,0.0068,,1551000000,2025-10-31,quarterly,2.55,USD,pre-market,133300000,4093000000,0.0344,0.0,0.224,977.31,3199300000,2894000000,476000000,72000000,160.77,193.06,16.9725,24260000000,17510000000,14174000000,18016000000,6750000000,3842000000,79664200000,6244000000,31.46,-816000000,214.93,115.86
2025-12-28,CAH,6.62,234309992000.0,31.46,-1932100000,0.635,-12.1,,None,2410400000,2410400000,,,,,,,,,-691900000,349000000,None,74850200000,74850200000,12572500000,None,None,6495400000,None,None,297600000,,2.033,0.0098,,,,0.106,0.37,1917900000,2215500000,2.18,2012-03-31,21.32,3966300000,8585000000.0,5280900000,1835000000,577100000,404500000,404500000,None,104500000,None,8220100000,None,None,2207900000,None,None,1000100000,None,None,None,0.0121,,2969100000,1844900000,944300000,1928100000,None,None,None,,,,,1.973,16.07,0.211,,,,,,,,0.0068,,1517400000,2025-10-31,quarterly,2.55,USD,pre-market,133300000,3938800000,0.0344,0.0,0.224,977.31,3199300000,2553400000,345500000,92800000,160.77,193.06,16.9725,24642100000,18070200000,14846100000,18402000000,6571900000,3555900000,79664200000,6240100000,31.46,-691900000,214.93,115.86
2025-12-28,CAH,6.62,234309992000.0,31.46,-1868600000,0.635,-12.1,,None,1797700000,1797700000,,,,,,,,,-707600000,348800000,None,74850200000,74850200000,12456700000,None,None,5995400000,None,None,297600000,,2.033,0.0098,,,,0.106,0.37,1917900000,2215500000,2.18,2011-12-31,21.32,3866500000,8585000000.0,5280900000,1835000000,577100000,377800000,377800000,None,104500000,None,8888900000,None,None,2211400000,None,None,1000100000,None,None,None,0.0121,,2969100000,1844900000,1097100000,1825200000,None,None,None,,,,,1.973,16.07,0.211,,,,,,,,0.0068,,1514100000,2025-10-31,quarterly,2.55,USD,pre-market,133300000,3679800000,0.0344,0.0,0.224,977.31,3199300000,2553200000,341800000,104600000,160.77,193.06,16.9725,24263200000,17779100000,14623700000,18335500000,6484100000,3711800000,79664200000,5927700000,31.46,-707600000,214.93,115.86
2025-12-28,CAH,6.62,234309992000.0,31.46,-1810800000,0.635,-12.1,,None,2010600000,2010600000,,,,,,,,,-725200000,349400000,None,74850200000,74850200000,11748900000,None,None,6232600000,None,None,297600000,,2.033,0.0098,,,,0.106,0.37,1917900000,2215500000,2.18,2011-09-30,21.32,3853900000,8585000000.0,5280900000,1835000000,577100000,395400000,395400000,None,104500000,None,7497200000,None,None,2195000000,None,None,1000100000,None,None,None,0.0121,,2969100000,1844900000,982800000,1714600000,None,None,None,,,,,1.973,16.07,0.211,,,,,,,,0.0068,,1494000000,2025-10-31,quarterly,2.55,USD,pre-market,133300000,3492600000,0.0344,0.0,0.224,977.31,3199300000,2528100000,333100000,106300000,160.77,193.06,16.9725,23183000000,16723200000,13796600000,17469100000,6459800000,3672500000,79664200000,5713900000,31.46,-725200000,214.93,115.86
2025-12-28,CAH,6.62,234309992000.0,31.46,-1762000000,0.635,-12.1,,None,1929000000,1929000000,,,,,,,,,2898000000,344800000,None,74850200000,74850200000,11332000000,None,None,6156000000,None,None,297600000,,2.033,0.0098,,,,0.106,0.37,1917900000,2215500000,2.18,2011-06-30,21.32,3846000000,8585000000.0,5280900000,1835000000,577100000,413000000,413000000,None,104500000,None,7334200000,None,None,2175300000,None,None,1000100000,None,None,None,0.0121,,2969100000,1844900000,897000000,1711000000,None,None,None,,,,,1.973,16.07,0.211,,,,,,,,0.0068,,1512200000,2025-10-31,quarterly,2.55,USD,pre-market,133300000,3331000000,0.0344,0.0,0.224,977.31,3199300000,2502000000,326700000,93200000,160.77,193.06,16.9725,22845900000,16315900000,13370000000,16997000000,6530000000,3627000000,79664200000,5849000000,31.46,-457700000,214.93,115.86
2025-12-28,CAH,6.62,234309992000.0,31.46,-1818500000,0.635,-12.1,,None,1961800000,1961800000,,,,,,,,,-487200000,352900000,None,74850200000,74850200000,11961500000,None,None,6282500000,None,None,297600000,,2.033,0.0098,,,,0.106,0.37,1917900000,2215500000,2.18,2011-03-31,21.32,3851500000,8585000000.0,5280900000,1835000000,577100000,414200000,414200000,None,104500000,None,7717700000,None,None,2362100000,None,None,1000100000,None,None,None,0.0121,,2969100000,1844900000,723400000,1685900000,None,None,None,,,,,1.973,16.07,0.211,,,,,,,,0.0068,,1469800000,2025-10-31,quarterly,2.55,USD,pre-market,133300000,3189800000,0.0344,0.0,0.224,977.31,3199300000,2475800000,113700000,56800000,160.77,193.06,16.9725,23196800000,16685400000,13761100000,17540000000,6511400000,3778900000,79664200000,5656800000,31.46,-487200000,214.93,115.86
2025-12-28,CAH,6.62,234309992000.0,31.46,-1728200000,0.635,-12.1,,None,1348000000,1348000000,,,,,,,,,-518400000,350700000,None,74850200000,74850200000,11778800000,None,None,5825300000,None,None,297600000,,2.033,0.0098,,,,0.106,0.37,1917900000,2215500000,2.18,2010-12-31,21.32,3824100000,8585000000.0,5280900000,1835000000,577100000,458500000,458500000,None,104500000,None,8314200000,None,None,2380200000,None,None,1000100000,None,None,None,0.0121,,2969100000,1844900000,789500000,1562400000,None,None,None,,,,,1.973,16.07,0.211,,,,,,,,0.0068,,1484800000,2025-10-31,quarterly,2.55,USD,pre-market,133300000,3023700000,0.0344,0.0,0.224,977.31,3199300000,2670100000,289900000,33200000,160.77,193.06,16.9725,22849700000,16277000000,13631100000,17428300000,6572700000,3797200000,79664200000,5421400000,31.46,-518400000,214.93,115.86
2025-12-28,CAH,6.62,234309992000.0,31.46,-1676300000,0.635,-12.1,,None,2712200000,2712200000,,,,,,,,,-539800000,351900000,None,74850200000,74850200000,10532300000,None,None,5454100000,None,None,297600000,,2.033,0.0098,,,,0.106,0.37,1917900000,2215500000,2.18,2010-09-30,21.32,2611800000,8585000000.0,5280900000,1835000000,577100000,285100000,285100000,None,104500000,None,7087500000,None,None,1906400000,None,None,1000100000,None,None,None,0.0121,,2969100000,1844900000,664400000,1685700000,None,None,None,,,,,1.973,16.07,0.211,,,,,,,,0.0068,,1475300000,2025-10-31,quarterly,2.55,USD,pre-market,133300000,2876000000,0.0344,0.0,0.224,977.31,3199300000,2140000000,233600000,0,160.77,193.06,16.9725,20972500000,15918200000,12451600000,15733500000,5054300000,3281900000,79664200000,5239000000,31.46,-539800000,214.93,115.86
2025-12-28,CAH,6.62,234309992000.0,31.46,-1624900000,0.635,-12.1,,None,2755300000,2755300000,,,,,,,,,2889900000,348900000,None,74850200000,74850200000,9494900000,None,None,5170600000,None,None,297600000,,2.033,0.0098,,,,0.106,0.37,1917900000,2215500000,2.18,2010-06-30,21.32,2205400000,8585000000.0,5280900000,1835000000,577100000,2253200000,2253200000,None,104500000,None,6355900000,None,None,1896100000,None,691500000,1000100000,None,None,None,0.0121,,2969100000,1844900000,637100000,1809500000,None,None,None,,,,,1.973,16.07,0.211,,,,,,,,0.0068,,1468800000,2025-10-31,quarterly,2.55,USD,pre-market,133300000,2647200000,0.0344,0.0,0.224,977.31,3199300000,2129300000,233200000,None,160.77,193.06,16.9725,19990200000,14918900000,11537600000,14714100000,5071300000,3176500000,79664200000,5276100000,31.46,-331000000,214.93,115.86
2025-12-28,CAH,6.62,234309992000.0,31.46,-1711900000,0.635,-12.1,,None,2638800000,2638800000,,,,,,,,,2897200000,361800000,None,74850200000,74850200000,10766600000,None,None,5550200000,None,None,297600000,,2.033,0.0098,,,,0.106,0.37,1917900000,2215500000,2.18,2010-03-31,21.32,2208900000,8585000000.0,5280900000,1835000000,577100000,52900000,52900000,None,104500000,None,7214900000,None,None,1875600000,None,805200000,1000100000,None,None,None,0.0121,,2969100000,1844900000,673400000,1748200000,None,None,None,,,,,1.973,16.07,0.211,,,,,,,,0.0068,,1406100000,2025-10-31,quarterly,2.55,USD,pre-market,133300000,2463900000,0.0344,0.0,0.224,977.31,3199300000,2108200000,232600000,97200000,160.77,193.06,16.9725,21270200000,16077300000,12747400000,15909300000,5192900000,3161900000,79664200000,5360900000,31.46,-172400000,214.93,115.86
2025-12-28,CAH,6.62,234309992000.0,31.46,-1682700000,0.635,-12.1,,None,1746800000,1746800000,,,,,,,,,2893000000,361000000,None,74850200000,74850200000,10543100000,None,None,4927500000,None,None,297600000,,2.033,0.0098,,,,0.106,0.37,1917900000,2215500000,2.18,2009-12-31,21.32,2239400000,8585000000.0,5280900000,1835000000,577100000,55300000,55300000,None,104500000,None,7961000000,None,None,2099200000,None,897400000,1000100000,None,None,None,0.0121,,2969100000,1844900000,823000000,1647200000,None,None,None,,,,,1.973,16.07,0.211,,,,,,,,0.0068,,1423200000,2025-10-31,quarterly,2.55,USD,pre-market,133300000,2306500000,0.0344,0.0,0.224,977.31,3199300000,2111900000,12700000,0,160.77,193.06,16.9725,20821500000,15458300000,12203000000,15595400000,5363200000,3392400000,79664200000,5226100000,31.46,-173800000,214.93,115.86
2025-12-28,CAH,6.62,234309992000.0,31.46,-1607200000,0.635,-12.1,,None,1584800000,1584800000,,,,,,,,,2929100000,359100000,None,74850200000,74850200000,10047100000,None,None,5921900000,None,None,297600000,,2.033,0.0098,,,,0.106,0.37,1917900000,2215500000,2.18,2009-09-30,21.32,2202400000,8585000000.0,5280900000,1835000000,577100000,66900000,66900000,None,104500000,None,6861900000,None,None,2103500000,None,902400000,1000100000,None,None,None,0.0121,,2969100000,1844900000,720400000,1737300000,None,None,None,,,,,1.973,16.07,0.211,,,,,,,,0.0068,,1438600000,2025-10-31,quarterly,2.55,USD,pre-market,133300000,2124100000,0.0344,0.0,0.224,977.31,3199300000,2465800000,362300000,-97200000,160.77,193.06,16.9725,20434700000,15089000000,12146700000,15493500000,5345700000,3346800000,79664200000,4941200000,31.46,-188900000,214.93,115.86
2025-12-28,CAH,6.62,234309992000.0,31.46,None,0.635,-12.1,,None,1221600000,1221600000,,,,,,,,,3031600000,359100000,None,74850200000,74850200000,9041900000,None,None,5214900000,None,None,297600000,,2.033,0.0098,,,,0.106,0.37,1917900000,2215500000,2.18,2009-06-30,21.32,2266900000,8585000000.0,5280900000,1835000000,577100000,6095900000,6095900000,None,104500000,None,6832800000,None,None,3280000000,None,None,1000100000,None,None,None,0.0121,,2969100000,1844900000,7712400000,2867100000,None,None,None,,,,,1.973,16.07,0.211,,,,,,,,0.0068,,1873000000,2025-10-31,quarterly,2.55,USD,pre-market,133300000,5953900000,0.0344,0.0,0.224,977.31,3199300000,3646200000,367300000,398900000,160.77,193.06,16.9725,25118800000,20981700000,12275200000,16394100000,4137100000,4118900000,79664200000,8724700000,31.46,-343000000,214.93,115.86
2025-12-28,CAH,6.62,234309992000.0,31.46,None,0.635,-12.1,,None,1366000000,1366000000,,,,,,,,,3006700000,360900000,None,74850200000,74850200000,10006200000,None,None,5904700000,None,None,297600000,,2.033,0.0098,,,,0.106,0.37,1917900000,2215500000,2.18,2009-03-31,21.32,5088700000,8585000000.0,5280900000,1835000000,577100000,1052800000,1052800000,None,104500000,None,8070300000,None,None,3303100000,None,None,1000100000,None,None,None,0.0121,,2969100000,1844900000,561200000,1552300000,None,None,None,,,,,1.973,16.07,0.211,,,,,,,,0.0068,,1724000000,2025-10-31,quarterly,2.55,USD,pre-market,133300000,5743700000,0.0344,0.0,0.224,977.31,3199300000,3671100000,368000000,402700000,160.77,193.06,16.9725,25534800000,16304900000,11926500000,17100300000,9229900000,5173800000,79664200000,8434500000,31.46,-348500000,214.93,115.86
2025-12-28,CAH,6.62,234309992000.0,31.46,None,0.635,-12.1,,None,772600000,772600000,,,,,,,,,3005100000,360300000,None,74850200000,74850200000,9666200000,None,None,5215300000,None,None,297600000,,2.033,0.0098,,,,0.106,0.37,1917900000,2215500000,2.18,2008-12-31,21.32,6183000000,8585000000.0,5280900000,1835000000,577100000,6183000000,6183000000,None,104500000,None,8535800000,None,None,3389200000,None,None,1000100000,None,None,None,0.0121,,2969100000,1844900000,624100000,1505400000,None,None,None,,,,,1.973,16.07,0.211,,,,,,,,0.0068,,1729600000,2025-10-31,quarterly,2.55,USD,pre-market,133300000,5481400000,0.0344,0.0,0.224,977.31,3199300000,3856600000,467400000,388800000,160.77,193.06,16.9725,25014800000,15536600000,11639000000,16886900000,9478200000,5247900000,79664200000,8127900000,31.46,-399900000,214.93,115.86
2025-12-28,CAH,6.62,234309992000.0,31.46,None,0.635,-12.1,,None,672200000,672200000,,,,,,,,,2962600000,361100000,None,74850200000,74850200000,9354600000,None,None,5862300000,None,None,297600000,,2.033,0.0098,,,,0.106,0.37,1917900000,2215500000,2.18,2008-09-30,21.32,6265100000,8585000000.0,5280900000,1835000000,577100000,1052800000,1052800000,None,104500000,None,7692100000,None,None,3597000000,None,None,1000100000,None,None,None,0.0121,,2969100000,1844900000,614900000,1905000000,None,None,None,,,,,1.973,16.07,0.211,,,,,,,,0.0068,,1749500000,2025-10-31,quarterly,2.55,USD,pre-market,133300000,5215200000,0.0344,0.0,0.224,977.31,3199300000,3763500000,166500000,384800000,160.77,193.06,16.9725,24645100000,15226300000,11426100000,16727000000,9418800000,5300900000,79664200000,7918100000,31.46,-396100000,214.93,115.86
2025-12-28,CAH,6.62,234309992000.0,31.46,None,0.635,-12.1,,None,1291300000,1291300000,,,,,,,,,3001200000,356700000,None,74850200000,74850200000,8303800000,None,None,4987700000,None,None,297600000,,2.033,0.0098,,,,0.106,0.37,1917900000,2215500000,2.18,2008-06-30,21.32,6157300000,8585000000.0,5280900000,1835000000,577100000,6225900000,6225900000,None,104500000,None,6768800000,None,None,3687400000,None,None,1000100000,None,None,None,0.0121,,2969100000,1844900000,855600000,1924900000,None,None,None,,,,,1.973,16.07,0.211,,,,,,,,0.0068,,1737200000,2025-10-31,quarterly,2.55,USD,pre-market,133300000,5016200000,0.0344,0.0,0.224,977.31,3199300000,3846400000,159000000,383700000,160.77,193.06,16.9725,23448200000,14276000000,10387700000,15700700000,9172200000,5313000000,79664200000,7747500000,31.46,-480700000,214.93,115.86
2025-12-28,CAH,6.62,234309992000.0,31.46,None,0.635,-12.1,,None,1529000000,1529000000,,,,,,,,,2948500000,360200000,None,74850200000,74850200000,8987900000,None,None,4974300000,None,None,297600000,,2.033,0.0098,,,,0.106,0.37,1917900000,2215500000,2.18,2008-03-31,21.32,5681000000,8585000000.0,5280900000,1835000000,577100000,5681000000,5681000000,None,104500000,None,7256700000,None,None,3450100000,None,None,1000100000,None,None,None,0.0121,,2969100000,1844900000,765900000,1798800000,None,None,None,,,,,1.973,16.07,0.211,,,,,,,,0.0068,,1679500000,2025-10-31,quarterly,2.55,USD,pre-market,133300000,4748200000,0.0344,0.0,0.224,977.31,3199300000,3805400000,355300000,381200000,160.77,193.06,16.9725,23603400000,14907100000,11142000000,16210200000,8696300000,5068200000,79664200000,7393200000,31.46,-506300000,214.93,115.86
2025-12-28,CAH,6.62,234309992000.0,31.46,None,0.635,-12.1,,None,1184400000,1184400000,,,,,,,,,2936000000,364600000,None,74850200000,74850200000,8982300000,None,None,4854600000,None,None,297600000,,2.033,0.0098,,,,0.106,0.37,1917900000,2215500000,2.18,2007-12-31,21.32,5813100000,8585000000.0,5280900000,1835000000,577100000,5813100000,5813100000,None,104500000,None,7636800000,None,None,3396500000,None,None,1000100000,None,None,None,0.0121,,2969100000,1844900000,1046000000,1754600000,None,None,None,,,,,1.973,16.07,0.211,,,,,,,,0.0068,,1680700000,2025-10-31,quarterly,2.55,USD,pre-market,133300000,4436500000,0.0344,0.0,0.224,977.31,3199300000,4070100000,673600000,None,160.77,193.06,16.9725,23466800000,14721800000,11410500000,16358700000,8745000000,4948200000,79664200000,7108100000,31.46,-418900000,214.93,115.86
2025-12-28,CAH,6.62,234309992000.0,31.46,None,0.635,-12.1,,None,1289600000,1289600000,,,,,,,,,3957700000,370200000,None,74850200000,74850200000,9099000000,None,None,4904700000,None,None,297600000,,2.033,0.0098,,,,0.106,0.37,1917900000,2215500000,2.18,2007-09-30,21.32,5822800000,8585000000.0,5280900000,1835000000,577100000,5822800000,5822800000,None,104500000,None,7150800000,None,None,3347500000,None,None,1000100000,None,None,None,0.0121,,2969100000,1844900000,988100000,1628200000,None,None,None,,,,,1.973,16.07,0.211,,,,,,,,0.0068,,1683100000,2025-10-31,quarterly,2.55,USD,pre-market,133300000,11658600000,0.0344,0.0,0.224,977.31,3199300000,3734300000,386800000,381200000,160.77,193.06,16.9725,22998100000,14333200000,11114000000,15929900000,8664900000,4815900000,79664200000,7068200000,31.46,-8694200000,214.93,115.86
2025-12-28,CAH,6.62,234309992000.0,31.46,None,0.635,-12.1,,None,1308800000,1308800000,,,,,,,,,3931300000,363000000,None,74850200000,74850200000,9162200000,None,None,4714400000,None,None,297600000,,2.033,0.0098,,,,0.106,0.37,1917900000,2215500000,2.18,2007-06-30,21.32,5860900000,8585000000.0,5280900000,1835000000,577100000,5860900000,5860900000,None,104500000,None,7383200000,None,None,3457300000,None,None,1000100000,None,None,None,0.0121,,2969100000,1844900000,1006100000,2281500000,None,None,None,,,,,1.973,16.07,0.211,,,,,,,,0.0068,,1647000000,2025-10-31,quarterly,2.55,USD,pre-market,133300000,11539900000,0.0344,0.0,0.224,977.31,3199300000,3473300000,16000000,132000000,160.77,193.06,16.9725,23153800000,14544500000,11459700000,15776900000,8609300000,4317200000,79664200000,7376900000,31.46,-8215300000,214.93,115.86
2025-12-28,CAH,6.62,234309992000.0,31.46,None,0.635,-12.1,,None,866500000,866500000,,,,,,,,,3635600000,394600000,None,74850200000,74850200000,9405700000,None,None,4618500000,None,None,297600000,,2.033,0.0098,,,,0.106,0.37,1917900000,2215500000,2.18,2007-03-31,21.32,4406900000,8585000000.0,5280900000,1835000000,577100000,4406900000,4406900000,None,104500000,None,7486500000,None,None,2899000000,None,None,1000100000,None,None,None,0.0121,,2969100000,1844900000,3990900000,3242800000,None,None,None,,,,,1.973,16.07,0.211,,,,,,,,0.0068,,1533700000,2025-10-31,quarterly,2.55,USD,pre-market,133300000,10681300000,0.0344,0.0,0.224,977.31,3199300000,3195900000,296900000,300000000,160.77,193.06,16.9725,24292000000,17262400000,12945400000,16422600000,7029600000,3477200000,79664200000,7869400000,31.46,-6574700000,214.93,115.86
2025-12-28,CAH,6.62,234309992000.0,31.46,None,0.635,-12.1,,None,1003300000,1003300000,,,,,,,,,3355200000,410600000,None,74850200000,74850200000,8984700000,None,None,4394500000,None,None,297600000,,2.033,0.0098,,,,0.106,0.37,1917900000,2215500000,2.18,2006-12-31,21.32,4391300000,8585000000.0,5280900000,1835000000,577100000,4391300000,4391300000,None,104500000,None,7309200000,None,None,2935800000,None,None,1000100000,None,None,None,0.0121,,2969100000,1844900000,4004000000,2669000000,None,None,None,,,,,1.973,16.07,0.211,,,,,,,,0.0068,,1518500000,2025-10-31,quarterly,2.55,USD,pre-market,133300000,10692500000,0.0344,0.0,0.224,977.31,3199300000,2984700000,48900000,467100000,160.77,193.06,16.9725,24137200000,17178100000,11702600000,15229400000,6959100000,3526800000,79664200000,8907800000,31.46,-5230100000,214.93,115.86
2025-12-28,CAH,6.62,234309992000.0,31.46,None,0.635,-12.1,,None,1609600000,1609600000,,,,,,,,,3295200000,413000000,None,74850200000,74850200000,8878300000,None,None,3986600000,None,None,297600000,,2.033,0.0098,,,,0.106,0.37,1917900000,2215500000,2.18,2006-09-30,21.32,5054500000,8585000000.0,5280900000,1835000000,577100000,5054500000,5054500000,None,104500000,None,7585300000,None,None,2627400000,None,None,1000100000,None,None,None,0.0121,,2969100000,1844900000,1083200000,2384700000,None,None,None,,,,,1.973,16.07,0.211,,,,,,,,0.0068,,2574100000,2025-10-31,quarterly,2.55,USD,pre-market,133300000,9994500000,0.0344,0.0,0.224,977.31,3199300000,2942700000,315300000,456500000,160.77,193.06,16.9725,23431200000,14721200000,11578300000,15010100000,8710000000,3431800000,79664200000,8421100000,31.46,-4929200000,214.93,115.86
2025-12-28,CAH,6.62,234309992000.0,31.46,None,0.635,-12.1,,None,1187300000,1187300000,,,,,,,,,3195500000,404500000,None,74850200000,74850200000,8907800000,None,None,3808800000,None,None,297600000,,2.033,0.0098,,,,0.106,0.37,1917900000,2215500000,2.18,2006-06-30,21.32,4283400000,8585000000.0,5280900000,1835000000,577100000,4992400000,4992400000,None,104500000,None,7493000000,None,None,2599700000,None,None,1000100000,None,None,None,0.0121,,2969100000,1844900000,3588400000,2475300000,None,None,None,,,,,1.973,16.07,0.211,,,,,,,,0.0068,,2584000000,2025-10-31,quarterly,2.55,USD,pre-market,133300000,9760500000,0.0344,0.0,0.224,977.31,3199300000,2787600000,199000000,498400000,160.77,193.06,16.9725,23374100000,16575900000,11582100000,14942600000,6857400000,3360500000,79664200000,8490700000,31.46,-4499200000,214.93,115.86
2025-12-28,CAH,6.62,234309992000.0,31.46,None,0.635,-12.1,,None,1713400000,1713400000,,,,,,,,,3113800000,427500000,None,74850200000,74850200000,8826400000,None,None,3937500000,None,None,297600000,,2.033,0.0098,,,,0.106,0.37,1917900000,2215500000,2.18,2006-03-31,21.32,4822100000,8585000000.0,5280900000,1835000000,577100000,5068100000,5068100000,None,104500000,None,7651200000,None,None,2548200000,None,None,1000100000,None,None,None,0.0121,,2969100000,1844900000,1452800000,2364700000,None,None,None,,,,,1.973,16.07,0.211,,,,,,,,0.0068,,2489100000,2025-10-31,quarterly,2.55,USD,pre-market,133300000,9477400000,0.0344,0.0,0.224,977.31,3199300000,2828900000,280700000,499200000,160.77,193.06,16.9725,23645600000,15254100000,11471800000,15058800000,8391500000,3587000000,79664200000,8586800000,31.46,-3998300000,214.93,115.86
2025-12-28,CAH,6.62,234309992000.0,31.46,None,0.635,-12.1,,None,2223900000,2223900000,,,,,,,,,2912200000,431900000,None,74850200000,74850200000,8116600000,None,None,3543800000,None,None,297600000,,2.033,0.0098,,,,0.106,0.37,1917900000,2215500000,2.18,2005-12-31,21.32,4518800000,8585000000.0,5280900000,1835000000,577100000,5082600000,5082600000,None,104500000,None,7276700000,None,None,2568300000,None,None,1000100000,None,None,None,0.0121,,2969100000,1844900000,1149200000,2332800000,None,None,None,,,,,1.973,16.07,0.211,,,,,,,,0.0068,,2490000000,2025-10-31,quarterly,2.55,USD,pre-market,133300000,9354300000,0.0344,0.0,0.224,977.31,3199300000,3009600000,441300000,419000000,160.77,193.06,16.9725,23230200000,14612600000,10890700000,14479200000,8617600000,3588500000,79664200000,8751000000,31.46,-3491600000,214.93,115.86
2025-12-28,CAH,6.62,234309992000.0,31.46,None,0.635,-12.1,,None,1976900000,1976900000,,,,,,,,,2812900000,431400000,None,74850200000,74850200000,8082800000,None,None,3712400000,None,None,297600000,,2.033,0.0098,,,,0.106,0.37,1917900000,2215500000,2.18,2005-09-30,21.32,4822100000,8585000000.0,5280900000,1835000000,577100000,5068100000,5068100000,None,104500000,None,7376000000,None,None,2204000000,None,None,1000100000,None,None,None,0.0121,,2969100000,1844900000,1060700000,2259700000,None,None,None,,,,,1.973,16.07,0.211,,,,,,,,0.0068,,2449600000,2025-10-31,quarterly,2.55,USD,pre-market,133300000,9078300000,0.0344,0.0,0.224,977.31,3199300000,2609300000,405300000,199900000,160.77,193.06,16.9725,22969900000,14325900000,10747800000,14091000000,8644000000,3343200000,79664200000,8878900000,31.46,-3019800000,214.93,115.86
2025-12-28,CAH,6.62,234309992000.0,31.46,None,0.635,-12.1,,None,3874000000,3874000000,,,,,,,,,2956000000,242000000,None,74850200000,74850200000,34713000000,None,550000000,13242000000,None,None,297600000,,2.033,0.0098,,,,0.106,0.37,1917900000,2215500000,2.18,2025-06-30,21.32,9691000000,8585000000.0,5280900000,1835000000,577100000,2486000000,2486000000,None,104500000,None,16831000000,None,None,7977000000,None,None,1000100000,None,None,None,0.0121,,2969100000,1844900000,2426000000,3470000000,None,8882000000,None,,,,,1.973,16.07,0.211,,,,,,,,0.0068,,3616000000,2025-10-31,annual,2.55,USD,pre-market,133300000,783000000,0.0344,0.0,0.224,977.31,3199300000,9345000000,714000000,None,160.77,193.06,16.9725,53122000000,36373000000,38897000000,55756000000,16749000000,16859000000,79664200000,-2781000000,31.46,None,214.93,115.86
2025-12-28,CAH,6.62,234309992000.0,31.46,None,0.635,-12.1,,None,5133000000,5133000000,,,,,,,,,2917000000,247000000,None,74850200000,74850200000,31759000000,None,434000000,12084000000,None,None,297600000,,2.033,0.0098,,,,0.106,0.37,1917900000,2215500000,2.18,2024-06-30,21.32,4725000000,8585000000.0,5280900000,1835000000,577100000,1725000000,1725000000,None,104500000,None,14957000000,None,None,4658000000,None,None,1000100000,None,None,None,0.0121,,2969100000,1844900000,2710000000,3447000000,None,8035000000,None,,,,,1.973,16.07,0.211,,,,,,,,0.0068,,3004000000,2025-10-31,annual,2.55,USD,pre-market,133300000,-286000000,0.0344,0.0,0.224,977.31,3199300000,5609000000,551000000,200000000,160.77,193.06,16.9725,45121000000,34884000000,35640000000,48333000000,10237000000,12693000000,79664200000,-3213000000,31.46,None,214.93,115.86
2025-12-28,CAH,6.62,234309992000.0,31.46,None,0.635,-12.1,,None,4076000000,4076000000,,,,,,,,,2746000000,262000000,None,74850200000,74850200000,29934000000,None,792000000,11108000000,None,None,297600000,,2.033,0.0098,,,,0.106,0.37,1917900000,2215500000,2.18,2023-06-30,21.32,4613000000,8585000000.0,5280900000,1835000000,577100000,1472000000,1472000000,None,104500000,None,16119000000,None,None,3909000000,None,None,1000100000,None,None,None,0.0121,,2969100000,1844900000,2434000000,3014000000,None,8653000000,None,,,,,1.973,16.07,0.211,,,,,,,,0.0068,,2462000000,2025-10-31,annual,2.55,USD,pre-market,133300000,-642000000,0.0344,0.0,0.224,977.31,3199300000,5176000000,892000000,None,160.77,193.06,16.9725,43349000000,33737000000,33740000000,46306000000,9612000000,12566000000,79664200000,-2958000000,31.46,-4914000000,214.93,115.86
2025-12-28,CAH,6.62,234309992000.0,31.46,None,0.635,-12.1,,None,4717000000,4717000000,,,,,,,,,2813000000,279000000,None,74850200000,74850200000,27128000000,None,580000000,10561000000,None,None,297600000,,2.033,0.0098,,,,0.106,0.37,1917900000,2215500000,2.18,2022-06-30,21.32,5855000000,8585000000.0,5280900000,1835000000,577100000,1774000000,1774000000,None,104500000,None,15636000000,None,None,4735000000,None,None,1000100000,None,None,None,0.0121,,2969100000,1844900000,2021000000,2842000000,None,9299000000,None,,,,,1.973,16.07,0.211,,,,,,,,0.0068,,2361000000,2025-10-31,annual,2.55,USD,pre-market,133300000,-280000000,0.0344,0.0,0.224,977.31,3199300000,5805000000,682000000,None,160.77,193.06,16.9725,43878000000,32935000000,30550000000,44584000000,10943000000,14034000000,79664200000,-709000000,31.46,-3128000000,214.93,115.86
2025-12-28,CAH,6.62,234309992000.0,31.46,None,0.635,-12.1,,None,3407000000,3407000000,,,,,,,,,2806000000,294000000,None,74850200000,74850200000,23700000000,None,871000000,9103000000,None,None,297600000,,2.033,0.0098,,,,0.106,0.37,1917900000,2215500000,2.18,2021-06-30,21.32,7989000000,8585000000.0,5280900000,1835000000,577100000,2105000000,2105000000,None,104500000,None,14594000000,None,None,5365000000,None,None,1000100000,None,None,None,0.0121,,2969100000,1844900000,3944000000,3053000000,None,9670000000,None,,,,,1.973,16.07,0.211,,,,,,,,0.0068,,2360000000,2025-10-31,annual,2.55,USD,pre-market,133300000,1205000000,0.0344,0.0,0.224,977.31,3199300000,6715000000,976000000,None,160.77,193.06,16.9725,44453000000,31048000000,27624000000,42659000000,13405000000,15035000000,79664200000,1791000000,31.46,-2186000000,214.93,115.86
2025-12-28,CAH,6.62,234309992000.0,31.46,None,0.635,-12.1,,None,2771000000,2771000000,,,,,,,,,2789000000,293000000,None,74850200000,74850200000,21374000000,None,10000000,8264000000,None,None,297600000,,2.033,0.0098,,,,0.106,0.37,1917900000,2215500000,2.18,2020-06-30,21.32,8357000000,8585000000.0,5280900000,1835000000,577100000,2918000000,2918000000,None,104500000,None,13198000000,None,None,6740000000,None,None,1000100000,None,None,None,0.0121,,2969100000,1844900000,1707000000,2231000000,None,8594000000,None,,,,,1.973,16.07,0.211,,,,,,,,0.0068,,2792000000,2025-10-31,annual,2.55,USD,pre-market,133300000,1170000000,0.0344,0.0,0.224,977.31,3199300000,6775000000,10000000,None,160.77,193.06,16.9725,40766000000,25940000000,23615000000,38974000000,14826000000,15359000000,79664200000,1789000000,31.46,-2066000000,214.93,115.86
2025-12-28,CAH,6.62,234309992000.0,31.46,None,0.635,-12.1,,None,2531000000,2531000000,,,,,,,,,2763000000,301000000,None,74850200000,74850200000,21535000000,None,452000000,8448000000,None,None,297600000,,2.033,0.0098,,,,0.106,0.37,1917900000,2215500000,2.18,2019-06-30,21.32,8378000000,8585000000.0,5280900000,1835000000,577100000,3430000000,3430000000,None,104500000,None,12822000000,None,None,7579000000,None,46000000,1000100000,None,None,None,0.0121,,2969100000,1844900000,1946000000,2122000000,None,None,None,,,,,1.973,16.07,0.211,,,,,,,,0.0068,,2356000000,2025-10-31,annual,2.55,USD,pre-market,133300000,5434000000,0.0344,0.0,0.224,977.31,3199300000,8031000000,452000000,None,160.77,193.06,16.9725,40963000000,25747000000,24109000000,34633000000,15216000000,10524000000,79664200000,6328000000,31.46,-1790000000,214.93,115.86
2025-12-28,CAH,6.62,234309992000.0,31.46,None,0.635,-12.1,,None,1763000000,1763000000,,,,,,,,,2730000000,315000000,None,74850200000,74850200000,19677000000,None,1001000000,7800000000,None,None,297600000,,2.033,0.0098,,,,0.106,0.37,1917900000,2215500000,2.18,2018-06-30,21.32,8316000000,8585000000.0,5280900000,1835000000,577100000,3913000000,3913000000,None,104500000,None,12308000000,None,None,8012000000,None,None,1000100000,None,None,None,0.0121,,2969100000,1844900000,2682000000,2215000000,None,None,None,,,,,1.973,16.07,0.211,,,,,,,,0.0068,,2487000000,2025-10-31,annual,2.55,USD,pre-market,133300000,4645000000,0.0344,0.0,0.224,977.31,3199300000,9013000000,1001000000,0,160.77,193.06,16.9725,39951000000,24553000000,22893000000,33892000000,15398000000,10999000000,79664200000,6059000000,31.46,-1224000000,214.93,115.86
2025-12-28,CAH,6.62,234309992000.0,31.46,None,0.635,-12.1,,None,6879000000,6879000000,,,,,,,,,2697000000,320000000,None,74850200000,74850200000,17906000000,None,1327000000,8048000000,None,None,297600000,,2.033,0.0098,,,,0.106,0.37,1917900000,2215500000,2.18,2017-06-30,21.32,7221000000,8585000000.0,5280900000,1835000000,577100000,1986000000,1986000000,None,104500000,None,11301000000,None,None,9068000000,None,0,1000100000,None,None,None,0.0121,,2969100000,1844900000,2117000000,1988000000,None,None,None,,,,,1.973,16.07,0.211,,,,,,,,0.0068,,1879000000,2025-10-31,annual,2.55,USD,pre-market,133300000,4967000000,0.0344,0.0,0.224,977.31,3199300000,10395000000,1327000000,65000000,160.77,193.06,16.9725,40112000000,28345000000,21221000000,33284000000,11767000000,12063000000,79664200000,6808000000,31.46,-731000000,214.93,115.86
2025-12-28,CAH,6.62,234309992000.0,31.46,None,0.635,-12.1,,None,2356000000,2356000000,,,,,,,,,3010000000,330000000,None,74850200000,74850200000,17306000000,None,587000000,7405000000,None,None,297600000,,2.033,0.0098,,,,0.106,0.37,1917900000,2215500000,2.18,2016-06-30,21.32,7167000000,8585000000.0,5280900000,1835000000,577100000,2259000000,2259000000,None,104500000,None,10615000000,None,None,4952000000,None,33000000,1000100000,None,None,None,0.0121,,2969100000,1844900000,1580000000,1808000000,None,None,None,,,,,1.973,16.07,0.211,,,,,,,,0.0068,,1796000000,2025-10-31,annual,2.55,USD,pre-market,133300000,6419000000,0.0344,0.0,0.224,977.31,3199300000,5539000000,587000000,1000000,160.77,193.06,16.9725,34122000000,21956000000,19701000000,27551000000,12166000000,7850000000,79664200000,6554000000,31.46,-2759000000,214.93,115.86
2025-12-28,CAH,6.62,234309992000.0,31.46,None,0.635,-12.1,,None,4616000000,4616000000,,,,,,,,,3003000000,335000000,None,74850200000,74850200000,14368000000,None,281000000,6523000000,None,None,297600000,,2.033,0.0098,,,,0.106,0.37,1917900000,2215500000,2.18,2015-06-30,21.32,5070000000,8585000000.0,5280900000,1835000000,577100000,948000000,948000000,None,104500000,None,9211000000,None,None,5211000000,None,8000000,1000100000,None,None,None,0.0121,,2969100000,1844900000,1402000000,2594000000,None,None,None,,,,,1.973,16.07,0.211,,,,,,,,0.0068,,1506000000,2025-10-31,annual,2.55,USD,pre-market,133300000,5521000000,0.0344,0.0,0.224,977.31,3199300000,5492000000,281000000,91000000,160.77,193.06,16.9725,30142000000,21752000000,17243000000,23886000000,8390000000,6643000000,79664200000,6256000000,31.46,-2245000000,214.93,115.86
2025-12-28,CAH,6.62,234309992000.0,31.46,None,0.635,-12.1,,None,2865000000,2865000000,,,,,,,,,2980000000,345000000,None,74850200000,74850200000,12149000000,None,3978000000,5380000000,None,None,297600000,,2.033,0.0098,,,,0.106,0.37,1917900000,2215500000,2.18,2014-06-30,21.32,4878000000,8585000000.0,5280900000,1835000000,577100000,992000000,992000000,None,104500000,None,8266000000,None,None,3171000000,None,None,1000100000,None,None,None,0.0121,,2969100000,1844900000,1428000000,2165000000,None,None,None,,,,,1.973,16.07,0.211,,,,,,,,0.0068,,1459000000,2025-10-31,annual,2.55,USD,pre-market,133300000,4774000000,0.0344,0.0,0.224,977.31,3199300000,3972000000,801000000,10000000,160.77,193.06,16.9725,26033000000,17939000000,15115000000,19632000000,8094000000,4517000000,79664200000,6401000000,31.46,-1423000000,214.93,115.86
2025-12-28,CAH,6.62,234309992000.0,31.46,None,0.635,-12.1,,None,1901000000,1901000000,,,,,,,,,2953000000,344000000,None,74850200000,74850200000,12295000000,None,None,6304000000,None,None,297600000,,2.033,0.0098,,,,0.106,0.37,1917900000,2215500000,2.18,2013-06-30,21.32,4601000000,8585000000.0,5280900000,1835000000,577100000,973000000,973000000,None,104500000,None,8373000000,None,None,3686000000,None,None,1000100000,None,None,None,0.0121,,2969100000,1844900000,1192000000,2127000000,None,None,None,,,,,1.973,16.07,0.211,,,,,,,,0.0068,,1489000000,2025-10-31,annual,2.55,USD,pre-market,133300000,4038000000,0.0344,0.0,0.224,977.31,3199300000,3854000000,168000000,0,160.77,193.06,16.9725,25819000000,17770000000,14590000000,19844000000,8049000000,5254000000,79664200000,5975000000,31.46,-1084000000,214.93,115.86
2025-12-28,CAH,6.62,234309992000.0,31.46,None,0.635,-12.1,,None,2274000000,2274000000,,,,,,,,,2930000000,349000000,None,74850200000,74850200000,11726000000,None,None,6355000000,None,None,297600000,,2.033,0.0098,,,,0.106,0.37,1917900000,2215500000,2.18,2012-06-30,21.32,3978000000,8585000000.0,5280900000,1835000000,577100000,414000000,414000000,None,104500000,None,7864000000,None,None,2418000000,None,None,1000100000,None,None,None,0.0121,,2969100000,1844900000,1017000000,1972000000,None,None,None,,,,,1.973,16.07,0.211,,,,,,,,0.0068,,1551000000,2025-10-31,annual,2.55,USD,pre-market,133300000,4093000000,0.0344,0.0,0.224,977.31,3199300000,2894000000,476000000,72000000,160.77,193.06,16.9725,24260000000,17510000000,14174000000,18016000000,6750000000,3842000000,79664200000,6244000000,31.46,-816000000,214.93,115.86
2025-12-28,CAH,6.62,234309992000.0,31.46,-1762000000,0.635,-12.1,,None,1929000000,1929000000,,,,,,,,,2898000000,352500000,None,74850200000,74850200000,11331500000,None,None,6156000000,None,None,297600000,,2.033,0.0098,,,,0.106,0.37,1917900000,2215500000,2.18,2011-06-30,21.32,3846000000,8585000000.0,5280900000,1835000000,577100000,413000000,413000000,None,104500000,None,7334200000,None,None,2175300000,None,None,1000100000,None,None,None,0.0121,,2969100000,1844900000,897000000,1711500000,None,None,None,,,,,1.973,16.07,0.211,,,,,,,,0.0068,,1512200000,2025-10-31,annual,2.55,USD,pre-market,133300000,3331000000,0.0344,0.0,0.224,977.31,3199300000,2502000000,326700000,93200000,160.77,193.06,16.9725,22845900000,16315900000,13370000000,16997000000,6530000000,3627000000,79664200000,5849000000,31.46,-457700000,214.93,115.86
2025-12-28,CAH,6.62,234309992000.0,31.46,-1624900000,0.635,-12.1,,None,2755300000,2755300000,,,,,,,,,2889900000,361400000,None,74850200000,74850200000,9494900000,None,None,5170600000,None,None,297600000,,2.033,0.0098,,,,0.106,0.37,1917900000,2215500000,2.18,2010-06-30,21.32,2253200000,8585000000.0,5280900000,1835000000,577100000,2253200000,2253200000,None,104500000,None,6355900000,None,None,1896100000,None,691500000,1000100000,None,None,None,0.0121,,2969100000,1844900000,637100000,1809500000,None,None,None,,,,,1.973,16.07,0.211,,,,,,,,0.0068,,1468800000,2025-10-31,annual,2.55,USD,pre-market,133300000,2647200000,0.0344,0.0,0.224,977.31,3199300000,2129300000,233200000,None,160.77,193.06,16.9725,19990200000,14918900000,11537600000,14714100000,5071300000,3176500000,79664200000,5276100000,31.46,-331000000,214.93,115.86
2025-12-28,CAH,6.62,234309992000.0,31.46,None,0.635,-12.1,,None,1221600000,1221600000,,,,,,,,,-343000000,361500000,None,74850200000,74850200000,9041900000,None,None,5214900000,None,None,297600000,,2.033,0.0098,,,,0.106,0.37,1917900000,2215500000,2.18,2009-06-30,21.32,2266900000,8585000000.0,5280900000,1835000000,577100000,6095900000,6095900000,None,104500000,None,6832800000,None,None,3280000000,None,None,1000100000,None,None,None,0.0121,,2969100000,1844900000,7712400000,2867100000,None,None,None,,,,,1.973,16.07,0.211,,,,,,,,0.0068,,1873000000,2025-10-31,annual,2.55,USD,pre-market,133300000,5953900000,0.0344,0.0,0.224,977.31,3199300000,3646200000,367300000,398900000,160.77,193.06,16.9725,25118800000,20981700000,12275200000,16394100000,4137100000,4118900000,79664200000,8724700000,31.46,-343000000,214.93,115.86
2025-12-28,CAH,6.62,234309992000.0,31.46,None,0.635,-12.1,,None,1291300000,1291300000,,,,,,,,,-480700000,364000000,None,74850200000,74850200000,8303800000,None,None,4987700000,None,None,297600000,,2.033,0.0098,,,,0.106,0.37,1917900000,2215500000,2.18,2008-06-30,21.32,6157300000,8585000000.0,5280900000,1835000000,577100000,6225900000,6225900000,None,104500000,None,6768800000,None,None,3687400000,None,None,1000100000,None,None,None,0.0121,,2969100000,1844900000,855600000,1924900000,None,None,None,,,,,1.973,16.07,0.211,,,,,,,,0.0068,,1737200000,2025-10-31,annual,2.55,USD,pre-market,133300000,5016200000,0.0344,0.0,0.224,977.31,3199300000,3846400000,159000000,383700000,160.77,193.06,16.9725,23448200000,14276000000,10387700000,15700700000,9172200000,5313000000,79664200000,7747500000,31.46,-480700000,214.93,115.86
2025-12-28,CAH,6.62,234309992000.0,31.46,None,0.635,-12.1,,None,1308800000,1308800000,,,,,,,,,-8215300000,404700000,None,74850200000,74850200000,9162200000,None,None,4714400000,None,None,297600000,,2.033,0.0098,,,,0.106,0.37,1917900000,2215500000,2.18,2007-06-30,21.32,5860900000,8585000000.0,5280900000,1835000000,577100000,5860900000,5860900000,None,104500000,None,7383200000,None,None,3457300000,None,None,1000100000,None,None,None,0.0121,,2969100000,1844900000,1006100000,2281500000,None,None,None,,,,,1.973,16.07,0.211,,,,,,,,0.0068,,1647000000,2025-10-31,annual,2.55,USD,pre-market,133300000,11539900000,0.0344,0.0,0.224,977.31,3199300000,3473300000,16000000,132000000,160.77,193.06,16.9725,23153800000,14544500000,11459700000,15776900000,8609300000,4317200000,79664200000,7376900000,31.46,-8215300000,214.93,115.86
2025-12-28,CAH,6.62,234309992000.0,31.46,None,0.635,-12.1,,None,1187300000,1187300000,,,,,,,,,3195500000,428500000,None,74850200000,74850200000,8907800000,None,None,3808800000,None,None,297600000,,2.033,0.0098,,,,0.106,0.37,1917900000,2215500000,2.18,2006-06-30,21.32,4283400000,8585000000.0,5280900000,1835000000,577100000,4992400000,4992400000,None,104500000,None,7493000000,None,None,2599700000,None,None,1000100000,None,None,None,0.0121,,2969100000,1844900000,3588400000,2475300000,None,None,None,,,,,1.973,16.07,0.211,,,,,,,,0.0068,,2584000000,2025-10-31,annual,2.55,USD,pre-market,133300000,9760500000,0.0344,0.0,0.224,977.31,3199300000,2787600000,199000000,498400000,160.77,193.06,16.9725,23374100000,16575900000,11582100000,14942600000,6857400000,3360500000,79664200000,8490700000,31.46,-4499200000,214.93,115.86
2025-12-28,CAH,6.62,234309992000.0,31.46,None,0.635,-12.1,108000000,None,1187300000,1187300000,-110000000,-142000000,None,None,-736000000,None,None,None,3195500000,428500000,None,74850200000,74850200000,8907800000,None,None,3808800000,None,None,297600000,233000000,2.033,0.0098,129000000,129000000,None,0.106,0.37,1917900000,2215500000,2.18,2025-09-30,21.32,4283400000,8585000000.0,5280900000,1835000000,577100000,4992400000,4992400000,None,104500000,None,7493000000,None,None,2599700000,None,None,454000000,None,None,None,0.0121,973000000,2969100000,1844900000,3588400000,2475300000,None,None,None,None,None,None,None,1.973,16.07,0.211,None,None,None,None,None,-375000000,None,0.0068,None,2584000000,2025-10-31,quarterly,2.55,USD,pre-market,133300000,9760500000,0.0344,0.0,0.224,977.31,3199300000,2787600000,199000000,498400000,160.77,193.06,16.9725,23374100000,16575900000,11582100000,14942600000,6857400000,3360500000,79664200000,8490700000,31.46,-4499200000,214.93,115.86
2025-12-28,CAH,6.62,234309992000.0,31.46,None,0.635,-12.1,232000000,None,1187300000,1187300000,668000000,-1643000000,None,None,-607000000,None,None,None,3195500000,428500000,None,74850200000,74850200000,8907800000,None,None,3808800000,None,None,297600000,209000000,2.033,0.0098,120000000,120000000,None,0.106,0.37,1917900000,2215500000,2.18,2025-06-30,21.32,4283400000,8585000000.0,5280900000,1835000000,577100000,4992400000,4992400000,None,104500000,None,7493000000,None,None,2599700000,None,None,243000000,None,None,None,0.0121,1527000000,2969100000,1844900000,3588400000,2475300000,None,None,None,None,None,None,None,1.973,16.07,0.211,None,None,None,None,None,765000000,None,0.0068,None,2584000000,2025-10-31,quarterly,2.55,USD,pre-market,133300000,9760500000,0.0344,0.0,0.224,977.31,3199300000,2787600000,199000000,498400000,160.77,193.06,16.9725,23374100000,16575900000,11582100000,14942600000,6857400000,3360500000,79664200000,8490700000,31.46,-4499200000,214.93,115.86
2025-12-28,CAH,6.62,234309992000.0,31.46,None,0.635,-12.1,126000000,None,1187300000,1187300000,-507000000,-2898000000,None,None,758000000,None,None,None,3195500000,428500000,None,74850200000,74850200000,8907800000,None,None,3808800000,None,None,297600000,207000000,2.033,0.0098,124000000,124000000,None,0.106,0.37,1917900000,2215500000,2.18,2025-03-31,21.32,4283400000,8585000000.0,5280900000,1835000000,577100000,4992400000,4992400000,None,104500000,None,7493000000,None,None,2599700000,None,None,508000000,None,None,None,0.0121,2917000000,2969100000,1844900000,3588400000,2475300000,None,None,None,None,None,None,None,1.973,16.07,0.211,None,None,None,None,None,-375000000,None,0.0068,None,2584000000,2025-10-31,quarterly,2.55,USD,pre-market,133300000,9760500000,0.0344,0.0,0.224,977.31,3199300000,2787600000,199000000,498400000,160.77,193.06,16.9725,23374100000,16575900000,11582100000,14942600000,6857400000,3360500000,79664200000,8490700000,31.46,-4499200000,214.93,115.86
2025-12-28,CAH,6.62,234309992000.0,31.46,None,0.635,-12.1,99000000,None,1187300000,1187300000,2331000000,-976000000,None,None,-1289000000,None,None,None,3195500000,428500000,None,74850200000,74850200000,8907800000,None,None,3808800000,None,None,297600000,192000000,2.033,0.0098,122000000,122000000,None,0.106,0.37,1917900000,2215500000,2.18,2024-12-31,21.32,4283400000,8585000000.0,5280900000,1835000000,577100000,4992400000,4992400000,None,104500000,None,7493000000,None,None,2599700000,None,None,401000000,None,None,None,0.0121,-400000000,2969100000,1844900000,3588400000,2475300000,None,None,None,None,None,None,None,1.973,16.07,0.211,None,None,None,None,None,-15000000,None,0.0068,None,2584000000,2025-10-31,quarterly,2.55,USD,pre-market,133300000,9760500000,0.0344,0.0,0.224,977.31,3199300000,2787600000,199000000,498400000,160.77,193.06,16.9725,23374100000,16575900000,11582100000,14942600000,6857400000,3360500000,79664200000,8490700000,31.46,-4499200000,214.93,115.86
2025-12-28,CAH,6.62,234309992000.0,31.46,None,0.635,-12.1,90000000,None,1187300000,1187300000,-540000000,-88000000,None,None,-678000000,None,None,None,3195500000,428500000,None,74850200000,74850200000,8907800000,None,None,3808800000,None,None,297600000,182000000,2.033,0.0098,128000000,128000000,None,0.106,0.37,1917900000,2215500000,2.18,2024-09-30,21.32,4283400000,8585000000.0,5280900000,1835000000,577100000,4992400000,4992400000,None,104500000,None,7493000000,None,None,2599700000,None,None,417000000,None,None,None,0.0121,-1647000000,2969100000,1844900000,3588400000,2475300000,None,None,None,None,None,None,None,1.973,16.07,0.211,None,None,None,None,None,-375000000,None,0.0068,None,2584000000,2025-10-31,quarterly,2.55,USD,pre-market,133300000,9760500000,0.0344,0.0,0.224,977.31,3199300000,2787600000,199000000,498400000,160.77,193.06,16.9725,23374100000,16575900000,11582100000,14942600000,6857400000,3360500000,79664200000,8490700000,31.46,-4499200000,214.93,115.86
2025-12-28,CAH,6.62,234309992000.0,31.46,None,0.635,-12.1,193000000,None,1187300000,1187300000,-859000000,166000000,None,None,2486000000,None,None,None,3195500000,428500000,None,74850200000,74850200000,8907800000,None,None,3808800000,None,None,297600000,186000000,2.033,0.0098,122000000,122000000,None,0.106,0.37,1917900000,2215500000,2.18,2024-06-30,21.32,4283400000,8585000000.0,5280900000,1835000000,577100000,4992400000,4992400000,None,104500000,None,7493000000,None,None,2599700000,None,None,234000000,None,None,None,0.0121,2077000000,2969100000,1844900000,3588400000,2475300000,None,None,None,None,None,None,None,1.973,16.07,0.211,None,None,None,None,None,0,None,0.0068,None,2584000000,2025-10-31,quarterly,2.55,USD,pre-market,133300000,9760500000,0.0344,0.0,0.224,977.31,3199300000,2787600000,199000000,498400000,160.77,193.06,16.9725,23374100000,16575900000,11582100000,14942600000,6857400000,3360500000,79664200000,8490700000,31.46,-4499200000,214.93,115.86
2025-12-28,CAH,6.62,234309992000.0,31.46,None,0.635,-12.1,112000000,None,1187300000,1187300000,1031000000,-1847000000,None,None,1191000000,None,None,None,3195500000,428500000,None,74850200000,74850200000,8907800000,None,None,3808800000,None,None,297600000,177000000,2.033,0.0098,122000000,122000000,None,0.106,0.37,1917900000,2215500000,2.18,2024-03-31,21.32,4283400000,8585000000.0,5280900000,1835000000,577100000,4992400000,4992400000,None,104500000,None,7493000000,None,None,2599700000,None,None,262000000,None,None,None,0.0121,-27000000,2969100000,1844900000,3588400000,2475300000,None,None,None,None,None,None,None,1.973,16.07,0.211,None,None,None,None,None,0,None,0.0068,None,2584000000,2025-10-31,quarterly,2.55,USD,pre-market,133300000,9760500000,0.0344,0.0,0.224,977.31,3199300000,2787600000,199000000,498400000,160.77,193.06,16.9725,23374100000,16575900000,11582100000,14942600000,6857400000,3360500000,79664200000,8490700000,31.46,-4499200000,214.93,115.86
2025-12-28,CAH,6.62,234309992000.0,31.46,None,0.635,-12.1,114000000,None,1187300000,1187300000,-353000000,-105000000,None,None,-1376000000,None,None,None,3195500000,428500000,None,74850200000,74850200000,8907800000,None,None,3808800000,None,None,297600000,175000000,2.033,0.0098,124000000,124000000,None,0.106,0.37,1917900000,2215500000,2.18,2023-12-31,21.32,4283400000,8585000000.0,5280900000,1835000000,577100000,4992400000,4992400000,None,104500000,None,7493000000,None,None,2599700000,None,None,369000000,None,None,None,0.0121,1179000000,2969100000,1844900000,3588400000,2475300000,None,None,None,None,None,None,None,1.973,16.07,0.211,None,None,None,None,None,-250000000,None,0.0068,None,2584000000,2025-10-31,quarterly,2.55,USD,pre-market,133300000,9760500000,0.0344,0.0,0.224,977.31,3199300000,2787600000,199000000,498400000,160.77,193.06,16.9725,23374100000,16575900000,11582100000,14942600000,6857400000,3360500000,79664200000,8490700000,31.46,-4499200000,214.93,115.86
2025-12-28,CAH,6.62,234309992000.0,31.46,None,0.635,-12.1,92000000,None,1187300000,1187300000,-666000000,-63000000,None,None,-1057000000,None,None,None,3195500000,428500000,None,74850200000,74850200000,8907800000,None,None,3808800000,None,None,297600000,172000000,2.033,0.0098,131000000,131000000,None,0.106,0.37,1917900000,2215500000,2.18,2023-09-30,21.32,4283400000,8585000000.0,5280900000,1835000000,577100000,4992400000,4992400000,None,104500000,None,7493000000,None,None,2599700000,None,None,6000000,None,None,None,0.0121,545000000,2969100000,1844900000,3588400000,2475300000,None,None,None,None,None,None,None,1.973,16.07,0.211,None,None,None,None,None,-500000000,None,0.0068,None,2584000000,2025-10-31,quarterly,2.55,USD,pre-market,133300000,9760500000,0.0344,0.0,0.224,977.31,3199300000,2787600000,199000000,498400000,160.77,193.06,16.9725,23374100000,16575900000,11582100000,14942600000,6857400000,3360500000,79664200000,8490700000,31.46,-4499200000,214.93,115.86
2025-12-28,CAH,6.62,234309992000.0,31.46,None,0.635,-12.1,217000000,None,1187300000,1187300000,-592000000,-206000000,60000000,None,672000000,None,None,-437000000,3195500000,428500000,None,74850200000,74850200000,8907800000,None,None,3808800000,None,None,297600000,176000000,2.033,0.0098,126000000,126000000,None,0.106,0.37,1917900000,2215500000,2.18,2023-06-30,21.32,4283400000,8585000000.0,5280900000,1835000000,577100000,4992400000,4992400000,None,104500000,None,7493000000,None,None,2599700000,None,None,-66000000,None,None,None,0.0121,858000000,2969100000,1844900000,3588400000,2475300000,None,None,None,None,None,None,None,1.973,16.07,0.211,None,None,None,None,None,-500000000,None,0.0068,None,2584000000,2025-10-31,quarterly,2.55,USD,pre-market,133300000,9760500000,0.0344,0.0,0.224,977.31,3199300000,2787600000,199000000,498400000,160.77,193.06,16.9725,23374100000,16575900000,11582100000,14942600000,6857400000,3360500000,79664200000,8490700000,31.46,-4499200000,214.93,115.86
2025-12-28,CAH,6.62,234309992000.0,31.46,None,0.635,-12.1,109000000,None,1187300000,1187300000,-934000000,-91000000,336000000,None,631000000,None,None,409000000,3195500000,428500000,None,74850200000,74850200000,8907800000,None,None,3808800000,None,None,297600000,175000000,2.033,0.0098,128000000,128000000,None,0.106,0.37,1917900000,2215500000,2.18,2023-03-31,21.32,4283400000,8585000000.0,5280900000,1835000000,577100000,4992400000,4992400000,None,104500000,None,7493000000,None,None,2599700000,None,None,347000000,None,None,None,0.0121,1361000000,2969100000,1844900000,3588400000,2475300000,None,None,None,None,None,None,None,1.973,16.07,0.211,None,None,None,None,None,-250000000,None,0.0068,None,2584000000,2025-10-31,quarterly,2.55,USD,pre-market,133300000,9760500000,0.0344,0.0,0.224,977.31,3199300000,2787600000,199000000,498400000,160.77,193.06,16.9725,23374100000,16575900000,11582100000,14942600000,6857400000,3360500000,79664200000,8490700000,31.46,-4499200000,214.93,115.86
2025-12-28,CAH,6.62,234309992000.0,31.46,None,0.635,-12.1,85000000,None,1187300000,1187300000,-362000000,-87000000,148000000,None,-1379000000,None,None,-411000000,3195500000,428500000,None,74850200000,74850200000,8907800000,None,None,3808800000,None,None,297600000,170000000,2.033,0.0098,129000000,129000000,None,0.106,0.37,1917900000,2215500000,2.18,2022-12-31,21.32,4283400000,8585000000.0,5280900000,1835000000,577100000,4992400000,4992400000,None,104500000,None,7493000000,None,None,2599700000,None,None,-130000000,None,None,None,0.0121,597000000,2969100000,1844900000,3588400000,2475300000,None,None,None,None,None,None,None,1.973,16.07,0.211,None,None,None,None,None,-250000000,None,0.0068,None,2584000000,2025-10-31,quarterly,2.55,USD,pre-market,133300000,9760500000,0.0344,0.0,0.224,977.31,3199300000,2787600000,199000000,498400000,160.77,193.06,16.9725,23374100000,16575900000,11582100000,14942600000,6857400000,3360500000,79664200000,8490700000,31.46,-4499200000,214.93,115.86
2025-12-28,CAH,6.62,234309992000.0,31.46,None,0.635,-12.1,70000000,None,1187300000,1187300000,-1163000000,-70000000,-1210000000,None,-264000000,None,None,-508000000,3195500000,428500000,None,74850200000,74850200000,8907800000,None,None,3808800000,None,None,297600000,171000000,2.033,0.0098,142000000,142000000,None,0.106,0.37,1917900000,2215500000,2.18,2022-09-30,21.32,4283400000,8585000000.0,5280900000,1835000000,577100000,4992400000,4992400000,None,104500000,None,7493000000,None,None,2599700000,None,None,111000000,None,None,None,0.0121,23000000,2969100000,1844900000,3588400000,2475300000,None,None,None,None,None,None,None,1.973,16.07,0.211,None,None,None,None,None,-1000000000,None,0.0068,None,2584000000,2025-10-31,quarterly,2.55,USD,pre-market,133300000,9760500000,0.0344,0.0,0.224,977.31,3199300000,2787600000,199000000,498400000,160.77,193.06,16.9725,23374100000,16575900000,11582100000,14942600000,6857400000,3360500000,79664200000,8490700000,31.46,-4499200000,214.93,115.86
2025-12-28,CAH,6.62,234309992000.0,31.46,None,0.635,-12.1,164000000,None,1187300000,1187300000,-415000000,-204000000,2373000000,None,-149000000,None,None,-333000000,3195500000,428500000,None,74850200000,74850200000,8907800000,None,None,3808800000,None,None,297600000,179000000,2.033,0.0098,134000000,134000000,None,0.106,0.37,1917900000,2215500000,2.18,2022-06-30,21.32,4283400000,8585000000.0,5280900000,1835000000,577100000,4992400000,4992400000,None,104500000,None,7493000000,None,None,2599700000,None,None,137000000,None,None,None,0.0121,2992000000,2969100000,1844900000,3588400000,2475300000,None,None,None,None,None,None,None,1.973,16.07,0.211,None,None,None,None,None,7000000,None,0.0068,None,2584000000,2025-10-31,quarterly,2.55,USD,pre-market,133300000,9760500000,0.0344,0.0,0.224,977.31,3199300000,2787600000,199000000,498400000,160.77,193.06,16.9725,23374100000,16575900000,11582100000,14942600000,6857400000,3360500000,79664200000,8490700000,31.46,-4499200000,214.93,115.86
2025-12-28,CAH,6.62,234309992000.0,31.46,None,0.635,-12.1,82000000,None,1187300000,1187300000,-340000000,-44000000,-792000000,None,-561000000,None,None,-864000000,3195500000,428500000,None,74850200000,74850200000,8907800000,None,None,3808800000,None,None,297600000,181000000,2.033,0.0098,136000000,136000000,None,0.106,0.37,1917900000,2215500000,2.18,2022-03-31,21.32,4283400000,8585000000.0,5280900000,1835000000,577100000,4992400000,4992400000,None,104500000,None,7493000000,None,None,2599700000,None,None,-1390000000,None,None,None,0.0121,-419000000,2969100000,1844900000,3588400000,2475300000,None,None,None,None,None,None,None,1.973,16.07,0.211,None,None,None,None,None,-200000000,None,0.0068,None,2584000000,2025-10-31,quarterly,2.55,USD,pre-market,133300000,9760500000,0.0344,0.0,0.224,977.31,3199300000,2787600000,199000000,498400000,160.77,193.06,16.9725,23374100000,16575900000,11582100000,14942600000,6857400000,3360500000,79664200000,8490700000,31.46,-4499200000,214.93,115.86
2025-12-28,CAH,6.62,234309992000.0,31.46,None,0.635,-12.1,74000000,None,1187300000,1187300000,-444000000,-47000000,698000000,-6000000,-232000000,None,None,-115000000,3195500000,428500000,None,74850200000,74850200000,8907800000,None,None,3808800000,None,None,297600000,164000000,2.033,0.0098,140000000,140000000,None,0.106,0.37,1917900000,2215500000,2.18,2021-12-31,21.32,4283400000,8585000000.0,5280900000,1835000000,577100000,4992400000,4992400000,None,104500000,None,7493000000,None,None,2599700000,None,None,49000000,None,None,None,0.0121,1195000000,2969100000,1844900000,3588400000,2475300000,None,None,None,None,None,None,None,1.973,16.07,0.211,None,None,None,None,None,-300000000,None,0.0068,None,2584000000,2025-10-31,quarterly,2.55,USD,pre-market,133300000,9760500000,0.0344,0.0,0.224,977.31,3199300000,2787600000,199000000,498400000,160.77,193.06,16.9725,23374100000,16575900000,11582100000,14942600000,6857400000,3360500000,79664200000,8490700000,31.46,-4499200000,214.93,115.86
2025-12-28,CAH,6.62,234309992000.0,31.46,None,0.635,-12.1,67000000,None,1187300000,1187300000,-1264000000,862000000,-1053000000,-5000000,-129000000,None,None,-214000000,3195500000,428500000,None,74850200000,74850200000,8907800000,None,None,3808800000,None,None,297600000,168000000,2.033,0.0098,149000000,149000000,None,0.106,0.37,1917900000,2215500000,2.18,2021-09-30,21.32,4283400000,8585000000.0,5280900000,1835000000,577100000,4992400000,4992400000,None,104500000,None,7493000000,None,None,2599700000,None,None,272000000,None,None,None,0.0121,-646000000,2969100000,1844900000,3588400000,2475300000,None,None,None,None,None,None,None,1.973,16.07,0.211,None,None,None,None,None,-500000000,None,0.0068,None,2584000000,2025-10-31,quarterly,2.55,USD,pre-market,133300000,9760500000,0.0344,0.0,0.224,977.31,3199300000,2787600000,199000000,498400000,160.77,193.06,16.9725,23374100000,16575900000,11582100000,14942600000,6857400000,3360500000,79664200000,8490700000,31.46,-4499200000,214.93,115.86
2025-12-28,CAH,6.62,234309992000.0,31.46,None,0.635,-12.1,126000000,None,1187300000,1187300000,-649000000,-88000000,-69000000,3000000,-261000000,None,None,-393000000,3195500000,428500000,None,74850200000,74850200000,8907800000,None,None,3808800000,None,None,297600000,180000000,2.033,0.0098,141000000,141000000,None,0.106,0.37,1917900000,2215500000,2.18,2021-06-30,21.32,4283400000,8585000000.0,5280900000,1835000000,577100000,4992400000,4992400000,None,104500000,None,7493000000,None,None,2599700000,None,None,115000000,None,None,None,0.0121,665000000,2969100000,1844900000,3588400000,2475300000,None,None,None,None,None,None,None,1.973,16.07,0.211,None,None,None,None,None,1000000,None,0.0068,None,2584000000,2025-10-31,quarterly,2.55,USD,pre-market,133300000,9760500000,0.0344,0.0,0.224,977.31,3199300000,2787600000,199000000,498400000,160.77,193.06,16.9725,23374100000,16575900000,11582100000,14942600000,6857400000,3360500000,79664200000,8490700000,31.46,-4499200000,214.93,115.86
2025-12-28,CAH,6.62,234309992000.0,31.46,None,0.635,-12.1,100000000,None,1187300000,1187300000,-324000000,-99000000,-152000000,-6000000,-67000000,None,None,-12000000,3195500000,428500000,None,74850200000,74850200000,8907800000,None,None,3808800000,None,None,297600000,199000000,2.033,0.0098,143000000,143000000,None,0.106,0.37,1917900000,2215500000,2.18,2021-03-31,21.32,4283400000,8585000000.0,5280900000,1835000000,577100000,4992400000,4992400000,None,104500000,None,7493000000,None,None,2599700000,None,None,120000000,None,None,None,0.0121,277000000,2969100000,1844900000,3588400000,2475300000,None,None,None,None,None,None,None,1.973,16.07,0.211,None,None,None,None,None,-200000000,None,0.0068,None,2584000000,2025-10-31,quarterly,2.55,USD,pre-market,133300000,9760500000,0.0344,0.0,0.224,977.31,3199300000,2787600000,199000000,498400000,160.77,193.06,16.9725,23374100000,16575900000,11582100000,14942600000,6857400000,3360500000,79664200000,8490700000,31.46,-4499200000,214.93,115.86
2025-12-28,CAH,6.62,234309992000.0,31.46,None,0.635,-12.1,96000000,None,1187300000,1187300000,-146000000,-97000000,991000000,17000000,-1011000000,None,None,-111000000,3195500000,428500000,None,74850200000,74850200000,8907800000,None,None,3808800000,None,None,297600000,199000000,2.033,0.0098,143000000,143000000,None,0.106,0.37,1917900000,2215500000,2.18,2020-12-31,21.32,4283400000,8585000000.0,5280900000,1835000000,577100000,4992400000,4992400000,None,104500000,None,7493000000,None,None,2599700000,None,None,630000000,None,None,None,0.0121,1217000000,2969100000,1844900000,3588400000,2475300000,None,None,None,None,None,None,None,1.973,16.07,0.211,None,None,None,None,None,6000000,None,0.0068,None,2584000000,2025-10-31,quarterly,2.55,USD,pre-market,133300000,9760500000,0.0344,0.0,0.224,977.31,3199300000,2787600000,199000000,498400000,160.77,193.06,16.9725,23374100000,16575900000,11582100000,14942600000,6857400000,3360500000,79664200000,8490700000,31.46,-4499200000,214.93,115.86
2025-12-28,CAH,6.62,234309992000.0,31.46,None,0.635,-12.1,78000000,None,1187300000,1187300000,-198000000,-94000000,-25000000,-3000000,-245000000,None,None,-388000000,3195500000,428500000,None,74850200000,74850200000,8907800000,None,None,3808800000,None,None,297600000,205000000,2.033,0.0098,146000000,146000000,None,0.106,0.37,1917900000,2215500000,2.18,2020-09-30,21.32,4283400000,8585000000.0,5280900000,1835000000,577100000,4992400000,4992400000,None,104500000,None,7493000000,None,None,2599700000,None,None,-253000000,None,None,None,0.0121,270000000,2969100000,1844900000,3588400000,2475300000,None,None,None,None,None,None,None,1.973,16.07,0.211,None,None,None,None,None,-200000000,None,0.0068,None,2584000000,2025-10-31,quarterly,2.55,USD,pre-market,133300000,9760500000,0.0344,0.0,0.224,977.31,3199300000,2787600000,199000000,498400000,160.77,193.06,16.9725,23374100000,16575900000,11582100000,14942600000,6857400000,3360500000,79664200000,8490700000,31.46,-4499200000,214.93,115.86
2025-12-28,CAH,6.62,234309992000.0,31.46,None,0.635,-12.1,136000000,None,1187300000,1187300000,-528000000,742000000,442000000,-12000000,-401000000,None,None,735000000,3195500000,428500000,None,74850200000,74850200000,8907800000,None,None,3808800000,None,None,297600000,225000000,2.033,0.0098,141000000,141000000,None,0.106,0.37,1917900000,2215500000,2.18,2020-06-30,21.32,4283400000,8585000000.0,5280900000,1835000000,577100000,4992400000,4992400000,None,104500000,None,7493000000,None,None,2599700000,None,None,657000000,None,None,None,0.0121,240000000,2969100000,1844900000,3588400000,2475300000,None,None,None,None,None,None,None,1.973,16.07,0.211,None,None,None,None,None,4000000,None,0.0068,None,2584000000,2025-10-31,quarterly,2.55,USD,pre-market,133300000,9760500000,0.0344,0.0,0.224,977.31,3199300000,2787600000,199000000,498400000,160.77,193.06,16.9725,23374100000,16575900000,11582100000,14942600000,6857400000,3360500000,79664200000,8490700000,31.46,-4499200000,214.93,115.86
2025-12-28,CAH,6.62,234309992000.0,31.46,None,0.635,-12.1,90000000,None,1187300000,1187300000,-912000000,-98000000,670000000,4000000,983000000,None,None,-774000000,3195500000,428500000,None,74850200000,74850200000,8907800000,None,None,3808800000,None,None,297600000,224000000,2.033,0.0098,141000000,141000000,None,0.106,0.37,1917900000,2215500000,2.18,2020-03-31,21.32,4283400000,8585000000.0,5280900000,1835000000,577100000,4992400000,4992400000,None,104500000,None,7493000000,None,None,2599700000,None,None,351000000,None,None,None,0.0121,1676000000,2969100000,1844900000,3588400000,2475300000,None,None,None,None,None,None,None,1.973,16.07,0.211,None,None,None,None,None,7000000,None,0.0068,None,2584000000,2025-10-31,quarterly,2.55,USD,pre-market,133300000,9760500000,0.0344,0.0,0.224,977.31,3199300000,2787600000,199000000,498400000,160.77,193.06,16.9725,23374100000,16575900000,11582100000,14942600000,6857400000,3360500000,79664200000,8490700000,31.46,-4499200000,214.93,115.86
2025-12-28,CAH,6.62,234309992000.0,31.46,None,0.635,-12.1,77000000,None,1187300000,1187300000,-175000000,-78000000,447000000,3000000,-1347000000,None,None,-108000000,3195500000,428500000,None,74850200000,74850200000,8907800000,None,None,3808800000,None,None,297600000,230000000,2.033,0.0098,141000000,141000000,None,0.106,0.37,1917900000,2215500000,2.18,2019-12-31,21.32,4283400000,8585000000.0,5280900000,1835000000,577100000,4992400000,4992400000,None,104500000,None,7493000000,None,None,2599700000,None,None,220000000,None,None,None,0.0121,697000000,2969100000,1844900000,3588400000,2475300000,None,None,None,None,None,None,None,1.973,16.07,0.211,None,None,None,None,None,2000000,None,0.0068,None,2584000000,2025-10-31,quarterly,2.55,USD,pre-market,133300000,9760500000,0.0344,0.0,0.224,977.31,3199300000,2787600000,199000000,498400000,160.77,193.06,16.9725,23374100000,16575900000,11582100000,14942600000,6857400000,3360500000,79664200000,8490700000,31.46,-4499200000,214.93,115.86
2025-12-28,CAH,6.62,234309992000.0,31.46,None,0.635,-12.1,72000000,None,1187300000,1187300000,-585000000,-73000000,-1319000000,-8000000,356000000,None,None,229000000,3195500000,428500000,None,74850200000,74850200000,8907800000,None,None,3808800000,None,None,297600000,234000000,2.033,0.0098,146000000,146000000,None,0.106,0.37,1917900000,2215500000,2.18,2019-09-30,21.32,4283400000,8585000000.0,5280900000,1835000000,577100000,4992400000,4992400000,None,104500000,None,7493000000,None,None,2599700000,None,None,-4921000000,None,None,None,0.0121,-653000000,2969100000,1844900000,3588400000,2475300000,None,None,None,None,None,None,None,1.973,16.07,0.211,None,None,None,None,None,-350000000,None,0.0068,None,2584000000,2025-10-31,quarterly,2.55,USD,pre-market,133300000,9760500000,0.0344,0.0,0.224,977.31,3199300000,2787600000,199000000,498400000,160.77,193.06,16.9725,23374100000,16575900000,11582100000,14942600000,6857400000,3360500000,79664200000,8490700000,31.46,-4499200000,214.93,115.86
2025-12-28,CAH,6.62,234309992000.0,31.46,None,0.635,-12.1,136000000,None,1187300000,1187300000,-1243000000,-173000000,-907000000,3000000,-206000000,None,None,-595000000,3195500000,428500000,None,74850200000,74850200000,8907800000,None,None,3808800000,None,None,297600000,241000000,2.033,0.0098,142000000,142000000,None,0.106,0.37,1917900000,2215500000,2.18,2019-06-30,21.32,4283400000,8585000000.0,5280900000,1835000000,577100000,4992400000,4992400000,None,104500000,None,7493000000,None,None,2599700000,None,None,195000000,None,None,None,0.0121,506000000,2969100000,1844900000,3588400000,2475300000,None,None,None,None,None,None,None,1.973,16.07,0.211,None,None,None,None,None,-1000000,None,0.0068,None,2584000000,2025-10-31,quarterly,2.55,USD,pre-market,133300000,9760500000,0.0344,0.0,0.224,977.31,3199300000,2787600000,199000000,498400000,160.77,193.06,16.9725,23374100000,16575900000,11582100000,14942600000,6857400000,3360500000,79664200000,8490700000,31.46,-4499200000,214.93,115.86
2025-12-28,CAH,6.62,234309992000.0,31.46,None,0.635,-12.1,76000000,None,1187300000,1187300000,-142000000,-84000000,1256000000,2000000,408000000,None,None,35000000,3195500000,428500000,None,74850200000,74850200000,8907800000,None,None,3808800000,None,None,297600000,261000000,2.033,0.0098,142000000,142000000,None,0.106,0.37,1917900000,2215500000,2.18,2019-03-31,21.32,4283400000,8585000000.0,5280900000,1835000000,577100000,4992400000,4992400000,None,104500000,None,7493000000,None,None,2599700000,None,None,296000000,None,None,None,0.0121,1480000000,2969100000,1844900000,3588400000,2475300000,None,None,None,None,None,None,None,1.973,16.07,0.211,None,None,None,None,None,-600000000,None,0.0068,None,2584000000,2025-10-31,quarterly,2.55,USD,pre-market,133300000,9760500000,0.0344,0.0,0.224,977.31,3199300000,2787600000,199000000,498400000,160.77,193.06,16.9725,23374100000,16575900000,11582100000,14942600000,6857400000,3360500000,79664200000,8490700000,31.46,-4499200000,214.93,115.86
2025-12-28,CAH,6.62,234309992000.0,31.46,None,0.635,-12.1,58000000,None,1187300000,1187300000,-144000000,-84000000,137000000,-6000000,-575000000,None,None,111000000,3195500000,428500000,None,74850200000,74850200000,8907800000,None,None,3808800000,None,None,297600000,253000000,2.033,0.0098,143000000,143000000,None,0.106,0.37,1917900000,2215500000,2.18,2018-12-31,21.32,4283400000,8585000000.0,5280900000,1835000000,577100000,4992400000,4992400000,None,104500000,None,7493000000,None,None,2599700000,None,None,280000000,None,None,None,0.0121,371000000,2969100000,1844900000,3588400000,2475300000,None,None,None,None,None,None,None,1.973,16.07,0.211,None,None,None,None,None,-600000000,None,0.0068,None,2584000000,2025-10-31,quarterly,2.55,USD,pre-market,133300000,9760500000,0.0344,0.0,0.224,977.31,3199300000,2787600000,199000000,498400000,160.77,193.06,16.9725,23374100000,16575900000,11582100000,14942600000,6857400000,3360500000,79664200000,8490700000,31.46,-4499200000,214.93,115.86
2025-12-28,CAH,6.62,234309992000.0,31.46,None,0.635,-12.1,58000000,None,1187300000,1187300000,-764000000,679000000,282000000,2000000,-178000000,None,None,-302000000,3195500000,428500000,None,74850200000,74850200000,8907800000,None,None,3808800000,None,None,297600000,245000000,2.033,0.0098,150000000,150000000,None,0.106,0.37,1917900000,2215500000,2.18,2018-09-30,21.32,4283400000,8585000000.0,5280900000,1835000000,577100000,4992400000,4992400000,None,104500000,None,7493000000,None,None,2599700000,None,None,594000000,None,None,None,0.0121,365000000,2969100000,1844900000,3588400000,2475300000,None,None,None,None,None,None,None,1.973,16.07,0.211,None,None,None,None,None,-600000000,None,0.0068,None,2584000000,2025-10-31,quarterly,2.55,USD,pre-market,133300000,9760500000,0.0344,0.0,0.224,977.31,3199300000,2787600000,199000000,498400000,160.77,193.06,16.9725,23374100000,16575900000,11582100000,14942600000,6857400000,3360500000,79664200000,8490700000,31.46,-4499200000,214.93,115.86
2025-12-28,CAH,6.62,234309992000.0,31.46,None,0.635,-12.1,138000000,None,1187300000,1187300000,-809000000,-140000000,-412000000,-13000000,-346000000,None,None,-239000000,3195500000,428500000,None,74850200000,74850200000,8907800000,None,None,3808800000,None,None,297600000,253000000,2.033,0.0098,145000000,145000000,None,0.106,0.37,1917900000,2215500000,2.18,2018-06-30,21.32,4283400000,8585000000.0,5280900000,1835000000,577100000,4992400000,4992400000,None,104500000,None,7493000000,None,None,2599700000,None,None,-1166000000,None,None,None,0.0121,554000000,2969100000,1844900000,3588400000,2475300000,None,None,None,None,None,None,None,1.973,16.07,0.211,None,None,None,None,None,-100000000,None,0.0068,None,2584000000,2025-10-31,quarterly,2.55,USD,pre-market,133300000,9760500000,0.0344,0.0,0.224,977.31,3199300000,2787600000,199000000,498400000,160.77,193.06,16.9725,23374100000,16575900000,11582100000,14942600000,6857400000,3360500000,79664200000,8490700000,31.46,-4499200000,214.93,115.86
2025-12-28,CAH,6.62,234309992000.0,31.46,None,0.635,-12.1,78000000,None,1187300000,1187300000,-637000000,781000000,926000000,10000000,130000000,None,None,-15000000,3195500000,428500000,None,74850200000,74850200000,8907800000,None,None,3808800000,None,None,297600000,259000000,2.033,0.0098,140000000,140000000,None,0.106,0.37,1917900000,2215500000,2.18,2018-03-31,21.32,4283400000,8585000000.0,5280900000,1835000000,577100000,4992400000,4992400000,None,104500000,None,7493000000,None,None,2599700000,None,None,255000000,None,None,None,0.0121,754000000,2969100000,1844900000,3588400000,2475300000,None,None,None,None,None,None,None,1.973,16.07,0.211,None,None,None,None,None,-300000000,None,0.0068,None,2584000000,2025-10-31,quarterly,2.55,USD,pre-market,133300000,9760500000,0.0344,0.0,0.224,977.31,3199300000,2787600000,199000000,498400000,160.77,193.06,16.9725,23374100000,16575900000,11582100000,14942600000,6857400000,3360500000,79664200000,8490700000,31.46,-4499200000,214.93,115.86
2025-12-28,CAH,6.62,234309992000.0,31.46,None,0.635,-12.1,101000000,None,1187300000,1187300000,-86000000,-105000000,68000000,-2000000,-614000000,None,None,-258000000,3195500000,428500000,None,74850200000,74850200000,8907800000,None,None,3808800000,None,None,297600000,291000000,2.033,0.0098,146000000,146000000,None,0.106,0.37,1917900000,2215500000,2.18,2017-12-31,21.32,4283400000,8585000000.0,5280900000,1835000000,577100000,4992400000,4992400000,None,104500000,None,7493000000,None,None,2599700000,None,None,1053000000,None,None,None,0.0121,279000000,2969100000,1844900000,3588400000,2475300000,None,None,None,None,None,None,None,1.973,16.07,0.211,None,None,None,None,None,2000000,None,0.0068,None,2584000000,2025-10-31,quarterly,2.55,USD,pre-market,133300000,9760500000,0.0344,0.0,0.224,977.31,3199300000,2787600000,199000000,498400000,160.77,193.06,16.9725,23374100000,16575900000,11582100000,14942600000,6857400000,3360500000,79664200000,8490700000,31.46,-4499200000,214.93,115.86
2025-12-28,CAH,6.62,234309992000.0,31.46,None,0.635,-12.1,67000000,None,1187300000,1187300000,-744000000,-6144000000,-5698000000,9000000,-381000000,None,None,-359000000,3195500000,428500000,None,74850200000,74850200000,8907800000,None,None,3808800000,None,None,297600000,229000000,2.033,0.0098,150000000,150000000,None,0.106,0.37,1917900000,2215500000,2.18,2017-09-30,21.32,4283400000,8585000000.0,5280900000,1835000000,577100000,4992400000,4992400000,None,104500000,None,7493000000,None,None,2599700000,None,None,117000000,None,None,None,0.0121,1181000000,2969100000,1844900000,3588400000,2475300000,None,None,None,None,None,None,None,1.973,16.07,0.211,None,None,None,None,None,-150000000,None,0.0068,None,2584000000,2025-10-31,quarterly,2.55,USD,pre-market,133300000,9760500000,0.0344,0.0,0.224,977.31,3199300000,2787600000,199000000,498400000,160.77,193.06,16.9725,23374100000,16575900000,11582100000,14942600000,6857400000,3360500000,79664200000,8490700000,31.46,-4499200000,214.93,115.86
2025-12-28,CAH,6.62,234309992000.0,31.46,None,0.635,-12.1,94000000,None,1187300000,1187300000,4760000000,24000000,5511000000,3000000,337000000,None,None,-558000000,3195500000,428500000,None,74850200000,74850200000,8907800000,None,None,3808800000,None,None,297600000,192000000,2.033,0.0098,142000000,142000000,None,0.106,0.37,1917900000,2215500000,2.18,2017-06-30,21.32,4283400000,8585000000.0,5280900000,1835000000,577100000,4992400000,4992400000,None,104500000,None,7493000000,None,None,2599700000,None,None,278000000,None,None,None,0.0121,724000000,2969100000,1844900000,3588400000,2475300000,None,None,None,None,None,None,None,1.973,16.07,0.211,None,None,None,None,None,0,None,0.0068,None,2584000000,2025-10-31,quarterly,2.55,USD,pre-market,133300000,9760500000,0.0344,0.0,0.224,977.31,3199300000,2787600000,199000000,498400000,160.77,193.06,16.9725,23374100000,16575900000,11582100000,14942600000,6857400000,3360500000,79664200000,8490700000,31.46,-4499200000,214.93,115.86
2025-12-28,CAH,6.62,234309992000.0,31.46,None,0.635,-12.1,80000000,None,1187300000,1187300000,-128000000,-192000000,-513000000,5000000,284000000,None,None,39000000,3195500000,428500000,None,74850200000,74850200000,8907800000,None,None,3808800000,None,None,297600000,186000000,2.033,0.0098,142000000,142000000,None,0.106,0.37,1917900000,2215500000,2.18,2017-03-31,21.32,4283400000,8585000000.0,5280900000,1835000000,577100000,4992400000,4992400000,None,104500000,None,7493000000,None,None,2599700000,None,None,382000000,None,None,None,0.0121,-198000000,2969100000,1844900000,3588400000,2475300000,None,None,None,None,None,None,None,1.973,16.07,0.211,None,None,None,None,None,-250000000,None,0.0068,None,2584000000,2025-10-31,quarterly,2.55,USD,pre-market,133300000,9760500000,0.0344,0.0,0.224,977.31,3199300000,2787600000,199000000,498400000,160.77,193.06,16.9725,23374100000,16575900000,11582100000,14942600000,6857400000,3360500000,79664200000,8490700000,31.46,-4499200000,214.93,115.86
2025-12-28,CAH,6.62,234309992000.0,31.46,None,0.635,-12.1,113000000,None,1187300000,1187300000,-536000000,-127000000,-120000000,-11000000,-996000000,None,None,160000000,3195500000,428500000,None,74850200000,74850200000,8907800000,None,None,3808800000,None,None,297600000,166000000,2.033,0.0098,144000000,144000000,None,0.106,0.37,1917900000,2215500000,2.18,2016-12-31,21.32,4283400000,8585000000.0,5280900000,1835000000,577100000,4992400000,4992400000,None,104500000,None,7493000000,None,None,2599700000,None,None,324000000,None,None,None,0.0121,554000000,2969100000,1844900000,3588400000,2475300000,None,None,None,None,None,None,None,1.973,16.07,0.211,None,None,None,None,None,-350000000,None,0.0068,None,2584000000,2025-10-31,quarterly,2.55,USD,pre-market,133300000,9760500000,0.0344,0.0,0.224,977.31,3199300000,2787600000,199000000,498400000,160.77,193.06,16.9725,23374100000,16575900000,11582100000,14942600000,6857400000,3360500000,79664200000,8490700000,31.46,-4499200000,214.93,115.86
2025-12-28,CAH,6.62,234309992000.0,31.46,None,0.635,-12.1,100000000,None,1187300000,1187300000,-350000000,-110000000,-355000000,1000000,-298000000,None,None,-306000000,3195500000,428500000,None,74850200000,74850200000,8907800000,None,None,3808800000,None,None,297600000,173000000,2.033,0.0098,149000000,149000000,None,0.106,0.37,1917900000,2215500000,2.18,2016-09-30,21.32,4283400000,8585000000.0,5280900000,1835000000,577100000,4992400000,4992400000,None,104500000,None,7493000000,None,None,2599700000,None,None,310000000,None,None,None,0.0121,104000000,2969100000,1844900000,3588400000,2475300000,None,None,None,None,None,None,None,1.973,16.07,0.211,None,None,None,None,None,-250000000,None,0.0068,None,2584000000,2025-10-31,quarterly,2.55,USD,pre-market,133300000,9760500000,0.0344,0.0,0.224,977.31,3199300000,2787600000,199000000,498400000,160.77,193.06,16.9725,23374100000,16575900000,11582100000,14942600000,6857400000,3360500000,79664200000,8490700000,31.46,-4499200000,214.93,115.86
2025-12-28,CAH,6.62,234309992000.0,31.46,None,0.635,-12.1,181000000,None,1187300000,1187300000,-479000000,-399000000,-242000000,-5000000,278000000,None,None,-145000000,3195500000,428500000,None,74850200000,74850200000,8907800000,None,None,3808800000,None,None,297600000,176000000,2.033,0.0098,126000000,126000000,None,0.106,0.37,1917900000,2215500000,2.18,2016-06-30,21.32,4283400000,8585000000.0,5280900000,1835000000,577100000,4992400000,4992400000,None,104500000,None,7493000000,None,None,2599700000,None,None,335000000,None,None,None,0.0121,641000000,2969100000,1844900000,3588400000,2475300000,None,None,None,None,None,None,None,1.973,16.07,0.211,None,None,None,None,None,-351000000,None,0.0068,None,2584000000,2025-10-31,quarterly,2.55,USD,pre-market,133300000,9760500000,0.0344,0.0,0.224,977.31,3199300000,2787600000,199000000,498400000,160.77,193.06,16.9725,23374100000,16575900000,11582100000,14942600000,6857400000,3360500000,79664200000,8490700000,31.46,-4499200000,214.93,115.86
2025-12-28,CAH,6.62,234309992000.0,31.46,None,0.635,-12.1,109000000,None,1187300000,1187300000,-438000000,-210000000,274000000,3000000,108000000,None,None,-328000000,3195500000,428500000,None,74850200000,74850200000,8907800000,None,None,3808800000,None,None,297600000,159000000,2.033,0.0098,127000000,127000000,None,0.106,0.37,1917900000,2215500000,2.18,2016-03-31,21.32,4283400000,8585000000.0,5280900000,1835000000,577100000,4992400000,4992400000,None,104500000,None,7493000000,None,None,2599700000,None,None,386000000,None,None,None,0.0121,919000000,2969100000,1844900000,3588400000,2475300000,None,None,None,None,None,None,None,1.973,16.07,0.211,None,None,None,None,None,-300000000,None,0.0068,None,2584000000,2025-10-31,quarterly,2.55,USD,pre-market,133300000,9760500000,0.0344,0.0,0.224,977.31,3199300000,2787600000,199000000,498400000,160.77,193.06,16.9725,23374100000,16575900000,11582100000,14942600000,6857400000,3360500000,79664200000,8490700000,31.46,-4499200000,214.93,115.86
2025-12-28,CAH,6.62,234309992000.0,31.46,None,0.635,-12.1,92000000,None,1187300000,1187300000,-110000000,-1993000000,-650000000,-10000000,-1070000000,None,None,-45000000,3195500000,428500000,None,74850200000,74850200000,8907800000,None,None,3808800000,None,None,297600000,169000000,2.033,0.0098,128000000,128000000,None,0.106,0.37,1917900000,2215500000,2.18,2015-12-31,21.32,4283400000,8585000000.0,5280900000,1835000000,577100000,4992400000,4992400000,None,104500000,None,7493000000,None,None,2599700000,None,None,326000000,None,None,None,0.0121,1463000000,2969100000,1844900000,3588400000,2475300000,None,None,None,None,None,None,None,1.973,16.07,0.211,None,None,None,None,None,14000000,None,0.0068,None,2584000000,2025-10-31,quarterly,2.55,USD,pre-market,133300000,9760500000,0.0344,0.0,0.224,977.31,3199300000,2787600000,199000000,498400000,160.77,193.06,16.9725,23374100000,16575900000,11582100000,14942600000,6857400000,3360500000,79664200000,8490700000,31.46,-4499200000,214.93,115.86
2025-12-28,CAH,6.62,234309992000.0,31.46,None,0.635,-12.1,83000000,None,1187300000,1187300000,-112000000,-1478000000,-1642000000,None,-495000000,None,None,-348000000,3195500000,428500000,None,74850200000,74850200000,8907800000,None,None,3808800000,None,None,297600000,137000000,2.033,0.0098,131000000,131000000,None,0.106,0.37,1917900000,2215500000,2.18,2015-09-30,21.32,4283400000,8585000000.0,5280900000,1835000000,577100000,4992400000,4992400000,None,104500000,None,7493000000,None,None,2599700000,None,None,384000000,None,None,None,0.0121,-52000000,2969100000,1844900000,3588400000,2475300000,None,None,None,None,None,None,None,1.973,16.07,0.211,None,None,None,None,None,-21000000,None,0.0068,None,2584000000,2025-10-31,quarterly,2.55,USD,pre-market,133300000,9760500000,0.0344,0.0,0.224,977.31,3199300000,2787600000,199000000,498400000,160.77,193.06,16.9725,23374100000,16575900000,11582100000,14942600000,6857400000,3360500000,79664200000,8490700000,31.46,-4499200000,214.93,115.86
2025-12-28,CAH,6.62,234309992000.0,31.46,None,0.635,-12.1,161000000,None,1187300000,1187300000,1028000000,-463000000,1433000000,None,71000000,None,None,-152000000,3195500000,428500000,None,74850200000,74850200000,8907800000,None,None,3808800000,None,None,297600000,115000000,2.033,0.0098,114000000,114000000,None,0.106,0.37,1917900000,2215500000,2.18,2015-06-30,21.32,4283400000,8585000000.0,5280900000,1835000000,577100000,4992400000,4992400000,None,104500000,None,7493000000,None,None,2599700000,None,None,292000000,None,None,None,0.0121,868000000,2969100000,1844900000,3588400000,2475300000,None,None,None,None,None,None,None,1.973,16.07,0.211,None,None,None,None,None,-350000000,None,0.0068,None,2584000000,2025-10-31,quarterly,2.55,USD,pre-market,133300000,9760500000,0.0344,0.0,0.224,977.31,3199300000,2787600000,199000000,498400000,160.77,193.06,16.9725,23374100000,16575900000,11582100000,14942600000,6857400000,3360500000,79664200000,8490700000,31.46,-4499200000,214.93,115.86
2025-12-28,CAH,6.62,234309992000.0,31.46,None,0.635,-12.1,56000000,None,1187300000,1187300000,-70000000,-286000000,302000000,None,287000000,None,None,-427000000,3195500000,428500000,None,74850200000,74850200000,8907800000,None,None,3808800000,None,None,297600000,116000000,2.033,0.0098,113000000,113000000,None,0.106,0.37,1917900000,2215500000,2.18,2015-03-31,21.32,4283400000,8585000000.0,5280900000,1835000000,577100000,4992400000,4992400000,None,104500000,None,7493000000,None,None,2599700000,None,None,365000000,None,None,None,0.0121,658000000,2969100000,1844900000,3588400000,2475300000,None,None,None,None,None,None,None,1.973,16.07,0.211,None,None,None,None,None,-360000000,None,0.0068,None,2584000000,2025-10-31,quarterly,2.55,USD,pre-market,133300000,9760500000,0.0344,0.0,0.224,977.31,3199300000,2787600000,199000000,498400000,160.77,193.06,16.9725,23374100000,16575900000,11582100000,14942600000,6857400000,3360500000,79664200000,8490700000,31.46,-4499200000,214.93,115.86
2025-12-28,CAH,6.62,234309992000.0,31.46,None,0.635,-12.1,47000000,None,1187300000,1187300000,-522000000,-19000000,412000000,None,-1336000000,None,None,None,3195500000,428500000,None,74850200000,74850200000,8907800000,None,None,3808800000,None,None,297600000,112000000,2.033,0.0098,114000000,114000000,None,0.106,0.37,1917900000,2215500000,2.18,2014-12-31,21.32,4283400000,8585000000.0,5280900000,1835000000,577100000,4992400000,4992400000,None,104500000,None,7493000000,None,None,2599700000,None,None,289000000,None,None,None,0.0121,953000000,2969100000,1844900000,3588400000,2475300000,None,None,None,None,None,None,None,1.973,16.07,0.211,None,None,None,None,None,-326000000,None,0.0068,None,2584000000,2025-10-31,quarterly,2.55,USD,pre-market,133300000,9760500000,0.0344,0.0,0.224,977.31,3199300000,2787600000,199000000,498400000,160.77,193.06,16.9725,23374100000,16575900000,11582100000,14942600000,6857400000,3360500000,79664200000,8490700000,31.46,-4499200000,214.93,115.86
2025-12-28,CAH,6.62,234309992000.0,31.46,None,0.635,-12.1,36000000,None,1187300000,1187300000,-376000000,-81000000,-396000000,None,199000000,None,None,-291000000,3195500000,428500000,None,74850200000,74850200000,8907800000,None,None,3808800000,None,None,297600000,108000000,2.033,0.0098,119000000,119000000,None,0.106,0.37,1917900000,2215500000,2.18,2014-09-30,21.32,4283400000,8585000000.0,5280900000,1835000000,577100000,4992400000,4992400000,None,104500000,None,7493000000,None,None,2599700000,None,None,266000000,None,None,None,0.0121,61000000,2969100000,1844900000,3588400000,2475300000,None,None,None,None,None,None,None,1.973,16.07,0.211,None,None,None,None,None,-360000000,None,0.0068,None,2584000000,2025-10-31,quarterly,2.55,USD,pre-market,133300000,9760500000,0.0344,0.0,0.224,977.31,3199300000,2787600000,199000000,498400000,160.77,193.06,16.9725,23374100000,16575900000,11582100000,14942600000,6857400000,3360500000,79664200000,8490700000,31.46,-4499200000,214.93,115.86
2025-12-28,CAH,6.62,234309992000.0,31.46,None,0.635,-12.1,111000000,None,1187300000,1187300000,-328000000,-564000000,-176000000,None,-208000000,None,None,-548000000,3195500000,428500000,None,74850200000,74850200000,8907800000,None,None,3808800000,None,None,297600000,115000000,2.033,0.0098,103000000,103000000,None,0.106,0.37,1917900000,2215500000,2.18,2014-06-30,21.32,4283400000,8585000000.0,5280900000,1835000000,577100000,4992400000,4992400000,None,104500000,None,7493000000,None,None,2599700000,None,None,234000000,None,None,None,0.0121,716000000,2969100000,1844900000,3588400000,2475300000,None,None,None,None,None,None,None,1.973,16.07,0.211,None,None,None,None,None,-284000000,None,0.0068,None,2584000000,2025-10-31,quarterly,2.55,USD,pre-market,133300000,9760500000,0.0344,0.0,0.224,977.31,3199300000,2787600000,199000000,498400000,160.77,193.06,16.9725,23374100000,16575900000,11582100000,14942600000,6857400000,3360500000,79664200000,8490700000,31.46,-4499200000,214.93,115.86
2025-12-28,CAH,6.62,234309992000.0,31.46,None,0.635,-12.1,48000000,None,1187300000,1187300000,-374000000,-146000000,300000000,None,450000000,None,None,53000000,3195500000,428500000,None,74850200000,74850200000,8907800000,None,None,3808800000,None,None,297600000,110000000,2.033,0.0098,104000000,104000000,None,0.106,0.37,1917900000,2215500000,2.18,2014-03-31,21.32,4283400000,8585000000.0,5280900000,1835000000,577100000,4992400000,4992400000,None,104500000,None,7493000000,None,None,2599700000,None,None,315000000,None,None,None,0.0121,820000000,2969100000,1844900000,3588400000,2475300000,None,None,None,None,None,None,None,1.973,16.07,0.211,None,None,None,None,None,-339000000,None,0.0068,None,2584000000,2025-10-31,quarterly,2.55,USD,pre-market,133300000,9760500000,0.0344,0.0,0.224,977.31,3199300000,2787600000,199000000,498400000,160.77,193.06,16.9725,23374100000,16575900000,11582100000,14942600000,6857400000,3360500000,79664200000,8490700000,31.46,-4499200000,214.93,115.86
2025-12-28,CAH,6.62,234309992000.0,31.46,None,0.635,-12.1,64000000,None,1187300000,1187300000,40000000,-89000000,-12000000,None,-1198000000,None,None,25000000,3195500000,428500000,None,74850200000,74850200000,8907800000,None,None,3808800000,None,None,297600000,117000000,2.033,0.0098,103000000,103000000,None,0.106,0.37,1917900000,2215500000,2.18,2013-12-31,21.32,4283400000,8585000000.0,5280900000,1835000000,577100000,4992400000,4992400000,None,104500000,None,7493000000,None,None,2599700000,None,None,274000000,None,None,None,0.0121,37000000,2969100000,1844900000,3588400000,2475300000,None,None,None,None,None,None,None,1.973,16.07,0.211,None,None,None,None,None,53000000,None,0.0068,None,2584000000,2025-10-31,quarterly,2.55,USD,pre-market,133300000,9760500000,0.0344,0.0,0.224,977.31,3199300000,2787600000,199000000,498400000,160.77,193.06,16.9725,23374100000,16575900000,11582100000,14942600000,6857400000,3360500000,79664200000,8490700000,31.46,-4499200000,214.93,115.86
2025-12-28,CAH,6.62,234309992000.0,31.46,None,0.635,-12.1,26000000,None,1187300000,1187300000,-48000000,-51000000,852000000,None,1098000000,None,None,1395000000,3195500000,428500000,None,74850200000,74850200000,8907800000,None,None,3808800000,None,None,297600000,117000000,2.033,0.0098,105000000,105000000,None,0.106,0.37,1917900000,2215500000,2.18,2013-09-30,21.32,4283400000,8585000000.0,5280900000,1835000000,577100000,4992400000,4992400000,None,104500000,None,7493000000,None,None,2599700000,None,None,340000000,None,None,None,0.0121,951000000,2969100000,1844900000,3588400000,2475300000,None,None,None,None,None,None,None,1.973,16.07,0.211,None,None,None,None,None,-50000000,None,0.0068,None,2584000000,2025-10-31,quarterly,2.55,USD,pre-market,133300000,9760500000,0.0344,0.0,0.224,977.31,3199300000,2787600000,199000000,498400000,160.77,193.06,16.9725,23374100000,16575900000,11582100000,14942600000,6857400000,3360500000,79664200000,8490700000,31.46,-4499200000,214.93,115.86
2025-12-28,CAH,6.62,234309992000.0,31.46,None,0.635,-12.1,92000000,None,1187300000,1187300000,-586000000,-118000000,-404000000,None,-27000000,None,None,135000000,3195500000,428500000,None,74850200000,74850200000,8907800000,None,None,3808800000,None,None,297600000,122000000,2.033,0.0098,95000000,95000000,None,0.106,0.37,1917900000,2215500000,2.18,2013-06-30,21.32,4283400000,8585000000.0,5280900000,1835000000,577100000,4992400000,4992400000,None,104500000,None,7493000000,None,None,2599700000,None,None,-586000000,None,None,None,0.0121,300000000,2969100000,1844900000,3588400000,2475300000,None,None,None,None,None,None,None,1.973,16.07,0.211,None,None,None,None,None,-250000000,None,0.0068,None,2584000000,2025-10-31,quarterly,2.55,USD,pre-market,133300000,9760500000,0.0344,0.0,0.224,977.31,3199300000,2787600000,199000000,498400000,160.77,193.06,16.9725,23374100000,16575900000,11582100000,14942600000,6857400000,3360500000,79664200000,8490700000,31.46,-4499200000,214.93,115.86
2025-12-28,CAH,6.62,234309992000.0,31.46,None,0.635,-12.1,41000000,None,1187300000,1187300000,1201000000,-2140000000,50000000,None,193000000,None,None,-147000000,3195500000,428500000,None,74850200000,74850200000,8907800000,None,None,3808800000,None,None,297600000,99000000,2.033,0.0098,93000000,93000000,None,0.106,0.37,1917900000,2215500000,2.18,2013-03-31,21.32,4283400000,8585000000.0,5280900000,1835000000,577100000,4992400000,4992400000,None,104500000,None,7493000000,None,None,2599700000,None,None,346000000,None,None,None,0.0121,989000000,2969100000,1844900000,3588400000,2475300000,None,None,None,None,None,None,None,1.973,16.07,0.211,None,None,None,None,None,-200000000,None,0.0068,None,2584000000,2025-10-31,quarterly,2.55,USD,pre-market,133300000,9760500000,0.0344,0.0,0.224,977.31,3199300000,2787600000,199000000,498400000,160.77,193.06,16.9725,23374100000,16575900000,11582100000,14942600000,6857400000,3360500000,79664200000,8490700000,31.46,-4499200000,214.93,115.86
2025-12-28,CAH,6.62,234309992000.0,31.46,None,0.635,-12.1,36000000,None,1187300000,1187300000,-41000000,-14000000,-185000000,None,-329000000,None,None,299000000,3195500000,428500000,None,74850200000,74850200000,8907800000,None,None,3808800000,None,None,297600000,88000000,2.033,0.0098,81000000,81000000,None,0.106,0.37,1917900000,2215500000,2.18,2012-12-31,21.32,4283400000,8585000000.0,5280900000,1835000000,577100000,4992400000,4992400000,None,104500000,None,7493000000,None,None,2599700000,None,None,303000000,None,None,None,0.0121,-130000000,2969100000,1844900000,3588400000,2475300000,None,None,None,None,None,None,None,1.973,16.07,0.211,None,None,None,None,None,27000000,None,0.0068,None,2584000000,2025-10-31,quarterly,2.55,USD,pre-market,133300000,9760500000,0.0344,0.0,0.224,977.31,3199300000,2787600000,199000000,498400000,160.77,193.06,16.9725,23374100000,16575900000,11582100000,14942600000,6857400000,3360500000,79664200000,8490700000,31.46,-4499200000,214.93,115.86
2025-12-28,CAH,6.62,234309992000.0,31.46,None,0.635,-12.1,26000000,None,1187300000,1187300000,-299000000,-103000000,166000000,None,-207000000,None,None,-71000000,3195500000,428500000,None,74850200000,74850200000,8907800000,None,None,3808800000,None,None,297600000,88000000,2.033,0.0098,84000000,84000000,None,0.106,0.37,1917900000,2215500000,2.18,2012-09-30,21.32,4283400000,8585000000.0,5280900000,1835000000,577100000,4992400000,4992400000,None,104500000,None,7493000000,None,None,2599700000,None,None,272000000,None,None,None,0.0121,568000000,2969100000,1844900000,3588400000,2475300000,None,None,None,None,None,None,None,1.973,16.07,0.211,None,None,None,None,None,-200000000,None,0.0068,None,2584000000,2025-10-31,quarterly,2.55,USD,pre-market,133300000,9760500000,0.0344,0.0,0.224,977.31,3199300000,2787600000,199000000,498400000,160.77,193.06,16.9725,23374100000,16575900000,11582100000,14942600000,6857400000,3360500000,79664200000,8490700000,31.46,-4499200000,214.93,115.86
2025-12-28,CAH,6.62,234309992000.0,31.46,None,0.635,-12.1,100000000,None,1187300000,1187300000,82000000,-111000000,-136100000,None,374900000,None,None,181500000,3195500000,428500000,None,74850200000,74850200000,8907800000,None,None,3808800000,None,None,297600000,86000000,2.033,0.0098,74000000,74000000,None,0.106,0.37,1917900000,2215500000,2.18,2012-06-30,21.32,4283400000,8585000000.0,5280900000,1835000000,577100000,4992400000,4992400000,None,104500000,None,7493000000,None,None,2599700000,None,None,236100000,None,None,None,0.0121,-107000000,2969100000,1844900000,3588400000,2475300000,None,None,None,None,None,None,None,1.973,16.07,0.211,None,None,None,None,None,-150000000,None,0.0068,None,2584000000,2025-10-31,quarterly,2.55,USD,pre-market,133300000,9760500000,0.0344,0.0,0.224,977.31,3199300000,2787600000,199000000,498400000,160.77,193.06,16.9725,23374100000,16575900000,11582100000,14942600000,6857400000,3360500000,79664200000,8490700000,31.46,-4499200000,214.93,115.86
2025-12-28,CAH,6.62,234309992000.0,31.46,None,0.635,-12.1,57700000,None,1187300000,1187300000,-98500000,-182000000,612700000,None,683000000,None,None,-477600000,3195500000,428500000,None,74850200000,74850200000,8907800000,None,None,3808800000,None,None,297600000,83500000,2.033,0.0098,74300000,74300000,None,0.106,0.37,1917900000,2215500000,2.18,2012-03-31,21.32,4283400000,8585000000.0,5280900000,1835000000,577100000,4992400000,4992400000,None,104500000,None,7493000000,None,None,2599700000,None,None,333000000,None,None,None,0.0121,893200000,2969100000,1844900000,3588400000,2475300000,None,None,None,None,None,None,None,1.973,16.07,0.211,None,None,None,None,None,-300000000,None,0.0068,None,2584000000,2025-10-31,quarterly,2.55,USD,pre-market,133300000,9760500000,0.0344,0.0,0.224,977.31,3199300000,2787600000,199000000,498400000,160.77,193.06,16.9725,23374100000,16575900000,11582100000,14942600000,6857400000,3360500000,79664200000,8490700000,31.46,-4499200000,214.93,115.86
2025-12-28,CAH,6.62,234309992000.0,31.46,None,0.635,-12.1,57000000,None,1187300000,1187300000,-55900000,-42500000,-212900000,None,-1392000000,None,None,236400000,3195500000,428500000,None,74850200000,74850200000,8907800000,None,None,3808800000,None,None,297600000,77600000,2.033,0.0098,74400000,74400000,None,0.106,0.37,1917900000,2215500000,2.18,2011-12-31,21.32,4283400000,8585000000.0,5280900000,1835000000,577100000,4992400000,4992400000,None,104500000,None,7493000000,None,None,2599700000,None,None,264000000,None,None,None,0.0121,-114500000,2969100000,1844900000,3588400000,2475300000,None,None,None,None,None,None,None,1.973,16.07,0.211,None,None,None,None,None,9100000,None,0.0068,None,2584000000,2025-10-31,quarterly,2.55,USD,pre-market,133300000,9760500000,0.0344,0.0,0.224,977.31,3199300000,2787600000,199000000,498400000,160.77,193.06,16.9725,23374100000,16575900000,11582100000,14942600000,6857400000,3360500000,79664200000,8490700000,31.46,-4499200000,214.93,115.86
2025-12-28,CAH,6.62,234309992000.0,31.46,None,0.635,-12.1,44300000,None,1187300000,1187300000,-381300000,-41600000,81300000,None,-161000000,None,None,-69300000,3195500000,428500000,None,74850200000,74850200000,8907800000,None,None,3808800000,None,None,297600000,78200000,2.033,0.0098,77200000,77200000,None,0.106,0.37,1917900000,2215500000,2.18,2011-09-30,21.32,4283400000,8585000000.0,5280900000,1835000000,577100000,4992400000,4992400000,None,104500000,None,7493000000,None,None,2599700000,None,None,237000000,None,None,None,0.0121,504200000,2969100000,1844900000,3588400000,2475300000,None,None,None,None,None,None,None,1.973,16.07,0.211,None,None,None,None,None,-300000000,None,0.0068,None,2584000000,2025-10-31,quarterly,2.55,USD,pre-market,133300000,9760500000,0.0344,0.0,0.224,977.31,3199300000,2787600000,199000000,498400000,160.77,193.06,16.9725,23374100000,16575900000,11582100000,14942600000,6857400000,3360500000,79664200000,8490700000,31.46,-4499200000,214.93,115.86
2025-12-28,CAH,6.62,234309992000.0,31.46,None,0.635,-12.1,105300000,None,1187300000,1187300000,-52100000,-100200000,-32500000,None,383400000,None,None,121700000,3195500000,428500000,None,74850200000,74850200000,8907800000,None,None,3808800000,None,None,297600000,74100000,2.033,0.0098,68300000,68300000,None,0.106,0.37,1917900000,2215500000,2.18,2011-06-30,21.32,4283400000,8585000000.0,5280900000,1835000000,577100000,4992400000,4992400000,None,104500000,None,7493000000,None,None,2599700000,None,None,207400000,None,None,None,0.0121,119800000,2969100000,1844900000,3588400000,2475300000,None,None,None,None,None,None,None,1.973,16.07,0.211,None,None,None,None,None,4900000,None,0.0068,None,2584000000,2025-10-31,quarterly,2.55,USD,pre-market,133300000,9760500000,0.0344,0.0,0.224,977.31,3199300000,2787600000,199000000,498400000,160.77,193.06,16.9725,23374100000,16575900000,11582100000,14942600000,6857400000,3360500000,79664200000,8490700000,31.46,-4499200000,214.93,115.86
2025-12-28,CAH,6.62,234309992000.0,31.46,None,0.635,-12.1,59900000,None,1187300000,1187300000,-225800000,-74400000,613800000,None,552200000,None,None,-470400000,3195500000,428500000,None,74850200000,74850200000,8907800000,None,None,3808800000,None,None,297600000,97500000,2.033,0.0098,67900000,67900000,None,0.106,0.37,1917900000,2215500000,2.18,2011-03-31,21.32,4283400000,8585000000.0,5280900000,1835000000,577100000,4992400000,4992400000,None,104500000,None,7493000000,None,None,2599700000,None,None,249500000,None,None,None,0.0121,914000000,2969100000,1844900000,3588400000,2475300000,None,None,None,None,None,None,None,1.973,16.07,0.211,None,None,None,None,None,-269800000,None,0.0068,None,2584000000,2025-10-31,quarterly,2.55,USD,pre-market,133300000,9760500000,0.0344,0.0,0.224,977.31,3199300000,2787600000,199000000,498400000,160.77,193.06,16.9725,23374100000,16575900000,11582100000,14942600000,6857400000,3360500000,79664200000,8490700000,31.46,-4499200000,214.93,115.86
2025-12-28,CAH,6.62,234309992000.0,31.46,None,0.635,-12.1,64100000,None,1187300000,1187300000,429500000,-1937500000,-1364200000,None,-868500000,None,None,163800000,3195500000,428500000,None,74850200000,74850200000,8907800000,None,None,3808800000,None,None,297600000,73200000,2.033,0.0098,67700000,67700000,None,0.106,0.37,1917900000,2215500000,2.18,2010-12-31,21.32,4283400000,8585000000.0,5280900000,1835000000,577100000,4992400000,4992400000,None,104500000,None,7493000000,None,None,2599700000,None,None,214900000,None,None,None,0.0121,143800000,2969100000,1844900000,3588400000,2475300000,None,None,None,None,None,None,None,1.973,16.07,0.211,None,None,None,None,None,494500000,None,0.0068,None,2584000000,2025-10-31,quarterly,2.55,USD,pre-market,133300000,9760500000,0.0344,0.0,0.224,977.31,3199300000,2787600000,199000000,498400000,160.77,193.06,16.9725,23374100000,16575900000,11582100000,14942600000,6857400000,3360500000,79664200000,8490700000,31.46,-4499200000,214.93,115.86
2025-12-28,CAH,6.62,234309992000.0,31.46,None,0.635,-12.1,62000000,None,1187300000,1187300000,-344200000,84100000,-43100000,None,-731800000,None,None,-272300000,3195500000,428500000,None,74850200000,74850200000,8907800000,None,None,3808800000,None,None,297600000,68500000,2.033,0.0098,70300000,70300000,None,0.106,0.37,1917900000,2215500000,2.18,2010-09-30,21.32,4283400000,8585000000.0,5280900000,1835000000,577100000,4992400000,4992400000,None,104500000,None,7493000000,None,None,2599700000,None,None,294400000,None,None,None,0.0121,217000000,2969100000,1844900000,3588400000,2475300000,None,None,None,None,None,None,None,1.973,16.07,0.211,None,None,None,None,None,-269800000,None,0.0068,None,2584000000,2025-10-31,quarterly,2.55,USD,pre-market,133300000,9760500000,0.0344,0.0,0.224,977.31,3199300000,2787600000,199000000,498400000,160.77,193.06,16.9725,23374100000,16575900000,11582100000,14942600000,6857400000,3360500000,79664200000,8490700000,31.46,-4499200000,214.93,115.86
2025-12-28,CAH,6.62,234309992000.0,31.46,None,0.635,-12.1,114000000,None,1187300000,1187300000,-229200000,21500000,116500000,None,858500000,None,None,386000000,3195500000,428500000,None,74850200000,74850200000,8907800000,None,None,3808800000,None,None,297600000,60000000,2.033,0.0098,62900000,62900000,None,0.106,0.37,1917900000,2215500000,2.18,2010-06-30,21.32,4283400000,8585000000.0,5280900000,1835000000,577100000,4992400000,4992400000,None,104500000,None,7493000000,None,None,2599700000,None,None,193800000,None,None,None,0.0121,324200000,2969100000,1844900000,3588400000,2475300000,None,None,None,None,None,None,None,1.973,16.07,0.211,None,None,None,None,None,-180200000,None,0.0068,None,2584000000,2025-10-31,quarterly,2.55,USD,pre-market,133300000,9760500000,0.0344,0.0,0.224,977.31,3199300000,2787600000,199000000,498400000,160.77,193.06,16.9725,23374100000,16575900000,11582100000,14942600000,6857400000,3360500000,79664200000,8490700000,31.46,-4499200000,214.93,115.86
2025-12-28,CAH,6.62,234309992000.0,31.46,None,0.635,-12.1,61900000,None,1187300000,1187300000,-75500000,88100000,892000000,None,746100000,None,None,-634600000,3195500000,428500000,None,74850200000,74850200000,8907800000,None,None,3808800000,None,None,297600000,68600000,2.033,0.0098,63000000,63000000,None,0.106,0.37,1917900000,2215500000,2.18,2010-03-31,21.32,4283400000,8585000000.0,5280900000,1835000000,577100000,4992400000,4992400000,None,104500000,None,7493000000,None,None,2599700000,None,None,224800000,None,None,None,0.0121,879400000,2969100000,1844900000,3588400000,2475300000,None,None,None,None,None,None,None,1.973,16.07,0.211,None,None,None,None,None,-3400000,None,0.0068,None,2584000000,2025-10-31,quarterly,2.55,USD,pre-market,133300000,9760500000,0.0344,0.0,0.224,977.31,3199300000,2787600000,199000000,498400000,160.77,193.06,16.9725,23374100000,16575900000,11582100000,14942600000,6857400000,3360500000,79664200000,8490700000,31.46,-4499200000,214.93,115.86
2025-12-28,CAH,6.62,234309992000.0,31.46,None,0.635,-12.1,42900000,None,1187300000,1187300000,-454200000,92100000,162000000,None,-1099100000,None,None,985300000,3195500000,428500000,None,74850200000,74850200000,8907800000,None,None,3808800000,None,None,297600000,59500000,2.033,0.0098,63000000,63000000,None,0.106,0.37,1917900000,2215500000,2.18,2009-12-31,21.32,4283400000,8585000000.0,5280900000,1835000000,577100000,4992400000,4992400000,None,104500000,None,7493000000,None,None,2599700000,None,None,230200000,None,None,None,0.0121,524100000,2969100000,1844900000,3588400000,2475300000,None,None,None,None,None,None,None,1.973,16.07,0.211,None,None,None,None,None,-50000000,None,0.0068,None,2584000000,2025-10-31,quarterly,2.55,USD,pre-market,133300000,9760500000,0.0344,0.0,0.224,977.31,3199300000,2787600000,199000000,498400000,160.77,193.06,16.9725,23374100000,16575900000,11582100000,14942600000,6857400000,3360500000,79664200000,8490700000,31.46,-4499200000,214.93,115.86
2025-12-28,CAH,6.62,234309992000.0,31.46,None,0.635,-12.1,37000000,None,1187300000,1187300000,31300000,-74100000,363200000,None,-28100000,None,None,-716100000,3195500000,428500000,None,74850200000,74850200000,8907800000,None,None,3808800000,None,None,297600000,66300000,2.033,0.0098,64200000,64200000,None,0.106,0.37,1917900000,2215500000,2.18,2009-09-30,21.32,4283400000,8585000000.0,5280900000,1835000000,577100000,4992400000,4992400000,None,104500000,None,7493000000,None,None,2599700000,None,None,-61800000,None,None,None,0.0121,406000000,2969100000,1844900000,3588400000,2475300000,None,None,None,None,None,None,None,1.973,16.07,0.211,None,None,None,None,None,1277600000,None,0.0068,None,2584000000,2025-10-31,quarterly,2.55,USD,pre-market,133300000,9760500000,0.0344,0.0,0.224,977.31,3199300000,2787600000,199000000,498400000,160.77,193.06,16.9725,23374100000,16575900000,11582100000,14942600000,6857400000,3360500000,79664200000,8490700000,31.46,-4499200000,214.93,115.86
2025-12-28,CAH,6.62,234309992000.0,31.46,None,0.635,-12.1,270300000,None,1187300000,1187300000,-72300000,-273900000,None,None,911000000,None,None,None,3195500000,428500000,None,74850200000,74850200000,8907800000,None,None,3808800000,None,None,297600000,106000000,2.033,0.0098,50300000,50300000,None,0.106,0.37,1917900000,2215500000,2.18,2009-06-30,21.32,4283400000,8585000000.0,5280900000,1835000000,577100000,4992400000,4992400000,None,104500000,None,7493000000,None,None,2599700000,None,None,260700000,None,None,None,0.0121,827700000,2969100000,1844900000,3588400000,2475300000,None,None,None,None,None,None,None,1.973,16.07,0.211,None,None,None,None,None,-11000000,None,0.0068,None,2584000000,2025-10-31,quarterly,2.55,USD,pre-market,133300000,9760500000,0.0344,0.0,0.224,977.31,3199300000,2787600000,199000000,498400000,160.77,193.06,16.9725,23374100000,16575900000,11582100000,14942600000,6857400000,3360500000,79664200000,8490700000,31.46,-4499200000,214.93,115.86
2025-12-28,CAH,6.62,234309992000.0,31.46,None,0.635,-12.1,80900000,None,1187300000,1187300000,-134600000,-92900000,None,None,476600000,None,None,None,3195500000,428500000,None,74850200000,74850200000,8907800000,None,None,3808800000,None,None,297600000,92900000,2.033,0.0098,50100000,50100000,None,0.106,0.37,1917900000,2215500000,2.18,2009-03-31,21.32,4283400000,8585000000.0,5280900000,1835000000,577100000,4992400000,4992400000,None,104500000,None,7493000000,None,None,2599700000,None,None,215000000,None,None,None,0.0121,820900000,2969100000,1844900000,3588400000,2475300000,None,None,None,None,None,None,None,1.973,16.07,0.211,None,None,None,None,None,None,None,0.0068,None,2584000000,2025-10-31,quarterly,2.55,USD,pre-market,133300000,9760500000,0.0344,0.0,0.224,977.31,3199300000,2787600000,199000000,498400000,160.77,193.06,16.9725,23374100000,16575900000,11582100000,14942600000,6857400000,3360500000,79664200000,8490700000,31.46,-4499200000,214.93,115.86
2025-12-28,CAH,6.62,234309992000.0,31.46,None,0.635,-12.1,93600000,None,1187300000,1187300000,-89800000,-81400000,None,None,-956200000,None,None,None,3195500000,428500000,None,74850200000,74850200000,8907800000,None,None,3808800000,None,None,297600000,99500000,2.033,0.0098,50200000,50200000,None,0.106,0.37,1917900000,2215500000,2.18,2008-12-31,21.32,4283400000,8585000000.0,5280900000,1835000000,577100000,4992400000,4992400000,None,104500000,None,7493000000,None,None,2599700000,None,None,169000000,None,None,None,0.0121,271600000,2969100000,1844900000,3588400000,2475300000,None,None,None,None,None,None,None,1.973,16.07,0.211,None,None,None,None,None,None,None,0.0068,None,2584000000,2025-10-31,quarterly,2.55,USD,pre-market,133300000,9760500000,0.0344,0.0,0.224,977.31,3199300000,2787600000,199000000,498400000,160.77,193.06,16.9725,23374100000,16575900000,11582100000,14942600000,6857400000,3360500000,79664200000,8490700000,31.46,-4499200000,214.93,115.86
2025-12-28,CAH,6.62,234309992000.0,31.46,None,0.635,-12.1,88600000,None,1187300000,1187300000,-171500000,-94700000,None,None,-864100000,None,None,None,3195500000,428500000,None,74850200000,74850200000,8907800000,None,None,3808800000,None,None,297600000,101000000,2.033,0.0098,49800000,49800000,None,0.106,0.37,1917900000,2215500000,2.18,2008-09-30,21.32,4283400000,8585000000.0,5280900000,1835000000,577100000,4992400000,4992400000,None,104500000,None,7493000000,None,None,2599700000,None,None,172200000,None,None,None,0.0121,-352900000,2969100000,1844900000,3588400000,2475300000,None,None,None,None,None,None,None,1.973,16.07,0.211,None,None,None,None,None,None,None,0.0068,None,2584000000,2025-10-31,quarterly,2.55,USD,pre-market,133300000,9760500000,0.0344,0.0,0.224,977.31,3199300000,2787600000,199000000,498400000,160.77,193.06,16.9725,23374100000,16575900000,11582100000,14942600000,6857400000,3360500000,79664200000,8490700000,31.46,-4499200000,214.93,115.86
2025-12-28,CAH,6.62,234309992000.0,31.46,None,0.635,-12.1,124500000,None,1187300000,1187300000,98000000,-578000000,None,None,499400000,None,None,None,3195500000,428500000,None,74850200000,74850200000,8907800000,None,None,3808800000,None,None,297600000,96400000,2.033,0.0098,42700000,42700000,None,0.106,0.37,1917900000,2215500000,2.18,2008-06-30,21.32,4283400000,8585000000.0,5280900000,1835000000,577100000,4992400000,4992400000,None,104500000,None,7493000000,None,None,2599700000,None,None,318000000,None,None,None,0.0121,242300000,2969100000,1844900000,3588400000,2475300000,None,None,None,None,None,None,None,1.973,16.07,0.211,None,None,None,None,None,None,None,0.0068,None,2584000000,2025-10-31,quarterly,2.55,USD,pre-market,133300000,9760500000,0.0344,0.0,0.224,977.31,3199300000,2787600000,199000000,498400000,160.77,193.06,16.9725,23374100000,16575900000,11582100000,14942600000,6857400000,3360500000,79664200000,8490700000,31.46,-4499200000,214.93,115.86
2025-12-28,CAH,6.62,234309992000.0,31.46,None,0.635,-12.1,79500000,None,1187300000,1187300000,-466200000,-76400000,None,None,367300000,None,None,None,3195500000,428500000,None,74850200000,74850200000,8907800000,None,None,3808800000,None,None,297600000,93000000,2.033,0.0098,42700000,42700000,None,0.106,0.37,1917900000,2215500000,2.18,2008-03-31,21.32,4283400000,8585000000.0,5280900000,1835000000,577100000,4992400000,4992400000,None,104500000,None,7493000000,None,None,2599700000,None,None,367800000,None,None,None,0.0121,887200000,2969100000,1844900000,3588400000,2475300000,None,None,None,None,None,None,None,1.973,16.07,0.211,None,None,None,None,None,-149600000,None,0.0068,None,2584000000,2025-10-31,quarterly,2.55,USD,pre-market,133300000,9760500000,0.0344,0.0,0.224,977.31,3199300000,2787600000,199000000,498400000,160.77,193.06,16.9725,23374100000,16575900000,11582100000,14942600000,6857400000,3360500000,79664200000,8490700000,31.46,-4499200000,214.93,115.86
2025-12-28,CAH,6.62,234309992000.0,31.46,None,0.635,-12.1,80600000,None,1187300000,1187300000,-52200000,-26800000,None,None,-486100000,None,None,None,3195500000,428500000,None,74850200000,74850200000,8907800000,None,None,3808800000,None,None,297600000,97000000,2.033,0.0098,43400000,43400000,None,0.106,0.37,1917900000,2215500000,2.18,2007-12-31,21.32,4283400000,8585000000.0,5280900000,1835000000,577100000,4992400000,4992400000,None,104500000,None,7493000000,None,None,2599700000,None,None,324700000,None,None,None,0.0121,-26200000,2969100000,1844900000,3588400000,2475300000,None,None,None,None,None,None,None,1.973,16.07,0.211,None,None,None,None,None,-357300000,None,0.0068,None,2584000000,2025-10-31,quarterly,2.55,USD,pre-market,133300000,9760500000,0.0344,0.0,0.224,977.31,3199300000,2787600000,199000000,498400000,160.77,193.06,16.9725,23374100000,16575900000,11582100000,14942600000,6857400000,3360500000,79664200000,8490700000,31.46,-4499200000,214.93,115.86
2025-12-28,CAH,6.62,234309992000.0,31.46,None,0.635,-12.1,91500000,None,1187300000,1187300000,-382800000,-45200000,None,None,232500000,None,None,None,3195500000,428500000,None,74850200000,74850200000,8907800000,None,None,3808800000,None,None,297600000,94900000,2.033,0.0098,44300000,44300000,None,0.106,0.37,1917900000,2215500000,2.18,2007-09-30,21.32,4283400000,8585000000.0,5280900000,1835000000,577100000,4992400000,4992400000,None,104500000,None,7493000000,None,None,2599700000,None,None,301800000,None,None,None,0.0121,408800000,2969100000,1844900000,3588400000,2475300000,None,None,None,None,None,None,None,1.973,16.07,0.211,None,None,None,None,None,-674700000,None,0.0068,None,2584000000,2025-10-31,quarterly,2.55,USD,pre-market,133300000,9760500000,0.0344,0.0,0.224,977.31,3199300000,2787600000,199000000,498400000,160.77,193.06,16.9725,23374100000,16575900000,11582100000,14942600000,6857400000,3360500000,79664200000,8490700000,31.46,-4499200000,214.93,115.86
2025-12-28,CAH,6.62,234309992000.0,31.46,None,0.635,-12.1,114300000,None,1187300000,1187300000,-1178300000,1807300000,None,None,206000000,None,None,None,3195500000,428500000,None,74850200000,74850200000,8907800000,None,None,3808800000,None,None,297600000,85000000,2.033,0.0098,34900000,34900000,None,0.106,0.37,1917900000,2215500000,2.18,2007-06-30,21.32,4283400000,8585000000.0,5280900000,1835000000,577100000,4992400000,4992400000,None,104500000,None,7493000000,None,None,2599700000,None,None,902200000,None,None,None,0.0121,-186700000,2969100000,1844900000,3588400000,2475300000,None,None,None,None,None,None,None,1.973,16.07,0.211,None,None,None,None,None,-1636800000,None,0.0068,None,2584000000,2025-10-31,quarterly,2.55,USD,pre-market,133300000,9760500000,0.0344,0.0,0.224,977.31,3199300000,2787600000,199000000,498400000,160.77,193.06,16.9725,23374100000,16575900000,11582100000,14942600000,6857400000,3360500000,79664200000,8490700000,31.46,-4499200000,214.93,115.86
2025-12-28,CAH,6.62,234309992000.0,31.46,None,0.635,-12.1,89100000,None,1187300000,1187300000,-876400000,-31800000,None,None,-172700000,None,None,None,3195500000,428500000,None,74850200000,74850200000,8907800000,None,None,3808800000,None,None,297600000,81700000,2.033,0.0098,36100000,36100000,None,0.106,0.37,1917900000,2215500000,2.18,2007-03-31,21.32,4283400000,8585000000.0,5280900000,1835000000,577100000,4992400000,4992400000,None,104500000,None,7493000000,None,None,2599700000,None,None,18900000,None,None,None,0.0121,770400000,2969100000,1844900000,3588400000,2475300000,None,None,None,None,None,None,None,1.973,16.07,0.211,None,None,None,None,None,-1279900000,None,0.0068,None,2584000000,2025-10-31,quarterly,2.55,USD,pre-market,133300000,9760500000,0.0344,0.0,0.224,977.31,3199300000,2787600000,199000000,498400000,160.77,193.06,16.9725,23374100000,16575900000,11582100000,14942600000,6857400000,3360500000,79664200000,8490700000,31.46,-4499200000,214.93,115.86
2025-12-28,CAH,6.62,234309992000.0,31.46,None,0.635,-12.1,68700000,None,1187300000,1187300000,-238400000,-154400000,None,None,64300000,None,None,None,3195500000,428500000,None,74850200000,74850200000,8907800000,None,None,3808800000,None,None,297600000,51200000,2.033,0.0098,36400000,36400000,None,0.106,0.37,1917900000,2215500000,2.18,2006-12-31,21.32,4283400000,8585000000.0,5280900000,1835000000,577100000,4992400000,4992400000,None,104500000,None,7493000000,None,None,2599700000,None,None,739300000,None,None,None,0.0121,-78900000,2969100000,1844900000,3588400000,2475300000,None,None,None,None,None,None,None,1.973,16.07,0.211,None,None,None,None,None,-300000000,None,0.0068,None,2584000000,2025-10-31,quarterly,2.55,USD,pre-market,133300000,9760500000,0.0344,0.0,0.224,977.31,3199300000,2787600000,199000000,498400000,160.77,193.06,16.9725,23374100000,16575900000,11582100000,14942600000,6857400000,3360500000,79664200000,8490700000,31.46,-4499200000,214.93,115.86
2025-12-28,CAH,6.62,234309992000.0,31.46,None,0.635,-12.1,85300000,None,1187300000,1187300000,-345700000,-83900000,None,None,119800000,None,None,None,3195500000,428500000,None,74850200000,74850200000,8907800000,None,None,3808800000,None,None,297600000,104200000,2.033,0.0098,37000000,37000000,None,0.106,0.37,1917900000,2215500000,2.18,2006-09-30,21.32,4283400000,8585000000.0,5280900000,1835000000,577100000,4992400000,4992400000,None,104500000,None,7493000000,None,None,2599700000,None,None,270700000,None,None,None,0.0121,718300000,2969100000,1844900000,3588400000,2475300000,None,None,None,None,None,None,None,1.973,16.07,0.211,None,None,None,None,None,-445300000,None,0.0068,None,2584000000,2025-10-31,quarterly,2.55,USD,pre-market,133300000,9760500000,0.0344,0.0,0.224,977.31,3199300000,2787600000,199000000,498400000,160.77,193.06,16.9725,23374100000,16575900000,11582100000,14942600000,6857400000,3360500000,79664200000,8490700000,31.46,-4499200000,214.93,115.86
2025-12-28,CAH,6.62,234309992000.0,31.46,None,0.635,-12.1,112700000,None,1187300000,1187300000,-514300000,-361800000,None,None,33700000,None,None,None,3195500000,428500000,None,74850200000,74850200000,8907800000,None,None,3808800000,None,None,297600000,101600000,2.033,0.0098,25200000,25200000,None,0.106,0.37,1917900000,2215500000,2.18,2006-06-30,21.32,4283400000,8585000000.0,5280900000,1835000000,577100000,4992400000,4992400000,None,104500000,None,7493000000,None,None,2599700000,None,None,565600000,None,None,None,0.0121,483600000,2969100000,1844900000,3588400000,2475300000,None,None,None,None,None,None,None,1.973,16.07,0.211,None,None,None,None,None,-526900000,None,0.0068,None,2584000000,2025-10-31,quarterly,2.55,USD,pre-market,133300000,9760500000,0.0344,0.0,0.224,977.31,3199300000,2787600000,199000000,498400000,160.77,193.06,16.9725,23374100000,16575900000,11582100000,14942600000,6857400000,3360500000,79664200000,8490700000,31.46,-4499200000,214.93,115.86
2025-12-28,CAH,6.62,234309992000.0,31.46,None,0.635,-12.1,112300000,None,1187300000,1187300000,-557800000,-223300000,None,None,-491100000,None,None,None,3195500000,428500000,None,74850200000,74850200000,8907800000,None,None,3808800000,None,None,297600000,89800000,2.033,0.0098,25400000,25400000,None,0.106,0.37,1917900000,2215500000,2.18,2006-03-31,21.32,4283400000,8585000000.0,5280900000,1835000000,577100000,4992400000,4992400000,None,104500000,None,7493000000,None,None,2599700000,None,None,146800000,None,None,None,0.0121,271800000,2969100000,1844900000,3588400000,2475300000,None,None,None,None,None,None,None,1.973,16.07,0.211,None,None,None,None,None,-560100000,None,0.0068,None,2584000000,2025-10-31,quarterly,2.55,USD,pre-market,133300000,9760500000,0.0344,0.0,0.224,977.31,3199300000,2787600000,199000000,498400000,160.77,193.06,16.9725,23374100000,16575900000,11582100000,14942600000,6857400000,3360500000,79664200000,8490700000,31.46,-4499200000,214.93,115.86
2025-12-28,CAH,6.62,234309992000.0,31.46,None,0.635,-12.1,142200000,None,1187300000,1187300000,16000000,-429900000,None,None,78200000,None,None,None,3195500000,428500000,None,74850200000,74850200000,8907800000,None,None,3808800000,None,None,297600000,98200000,2.033,0.0098,25700000,25700000,None,0.106,0.37,1917900000,2215500000,2.18,2005-12-31,21.32,4283400000,8585000000.0,5280900000,1835000000,577100000,4992400000,4992400000,None,104500000,None,7493000000,None,None,2599700000,None,None,304000000,None,None,None,0.0121,660900000,2969100000,1844900000,3588400000,2475300000,None,None,None,None,None,None,None,1.973,16.07,0.211,None,None,None,None,None,None,None,0.0068,None,2584000000,2025-10-31,quarterly,2.55,USD,pre-market,133300000,9760500000,0.0344,0.0,0.224,977.31,3199300000,2787600000,199000000,498400000,160.77,193.06,16.9725,23374100000,16575900000,11582100000,14942600000,6857400000,3360500000,79664200000,8490700000,31.46,-4499200000,214.93,115.86
2025-12-28,CAH,6.62,234309992000.0,31.46,None,0.635,-12.1,76000000,None,1187300000,1187300000,23900000,-172200000,None,None,10700000,None,None,None,3195500000,428500000,None,74850200000,74850200000,8907800000,None,None,3808800000,None,None,297600000,103100000,2.033,0.0098,25500000,25500000,None,0.106,0.37,1917900000,2215500000,2.18,2005-09-30,21.32,4283400000,8585000000.0,5280900000,1835000000,577100000,4992400000,4992400000,None,104500000,None,7493000000,None,None,2599700000,None,None,228300000,None,None,None,0.0121,724000000,2969100000,1844900000,3588400000,2475300000,None,None,None,None,None,None,None,1.973,16.07,0.211,None,None,None,None,None,-560100000,None,0.0068,None,2584000000,2025-10-31,quarterly,2.55,USD,pre-market,133300000,9760500000,0.0344,0.0,0.224,977.31,3199300000,2787600000,199000000,498400000,160.77,193.06,16.9725,23374100000,16575900000,11582100000,14942600000,6857400000,3360500000,79664200000,8490700000,31.46,-4499200000,214.93,115.86
2025-12-28,CAH,6.62,234309992000.0,31.46,None,0.635,-12.1,547000000,None,1187300000,1187300000,1952000000,-5605000000,None,None,-1816000000,None,None,None,3195500000,428500000,None,74850200000,74850200000,8907800000,None,None,3808800000,None,None,297600000,790000000,2.033,0.0098,494000000,494000000,None,0.106,0.37,1917900000,2215500000,2.18,2025-06-30,21.32,4283400000,8585000000.0,5280900000,1835000000,577100000,4992400000,4992400000,None,104500000,None,7493000000,None,None,2599700000,None,None,1569000000,None,None,None,0.0121,2397000000,2969100000,1844900000,3588400000,2475300000,None,None,None,None,None,None,None,1.973,16.07,0.211,None,None,None,None,None,-765000000,None,0.0068,None,2584000000,2025-10-31,annual,2.55,USD,pre-market,133300000,9760500000,0.0344,0.0,0.224,977.31,3199300000,2787600000,199000000,498400000,160.77,193.06,16.9725,23374100000,16575900000,11582100000,14942600000,6857400000,3360500000,79664200000,8490700000,31.46,-4499200000,214.93,115.86
2025-12-28,CAH,6.62,234309992000.0,31.46,None,0.635,-12.1,511000000,None,1187300000,1187300000,-847000000,-1849000000,None,None,1115000000,None,None,None,3195500000,428500000,None,74850200000,74850200000,8907800000,None,None,3808800000,None,None,297600000,710000000,2.033,0.0098,499000000,499000000,None,0.106,0.37,1917900000,2215500000,2.18,2024-06-30,21.32,4283400000,8585000000.0,5280900000,1835000000,577100000,4992400000,4992400000,None,104500000,None,7493000000,None,None,2599700000,None,None,853000000,None,None,None,0.0121,3762000000,2969100000,1844900000,3588400000,2475300000,None,None,None,None,None,None,None,1.973,16.07,0.211,None,None,None,None,None,-750000000,None,0.0068,None,2584000000,2025-10-31,annual,2.55,USD,pre-market,133300000,9760500000,0.0344,0.0,0.224,977.31,3199300000,2787600000,199000000,498400000,160.77,193.06,16.9725,23374100000,16575900000,11582100000,14942600000,6857400000,3360500000,79664200000,8490700000,31.46,-4499200000,214.93,115.86
2025-12-28,CAH,6.62,234309992000.0,31.46,None,0.635,-12.1,481000000,None,1187300000,1187300000,-3051000000,-454000000,-666000000,None,-340000000,None,None,-947000000,3195500000,428500000,None,74850200000,74850200000,8907800000,None,None,3808800000,None,None,297600000,692000000,2.033,0.0098,525000000,525000000,None,0.106,0.37,1917900000,2215500000,2.18,2023-06-30,21.32,4283400000,8585000000.0,5280900000,1835000000,577100000,4992400000,4992400000,None,104500000,None,7493000000,None,None,2599700000,None,None,262000000,None,None,None,0.0121,2839000000,2969100000,1844900000,3588400000,2475300000,None,None,None,None,None,None,None,1.973,16.07,0.211,None,None,None,None,None,-2000000000,None,0.0068,None,2584000000,2025-10-31,annual,2.55,USD,pre-market,133300000,9760500000,0.0344,0.0,0.224,977.31,3199300000,2787600000,199000000,498400000,160.77,193.06,16.9725,23374100000,16575900000,11582100000,14942600000,6857400000,3360500000,79664200000,8490700000,31.46,-4499200000,214.93,115.86
2025-12-28,CAH,6.62,234309992000.0,31.46,None,0.635,-12.1,387000000,None,1187300000,1187300000,-2463000000,567000000,1226000000,None,-1071000000,None,None,-1526000000,3195500000,428500000,None,74850200000,74850200000,8907800000,None,None,3808800000,None,None,297600000,692000000,2.033,0.0098,559000000,559000000,None,0.106,0.37,1917900000,2215500000,2.18,2022-06-30,21.32,4283400000,8585000000.0,5280900000,1835000000,577100000,4992400000,4992400000,None,104500000,None,7493000000,None,None,2599700000,None,None,-932000000,None,None,None,0.0121,3122000000,2969100000,1844900000,3588400000,2475300000,None,None,None,None,None,None,None,1.973,16.07,0.211,None,None,None,None,None,-1000000000,None,0.0068,None,2584000000,2025-10-31,annual,2.55,USD,pre-market,133300000,9760500000,0.0344,0.0,0.224,977.31,3199300000,2787600000,199000000,498400000,160.77,193.06,16.9725,23374100000,16575900000,11582100000,14942600000,6857400000,3360500000,79664200000,8490700000,31.46,-4499200000,214.93,115.86
2025-12-28,CAH,6.62,234309992000.0,31.46,None,0.635,-12.1,400000000,None,1187300000,1187300000,-1317000000,-378000000,745000000,11000000,-1584000000,None,None,-904000000,3195500000,428500000,None,74850200000,74850200000,8907800000,None,None,3808800000,None,None,297600000,783000000,2.033,0.0098,573000000,573000000,None,0.106,0.37,1917900000,2215500000,2.18,2021-06-30,21.32,4283400000,8585000000.0,5280900000,1835000000,577100000,4992400000,4992400000,None,104500000,None,7493000000,None,None,2599700000,None,None,612000000,None,None,None,0.0121,2429000000,2969100000,1844900000,3588400000,2475300000,None,None,None,None,None,None,None,1.973,16.07,0.211,None,None,None,None,None,-200000000,None,0.0068,None,2584000000,2025-10-31,annual,2.55,USD,pre-market,133300000,9760500000,0.0344,0.0,0.224,977.31,3199300000,2787600000,199000000,498400000,160.77,193.06,16.9725,23374100000,16575900000,11582100000,14942600000,6857400000,3360500000,79664200000,8490700000,31.46,-4499200000,214.93,115.86
2025-12-28,CAH,6.62,234309992000.0,31.46,None,0.635,-12.1,375000000,None,1187300000,1187300000,-2200000000,493000000,240000000,-13000000,-409000000,None,None,82000000,3195500000,428500000,None,74850200000,74850200000,8907800000,None,None,3808800000,None,None,297600000,913000000,2.033,0.0098,569000000,569000000,None,0.106,0.37,1917900000,2215500000,2.18,2020-06-30,21.32,4283400000,8585000000.0,5280900000,1835000000,577100000,4992400000,4992400000,None,104500000,None,7493000000,None,None,2599700000,None,None,-3693000000,None,None,None,0.0121,1960000000,2969100000,1844900000,3588400000,2475300000,None,None,None,None,None,None,None,1.973,16.07,0.211,None,None,None,None,None,-350000000,None,0.0068,None,2584000000,2025-10-31,annual,2.55,USD,pre-market,133300000,9760500000,0.0344,0.0,0.224,977.31,3199300000,2787600000,199000000,498400000,160.77,193.06,16.9725,23374100000,16575900000,11582100000,14942600000,6857400000,3360500000,79664200000,8490700000,31.46,-4499200000,214.93,115.86
2025-12-28,CAH,6.62,234309992000.0,31.46,None,0.635,-12.1,328000000,None,1187300000,1187300000,-2293000000,338000000,768000000,1000000,-551000000,None,None,-751000000,3195500000,428500000,None,74850200000,74850200000,8907800000,None,None,3808800000,None,None,297600000,1000000000,2.033,0.0098,577000000,577000000,None,0.106,0.37,1917900000,2215500000,2.18,2019-06-30,21.32,4283400000,8585000000.0,5280900000,1835000000,577100000,4992400000,4992400000,None,104500000,None,7493000000,None,None,2599700000,None,None,1365000000,None,None,None,0.0121,2722000000,2969100000,1844900000,3588400000,2475300000,None,None,None,None,None,None,None,1.973,16.07,0.211,None,None,None,None,None,-600000000,None,0.0068,None,2584000000,2025-10-31,annual,2.55,USD,pre-market,133300000,9760500000,0.0344,0.0,0.224,977.31,3199300000,2787600000,199000000,498400000,160.77,193.06,16.9725,23374100000,16575900000,11582100000,14942600000,6857400000,3360500000,79664200000,8490700000,31.46,-4499200000,214.93,115.86
2025-12-28,CAH,6.62,234309992000.0,31.46,None,0.635,-12.1,384000000,None,1187300000,1187300000,-2276000000,-5608000000,-5116000000,4000000,-1211000000,None,None,-871000000,3195500000,428500000,None,74850200000,74850200000,8907800000,None,None,3808800000,None,None,297600000,1032000000,2.033,0.0098,581000000,581000000,None,0.106,0.37,1917900000,2215500000,2.18,2018-06-30,21.32,4283400000,8585000000.0,5280900000,1835000000,577100000,4992400000,4992400000,None,104500000,None,7493000000,None,None,2599700000,None,None,259000000,None,None,None,0.0121,2768000000,2969100000,1844900000,3588400000,2475300000,None,None,None,None,None,None,None,1.973,16.07,0.211,None,None,None,None,None,-550000000,None,0.0068,None,2584000000,2025-10-31,annual,2.55,USD,pre-market,133300000,9760500000,0.0344,0.0,0.224,977.31,3199300000,2787600000,199000000,498400000,160.77,193.06,16.9725,23374100000,16575900000,11582100000,14942600000,6857400000,3360500000,79664200000,8490700000,31.46,-4499200000,214.93,115.86
2025-12-28,CAH,6.62,234309992000.0,31.46,None,0.635,-12.1,387000000,None,1187300000,1187300000,3746000000,-405000000,4523000000,-2000000,-673000000,None,None,-665000000,3195500000,428500000,None,74850200000,74850200000,8907800000,None,None,3808800000,None,None,297600000,717000000,2.033,0.0098,577000000,577000000,None,0.106,0.37,1917900000,2215500000,2.18,2017-06-30,21.32,4283400000,8585000000.0,5280900000,1835000000,577100000,4992400000,4992400000,None,104500000,None,7493000000,None,None,2599700000,None,None,1294000000,None,None,None,0.0121,1184000000,2969100000,1844900000,3588400000,2475300000,None,None,None,None,None,None,None,1.973,16.07,0.211,None,None,None,None,None,-600000000,None,0.0068,None,2584000000,2025-10-31,annual,2.55,USD,pre-market,133300000,9760500000,0.0344,0.0,0.224,977.31,3199300000,2787600000,199000000,498400000,160.77,193.06,16.9725,23374100000,16575900000,11582100000,14942600000,6857400000,3360500000,79664200000,8490700000,31.46,-4499200000,214.93,115.86
2025-12-28,CAH,6.62,234309992000.0,31.46,None,0.635,-12.1,465000000,None,1187300000,1187300000,-1139000000,-4080000000,-2260000000,-12000000,-1179000000,None,None,-866000000,3195500000,428500000,None,74850200000,74850200000,8907800000,None,None,3808800000,None,None,297600000,641000000,2.033,0.0098,512000000,512000000,None,0.106,0.37,1917900000,2215500000,2.18,2016-06-30,21.32,4283400000,8585000000.0,5280900000,1835000000,577100000,4992400000,4992400000,None,104500000,None,7493000000,None,None,2599700000,None,None,1431000000,None,None,None,0.0121,2971000000,2969100000,1844900000,3588400000,2475300000,None,None,None,None,None,None,None,1.973,16.07,0.211,None,None,None,None,None,-651000000,None,0.0068,None,2584000000,2025-10-31,annual,2.55,USD,pre-market,133300000,9760500000,0.0344,0.0,0.224,977.31,3199300000,2787600000,199000000,498400000,160.77,193.06,16.9725,23374100000,16575900000,11582100000,14942600000,6857400000,3360500000,79664200000,8490700000,31.46,-4499200000,214.93,115.86
2025-12-28,CAH,6.62,234309992000.0,31.46,None,0.635,-12.1,300000000,None,1187300000,1187300000,60000000,-849000000,1751000000,None,-779000000,None,None,-870000000,3195500000,428500000,None,74850200000,74850200000,8907800000,None,None,3808800000,None,None,297600000,451000000,2.033,0.0098,460000000,460000000,None,0.106,0.37,1917900000,2215500000,2.18,2015-06-30,21.32,4283400000,8585000000.0,5280900000,1835000000,577100000,4992400000,4992400000,None,104500000,None,7493000000,None,None,2599700000,None,None,1212000000,None,None,None,0.0121,2540000000,2969100000,1844900000,3588400000,2475300000,None,None,None,None,None,None,None,1.973,16.07,0.211,None,None,None,None,None,-1036000000,None,0.0068,None,2584000000,2025-10-31,annual,2.55,USD,pre-market,133300000,9760500000,0.0344,0.0,0.224,977.31,3199300000,2787600000,199000000,498400000,160.77,193.06,16.9725,23374100000,16575900000,11582100000,14942600000,6857400000,3360500000,79664200000,8490700000,31.46,-4499200000,214.93,115.86
2025-12-28,CAH,6.62,234309992000.0,31.46,None,0.635,-12.1,249000000,None,1187300000,1187300000,-710000000,-850000000,964000000,None,142000000,None,None,925000000,3195500000,428500000,None,74850200000,74850200000,8907800000,None,None,3808800000,None,None,297600000,459000000,2.033,0.0098,415000000,415000000,None,0.106,0.37,1917900000,2215500000,2.18,2014-06-30,21.32,4283400000,8585000000.0,5280900000,1835000000,577100000,4992400000,4992400000,None,104500000,None,7493000000,None,None,2599700000,None,None,1163000000,None,None,None,0.0121,2524000000,2969100000,1844900000,3588400000,2475300000,None,None,None,None,None,None,None,1.973,16.07,0.211,None,None,None,None,None,-673000000,None,0.0068,None,2584000000,2025-10-31,annual,2.55,USD,pre-market,133300000,9760500000,0.0344,0.0,0.224,977.31,3199300000,2787600000,199000000,498400000,160.77,193.06,16.9725,23374100000,16575900000,11582100000,14942600000,6857400000,3360500000,79664200000,8490700000,31.46,-4499200000,214.93,115.86
2025-12-28,CAH,6.62,234309992000.0,31.46,None,0.635,-12.1,195000000,None,1187300000,1187300000,275000000,-2375000000,-373000000,None,-370000000,None,None,216000000,3195500000,428500000,None,74850200000,74850200000,8907800000,None,None,3808800000,None,None,297600000,397000000,2.033,0.0098,353000000,353000000,None,0.106,0.37,1917900000,2215500000,2.18,2013-06-30,21.32,4283400000,8585000000.0,5280900000,1835000000,577100000,4992400000,4992400000,None,104500000,None,7493000000,None,None,2599700000,None,None,335000000,None,None,None,0.0121,1727000000,2969100000,1844900000,3588400000,2475300000,None,None,None,None,None,None,None,1.973,16.07,0.211,None,None,None,None,None,-450000000,None,0.0068,None,2584000000,2025-10-31,annual,2.55,USD,pre-market,133300000,9760500000,0.0344,0.0,0.224,977.31,3199300000,2787600000,199000000,498400000,160.77,193.06,16.9725,23374100000,16575900000,11582100000,14942600000,6857400000,3360500000,79664200000,8490700000,31.46,-4499200000,214.93,115.86
2025-12-28,CAH,6.62,234309992000.0,31.46,None,0.635,-12.1,263000000,None,1187300000,1187300000,-454000000,-377000000,345000000,None,-495000000,None,None,-129000000,3195500000,428500000,None,74850200000,74850200000,8907800000,None,None,3808800000,None,None,297600000,325000000,2.033,0.0098,300000000,300000000,None,0.106,0.37,1917900000,2215500000,2.18,2012-06-30,21.32,4283400000,8585000000.0,5280900000,1835000000,577100000,4992400000,4992400000,None,104500000,None,7493000000,None,None,2599700000,None,None,1070000000,None,None,None,0.0121,1176000000,2969100000,1844900000,3588400000,2475300000,None,None,None,None,None,None,None,1.973,16.07,0.211,None,None,None,None,None,-450000000,None,0.0068,None,2584000000,2025-10-31,annual,2.55,USD,pre-market,133300000,9760500000,0.0344,0.0,0.224,977.31,3199300000,2787600000,199000000,498400000,160.77,193.06,16.9725,23374100000,16575900000,11582100000,14942600000,6857400000,3360500000,79664200000,8490700000,31.46,-4499200000,214.93,115.86
2025-12-28,CAH,6.62,234309992000.0,31.46,None,0.635,-12.1,291300000,None,1187300000,1187300000,-192600000,-2028000000,-826000000,None,-665000000,None,None,-457200000,3195500000,428500000,None,74850200000,74850200000,8907800000,None,None,3808800000,None,None,297600000,313300000,2.033,0.0098,274200000,274200000,None,0.106,0.37,1917900000,2215500000,2.18,2011-06-30,21.32,4283400000,8585000000.0,5280900000,1835000000,577100000,4992400000,4992400000,None,104500000,None,7493000000,None,None,2599700000,None,None,966000000,None,None,None,0.0121,1394600000,2969100000,1844900000,3588400000,2475300000,None,None,None,None,None,None,None,1.973,16.07,0.211,None,None,None,None,None,-270000000,None,0.0068,None,2584000000,2025-10-31,annual,2.55,USD,pre-market,133300000,9760500000,0.0344,0.0,0.224,977.31,3199300000,2787600000,199000000,498400000,160.77,193.06,16.9725,23374100000,16575900000,11582100000,14942600000,6857400000,3360500000,79664200000,8490700000,31.46,-4499200000,214.93,115.86
2025-12-28,CAH,6.62,234309992000.0,31.46,None,0.635,-12.1,255800000,None,1187300000,1187300000,-727500000,127100000,1533700000,None,477000000,None,None,20600000,3195500000,428500000,None,74850200000,74850200000,8907800000,None,None,3808800000,None,None,297600000,254400000,2.033,0.0098,253100000,253100000,None,0.106,0.37,1917900000,2215500000,2.18,2010-06-30,21.32,4283400000,8585000000.0,5280900000,1835000000,577100000,4992400000,4992400000,None,104500000,None,7493000000,None,None,2599700000,None,None,587000000,None,None,None,0.0121,2134100000,2969100000,1844900000,3588400000,2475300000,None,None,None,None,None,None,None,1.973,16.07,0.211,None,None,None,None,None,-230000000,None,0.0068,None,2584000000,2025-10-31,annual,2.55,USD,pre-market,133300000,9760500000,0.0344,0.0,0.224,977.31,3199300000,2787600000,199000000,498400000,160.77,193.06,16.9725,23374100000,16575900000,11582100000,14942600000,6857400000,3360500000,79664200000,8490700000,31.46,-4499200000,214.93,115.86
2025-12-28,CAH,6.62,234309992000.0,31.46,None,0.635,-12.1,533400000,None,1187300000,1187300000,-468200000,-542900000,None,None,-431200000,None,None,None,3195500000,428500000,None,74850200000,74850200000,8907800000,None,None,3808800000,None,None,297600000,399400000,2.033,0.0098,200400000,200400000,None,0.106,0.37,1917900000,2215500000,2.18,2009-06-30,21.32,4283400000,8585000000.0,5280900000,1835000000,577100000,4992400000,4992400000,None,104500000,None,7493000000,None,None,2599700000,None,None,758200000,None,None,None,0.0121,1567300000,2969100000,1844900000,3588400000,2475300000,None,None,None,None,None,None,None,1.973,16.07,0.211,None,None,None,None,None,400000,None,0.0068,None,2584000000,2025-10-31,annual,2.55,USD,pre-market,133300000,9760500000,0.0344,0.0,0.224,977.31,3199300000,2787600000,199000000,498400000,160.77,193.06,16.9725,23374100000,16575900000,11582100000,14942600000,6857400000,3360500000,79664200000,8490700000,31.46,-4499200000,214.93,115.86
2025-12-28,CAH,6.62,234309992000.0,31.46,None,0.635,-12.1,376100000,None,1187300000,1187300000,-803200000,-726400000,None,None,634300000,None,None,None,3195500000,428500000,None,74850200000,74850200000,8907800000,None,None,3808800000,None,None,297600000,381300000,2.033,0.0098,173100000,173100000,None,0.106,0.37,1917900000,2215500000,2.18,2008-06-30,21.32,4283400000,8585000000.0,5280900000,1835000000,577100000,4992400000,4992400000,None,104500000,None,7493000000,None,None,2599700000,None,None,847200000,None,None,None,0.0121,1512100000,2969100000,1844900000,3588400000,2475300000,None,None,None,None,None,None,None,1.973,16.07,0.211,None,None,None,None,None,-1181600000,None,0.0068,None,2584000000,2025-10-31,annual,2.55,USD,pre-market,133300000,9760500000,0.0344,0.0,0.224,977.31,3199300000,2787600000,199000000,498400000,160.77,193.06,16.9725,23374100000,16575900000,11582100000,14942600000,6857400000,3360500000,79664200000,8490700000,31.46,-4499200000,214.93,115.86
2025-12-28,CAH,6.62,234309992000.0,31.46,None,0.635,-12.1,357400000,None,1187300000,1187300000,-2638800000,1537200000,None,None,217400000,None,None,None,3195500000,428500000,None,74850200000,74850200000,8907800000,None,None,3808800000,None,None,297600000,322100000,2.033,0.0098,144400000,144400000,None,0.106,0.37,1917900000,2215500000,2.18,2007-06-30,21.32,4283400000,8585000000.0,5280900000,1835000000,577100000,4992400000,4992400000,None,104500000,None,7493000000,None,None,2599700000,None,None,1931100000,None,None,None,0.0121,1223100000,2969100000,1844900000,3588400000,2475300000,None,None,None,None,None,None,None,1.973,16.07,0.211,None,None,None,None,None,-3662000000,None,0.0068,None,2584000000,2025-10-31,annual,2.55,USD,pre-market,133300000,9760500000,0.0344,0.0,0.224,977.31,3199300000,2787600000,199000000,498400000,160.77,193.06,16.9725,23374100000,16575900000,11582100000,14942600000,6857400000,3360500000,79664200000,8490700000,31.46,-4499200000,214.93,115.86
2025-12-28,CAH,6.62,234309992000.0,31.46,None,0.635,-12.1,443200000,None,1187300000,1187300000,-1032200000,-1187200000,None,None,-356100000,None,None,None,3195500000,428500000,None,74850200000,74850200000,8907800000,None,None,3808800000,None,None,297600000,392700000,2.033,0.0098,101800000,101800000,None,0.106,0.37,1917900000,2215500000,2.18,2006-06-30,21.32,4283400000,8585000000.0,5280900000,1835000000,577100000,4992400000,4992400000,None,104500000,None,7493000000,None,None,2599700000,None,None,1000100000,None,None,None,0.0121,2140300000,2969100000,1844900000,3588400000,2475300000,None,None,None,None,None,None,None,1.973,16.07,0.211,None,None,None,None,None,-1499900000,None,0.0068,None,2584000000,2025-10-31,annual,2.55,USD,pre-market,133300000,9760500000,0.0344,0.0,0.224,977.31,3199300000,2787600000,199000000,498400000,160.77,193.06,16.9725,23374100000,16575900000,11582100000,14942600000,6857400000,3360500000,79664200000,8490700000,31.46,-4499200000,214.93,115.86
