date,symbol,eps,revenue_ttm,pe_ratio,accumulateddepreciationamortizationppe,beta,book_value,capitalexpenditures,capitalleaseobligations,cashandcashequivalentsatcarryingvalue,cashandshortterminvestments,cashflowfromfinancing,cashflowfrominvestment,changeincashandcashequivalents,changeinexchangerate,changeininventory,changeinoperatingassets,changeinoperatingliabilities,changeinreceivables,commonstock,commonstocksharesoutstanding,comprehensiveincomenetoftax,costofgoodsandservicessold,costofrevenue,currentaccountspayable,currentdebt,currentlongtermdebt,currentnetreceivables,deferredrevenue,depreciation,depreciationandamortization,depreciationdepletionandamortization,dividend_per_share,dividend_yield,dividendpayout,dividendpayoutcommonstock,dividendpayoutpreferredstock,earnings_growth_yoy,earnings_surprise,ebit,ebitda,estimated_eps,fiscaldateending,forward_pe,goodwill,gross_profit_ttm,grossprofit,incomebeforetax,incometaxexpense,intangibleassets,intangibleassetsexcludinggoodwill,interestanddebtexpense,interestexpense,interestincome,inventory,investmentincomenet,investments,longtermdebt,longtermdebtnoncurrent,longterminvestments,netincome,netincomefromcontinuingoperations,netinterestincome,noninterestincome,operating_margin_ttm,operatingcashflow,operatingexpenses,operatingincome,othercurrentassets,othercurrentliabilities,othernoncurrentassets,othernoncurrentliabilities,othernonoperatingincome,paymentsforoperatingactivities,paymentsforrepurchaseofcommonstock,paymentsforrepurchaseofequity,paymentsforrepurchaseofpreferredstock,peg_ratio,price_to_book,price_to_sales_ttm,proceedsfromissuanceofcommonstock,proceedsfromissuanceoflongtermdebtandcapitalsecuritiesnet,proceedsfromissuanceofpreferredstock,proceedsfromoperatingactivities,proceedsfromrepaymentsofshorttermdebt,proceedsfromrepurchaseofequity,proceedsfromsaleoftreasurystock,profit_margin,profitloss,propertyplantequipment,report_date,report_type,reported_eps,reportedcurrency,reporttime,researchanddevelopment,retainedearnings,return_on_assets_ttm,return_on_equity_ttm,revenue_growth_yoy,revenue_per_share_ttm,sellinggeneralandadministrative,shortlongtermdebttotal,shorttermdebt,shortterminvestments,sma_200,sma_50,surprise_pct,totalassets,totalcurrentassets,totalcurrentliabilities,totalliabilities,totalnoncurrentassets,totalnoncurrentliabilities,totalrevenue,totalshareholderequity,trailing_pe,treasurystock,week_52_high,week_52_low
2019-12-31,CARR,,,,,,,,,,,,,,,,,,,,,,,,,,,,,,,,,,,,,,0.54,,,0.0,,,,,,,,,,,,,,,,,,,,,,,,,,,,,,,,,,,,,,,,,,,,,,,,,2020-02-07,,0.54,,post-market,,,,,,,,,,,,,,,,,,,,,,,,,
2020-03-31,CARR,,,,,,,,,,,,,,,,,,,,,,,,,,,,,,,,,,,,,,0.02,,,0.33,,,,,,,,,,,,,,,,,,,,,,,,,,,,,,,,,,,,,,,,,,,,,,,,,2020-05-08,,0.35,,pre-market,,,,,,,,,,,,,6.0606,,,,,,,,,,,,
2020-06-30,CARR,,,,,,,,,,,,,,,,,,,,,,,,,,,,,,,,,,,,,,0.08,,,0.25,,,,,,,,,,,,,,,,,,,,,,,,,,,,,,,,,,,,,,,,,,,,,,,,,2020-07-30,,0.33,,pre-market,,,,,,,,,,,,,32.0,,,,,,,,,,,,
2020-09-30,CARR,,,,,,,,,,,,,,,,,,,,,,,,,,,,,,,,,,,,,,0.21,,,0.46,,,,,,,,,,,,,,,,,,,,,,,,,,,,,,,,,,,,,,,,,,,,,,,,,2020-10-29,,0.67,,pre-market,,,,,,,,,,,,,45.6522,,,,,,,,,,,,
2020-12-31,CARR,,,,,,,,,,,,,,,,,,,,,,,,,,,,,,,,,,,,,,-0.05,,,0.36,,,,,,,,,,,,,,,,,,,,,,,,,,,,,,,,,,,,,,,,,,,,,,,,,2021-02-09,,0.31,,pre-market,,,,,,,,,,,,,-13.8889,,,,,,,,,,,,
2021-03-31,CARR,,,,,,,,,,,,,,,,,,,,,,,,,,,,,,,,,,,,,,0.11,,,0.37,,,,,,,,,,,,,,,,,,,,,,,,,,,,,,,,,,,,,,,,,,,,,,,,,2021-04-29,,0.48,,pre-market,,,,,,,,,,,,,29.7297,,,,,,,,,,,,
2021-06-30,CARR,,,,,,,,,,,,,,,,,,,,,,,,,,,,,,,,,,,,,,0.09,,,0.55,,,,,,,,,,,,,,,,,,,,,,,,,,,,,,,,,,,,,,,,,,,,,,,,,2021-07-29,,0.64,,pre-market,,,,,,,,,,,,,16.3636,,,,,,,,,,,,
2021-09-30,CARR,,,,,,,,,,,,,,,,,,,,,,,,,,,,,,,,,,,,,,0.05,,,0.66,,,,,,,,,,,,,,,,,,,,,,,,,,,,,,,,,,,,,,,,,,,,,,,,,2021-10-28,,0.71,,pre-market,,,,,,,,,,,,,7.5758,,,,,,,,,,,,
2021-12-31,CARR,,,,,,,,,,,,,,,,,,,,,,,,,,,,,,,,,,,,,,0.05,,,0.39,,,,,,,,,,,,,,,,,,,,,,,,,,,,,,,,,,,,,,,,,,,,,,,,,2022-02-08,,0.44,,pre-market,,,,,,,,,,,,,12.8205,,,,,,,,,,,,
2022-03-31,CARR,,,,,,,,,,,,,,,,,,,,,,,,,,,,,,,,,,,,,,0.07,,,0.47,,,,,,,,,,,,,,,,,,,,,,,,,,,,,,,,,,,,,,,,,,,,,,,,,2022-04-28,,0.54,,pre-market,,,,,,,,,,,,,14.8936,,,,,,,,,,,,
2022-06-30,CARR,,,,,,,,,,,,,,,,,,,,,,,,,,,,,,,,,,,,,,0.07,,,0.62,,,,,,,,,,,,,,,,,,,,,,,,,,,,,,,,,,,,,,,,,,,,,,,,,2022-07-28,,0.69,,pre-market,,,,,,,,,,,,,11.2903,,,,,,,,,,,,
2022-09-30,CARR,,,,,,,,,,,,,,,,,,,,,,,,,,,,,,,,,,,,,,0.05,,,0.65,,,,,,,,,,,,,,,,,,,,,,,,,,,,,,,,,,,,,,,,,,,,,,,,,2022-10-27,,0.7,,pre-market,,,,,,,,,,,,,7.6923,,,,,,,,,,,,
2022-12-31,CARR,,,,,,,,,,,,,,,,,,,,,,,,,,,,,,,,,,,,,,0.0,,,0.4,,,,,,,,,,,,,,,,,,,,,,,,,,,,,,,,,,,,,,,,,,,,,,,,,2023-02-07,,0.4,,pre-market,,,,,,,,,,,,,0.0,,,,,,,,,,,,
2023-03-31,CARR,,,,,,,,,,,,,,,,,,,,,,,,,,,,,,,,,,,,,,0.04,,,0.48,,,,,,,,,,,,,,,,,,,,,,,,,,,,,,,,,,,,,,,,,,,,,,,,,2023-04-25,,0.52,,post-market,,,,,,,,,,,,,8.3333,,,,,,,,,,,,
2023-06-30,CARR,,,,,,,,,,,,,,,,,,,,,,,,,,,,,,,,,,,,,,0.02,,,0.77,,,,,,,,,,,,,,,,,,,,,,,,,,,,,,,,,,,,,,,,,,,,,,,,,2023-07-27,,0.79,,pre-market,,,,,,,,,,,,,2.5974,,,,,,,,,,,,
2023-09-30,CARR,,,,,,,,,,,,,,,,,,,,,,,,,,,,,,,,,,,,,,0.1,,,0.79,,,,,,,,,,,,,,,,,,,,,,,,,,,,,,,,,,,,,,,,,,,,,,,,,2023-10-26,,0.89,,pre-market,,,,,,,,,,,,,12.6582,,,,,,,,,,,,
2023-12-31,CARR,,,,,,,,,,,,,,,,,,,,,,,,,,,,,,,,,,,,,,0.02,,,0.51,,,,,,,,,,,,,,,,,,,,,,,,,,,,,,,,,,,,,,,,,,,,,,,,,2024-02-06,,0.53,,pre-market,,,,,,,,,,,,,3.9216,,,,,,,,,,,,
2024-03-31,CARR,,,,,,,,,,,,,,,,,,,,,,,,,,,,,,,,,,,,,,-0.19,,,0.48,,,,,,,,,,,,,,,,,,,,,,,,,,,,,,,,,,,,,,,,,,,,,,,,,2024-04-25,,0.29,,pre-market,,,,,,,,,,,,,-39.5833,,,,,,,,,,,,
2024-06-30,CARR,,,,,,,,,,,,,,,,,,,,,,,,,,,,,,,,,,,,,,0.02,,,0.85,,,,,,,,,,,,,,,,,,,,,,,,,,,,,,,,,,,,,,,,,,,,,,,,,2024-07-25,,0.87,,pre-market,,,,,,,,,,,,,2.3529,,,,,,,,,,,,
2024-09-30,CARR,,,,,,,,,,,,,,,,,,,,,,,,,,,,,,,,,,,,,,-0.02,,,0.79,,,,,,,,,,,,,,,,,,,,,,,,,,,,,,,,,,,,,,,,,,,,,,,,,2024-10-24,,0.77,,pre-market,,,,,,,,,,,,,-2.5316,,,,,,,,,,,,
2024-12-31,CARR,,,,,,,,,,,,,,,,,,,,,,,,,,,,,,,,,,,,,,0.06,,,0.48,,,,,,,,,,,,,,,,,,,,,,,,,,,,,,,,,,,,,,,,,,,,,,,,,2025-02-11,,0.54,,pre-market,,,,,,,,,,,,,12.5,,,,,,,,,,,,
2025-03-31,CARR,,,,,,,,,,,,,,,,,,,,,,,,,,,,,,,,,,,,,,0.07,,,0.4,,,,,,,,,,,,,,,,,,,,,,,,,,,,,,,,,,,,,,,,,,,,,,,,,2025-05-01,,0.47,,pre-market,,,,,,,,,,,,,17.5,,,,,,,,,,,,
2025-06-30,CARR,,,,,,,,,,,,,,,,,,,,,,,,,,,,,,,,,,,,,,0.02,,,0.9,,,,,,,,,,,,,,,,,,,,,,,,,,,,,,,,,,,,,,,,,,,,,,,,,2025-07-29,,0.92,,pre-market,,,,,,,,,,,,,2.2222,,,,,,,,,,,,
2025-09-30,CARR,,,,,,,,,,,,,,,,,,,,,,,,,,,,,,,,,,,,,,0.1,,,0.57,,,,,,,,,,,,,,,,,,,,,,,,,,,,,,,,,,,,,,,,,,,,,,,,,2025-10-28,,0.67,,pre-market,,,,,,,,,,,,,17.5439,,,,,,,,,,,,
2025-12-28,CARR,1.6,22058000000.0,33.49,,1.298,17.19,,,,,,,,,,,,,,,,,,,,,,,,,,0.9,0.0168,,,,0.005,0.1,,,0.57,,17.79,,6035000000.0,,,,,,,,,,,,,,,,,,,0.0955,,,,,,,,,,,,,14.84,3.111,2.068,,,,,,,,0.18,,,2025-10-28,,0.67,,pre-market,,,0.0381,0.0998,-0.068,25.5,,,,,64.13,55.17,17.5439,,,,,,,,,33.49,,80.78,50.3
2025-12-28,CARR,1.6,22058000000.0,33.49,,1.298,17.19,,,,,,,,,,,,,,,None,4130000000,4130000000,,,,,,None,325000000,,0.9,0.0168,,,,0.005,0.1,530000000,855000000,0.57,2025-09-30,17.79,,6035000000.0,1449000000,433000000,1000000,,,None,97000000,19000000,,None,,,,,428000000,434000000,-97000000,None,0.0955,,910000000,539000000,,,,,None,,,,,14.84,3.111,2.068,,,,,,,,0.18,,,2025-10-28,quarterly,0.67,USD,pre-market,151000000,,0.0381,0.0998,-0.068,25.5,803000000,,,,64.13,55.17,17.5439,,,,,,,5579000000,,33.49,,80.78,50.3
2025-12-28,CARR,1.6,22058000000.0,33.49,,1.298,17.19,,,,,,,,,,,,,,,None,4336000000,4336000000,,,,,,None,317000000,,0.9,0.0168,,,,0.005,0.1,927000000,1244000000,0.57,2025-06-30,17.79,,6035000000.0,1777000000,812000000,162000000,,,None,115000000,24000000,,None,,,,,591000000,650000000,-91000000,None,0.0955,,896000000,881000000,,,,,None,,,,,14.84,3.111,2.068,,,,,,,,0.18,,,2025-10-28,quarterly,0.67,USD,pre-market,161000000,,0.0381,0.0998,-0.068,25.5,813000000,,,,64.13,55.17,17.5439,,,,,,,6113000000,,33.49,,80.78,50.3
2025-12-28,CARR,1.6,22058000000.0,33.49,,1.298,17.19,,,,,,,,,,,,,,,None,3771000000,3771000000,,,,,,None,303000000,,0.9,0.0168,,,,0.005,0.1,282000000,585000000,0.57,2025-03-31,17.79,,6035000000.0,1447000000,548000000,111000000,,,None,112000000,30000000,,None,,,,,412000000,437000000,-82000000,None,0.0955,,818000000,629000000,,,,,None,,,,,14.84,3.111,2.068,,,,,,,,0.18,,,2025-10-28,quarterly,0.67,USD,pre-market,153000000,,0.0381,0.0998,-0.068,25.5,729000000,,,,64.13,55.17,17.5439,,,,,,,5218000000,,33.49,,80.78,50.3
2025-12-28,CARR,1.6,22058000000.0,33.49,,1.298,17.19,,,,,,,,,,,,,,,None,3798000000,3798000000,,,,,,None,318000000,,0.9,0.0168,,,,0.005,0.1,423000000,741000000,0.57,2024-12-31,17.79,,6035000000.0,1350000000,693000000,723000000,,,None,118000000,37000000,,None,,,,,2551000000,-30000000,-81000000,None,0.0955,,576000000,774000000,,,,,None,,,,,14.84,3.111,2.068,,,,,,,,0.18,,,2025-10-28,quarterly,0.67,USD,pre-market,162000000,,0.0381,0.0998,-0.068,25.5,803000000,,,,64.13,55.17,17.5439,,,,,,,5148000000,,33.49,,80.78,50.3
2025-12-28,CARR,1.6,22058000000.0,33.49,,1.298,17.19,,,,,,,,,,,,,,,None,4292000000,4292000000,,,,,,None,289000000,,0.9,0.0168,,,,0.005,0.1,759000000,1048000000,0.57,2024-09-30,17.79,,6035000000.0,1692000000,770000000,172000000,,,None,131000000,139000000,,None,,,,,447000000,598000000,8000000,None,0.0955,,929000000,763000000,,,,,None,,,,,14.84,3.111,2.068,,,,,,,,0.18,,,2025-10-28,quarterly,0.67,USD,pre-market,172000000,,0.0381,0.0998,-0.068,25.5,976000000,,,,64.13,55.17,17.5439,,,,,,,5984000000,,33.49,,80.78,50.3
2025-12-28,CARR,1.6,22058000000.0,33.49,,1.298,17.19,,,,,,,,,,,,,,,None,4457000000,4457000000,,,,,,None,317000000,,0.9,0.0168,,,,0.005,0.1,541000000,858000000,0.57,2024-06-30,17.79,,6035000000.0,1477000000,567000000,120000000,,,None,175000000,19000000,,None,,,,,2337000000,2369000000,-166000000,None,0.0955,,753000000,724000000,,,,,None,,,,,14.84,3.111,2.068,,,,,,,,0.18,,,2025-10-28,quarterly,0.67,USD,pre-market,160000000,,0.0381,0.0998,-0.068,25.5,975000000,,,,64.13,55.17,17.5439,,,,,,,5934000000,,33.49,,80.78,50.3
2025-12-28,CARR,1.6,22058000000.0,33.49,,1.298,17.19,,,,,,,,,,,,,,,None,3916000000,3916000000,,,,,,None,308000000,,0.9,0.0168,,,,0.005,0.1,607000000,915000000,0.57,2024-03-31,17.79,,6035000000.0,1504000000,244000000,47000000,,,None,156000000,15000000,,None,,,,,269000000,289000000,-165000000,None,0.0955,,1119000000,385000000,,,,,None,,,,,14.84,3.111,2.068,,,,,,,,0.18,,,2025-10-28,quarterly,0.67,USD,pre-market,192000000,,0.0381,0.0998,-0.068,25.5,985000000,,,,64.13,55.17,17.5439,,,,,,,5420000000,,33.49,,80.78,50.3
2025-12-28,CARR,1.6,22058000000.0,33.49,,1.298,17.19,,,,,,,,,,,,,,,None,3668000000,3668000000,,,,,,None,135000000,,0.9,0.0168,,,,0.005,0.1,670000000,805000000,0.57,2023-12-31,17.79,,6035000000.0,1434000000,559000000,120000000,,,None,97000000,64000000,,None,,,,,420000000,439000000,-47000000,None,0.0955,,827000000,607000000,,,,,None,,,,,14.84,3.111,2.068,,,,,,,,0.18,,,2025-10-28,quarterly,0.67,USD,pre-market,170000000,,0.0381,0.0998,-0.068,25.5,962000000,,,,64.13,55.17,17.5439,,,,,,,5102000000,,33.49,,80.78,50.3
2025-12-28,CARR,1.6,22058000000.0,33.49,,1.298,17.19,,,,,,,,,,,,,,,None,3449000000,3449000000,,,,,,None,95000000,,0.9,0.0168,,,,0.005,0.1,740000000,835000000,0.57,2023-09-30,17.79,,6035000000.0,1490000000,471000000,177000000,,,None,73000000,35000000,,None,,,,,357000000,381000000,-51000000,None,0.0955,,980000000,510000000,,,,,None,,,,,14.84,3.111,2.068,,,,,,,,0.18,,,2025-10-28,quarterly,0.67,USD,pre-market,126000000,,0.0381,0.0998,-0.068,25.5,831000000,,,,64.13,55.17,17.5439,,,,,,,4935000000,,33.49,,80.78,50.3
2025-12-28,CARR,1.6,22058000000.0,33.49,,1.298,17.19,,,,,,,,,,,,,,,None,4237000000,4237000000,,,,,,None,137000000,,0.9,0.0168,,,,0.005,0.1,516000000,653000000,0.57,2023-06-30,17.79,,6035000000.0,1755000000,422000000,189000000,,,None,94000000,27000000,,None,,,,,199000000,233000000,-67000000,None,0.0955,,1266000000,489000000,,,,,None,,,,,14.84,3.111,2.068,,,,,,,,0.18,,,2025-10-28,quarterly,0.67,USD,pre-market,151000000,,0.0381,0.0998,-0.068,25.5,784000000,,,,64.13,55.17,17.5439,,,,,,,5992000000,,33.49,,80.78,50.3
2025-12-28,CARR,1.6,22058000000.0,33.49,,1.298,17.19,,,,,,,,,,,,,,,None,3895000000,3895000000,,,,,,None,136000000,,0.9,0.0168,,,,0.005,0.1,540000000,676000000,0.57,2023-03-31,17.79,,6035000000.0,1378000000,509000000,122000000,,,None,71000000,25000000,,None,,,,,373000000,387000000,-46000000,None,0.0955,,829000000,555000000,,,,,None,,,,,14.84,3.111,2.068,,,,,,,,0.18,,,2025-10-28,quarterly,0.67,USD,pre-market,139000000,,0.0381,0.0998,-0.068,25.5,721000000,,,,64.13,55.17,17.5439,,,,,,,5273000000,,33.49,,80.78,50.3
2025-12-28,CARR,1.6,22058000000.0,33.49,,1.298,17.19,,,,,,,,,,,,,,,None,3857000000,3857000000,,,,,,None,123000000,,0.9,0.0168,,,,0.005,0.1,425000000,548000000,0.57,2022-12-31,17.79,,6035000000.0,1248000000,377000000,99000000,,,None,76000000,22000000,,None,,,,,270000000,278000000,-54000000,None,0.0955,,815000000,433000000,,,,,None,,,,,14.84,3.111,2.068,,,,,,,,0.18,,,2025-10-28,quarterly,0.67,USD,pre-market,149000000,,0.0381,0.0998,-0.068,25.5,675000000,,,,64.13,55.17,17.5439,,,,,,,5105000000,,33.49,,80.78,50.3
2025-12-28,CARR,1.6,22058000000.0,33.49,,1.298,17.19,,,,,,,,,,,,,,,None,3973000000,3973000000,,,,,,None,102000000,,0.9,0.0168,,,,0.005,0.1,730000000,832000000,0.57,2022-09-30,17.79,,6035000000.0,1478000000,1470000000,138000000,,,None,71000000,15000000,,None,,,,,1312000000,1332000000,-56000000,None,0.0955,,-48000000,1526000000,,,,,None,,,,,14.84,3.111,2.068,,,,,,,,0.18,,,2025-10-28,quarterly,0.67,USD,pre-market,143000000,,0.0381,0.0998,-0.068,25.5,624000000,,,,64.13,55.17,17.5439,,,,,,,5451000000,,33.49,,80.78,50.3
2025-12-28,CARR,1.6,22058000000.0,33.49,,1.298,17.19,,,,,,,,,,,,,,,None,3759000000,3759000000,,,,,,None,76000000,,0.9,0.0168,,,,0.005,0.1,752000000,828000000,0.57,2022-06-30,17.79,,6035000000.0,1452000000,757000000,170000000,,,None,68000000,7000000,,None,,,,,573000000,587000000,-61000000,None,0.0955,,633000000,819000000,,,,,None,,,,,14.84,3.111,2.068,,,,,,,,0.18,,,2025-10-28,quarterly,0.67,USD,pre-market,122000000,,0.0381,0.0998,-0.068,25.5,614000000,,,,64.13,55.17,17.5439,,,,,,,5211000000,,33.49,,80.78,50.3
2025-12-28,CARR,1.6,22058000000.0,33.49,,1.298,17.19,,,,,,,,,,,,,,,None,3359000000,3359000000,,,,,,None,79000000,,0.9,0.0168,,,,0.005,0.1,594000000,673000000,0.57,2022-03-31,17.79,,6035000000.0,1295000000,1688000000,301000000,,,None,87000000,39000000,,None,,,,,1379000000,1387000000,-48000000,None,0.0955,,-442000000,1737000000,,,,,None,,,,,14.84,3.111,2.068,,,,,,,,0.18,,,2025-10-28,quarterly,0.67,USD,pre-market,125000000,,0.0381,0.0998,-0.068,25.5,601000000,,,,64.13,55.17,17.5439,,,,,,,4654000000,,33.49,,80.78,50.3
2025-12-28,CARR,1.6,22058000000.0,33.49,,1.298,17.19,,,,,,,,,,,,,,,None,3757000000,3757000000,,,,,,None,87000000,,0.9,0.0168,,,,0.005,0.1,437000000,524000000,0.57,2021-12-31,17.79,,6035000000.0,1376000000,405000000,73000000,,,None,68000000,4000000,,None,,,,,324000000,332000000,-68000000,None,0.0955,,913000000,463000000,,,,,None,,,,,14.84,3.111,2.068,,,,,,,,0.18,,,2025-10-28,quarterly,0.67,USD,pre-market,134000000,,0.0381,0.0998,-0.068,25.5,816000000,,,,64.13,55.17,17.5439,,,,,,,5133000000,,33.49,,80.78,50.3
2025-12-28,CARR,1.6,22058000000.0,33.49,,1.298,17.19,,,,,,,,,,,,,,,None,3733000000,3733000000,,,,,,None,83000000,,0.9,0.0168,,,,0.005,0.1,794000000,877000000,0.57,2021-09-30,17.79,,6035000000.0,1608000000,768000000,288000000,,,None,76000000,2000000,,None,,,,,469000000,480000000,-74000000,None,0.0955,,780000000,828000000,,,,,None,,,,,14.84,3.111,2.068,,,,,,,,0.18,,,2025-10-28,quarterly,0.67,USD,pre-market,123000000,,0.0381,0.0998,-0.068,25.5,748000000,,,,64.13,55.17,17.5439,,,,,,,5341000000,,33.49,,80.78,50.3
2025-12-28,CARR,1.6,22058000000.0,33.49,,1.298,17.19,,,,,,,,,,,,,,,None,3815000000,3815000000,,,,,,None,85000000,,0.9,0.0168,,,,0.005,0.1,739000000,824000000,0.57,2021-06-30,17.79,,6035000000.0,1625000000,731000000,234000000,,,None,75000000,4000000,,None,,,,,487000000,497000000,-71000000,None,0.0955,,842000000,783000000,,,,,None,,,,,14.84,3.111,2.068,,,,,,,,0.18,,,2025-10-28,quarterly,0.67,USD,pre-market,125000000,,0.0381,0.0998,-0.068,25.5,813000000,,,,64.13,55.17,17.5439,,,,,,,5440000000,,33.49,,80.78,50.3
2025-12-28,CARR,1.6,22058000000.0,33.49,,1.298,17.19,,,,,,,,,,,,,,,None,3300000000,3300000000,,,,,,None,83000000,,0.9,0.0168,,,,0.005,0.1,585000000,668000000,0.57,2021-03-31,17.79,,6035000000.0,1399000000,496000000,104000000,,,None,96000000,3000000,,None,,,,,384000000,392000000,-93000000,None,0.0955,,828000000,571000000,,,,,None,,,,,14.84,3.111,2.068,,,,,,,,0.18,,,2025-10-28,quarterly,0.67,USD,pre-market,121000000,,0.0381,0.0998,-0.068,25.5,743000000,,,,64.13,55.17,17.5439,,,,,,,4699000000,,33.49,,80.78,50.3
2025-12-28,CARR,1.6,22058000000.0,33.49,,1.298,17.19,,,,,,,,,,,,,,,None,3294000000,3294000000,,,,,,None,95000000,,0.9,0.0168,,,,0.005,0.1,396000000,491000000,0.57,2020-12-31,17.79,,6035000000.0,1300000000,1176000000,289000000,,,None,85000000,3000000,,None,,,,,884000000,887000000,-82000000,None,0.0955,,55000000,1245000000,,,,,None,,,,,14.84,3.111,2.068,,,,,,,,0.18,,,2025-10-28,quarterly,0.67,USD,pre-market,127000000,,0.0381,0.0998,-0.068,25.5,692000000,,,,64.13,55.17,17.5439,,,,,,,4594000000,,33.49,,80.78,50.3
2025-12-28,CARR,1.6,22058000000.0,33.49,,1.298,17.19,,,,,,,,,,,,,,,None,3442000000,3442000000,,,,,,None,82000000,,0.9,0.0168,,,,0.005,0.1,821000000,903000000,0.57,2020-09-30,17.79,,6035000000.0,1560000000,1009000000,261000000,,,None,90000000,2000000,,None,,,,,741000000,748000000,-88000000,None,0.0955,,479000000,1081000000,,,,,None,,,,,14.84,3.111,2.068,,,,,,,,0.18,,,2025-10-28,quarterly,0.67,USD,pre-market,100000000,,0.0381,0.0998,-0.068,25.5,681000000,,,,64.13,55.17,17.5439,,,,,,,5002000000,,33.49,,80.78,50.3
2025-12-28,CARR,1.6,22058000000.0,33.49,,1.298,17.19,,,,,,,,,,,,,,,None,2826000000,2826000000,,,,,,None,78000000,,0.9,0.0168,,,,0.005,0.1,433000000,511000000,0.57,2020-06-30,17.79,,6035000000.0,1146000000,375000000,106000000,,,None,85000000,4000000,,None,,,,,261000000,269000000,-81000000,None,0.0955,,704000000,442000000,,,,,None,,,,,14.84,3.111,2.068,,,,,,,,0.18,,,2025-10-28,quarterly,0.67,USD,pre-market,94000000,,0.0381,0.0998,-0.068,25.5,637000000,,,,64.13,55.17,17.5439,,,,,,,3972000000,,33.49,,80.78,50.3
2025-12-28,CARR,1.6,22058000000.0,33.49,,1.298,17.19,,,,,,,,,,,,,,,None,2765000000,2765000000,,,,,,None,81000000,,0.9,0.0168,,,,0.005,0.1,379000000,460000000,0.57,2020-03-31,17.79,,6035000000.0,1123000000,295000000,193000000,,,None,38000000,1000000,,None,,,,,96000000,102000000,-37000000,None,0.0955,,808000000,315000000,,,,,None,,,,,14.84,3.111,2.068,,,,,,,,0.18,,,2025-10-28,quarterly,0.67,USD,pre-market,98000000,,0.0381,0.0998,-0.068,25.5,692000000,,,,64.13,55.17,17.5439,,,,,,,3888000000,,33.49,,80.78,50.3
2025-12-28,CARR,1.6,22058000000.0,33.49,,1.298,17.19,,,,,,,,,,,,,,,None,3219000000,3219000000,,,,,,None,84000000,,0.9,0.0168,,,,0.005,0.1,652000000,736000000,0.57,2019-12-31,17.79,,6035000000.0,1282000000,591000000,137000000,,,None,20000000,24000000,,None,,,,,440000000,454000000,4000000,None,0.0955,,725000000,557000000,,,,,None,,,,,14.84,3.111,2.068,,,,,,,,0.18,,,2025-10-28,quarterly,0.67,USD,pre-market,99000000,,0.0381,0.0998,-0.068,25.5,695000000,,,,64.13,55.17,17.5439,,,,,,,4501000000,,33.49,,80.78,50.3
2025-12-28,CARR,1.6,22058000000.0,33.49,,1.298,17.19,,,,,,,,,,,,,,,None,3362000000,3362000000,,,,,,None,84000000,,0.9,0.0168,,,,0.005,0.1,753000000,837000000,0.57,2019-09-30,17.79,,6035000000.0,1460000000,679000000,175000000,,,None,20000000,23000000,,None,,,,,492000000,504000000,3000000,None,0.0955,,831000000,629000000,,,,,None,,,,,14.84,3.111,2.068,,,,,,,,0.18,,,2025-10-28,quarterly,0.67,USD,pre-market,102000000,,0.0381,0.0998,-0.068,25.5,702000000,,,,64.13,55.17,17.5439,,,,,,,4822000000,,33.49,,80.78,50.3
2025-12-28,CARR,1.6,22058000000.0,33.49,,1.298,17.19,,,,,,,,,,,,,,,None,3480000000,3480000000,,,,,,None,82000000,,0.9,0.0168,,,,0.005,0.1,772000000,854000000,0.57,2019-06-30,17.79,,6035000000.0,1482000000,859000000,65000000,,,None,9000000,25000000,,None,,,,,784000000,794000000,16000000,None,0.0955,,677000000,805000000,,,,,None,,,,,14.84,3.111,2.068,,,,,,,,0.18,,,2025-10-28,quarterly,0.67,USD,pre-market,103000000,,0.0381,0.0998,-0.068,25.5,680000000,,,,64.13,55.17,17.5439,,,,,,,4962000000,,33.49,,80.78,50.3
2025-12-28,CARR,1.6,22058000000.0,33.49,,1.298,17.19,,,,,,,,,,,,,,,None,3092000000,3092000000,,,,,,None,85000000,,0.9,0.0168,,,,0.005,0.1,532000000,617000000,0.57,2019-03-31,17.79,,6035000000.0,1231000000,543000000,140000000,,,None,26000000,4000000,,None,,,,,400000000,403000000,4000000,None,0.0955,,731000000,500000000,,,,,None,,,,,14.84,3.111,2.068,,,,,,,,0.18,,,2025-10-28,quarterly,0.67,USD,pre-market,97000000,,0.0381,0.0998,-0.068,25.5,656000000,,,,64.13,55.17,17.5439,,,,,,,4323000000,,33.49,,80.78,50.3
2025-12-28,CARR,1.6,22058000000.0,33.49,,1.298,17.19,,,,,,,,,,,,,,,None,16463000000,16463000000,,,,,,None,1232000000,,0.9,0.0168,,,,0.005,0.1,2330000000,3562000000,0.57,2024-12-31,17.79,,6035000000.0,6023000000,2274000000,1062000000,,,None,580000000,209000000,,None,,,,,5604000000,1212000000,-371000000,None,0.0955,,3377000000,2646000000,,,,,None,,,,,14.84,3.111,2.068,,,,,,,,0.18,,,2025-10-28,annual,0.67,USD,pre-market,686000000,,0.0381,0.0998,-0.068,25.5,3197000000,,,,64.13,55.17,17.5439,,,,,,,22486000000,,33.49,,80.78,50.3
2025-12-28,CARR,1.6,22058000000.0,33.49,,1.298,17.19,,,,,,,,,,,,,,,None,15715000000,15715000000,,,,,,None,542000000,,0.9,0.0168,,,,0.005,0.1,2296000000,2296000000,0.57,2023-12-31,17.79,,6035000000.0,6383000000,2084000000,-644000000,,,None,211000000,109000000,,None,,,,,1440000000,1279000000,-218000000,None,0.0955,,3914000000,2296000000,,,,,None,,,,,14.84,3.111,2.068,,,,,,,,0.18,,,2025-10-28,annual,0.67,USD,pre-market,617000000,,0.0381,0.0998,-0.068,25.5,3009000000,,,,64.13,55.17,17.5439,,,,,,,22098000000,,33.49,,80.78,50.3
2025-12-28,CARR,1.6,22058000000.0,33.49,,1.298,17.19,,,,,,,,,,,,,,,None,12985000000,12985000000,,,,,,None,328000000,,0.9,0.0168,,,,0.005,0.1,1957000000,2285000000,0.57,2022-12-31,17.79,,6035000000.0,4303000000,3823000000,616000000,,,None,302000000,83000000,,None,,,,,3534000000,3584000000,-219000000,None,0.0955,,319000000,3984000000,,,,,None,,,,,14.84,3.111,2.068,,,,,,,,0.18,,,2025-10-28,annual,0.67,USD,pre-market,416000000,,0.0381,0.0998,-0.068,25.5,2516000000,,,,64.13,55.17,17.5439,,,,,,,17288000000,,33.49,,80.78,50.3
2025-12-28,CARR,1.6,22058000000.0,33.49,,1.298,17.19,,,,,,,,,,,,,,,None,14605000000,14605000000,,,,,,None,338000000,,0.9,0.0168,,,,0.005,0.1,2568000000,2906000000,0.57,2021-12-31,17.79,,6035000000.0,6008000000,2400000000,699000000,,,None,319000000,13000000,,None,,,,,1664000000,1701000000,-306000000,None,0.0955,,3363000000,2645000000,,,,,None,,,,,14.84,3.111,2.068,,,,,,,,0.18,,,2025-10-28,annual,0.67,USD,pre-market,503000000,,0.0381,0.0998,-0.068,25.5,3059000000,,,,64.13,55.17,17.5439,,,,,,,20613000000,,33.49,,80.78,50.3
2025-12-28,CARR,1.6,22058000000.0,33.49,,1.298,17.19,,,,,,,,,,,,,,,None,12327000000,12327000000,,,,,,None,336000000,,0.9,0.0168,,,,0.005,0.1,2075000000,2411000000,0.57,2020-12-31,17.79,,6035000000.0,5129000000,2855000000,849000000,,,None,298000000,10000000,,None,,,,,1982000000,2006000000,-288000000,None,0.0955,,2046000000,3083000000,,,,,None,,,,,14.84,3.111,2.068,,,,,,,,0.18,,,2025-10-28,annual,0.67,USD,pre-market,419000000,,0.0381,0.0998,-0.068,25.5,2760000000,,,,64.13,55.17,17.5439,,,,,,,17456000000,,33.49,,80.78,50.3
2025-12-28,CARR,1.6,22058000000.0,33.49,,1.298,17.19,,,,,,,,,,,,,,,None,13153000000,13153000000,,,,,,None,335000000,,0.9,0.0168,,,,0.005,0.1,2643000000,2978000000,0.57,2019-12-31,17.79,,6035000000.0,5455000000,2672000000,517000000,,,None,75000000,102000000,,None,,,,,2116000000,2155000000,27000000,None,0.0955,,2964000000,2491000000,,,,,None,,,,,14.84,3.111,2.068,,,,,,,,0.18,,,2025-10-28,annual,0.67,USD,pre-market,401000000,,0.0381,0.0998,-0.068,25.5,2761000000,,,,64.13,55.17,17.5439,,,,,,,18608000000,,33.49,,80.78,50.3
2025-12-28,CARR,1.6,22058000000.0,33.49,,1.298,17.19,,,,,,,,,,,,,,,None,13309000000,13309000000,,,,,,None,357000000,,0.9,0.0168,,,,0.005,0.1,2866000000,3223000000,0.57,2018-12-31,17.79,,6035000000.0,5605000000,3842000000,1073000000,,,None,84000000,121000000,,None,,,,,2734000000,2769000000,37000000,None,0.0955,,1968000000,3637000000,,,,,None,,,,,14.84,3.111,2.068,,,,,,,,0.18,,,2025-10-28,annual,0.67,USD,pre-market,400000000,,0.0381,0.0998,-0.068,25.5,2689000000,,,,64.13,55.17,17.5439,,,,,,,18914000000,,33.49,,80.78,50.3
2025-12-28,CARR,1.6,22058000000.0,33.49,,1.298,17.19,,,,,,,,,,,,,,,None,12581000000,12581000000,,,,,,None,372000000,,0.9,0.0168,,,,0.005,0.1,2644000000,3016000000,0.57,2017-12-31,17.79,,6035000000.0,5233000000,3054000000,1787000000,,,None,219000000,104000000,,None,,,,,1227000000,1267000000,-115000000,None,0.0955,,2203000000,3030000000,,,,,None,,,,,14.84,3.111,2.068,,,,,,,,0.18,,,2025-10-28,annual,0.67,USD,pre-market,364000000,,0.0381,0.0998,-0.068,25.5,2584000000,,,,64.13,55.17,17.5439,,,,,,,17814000000,,33.49,,80.78,50.3
2025-12-28,CARR,1.6,22058000000.0,33.49,None,1.298,17.19,,424000000,1423000000,1423000000,,,,,,,,,9000000,858600000,None,12581000000,12581000000,2959000000,None,580000000,3129000000,None,None,372000000,,0.9,0.0168,,,,0.005,0.1,2644000000,3016000000,0.57,2025-09-30,17.79,15680000000,6035000000.0,5233000000,3054000000,1787000000,6560000000,6560000000,None,219000000,104000000,3004000000,None,None,11336000000,None,1381000000,1227000000,1267000000,-115000000,None,0.0955,,2203000000,3030000000,1283000000,3009000000,None,1568000000,None,,,,,14.84,3.111,2.068,,,,,,,,0.18,,None,2025-10-28,quarterly,0.67,USD,pre-market,364000000,12530000000,0.0381,0.0998,-0.068,25.5,2584000000,12340000000,580000000,None,64.13,55.17,17.5439,38077000000,8839000000,7747000000,23238000000,29238000000,15491000000,17814000000,14509000000,33.49,None,80.78,50.3
2025-12-28,CARR,1.6,22058000000.0,33.49,None,1.298,17.19,,444000000,1797000000,1797000000,,,,,,,,,9000000,866300000,None,12581000000,12581000000,3214000000,None,107000000,3373000000,None,None,372000000,,0.9,0.0168,,,,0.005,0.1,2644000000,3016000000,0.57,2025-06-30,17.79,15672000000,6035000000.0,5233000000,3054000000,1787000000,6770000000,6770000000,None,219000000,104000000,2888000000,None,None,11336000000,None,1353000000,1227000000,1267000000,-115000000,None,0.0955,,2203000000,3030000000,1073000000,3288000000,None,1562000000,None,,,,,14.84,3.111,2.068,,,,,,,,0.18,,None,2025-10-28,quarterly,0.67,USD,pre-market,364000000,12294000000,0.0381,0.0998,-0.068,25.5,2584000000,11887000000,107000000,None,64.13,55.17,17.5439,38493000000,9131000000,7829000000,23479000000,29362000000,15650000000,17814000000,14706000000,33.49,None,80.78,50.3
2025-12-28,CARR,1.6,22058000000.0,33.49,None,1.298,17.19,,437000000,1698000000,1698000000,,,,,,,,,9000000,878300000,None,12581000000,12581000000,3015000000,None,104000000,2979000000,None,None,372000000,,0.9,0.0168,,,,0.005,0.1,2644000000,3016000000,0.57,2025-03-31,17.79,14959000000,6035000000.0,5233000000,3054000000,1787000000,6480000000,6480000000,None,219000000,104000000,2648000000,None,None,11080000000,None,1253000000,1227000000,1267000000,-115000000,None,0.0955,,2203000000,3030000000,1119000000,2743000000,None,1475000000,None,,,,,14.84,3.111,2.068,,,,,,,,0.18,,None,2025-10-28,quarterly,0.67,USD,pre-market,364000000,11895000000,0.0381,0.0998,-0.068,25.5,2584000000,11621000000,104000000,None,64.13,55.17,17.5439,36447000000,8444000000,7011000000,22249000000,28003000000,15238000000,17814000000,13859000000,33.49,None,80.78,50.3
2025-12-28,CARR,1.6,22058000000.0,33.49,None,1.298,17.19,,432000000,3969000000,3969000000,,,,,,,,,9000000,903400000,None,12581000000,12581000000,2458000000,None,1252000000,2651000000,None,None,372000000,,0.9,0.0168,,,,0.005,0.1,2644000000,3016000000,0.57,2024-12-31,17.79,14601000000,6035000000.0,5233000000,3054000000,1787000000,6432000000,6432000000,None,219000000,104000000,2299000000,None,None,11026000000,None,1194000000,1227000000,1267000000,-115000000,None,0.0955,,2203000000,3030000000,972000000,3051000000,None,1429000000,None,,,,,14.84,3.111,2.068,,,,,,,,0.18,,None,2025-10-28,quarterly,0.67,USD,pre-market,364000000,11483000000,0.0381,0.0998,-0.068,25.5,2584000000,12710000000,1252000000,None,64.13,55.17,17.5439,37403000000,9891000000,7892000000,23008000000,27512000000,15116000000,17814000000,14081000000,33.49,None,80.78,50.3
2025-12-28,CARR,1.6,22058000000.0,33.49,None,1.298,17.19,,445000000,2225000000,2225000000,,,,,,,,,9000000,915000000,None,12581000000,12581000000,2829000000,None,2095000000,2726000000,None,None,372000000,,0.9,0.0168,,,,0.005,0.1,2644000000,3016000000,0.57,2024-09-30,17.79,15294000000,6035000000.0,5233000000,3054000000,1787000000,7118000000,7118000000,None,219000000,104000000,2646000000,None,None,10337000000,None,1287000000,1227000000,1267000000,-115000000,None,0.0955,,2203000000,3030000000,3597000000,4312000000,None,1549000000,None,,,,,14.84,3.111,2.068,,,,,,,,0.18,,None,2025-10-28,quarterly,0.67,USD,pre-market,364000000,9301000000,0.0381,0.0998,-0.068,25.5,2584000000,12877000000,2095000000,None,64.13,55.17,17.5439,40201000000,11194000000,10378000000,25159000000,29007000000,14781000000,17814000000,14693000000,33.49,None,80.78,50.3
2025-12-28,CARR,1.6,22058000000.0,33.49,None,1.298,17.19,,501000000,2919000000,2919000000,,,,,,,,,9000000,915300000,None,12581000000,12581000000,3181000000,None,2052000000,3520000000,None,None,372000000,,0.9,0.0168,,,,0.005,0.1,2644000000,3016000000,0.57,2024-06-30,17.79,15245000000,6035000000.0,5233000000,3054000000,1787000000,7048000000,7048000000,None,219000000,104000000,3045000000,None,None,11270000000,None,1221000000,1227000000,1267000000,-115000000,None,0.0955,,2203000000,3030000000,2089000000,4010000000,None,1468000000,None,,,,,14.84,3.111,2.068,,,,,,,,0.18,,None,2025-10-28,quarterly,0.67,USD,pre-market,364000000,8854000000,0.0381,0.0998,-0.068,25.5,2584000000,13823000000,2052000000,None,64.13,55.17,17.5439,40424000000,11573000000,10675000000,26345000000,28851000000,15670000000,17814000000,13768000000,33.49,None,80.78,50.3
2025-12-28,CARR,1.6,22058000000.0,33.49,None,1.298,17.19,,505000000,1313000000,1313000000,,,,,,,,,9000000,913000000,None,12581000000,12581000000,3074000000,None,1248000000,3476000000,None,None,372000000,,0.9,0.0168,,,,0.005,0.1,2644000000,3016000000,0.57,2024-03-31,17.79,15366000000,6035000000.0,5233000000,3054000000,1787000000,7351000000,7351000000,None,219000000,104000000,3189000000,None,None,15647000000,None,1155000000,1227000000,1267000000,-115000000,None,0.0955,,2203000000,3030000000,3737000000,2991000000,None,1584000000,None,,,,,14.84,3.111,2.068,,,,,,,,0.18,,None,2025-10-28,quarterly,0.67,USD,pre-market,364000000,6860000000,0.0381,0.0998,-0.068,25.5,2584000000,17400000000,1248000000,None,64.13,55.17,17.5439,40810000000,11715000000,8637000000,28904000000,29095000000,20267000000,17814000000,11561000000,33.49,None,80.78,50.3
2025-12-28,CARR,1.6,22058000000.0,33.49,None,1.298,17.19,,391000000,9852000000,9852000000,,,,,,,,,9000000,854200000,None,12581000000,12581000000,2483000000,None,51000000,2080000000,None,None,372000000,,0.9,0.0168,,,,0.005,0.1,2644000000,3016000000,0.57,2023-12-31,17.79,7520000000,6035000000.0,5233000000,3054000000,1787000000,945000000,945000000,None,219000000,104000000,1823000000,None,None,14242000000,None,1140000000,1227000000,1267000000,-115000000,None,0.0955,,2203000000,3030000000,5821000000,3283000000,None,1603000000,None,,,,,14.84,3.111,2.068,,,,,,,,0.18,,None,2025-10-28,quarterly,0.67,USD,pre-market,364000000,6591000000,0.0381,0.0998,-0.068,25.5,2584000000,14626000000,51000000,None,64.13,55.17,17.5439,32822000000,19576000000,6981000000,23817000000,13246000000,16836000000,17814000000,8677000000,33.49,None,80.78,50.3
2025-12-28,CARR,1.6,22058000000.0,33.49,None,1.298,17.19,,465000000,3902000000,3902000000,,,,,,,,,9000000,854700000,None,12581000000,12581000000,2887000000,None,134000000,3635000000,None,None,372000000,,0.9,0.0168,,,,0.005,0.1,2644000000,3016000000,0.57,2023-09-30,17.79,9825000000,6035000000.0,5233000000,3054000000,1787000000,1100000000,1100000000,None,219000000,104000000,2562000000,None,None,8651000000,None,1166000000,1227000000,1267000000,-115000000,None,0.0955,,2203000000,3030000000,412000000,2120000000,None,1687000000,None,,,,,14.84,3.111,2.068,,,,,,,,0.18,,2787000000,2025-10-28,quarterly,0.67,USD,pre-market,364000000,6486000000,0.0381,0.0998,-0.068,25.5,2584000000,9250000000,134000000,None,64.13,55.17,17.5439,26544000000,10511000000,6349000000,18042000000,16033000000,11693000000,17814000000,8184000000,33.49,None,80.78,50.3
2025-12-28,CARR,1.6,22058000000.0,33.49,None,1.298,17.19,,485000000,3209000000,3209000000,,,,,,,,,9000000,850900000,None,12581000000,12581000000,2956000000,None,134000000,3790000000,None,None,372000000,,0.9,0.0168,,,,0.005,0.1,2644000000,3016000000,0.57,2023-06-30,17.79,9927000000,6035000000.0,5233000000,3054000000,1787000000,1181000000,1181000000,None,219000000,104000000,2699000000,None,None,8655000000,None,1139000000,1227000000,1267000000,-115000000,None,0.0955,,2203000000,3030000000,443000000,1971000000,None,2547000000,None,,,,,14.84,3.111,2.068,,,,,,,,0.18,,2262000000,2025-10-28,quarterly,0.67,USD,pre-market,364000000,6129000000,0.0381,0.0998,-0.068,25.5,2584000000,9274000000,134000000,None,64.13,55.17,17.5439,26284000000,10141000000,6234000000,17996000000,16143000000,11762000000,17814000000,7969000000,33.49,None,80.78,50.3
2025-12-28,CARR,1.6,22058000000.0,33.49,None,1.298,17.19,,506000000,3347000000,3347000000,,,,,,,,,9000000,852200000,None,12581000000,12581000000,2926000000,None,142000000,3600000000,None,None,372000000,,0.9,0.0168,,,,0.005,0.1,2644000000,3016000000,0.57,2023-03-31,17.79,9987000000,6035000000.0,5233000000,3054000000,1787000000,1287000000,1287000000,None,219000000,104000000,2803000000,None,None,8708000000,None,1103000000,1227000000,1267000000,-115000000,None,0.0955,,2203000000,3030000000,408000000,1735000000,None,2696000000,None,,,,,14.84,3.111,2.068,,,,,,,,0.18,,2277000000,2025-10-28,quarterly,0.67,USD,pre-market,364000000,6239000000,0.0381,0.0998,-0.068,25.5,2584000000,9356000000,142000000,None,64.13,55.17,17.5439,26411000000,10158000000,5958000000,17943000000,16253000000,11985000000,17814000000,8134000000,33.49,None,80.78,50.3
2025-12-28,CARR,1.6,22058000000.0,33.49,None,1.298,17.19,,529000000,3520000000,3520000000,,,,,,,,,9000000,852200000,None,12581000000,12581000000,2833000000,None,140000000,3370000000,None,None,372000000,,0.9,0.0168,,,,0.005,0.1,2644000000,3016000000,0.57,2022-12-31,17.79,9977000000,6035000000.0,5233000000,3054000000,1787000000,1342000000,1342000000,None,219000000,104000000,2640000000,None,None,8702000000,None,1148000000,1227000000,1267000000,-115000000,None,0.0955,,2203000000,3030000000,349000000,1998000000,None,349000000,None,,,,,14.84,3.111,2.068,,,,,,,,0.18,,2241000000,2025-10-28,quarterly,0.67,USD,pre-market,364000000,5866000000,0.0381,0.0998,-0.068,25.5,2584000000,9371000000,140000000,None,64.13,55.17,17.5439,26086000000,9879000000,6032000000,18010000000,16207000000,11978000000,17814000000,7758000000,33.49,None,80.78,50.3
2025-12-28,CARR,1.6,22058000000.0,33.49,None,1.298,17.19,,514000000,2985000000,2985000000,,,,,,,,,9000000,856500000,None,12581000000,12581000000,2817000000,None,219000000,3669000000,None,None,372000000,,0.9,0.0168,,,,0.005,0.1,2644000000,3016000000,0.57,2022-09-30,17.79,9621000000,6035000000.0,5233000000,3054000000,1787000000,1309000000,1309000000,None,219000000,104000000,2664000000,None,None,8670000000,None,1151000000,1227000000,1267000000,-115000000,None,0.0955,,2203000000,3030000000,422000000,1918000000,None,2682000000,None,,,,,14.84,3.111,2.068,,,,,,,,0.18,,2055000000,2025-10-28,quarterly,0.67,USD,pre-market,364000000,5876000000,0.0381,0.0998,-0.068,25.5,2584000000,9403000000,219000000,None,64.13,55.17,17.5439,25350000000,9740000000,6013000000,17887000000,15610000000,11874000000,17814000000,7152000000,33.49,-1791000000,80.78,50.3
2025-12-28,CARR,1.6,22058000000.0,33.49,None,1.298,17.19,,490000000,3017000000,3017000000,,,,,,,,,9000000,862700000,None,12581000000,12581000000,2403000000,None,269000000,3535000000,None,None,372000000,,0.9,0.0168,,,,0.005,0.1,2644000000,3016000000,0.57,2022-06-30,17.79,9067000000,6035000000.0,5233000000,3054000000,1787000000,458000000,458000000,None,219000000,104000000,2350000000,None,None,8298000000,None,1671000000,1227000000,1267000000,-115000000,None,0.0955,,2203000000,3030000000,374000000,1864000000,None,2491000000,None,,,,,14.84,3.111,2.068,,,,,,,,0.18,,2400000000,2025-10-28,quarterly,0.67,USD,pre-market,364000000,4564000000,0.0381,0.0998,-0.068,25.5,2584000000,9057000000,269000000,None,64.13,55.17,17.5439,23662000000,9276000000,5546000000,16670000000,14386000000,11124000000,17814000000,6696000000,33.49,-1543000000,80.78,50.3
2025-12-28,CARR,1.6,22058000000.0,33.49,None,1.298,17.19,,491000000,3604000000,3604000000,,,,,,,,,9000000,874100000,None,12581000000,12581000000,2519000000,None,256000000,3254000000,None,None,372000000,,0.9,0.0168,,,,0.005,0.1,2644000000,3016000000,0.57,2022-03-31,17.79,9288000000,6035000000.0,5233000000,3054000000,1787000000,488000000,488000000,None,219000000,104000000,2358000000,None,None,8305000000,None,1638000000,1227000000,1267000000,-115000000,None,0.0955,,2203000000,3030000000,386000000,1813000000,None,2561000000,None,,,,,14.84,3.111,2.068,,,,,,,,0.18,,1825000000,2025-10-28,quarterly,0.67,USD,pre-market,364000000,4244000000,0.0381,0.0998,-0.068,25.5,2584000000,9052000000,256000000,None,64.13,55.17,17.5439,24193000000,9602000000,5531000000,16763000000,14591000000,11232000000,17814000000,7101000000,33.49,-1270000000,80.78,50.3
2025-12-28,CARR,1.6,22058000000.0,33.49,None,1.298,17.19,,527000000,2987000000,2987000000,,,,,,,,,9000000,888500000,None,12581000000,12581000000,2334000000,None,183000000,2906000000,None,None,372000000,,0.9,0.0168,,,,0.005,0.1,2644000000,3016000000,0.57,2021-12-31,17.79,9349000000,6035000000.0,5233000000,3054000000,1787000000,509000000,509000000,None,219000000,104000000,1970000000,None,None,9513000000,None,1593000000,1227000000,1267000000,-115000000,None,0.0955,,2203000000,3030000000,3544000000,3132000000,None,1677000000,None,,,,,14.84,3.111,2.068,,,,,,,,0.18,,1826000000,2025-10-28,quarterly,0.67,USD,pre-market,364000000,2865000000,0.0381,0.0998,-0.068,25.5,2584000000,10223000000,183000000,None,64.13,55.17,17.5439,26172000000,11407000000,6627000000,19078000000,14765000000,12451000000,17814000000,6767000000,33.49,-529000000,80.78,50.3
2025-12-28,CARR,1.6,22058000000.0,33.49,None,1.298,17.19,,515000000,2671000000,2671000000,,,,,,,,,9000000,892000000,None,12581000000,12581000000,2158000000,None,130000000,3171000000,None,None,372000000,,0.9,0.0168,,,,0.005,0.1,2644000000,3016000000,0.57,2021-09-30,17.79,9237000000,6035000000.0,5233000000,3054000000,1787000000,481000000,481000000,None,219000000,104000000,1926000000,None,None,9558000000,None,1619000000,1227000000,1267000000,-115000000,None,0.0955,,2203000000,3030000000,3532000000,2906000000,None,1678000000,None,,,,,14.84,3.111,2.068,,,,,,,,0.18,,2390000000,2025-10-28,quarterly,0.67,USD,pre-market,364000000,2774000000,0.0381,0.0998,-0.068,25.5,2584000000,10203000000,130000000,1619000000,64.13,55.17,17.5439,25788000000,11300000000,6068000000,18566000000,14488000000,12498000000,17814000000,6900000000,33.49,-276000000,80.78,50.3
2025-12-28,CARR,1.6,22058000000.0,33.49,None,1.298,17.19,,635000000,2630000000,2630000000,,,,,,,,,9000000,890900000,None,12581000000,12581000000,2362000000,None,125000000,3823000000,None,None,372000000,,0.9,0.0168,,,,0.005,0.1,2644000000,3016000000,0.57,2021-06-30,17.79,10279000000,6035000000.0,5233000000,3054000000,1787000000,1071000000,1071000000,None,219000000,104000000,1885000000,None,None,9600000000,None,1572000000,1227000000,1267000000,-115000000,None,0.0955,,2203000000,3030000000,416000000,2080000000,None,1712000000,None,,,,,14.84,3.111,2.068,,,,,,,,0.18,,2623000000,2025-10-28,quarterly,0.67,USD,pre-market,364000000,2305000000,0.0381,0.0998,-0.068,25.5,2584000000,10360000000,125000000,1572000000,64.13,55.17,17.5439,25738000000,8754000000,5604000000,18618000000,16984000000,13014000000,17814000000,6756000000,33.49,-130000000,80.78,50.3
2025-12-28,CARR,1.6,22058000000.0,33.49,None,1.298,17.19,,621000000,2599000000,2599000000,,,,,,,,,9000000,889800000,None,12581000000,12581000000,2175000000,None,153000000,3525000000,None,None,372000000,,0.9,0.0168,,,,0.005,0.1,2644000000,3016000000,0.57,2021-03-31,17.79,10077000000,6035000000.0,5233000000,3054000000,1787000000,1002000000,1002000000,None,219000000,104000000,1854000000,None,None,9577000000,None,1530000000,1227000000,1267000000,-115000000,None,0.0955,,2203000000,3030000000,350000000,1804000000,None,1730000000,None,,,,,14.84,3.111,2.068,,,,,,,,0.18,,2547000000,2025-10-28,quarterly,0.67,USD,pre-market,364000000,2027000000,0.0381,0.0998,-0.068,25.5,2584000000,10351000000,153000000,1530000000,64.13,55.17,17.5439,24868000000,8328000000,5138000000,18050000000,16540000000,12912000000,17814000000,6489000000,33.49,-38000000,80.78,50.3
2025-12-28,CARR,1.6,22058000000.0,33.49,None,1.298,17.19,,803000000,3115000000,3115000000,,,,,,,,,9000000,866400000,None,12581000000,12581000000,1936000000,None,191000000,3437000000,None,None,372000000,,0.9,0.0168,,,,0.005,0.1,2644000000,3016000000,0.57,2020-12-31,17.79,10139000000,6035000000.0,5233000000,3054000000,1787000000,1037000000,1037000000,None,219000000,104000000,1629000000,None,None,10036000000,None,1513000000,1227000000,1267000000,-115000000,None,0.0955,,2203000000,3030000000,343000000,2076000000,None,2890000000,None,,,,,14.84,3.111,2.068,,,,,,,,0.18,,1810000000,2025-10-28,quarterly,0.67,USD,pre-market,364000000,1643000000,0.0381,0.0998,-0.068,25.5,2584000000,11030000000,352000000,1513000000,64.13,55.17,17.5439,25093000000,8524000000,5110000000,18515000000,16569000000,13405000000,17814000000,6252000000,33.49,None,80.78,50.3
2025-12-28,CARR,1.6,22058000000.0,33.49,None,1.298,17.19,,676000000,3848000000,3848000000,,,,,,,,,9000000,881500000,None,12581000000,12581000000,2019000000,None,223000000,3625000000,None,None,372000000,,0.9,0.0168,,,,0.005,0.1,2644000000,3016000000,0.57,2020-09-30,17.79,9906000000,6035000000.0,5233000000,3054000000,1787000000,1024000000,1024000000,None,219000000,104000000,1581000000,None,None,11751000000,None,1696000000,1227000000,1267000000,-115000000,None,0.0955,,2203000000,3030000000,280000000,2006000000,None,1738000000,None,,,,,14.84,3.111,2.068,,,,,,,,0.18,,2499000000,2025-10-28,quarterly,0.67,USD,pre-market,364000000,932000000,0.0381,0.0998,-0.068,25.5,2584000000,12650000000,223000000,1696000000,64.13,55.17,17.5439,25728000000,9334000000,5182000000,20291000000,16394000000,15109000000,17814000000,5096000000,33.49,None,80.78,50.3
2025-12-28,CARR,1.6,22058000000.0,33.49,None,1.298,17.19,,688000000,2704000000,2704000000,,,,,,,,,9000000,870900000,None,12581000000,12581000000,1765000000,None,301000000,3426000000,None,None,372000000,,0.9,0.0168,,,,0.005,0.1,2644000000,3016000000,0.57,2020-06-30,17.79,9735000000,6035000000.0,5233000000,3054000000,1787000000,1024000000,1024000000,None,219000000,104000000,1639000000,None,None,11728000000,None,1697000000,1227000000,1267000000,-115000000,None,0.0955,,2203000000,3030000000,284000000,1827000000,None,1698000000,None,,,,,14.84,3.111,2.068,,,,,,,,0.18,,2494000000,2025-10-28,quarterly,0.67,USD,pre-market,364000000,191000000,0.0381,0.0998,-0.068,25.5,2584000000,12717000000,301000000,None,64.13,55.17,17.5439,24176000000,8053000000,4789000000,19810000000,16123000000,15021000000,17814000000,4028000000,33.49,None,80.78,50.3
2025-12-28,CARR,1.6,22058000000.0,33.49,None,1.298,17.19,,708000000,768000000,768000000,,,,,,,,,4433000000,866200000,None,12581000000,12581000000,1776000000,None,218000000,3325000000,None,None,372000000,,0.9,0.0168,,,,0.005,0.1,2644000000,3016000000,0.57,2020-03-31,17.79,9648000000,6035000000.0,5233000000,3054000000,1787000000,1014000000,1014000000,None,219000000,104000000,1556000000,None,None,11029000000,None,1664000000,1227000000,1267000000,-115000000,None,0.0955,,2203000000,3030000000,319000000,1518000000,None,1170000000,None,,,,,14.84,3.111,2.068,,,,,,,,0.18,,2503000000,2025-10-28,quarterly,0.67,USD,pre-market,364000000,None,0.0381,0.0998,-0.068,25.5,2584000000,11955000000,218000000,None,64.13,55.17,17.5439,22001000000,5968000000,4451000000,18975000000,16033000000,14524000000,17814000000,2697000000,33.49,None,80.78,50.3
2025-12-28,CARR,1.6,22058000000.0,33.49,None,1.298,17.19,,682000000,952000000,952000000,,,,,,,,,15355000000,866200000,None,12581000000,12581000000,1701000000,None,None,3348000000,None,None,372000000,,0.9,0.0168,,,,0.005,0.1,2644000000,3016000000,0.57,2019-12-31,17.79,9884000000,6035000000.0,5233000000,3054000000,1787000000,1083000000,1083000000,None,219000000,104000000,1332000000,None,None,None,None,1739000000,1227000000,1267000000,-115000000,None,0.0955,,2203000000,3030000000,327000000,1607000000,None,988000000,None,,,,,14.84,3.111,2.068,,,,,,,,0.18,,None,2025-10-28,quarterly,0.67,USD,pre-market,364000000,None,0.0381,0.0998,-0.068,25.5,2584000000,682000000,400000000,None,64.13,55.17,17.5439,22406000000,5959000000,4469000000,7971000000,16447000000,3502000000,17814000000,14102000000,33.49,None,80.78,50.3
2025-12-28,CARR,1.6,22058000000.0,33.49,None,1.298,17.19,,None,None,None,,,,,,,,,None,872800000,None,12581000000,12581000000,None,None,None,None,None,None,372000000,,0.9,0.0168,,,,0.005,0.1,2644000000,3016000000,0.57,2019-09-30,17.79,None,6035000000.0,5233000000,3054000000,1787000000,None,None,None,219000000,104000000,None,None,None,None,None,None,1227000000,1267000000,-115000000,None,0.0955,,2203000000,3030000000,None,None,None,None,None,,,,,14.84,3.111,2.068,,,,,,,,0.18,,None,2025-10-28,quarterly,0.67,USD,pre-market,364000000,None,0.0381,0.0998,-0.068,25.5,2584000000,None,None,None,64.13,55.17,17.5439,None,None,None,None,None,None,17814000000,None,33.49,None,80.78,50.3
2025-12-28,CARR,1.6,22058000000.0,33.49,None,1.298,17.19,,None,None,None,,,,,,,,,None,872800000,None,12581000000,12581000000,None,None,None,None,None,None,372000000,,0.9,0.0168,,,,0.005,0.1,2644000000,3016000000,0.57,2019-06-30,17.79,None,6035000000.0,5233000000,3054000000,1787000000,None,None,None,219000000,104000000,None,None,None,None,None,None,1227000000,1267000000,-115000000,None,0.0955,,2203000000,3030000000,None,None,None,None,None,,,,,14.84,3.111,2.068,,,,,,,,0.18,,None,2025-10-28,quarterly,0.67,USD,pre-market,364000000,None,0.0381,0.0998,-0.068,25.5,2584000000,None,None,None,64.13,55.17,17.5439,None,None,None,None,None,None,17814000000,None,33.49,None,80.78,50.3
2025-12-28,CARR,1.6,22058000000.0,33.49,None,1.298,17.19,,None,-1129000000,-1129000000,,,,,,,,,None,872800000,None,12581000000,12581000000,None,None,None,None,None,None,372000000,,0.9,0.0168,,,,0.005,0.1,2644000000,3016000000,0.57,2019-03-31,17.79,None,6035000000.0,5233000000,3054000000,1787000000,None,None,None,219000000,104000000,None,None,None,None,None,None,1227000000,1267000000,-115000000,None,0.0955,,2203000000,3030000000,None,None,None,None,None,,,,,14.84,3.111,2.068,,,,,,,,0.18,,None,2025-10-28,quarterly,0.67,USD,pre-market,364000000,None,0.0381,0.0998,-0.068,25.5,2584000000,None,None,2258000000,64.13,55.17,17.5439,None,1129000000,None,None,-1129000000,None,17814000000,14269000000,33.49,None,80.78,50.3
2025-12-28,CARR,1.6,22058000000.0,33.49,None,1.298,17.19,,432000000,3969000000,3969000000,,,,,,,,,9000000,911700000,None,12581000000,12581000000,2458000000,None,1252000000,2651000000,None,None,372000000,,0.9,0.0168,,,,0.005,0.1,2644000000,3016000000,0.57,2024-12-31,17.79,14601000000,6035000000.0,5233000000,3054000000,1787000000,6432000000,6432000000,None,219000000,104000000,2299000000,None,None,11026000000,None,1194000000,1227000000,1267000000,-115000000,None,0.0955,,2203000000,3030000000,972000000,2498000000,None,1429000000,None,,,,,14.84,3.111,2.068,,,,,,,,0.18,,None,2025-10-28,annual,0.67,USD,pre-market,364000000,11483000000,0.0381,0.0998,-0.068,25.5,2584000000,12710000000,1252000000,None,64.13,55.17,17.5439,37403000000,9891000000,7892000000,23008000000,27512000000,15116000000,17814000000,14081000000,33.49,None,80.78,50.3
2025-12-28,CARR,1.6,22058000000.0,33.49,None,1.298,17.19,,391000000,9852000000,9852000000,,,,,,,,,9000000,853000000,None,12581000000,12581000000,2483000000,None,51000000,2080000000,None,None,372000000,,0.9,0.0168,,,,0.005,0.1,2644000000,3016000000,0.57,2023-12-31,17.79,7520000000,6035000000.0,5233000000,3054000000,1787000000,945000000,945000000,None,219000000,104000000,1823000000,None,None,14242000000,None,1140000000,1227000000,1267000000,-115000000,None,0.0955,,2203000000,3030000000,5821000000,3283000000,None,1603000000,None,,,,,14.84,3.111,2.068,,,,,,,,0.18,,None,2025-10-28,annual,0.67,USD,pre-market,364000000,6591000000,0.0381,0.0998,-0.068,25.5,2584000000,14626000000,51000000,None,64.13,55.17,17.5439,32822000000,19576000000,6981000000,23817000000,13246000000,16836000000,17814000000,8677000000,33.49,None,80.78,50.3
2025-12-28,CARR,1.6,22058000000.0,33.49,None,1.298,17.19,,529000000,3520000000,3520000000,,,,,,,,,9000000,861200000,None,12581000000,12581000000,2833000000,None,140000000,3370000000,None,None,372000000,,0.9,0.0168,,,,0.005,0.1,2644000000,3016000000,0.57,2022-12-31,17.79,9977000000,6035000000.0,5233000000,3054000000,1787000000,1342000000,1342000000,None,219000000,104000000,2640000000,None,None,8702000000,None,1148000000,1227000000,1267000000,-115000000,None,0.0955,,2203000000,3030000000,349000000,1998000000,None,349000000,None,,,,,14.84,3.111,2.068,,,,,,,,0.18,,2241000000,2025-10-28,annual,0.67,USD,pre-market,364000000,5866000000,0.0381,0.0998,-0.068,25.5,2584000000,9371000000,140000000,None,64.13,55.17,17.5439,26086000000,9879000000,6032000000,18010000000,16207000000,11978000000,17814000000,7758000000,33.49,None,80.78,50.3
2025-12-28,CARR,1.6,22058000000.0,33.49,None,1.298,17.19,,527000000,2987000000,2987000000,,,,,,,,,9000000,890300000,None,12581000000,12581000000,2334000000,None,183000000,2906000000,None,None,372000000,,0.9,0.0168,,,,0.005,0.1,2644000000,3016000000,0.57,2021-12-31,17.79,9349000000,6035000000.0,5233000000,3054000000,1787000000,509000000,509000000,None,219000000,104000000,1970000000,None,None,9513000000,None,1593000000,1227000000,1267000000,-115000000,None,0.0955,,2203000000,3030000000,3544000000,3132000000,None,1677000000,None,,,,,14.84,3.111,2.068,,,,,,,,0.18,,1826000000,2025-10-28,annual,0.67,USD,pre-market,364000000,2865000000,0.0381,0.0998,-0.068,25.5,2584000000,10223000000,183000000,None,64.13,55.17,17.5439,26172000000,11407000000,6627000000,19078000000,14765000000,12451000000,17814000000,6767000000,33.49,-529000000,80.78,50.3
2025-12-28,CARR,1.6,22058000000.0,33.49,None,1.298,17.19,,803000000,3115000000,3115000000,,,,,,,,,9000000,880200000,None,12581000000,12581000000,1936000000,None,191000000,3437000000,None,None,372000000,,0.9,0.0168,,,,0.005,0.1,2644000000,3016000000,0.57,2020-12-31,17.79,10139000000,6035000000.0,5233000000,3054000000,1787000000,1037000000,1037000000,None,219000000,104000000,1629000000,None,None,10036000000,None,1513000000,1227000000,1267000000,-115000000,None,0.0955,,2203000000,3030000000,343000000,2076000000,None,2890000000,None,,,,,14.84,3.111,2.068,,,,,,,,0.18,,1810000000,2025-10-28,annual,0.67,USD,pre-market,364000000,1643000000,0.0381,0.0998,-0.068,25.5,2584000000,11030000000,352000000,1513000000,64.13,55.17,17.5439,25093000000,8524000000,5110000000,18515000000,16569000000,13405000000,17814000000,6252000000,33.49,None,80.78,50.3
2025-12-28,CARR,1.6,22058000000.0,33.49,None,1.298,17.19,,682000000,952000000,952000000,,,,,,,,,15355000000,866223435,None,12581000000,12581000000,1701000000,None,None,3348000000,None,None,372000000,,0.9,0.0168,,,,0.005,0.1,2644000000,3016000000,0.57,2019-12-31,17.79,9884000000,6035000000.0,5233000000,3054000000,1787000000,1083000000,1083000000,None,219000000,104000000,1332000000,None,None,None,None,1739000000,1227000000,1267000000,-115000000,None,0.0955,,2203000000,3030000000,327000000,1607000000,None,988000000,None,,,,,14.84,3.111,2.068,,,,,,,,0.18,,2495000000,2025-10-28,annual,0.67,USD,pre-market,364000000,None,0.0381,0.0998,-0.068,25.5,2584000000,682000000,400000000,None,64.13,55.17,17.5439,22406000000,5959000000,4469000000,7971000000,16447000000,3502000000,17814000000,14102000000,33.49,None,80.78,50.3
2025-12-28,CARR,1.6,22058000000.0,33.49,None,1.298,17.19,,0,1129000000,1129000000,,,,,,,,,15132000000,872800000,None,12581000000,12581000000,1944000000,None,None,3239000000,None,None,372000000,,0.9,0.0168,,,,0.005,0.1,2644000000,3016000000,0.57,2018-12-31,17.79,9849000000,6035000000.0,5233000000,3054000000,1787000000,1214000000,1214000000,None,219000000,104000000,1363000000,None,None,None,None,1770000000,1227000000,1267000000,-115000000,None,0.0955,,2203000000,3030000000,378000000,1725000000,None,1030000000,None,,,,,14.84,3.111,2.068,,,,,,,,0.18,,1653000000,2025-10-28,annual,0.67,USD,pre-market,364000000,None,0.0381,0.0998,-0.068,25.5,2584000000,287000000,475000000,None,64.13,55.17,17.5439,21737000000,6109000000,4466000000,7468000000,15628000000,3002000000,17814000000,13917000000,33.49,None,80.78,50.3
2025-12-28,CARR,1.6,22058000000.0,33.49,None,1.298,17.19,,None,1324000000,1324000000,,,,,,,,,15030000000,872800000,None,12581000000,12581000000,1808000000,None,None,2658000000,None,None,372000000,,0.9,0.0168,,,,0.005,0.1,2644000000,3016000000,0.57,2017-12-31,17.79,10065000000,6035000000.0,5233000000,3054000000,1787000000,1296000000,1296000000,None,219000000,104000000,1529000000,None,None,None,None,None,1227000000,1267000000,-115000000,None,0.0955,,2203000000,3030000000,489000000,2419000000,None,None,None,,,,,14.84,3.111,2.068,,,,,,,,0.18,,1684000000,2025-10-28,annual,0.67,USD,pre-market,364000000,None,0.0381,0.0998,-0.068,25.5,2584000000,158000000,23000000,None,64.13,55.17,17.5439,21985000000,6000000000,4250000000,7201000000,15985000000,2951000000,17814000000,14413000000,33.49,None,80.78,50.3
2025-12-28,CARR,1.6,22058000000.0,33.49,None,1.298,17.19,117000000,None,1324000000,1324000000,-591000000,-119000000,None,None,-116000000,None,None,None,15030000000,872800000,None,12581000000,12581000000,1808000000,None,None,2658000000,None,None,372000000,325000000,0.9,0.0168,193000000,193000000,None,0.005,0.1,2644000000,3016000000,0.57,2025-09-30,17.79,10065000000,6035000000.0,5233000000,3054000000,1787000000,1296000000,1296000000,None,219000000,104000000,1529000000,None,None,None,None,None,434000000,1267000000,-115000000,None,0.0955,341000000,2203000000,3030000000,489000000,2419000000,None,None,None,None,None,None,None,14.84,3.111,2.068,None,None,None,None,None,-785000000,None,0.18,None,1684000000,2025-10-28,quarterly,0.67,USD,pre-market,364000000,None,0.0381,0.0998,-0.068,25.5,2584000000,158000000,23000000,None,64.13,55.17,17.5439,21985000000,6000000000,4250000000,7201000000,15985000000,2951000000,17814000000,14413000000,33.49,None,80.78,50.3
2025-12-28,CARR,1.6,22058000000.0,33.49,None,1.298,17.19,81000000,None,1324000000,1324000000,-547000000,-55000000,None,None,-111000000,None,None,None,15030000000,872800000,None,12581000000,12581000000,1808000000,None,None,2658000000,None,None,372000000,317000000,0.9,0.0168,192000000,192000000,None,0.005,0.1,2644000000,3016000000,0.57,2025-06-30,17.79,10065000000,6035000000.0,5233000000,3054000000,1787000000,1296000000,1296000000,None,219000000,104000000,1529000000,None,None,None,None,None,650000000,1267000000,-115000000,None,0.0955,649000000,2203000000,3030000000,489000000,2419000000,None,None,None,None,None,None,None,14.84,3.111,2.068,None,None,None,None,None,-340000000,None,0.18,None,1684000000,2025-10-28,quarterly,0.67,USD,pre-market,364000000,None,0.0381,0.0998,-0.068,25.5,2584000000,158000000,23000000,None,64.13,55.17,17.5439,21985000000,6000000000,4250000000,7201000000,15985000000,2951000000,17814000000,14413000000,33.49,None,80.78,50.3
2025-12-28,CARR,1.6,22058000000.0,33.49,None,1.298,17.19,63000000,None,1324000000,1324000000,-2747000000,-23000000,None,None,-301000000,None,None,None,15030000000,872800000,None,12581000000,12581000000,1808000000,None,None,2658000000,None,None,372000000,303000000,0.9,0.0168,198000000,198000000,None,0.005,0.1,2644000000,3016000000,0.57,2025-03-31,17.79,10065000000,6035000000.0,5233000000,3054000000,1787000000,1296000000,1296000000,None,219000000,104000000,1529000000,None,None,None,None,None,437000000,1267000000,-115000000,None,0.0955,483000000,2203000000,3030000000,489000000,2419000000,None,None,None,None,None,None,None,14.84,3.111,2.068,None,None,None,None,None,-1288000000,None,0.18,None,1684000000,2025-10-28,quarterly,0.67,USD,pre-market,364000000,None,0.0381,0.0998,-0.068,25.5,2584000000,158000000,23000000,None,64.13,55.17,17.5439,21985000000,6000000000,4250000000,7201000000,15985000000,2951000000,17814000000,14413000000,33.49,None,80.78,50.3
2025-12-28,CARR,1.6,22058000000.0,33.49,None,1.298,17.19,217000000,None,1324000000,1324000000,-1686000000,3089000000,None,None,216000000,None,None,None,15030000000,872800000,None,12581000000,12581000000,1808000000,None,None,2658000000,None,None,372000000,318000000,0.9,0.0168,156000000,156000000,None,0.005,0.1,2644000000,3016000000,0.57,2024-12-31,17.79,10065000000,6035000000.0,5233000000,3054000000,1787000000,1296000000,1296000000,None,219000000,104000000,1529000000,None,None,None,None,None,-30000000,1267000000,-115000000,None,0.0955,132000000,2203000000,3030000000,489000000,2419000000,None,None,None,None,None,None,None,14.84,3.111,2.068,None,None,None,None,None,-1513000000,None,0.18,None,1684000000,2025-10-28,quarterly,0.67,USD,pre-market,364000000,None,0.0381,0.0998,-0.068,25.5,2584000000,158000000,23000000,None,64.13,55.17,17.5439,21985000000,6000000000,4250000000,7201000000,15985000000,2951000000,17814000000,14413000000,33.49,None,80.78,50.3
2025-12-28,CARR,1.6,22058000000.0,33.49,None,1.298,17.19,92000000,None,1324000000,1324000000,-1544000000,1159000000,None,None,69000000,None,None,None,15030000000,872800000,None,12581000000,12581000000,1808000000,None,None,2658000000,None,None,372000000,312000000,0.9,0.0168,184000000,184000000,None,0.005,0.1,2644000000,3016000000,0.57,2024-09-30,17.79,10065000000,6035000000.0,5233000000,3054000000,1787000000,1296000000,1296000000,None,219000000,104000000,1529000000,None,None,None,None,None,598000000,1267000000,-115000000,None,0.0955,-269000000,2203000000,3030000000,489000000,2419000000,None,None,None,None,None,None,None,14.84,3.111,2.068,None,None,None,None,None,-431000000,None,0.18,None,1684000000,2025-10-28,quarterly,0.67,USD,pre-market,364000000,None,0.0381,0.0998,-0.068,25.5,2584000000,158000000,23000000,None,64.13,55.17,17.5439,21985000000,6000000000,4250000000,7201000000,15985000000,2951000000,17814000000,14413000000,33.49,None,80.78,50.3
2025-12-28,CARR,1.6,22058000000.0,33.49,None,1.298,17.19,108000000,None,1324000000,1324000000,-3785000000,4808000000,None,None,90000000,None,None,None,15030000000,872800000,None,12581000000,12581000000,1808000000,None,None,2658000000,None,None,372000000,294000000,0.9,0.0168,171000000,171000000,None,0.005,0.1,2644000000,3016000000,0.57,2024-06-30,17.79,10065000000,6035000000.0,5233000000,3054000000,1787000000,1296000000,1296000000,None,219000000,104000000,1529000000,None,None,None,None,None,447000000,1267000000,-115000000,None,0.0955,660000000,2203000000,3030000000,489000000,2419000000,None,None,None,None,None,None,None,14.84,3.111,2.068,None,None,None,None,None,0,None,0.18,None,1684000000,2025-10-28,quarterly,0.67,USD,pre-market,364000000,None,0.0381,0.0998,-0.068,25.5,2584000000,158000000,23000000,None,64.13,55.17,17.5439,21985000000,6000000000,4250000000,7201000000,15985000000,2951000000,17814000000,14413000000,33.49,None,80.78,50.3
2025-12-28,CARR,1.6,22058000000.0,33.49,None,1.298,17.19,102000000,None,1324000000,1324000000,2379000000,-11081000000,None,None,-83000000,None,None,None,15030000000,872800000,None,12581000000,12581000000,1808000000,None,None,2658000000,None,None,372000000,308000000,0.9,0.0168,159000000,159000000,None,0.005,0.1,2644000000,3016000000,0.57,2024-03-31,17.79,10065000000,6035000000.0,5233000000,3054000000,1787000000,1296000000,1296000000,None,219000000,104000000,1529000000,None,None,None,None,None,197000000,1267000000,-115000000,None,0.0955,40000000,2203000000,3030000000,489000000,2419000000,None,None,None,None,None,None,None,14.84,3.111,2.068,None,None,None,None,None,0,None,0.18,None,1684000000,2025-10-28,quarterly,0.67,USD,pre-market,364000000,None,0.0381,0.0998,-0.068,25.5,2584000000,158000000,23000000,None,64.13,55.17,17.5439,21985000000,6000000000,4250000000,7201000000,15985000000,2951000000,17814000000,14413000000,33.49,None,80.78,50.3
2025-12-28,CARR,1.6,22058000000.0,33.49,None,1.298,17.19,233000000,None,1324000000,1324000000,5300000000,-229000000,None,None,230000000,None,None,None,15030000000,872800000,None,12581000000,12581000000,1808000000,None,None,2658000000,None,None,372000000,135000000,0.9,0.0168,155000000,155000000,None,0.005,0.1,2644000000,3016000000,0.57,2023-12-31,17.79,10065000000,6035000000.0,5233000000,3054000000,1787000000,1296000000,1296000000,None,219000000,104000000,1529000000,None,None,None,None,None,439000000,1267000000,-115000000,None,0.0955,1062000000,2203000000,3030000000,489000000,2419000000,None,None,None,None,None,None,None,14.84,3.111,2.068,None,None,None,None,None,0,None,0.18,None,1684000000,2025-10-28,quarterly,0.67,USD,pre-market,364000000,None,0.0381,0.0998,-0.068,25.5,2584000000,158000000,23000000,None,64.13,55.17,17.5439,21985000000,6000000000,4250000000,7201000000,15985000000,2951000000,17814000000,14413000000,33.49,None,80.78,50.3
2025-12-28,CARR,1.6,22058000000.0,33.49,None,1.298,17.19,92000000,None,1324000000,1324000000,-182000000,-135000000,None,None,66000000,None,None,None,15030000000,872800000,None,12581000000,12581000000,1808000000,None,None,2658000000,None,None,372000000,134000000,0.9,0.0168,156000000,156000000,None,0.005,0.1,2644000000,3016000000,0.57,2023-09-30,17.79,10065000000,6035000000.0,5233000000,3054000000,1787000000,1296000000,1296000000,None,219000000,104000000,1529000000,None,None,None,None,None,381000000,1267000000,-115000000,None,0.0955,1041000000,2203000000,3030000000,489000000,2419000000,None,None,None,None,None,None,None,14.84,3.111,2.068,None,None,None,None,None,0,None,0.18,None,1684000000,2025-10-28,quarterly,0.67,USD,pre-market,364000000,None,0.0381,0.0998,-0.068,25.5,2584000000,158000000,23000000,None,64.13,55.17,17.5439,21985000000,6000000000,4250000000,7201000000,15985000000,2951000000,17814000000,14413000000,33.49,None,80.78,50.3
2025-12-28,CARR,1.6,22058000000.0,33.49,None,1.298,17.19,74000000,None,1324000000,1324000000,-293000000,-196000000,-105000000,None,67000000,None,None,-249000000,15030000000,872800000,None,12581000000,12581000000,1808000000,None,None,2658000000,None,None,372000000,137000000,0.9,0.0168,155000000,155000000,None,0.005,0.1,2644000000,3016000000,0.57,2023-06-30,17.79,10065000000,6035000000.0,5233000000,3054000000,1787000000,1296000000,1296000000,None,219000000,104000000,1529000000,None,None,None,None,None,233000000,1267000000,-115000000,None,0.0955,384000000,2203000000,3030000000,489000000,2419000000,None,None,None,None,None,None,None,14.84,3.111,2.068,None,None,None,None,None,0,None,0.18,None,1684000000,2025-10-28,quarterly,0.67,USD,pre-market,364000000,None,0.0381,0.0998,-0.068,25.5,2584000000,158000000,23000000,None,64.13,55.17,17.5439,21985000000,6000000000,4250000000,7201000000,15985000000,2951000000,17814000000,14413000000,33.49,None,80.78,50.3
2025-12-28,CARR,1.6,22058000000.0,33.49,None,1.298,17.19,70000000,None,1324000000,1324000000,-213000000,-100000000,-193000000,None,-126000000,None,None,-157000000,15030000000,872800000,None,12581000000,12581000000,1808000000,None,None,2658000000,None,None,372000000,136000000,0.9,0.0168,154000000,154000000,None,0.005,0.1,2644000000,3016000000,0.57,2023-03-31,17.79,10065000000,6035000000.0,5233000000,3054000000,1787000000,1296000000,1296000000,None,219000000,104000000,1529000000,None,None,None,None,None,387000000,1267000000,-115000000,None,0.0955,120000000,2203000000,3030000000,489000000,2419000000,None,None,None,None,None,None,None,14.84,3.111,2.068,None,None,None,None,None,-62000000,None,0.18,None,1684000000,2025-10-28,quarterly,0.67,USD,pre-market,364000000,None,0.0381,0.0998,-0.068,25.5,2584000000,158000000,23000000,None,64.13,55.17,17.5439,21985000000,6000000000,4250000000,7201000000,15985000000,2951000000,17814000000,14413000000,33.49,None,80.78,50.3
2025-12-28,CARR,1.6,22058000000.0,33.49,None,1.298,17.19,140000000,None,1324000000,1324000000,-347000000,-300000000,476000000,None,158000000,None,None,288000000,15030000000,872800000,None,12581000000,12581000000,1808000000,None,None,2658000000,None,None,372000000,123000000,0.9,0.0168,125000000,125000000,None,0.005,0.1,2644000000,3016000000,0.57,2022-12-31,17.79,10065000000,6035000000.0,5233000000,3054000000,1787000000,1296000000,1296000000,None,219000000,104000000,1529000000,None,None,None,None,None,278000000,1267000000,-115000000,None,0.0955,1123000000,2203000000,3030000000,489000000,2419000000,None,None,None,None,None,None,None,14.84,3.111,2.068,None,None,None,None,None,-119000000,None,0.18,None,1684000000,2025-10-28,quarterly,0.67,USD,pre-market,364000000,None,0.0381,0.0998,-0.068,25.5,2584000000,158000000,23000000,None,64.13,55.17,17.5439,21985000000,6000000000,4250000000,7201000000,15985000000,2951000000,17814000000,14413000000,33.49,None,80.78,50.3
2025-12-28,CARR,1.6,22058000000.0,33.49,None,1.298,17.19,91000000,None,1324000000,1324000000,-150000000,-600000000,40000000,None,-57000000,None,None,50000000,15030000000,872800000,None,12581000000,12581000000,1808000000,None,None,2658000000,None,None,372000000,102000000,0.9,0.0168,127000000,127000000,None,0.005,0.1,2644000000,3016000000,0.57,2022-09-30,17.79,10065000000,6035000000.0,5233000000,3054000000,1787000000,1296000000,1296000000,None,219000000,104000000,1529000000,None,None,None,None,None,1332000000,1267000000,-115000000,None,0.0955,790000000,2203000000,3030000000,489000000,2419000000,None,None,None,None,None,None,None,14.84,3.111,2.068,None,None,None,None,None,-247000000,None,0.18,None,1684000000,2025-10-28,quarterly,0.67,USD,pre-market,364000000,None,0.0381,0.0998,-0.068,25.5,2584000000,158000000,23000000,None,64.13,55.17,17.5439,21985000000,6000000000,4250000000,7201000000,15985000000,2951000000,17814000000,14413000000,33.49,None,80.78,50.3
2025-12-28,CARR,1.6,22058000000.0,33.49,None,1.298,17.19,66000000,None,1324000000,1324000000,-414000000,-175000000,-557000000,None,-45000000,None,None,-276000000,15030000000,872800000,None,12581000000,12581000000,1808000000,None,None,2658000000,None,None,372000000,76000000,0.9,0.0168,128000000,128000000,None,0.005,0.1,2644000000,3016000000,0.57,2022-06-30,17.79,10065000000,6035000000.0,5233000000,3054000000,1787000000,1296000000,1296000000,None,219000000,104000000,1529000000,None,None,None,None,None,587000000,1267000000,-115000000,None,0.0955,32000000,2203000000,3030000000,489000000,2419000000,None,None,None,None,None,None,None,14.84,3.111,2.068,None,None,None,None,None,-280000000,None,0.18,None,1684000000,2025-10-28,quarterly,0.67,USD,pre-market,364000000,None,0.0381,0.0998,-0.068,25.5,2584000000,158000000,23000000,None,64.13,55.17,17.5439,21985000000,6000000000,4250000000,7201000000,15985000000,2951000000,17814000000,14413000000,33.49,None,80.78,50.3
2025-12-28,CARR,1.6,22058000000.0,33.49,None,1.298,17.19,56000000,None,1324000000,1324000000,-2020000000,2820000000,598000000,None,-390000000,None,None,-207000000,15030000000,872800000,None,12581000000,12581000000,1808000000,None,None,2658000000,None,None,372000000,79000000,0.9,0.0168,129000000,129000000,None,0.005,0.1,2644000000,3016000000,0.57,2022-03-31,17.79,10065000000,6035000000.0,5233000000,3054000000,1787000000,1296000000,1296000000,None,219000000,104000000,1529000000,None,None,None,None,None,1387000000,1267000000,-115000000,None,0.0955,-202000000,2203000000,3030000000,489000000,2419000000,None,None,None,None,None,None,None,14.84,3.111,2.068,None,None,None,None,None,-734000000,None,0.18,None,1684000000,2025-10-28,quarterly,0.67,USD,pre-market,364000000,None,0.0381,0.0998,-0.068,25.5,2584000000,158000000,23000000,None,64.13,55.17,17.5439,21985000000,6000000000,4250000000,7201000000,15985000000,2951000000,17814000000,14413000000,33.49,None,80.78,50.3
2025-12-28,CARR,1.6,22058000000.0,33.49,None,1.298,17.19,138000000,None,1324000000,1324000000,-337000000,-266000000,310000000,None,-64000000,None,None,193000000,15030000000,872800000,None,12581000000,12581000000,1808000000,None,None,2658000000,None,None,372000000,87000000,0.9,0.0168,104000000,104000000,None,0.005,0.1,2644000000,3016000000,0.57,2021-12-31,17.79,10065000000,6035000000.0,5233000000,3054000000,1787000000,1296000000,1296000000,None,219000000,104000000,1529000000,None,None,None,None,None,332000000,1267000000,-115000000,None,0.0955,913000000,2203000000,3030000000,489000000,2419000000,None,None,None,None,None,None,None,14.84,3.111,2.068,None,None,None,None,None,-252000000,None,0.18,None,1684000000,2025-10-28,quarterly,0.67,USD,pre-market,364000000,None,0.0381,0.0998,-0.068,25.5,2584000000,158000000,23000000,None,64.13,55.17,17.5439,21985000000,6000000000,4250000000,7201000000,15985000000,2951000000,17814000000,14413000000,33.49,None,80.78,50.3
2025-12-28,CARR,1.6,22058000000.0,33.49,None,1.298,17.19,74000000,None,1324000000,1324000000,-327000000,-125000000,127000000,None,-134000000,None,None,-2000000,15030000000,872800000,None,12581000000,12581000000,1808000000,None,None,2658000000,None,None,372000000,83000000,0.9,0.0168,104000000,104000000,None,0.005,0.1,2644000000,3016000000,0.57,2021-09-30,17.79,10065000000,6035000000.0,5233000000,3054000000,1787000000,1296000000,1296000000,None,219000000,104000000,1529000000,None,None,None,None,None,480000000,1267000000,-115000000,None,0.0955,579000000,2203000000,3030000000,489000000,2419000000,None,None,None,None,None,None,None,14.84,3.111,2.068,None,None,None,None,None,-145000000,None,0.18,None,1684000000,2025-10-28,quarterly,0.67,USD,pre-market,364000000,None,0.0381,0.0998,-0.068,25.5,2584000000,158000000,23000000,None,64.13,55.17,17.5439,21985000000,6000000000,4250000000,7201000000,15985000000,2951000000,17814000000,14413000000,33.49,None,80.78,50.3
2025-12-28,CARR,1.6,22058000000.0,33.49,None,1.298,17.19,79000000,None,1324000000,1324000000,-255000000,-252000000,54000000,None,38000000,None,None,-205000000,15030000000,872800000,None,12581000000,12581000000,1808000000,None,None,2658000000,None,None,372000000,85000000,0.9,0.0168,105000000,105000000,None,0.005,0.1,2644000000,3016000000,0.57,2021-06-30,17.79,10065000000,6035000000.0,5233000000,3054000000,1787000000,1296000000,1296000000,None,219000000,104000000,1529000000,None,None,None,None,None,497000000,1267000000,-115000000,None,0.0955,561000000,2203000000,3030000000,489000000,2419000000,None,None,None,None,None,None,None,14.84,3.111,2.068,None,None,None,None,None,-94000000,None,0.18,None,1684000000,2025-10-28,quarterly,0.67,USD,pre-market,364000000,None,0.0381,0.0998,-0.068,25.5,2584000000,158000000,23000000,None,64.13,55.17,17.5439,21985000000,6000000000,4250000000,7201000000,15985000000,2951000000,17814000000,14413000000,33.49,None,80.78,50.3
2025-12-28,CARR,1.6,22058000000.0,33.49,None,1.298,17.19,53000000,None,1324000000,1324000000,-643000000,-49000000,-508000000,None,-248000000,None,None,-83000000,15030000000,872800000,None,12581000000,12581000000,1808000000,None,None,2658000000,None,None,372000000,83000000,0.9,0.0168,104000000,104000000,None,0.005,0.1,2644000000,3016000000,0.57,2021-03-31,17.79,10065000000,6035000000.0,5233000000,3054000000,1787000000,1296000000,1296000000,None,219000000,104000000,1529000000,None,None,None,None,None,392000000,1267000000,-115000000,None,0.0955,184000000,2203000000,3030000000,489000000,2419000000,None,None,None,None,None,None,None,14.84,3.111,2.068,None,None,None,None,None,-36000000,None,0.18,None,1684000000,2025-10-28,quarterly,0.67,USD,pre-market,364000000,None,0.0381,0.0998,-0.068,25.5,2584000000,158000000,23000000,None,64.13,55.17,17.5439,21985000000,6000000000,4250000000,7201000000,15985000000,2951000000,17814000000,14413000000,33.49,None,80.78,50.3
2025-12-28,CARR,1.6,22058000000.0,33.49,None,1.298,17.19,161000000,None,1324000000,1324000000,-1854000000,876000000,None,None,-3000000,None,None,None,15030000000,872800000,None,12581000000,12581000000,1808000000,None,None,2658000000,None,None,372000000,95000000,0.9,0.0168,68000000,68000000,None,0.005,0.1,2644000000,3016000000,0.57,2020-12-31,17.79,10065000000,6035000000.0,5233000000,3054000000,1787000000,1296000000,1296000000,None,219000000,104000000,1529000000,None,None,None,None,None,887000000,1267000000,-115000000,None,0.0955,199000000,2203000000,3030000000,489000000,2419000000,None,None,None,None,None,None,None,14.84,3.111,2.068,None,None,None,None,None,None,None,0.18,None,1684000000,2025-10-28,quarterly,0.67,USD,pre-market,364000000,None,0.0381,0.0998,-0.068,25.5,2584000000,158000000,23000000,None,64.13,55.17,17.5439,21985000000,6000000000,4250000000,7201000000,15985000000,2951000000,17814000000,14413000000,33.49,None,80.78,50.3
2025-12-28,CARR,1.6,22058000000.0,33.49,None,1.298,17.19,57000000,None,1324000000,1324000000,-142000000,333000000,None,None,88000000,None,None,None,15030000000,872800000,None,12581000000,12581000000,1808000000,None,None,2658000000,None,None,372000000,82000000,0.9,0.0168,70000000,70000000,None,0.005,0.1,2644000000,3016000000,0.57,2020-09-30,17.79,10065000000,6035000000.0,5233000000,3054000000,1787000000,1296000000,1296000000,None,219000000,104000000,1529000000,None,None,None,None,None,748000000,1267000000,-115000000,None,0.0955,937000000,2203000000,3030000000,489000000,2419000000,None,None,None,None,None,None,None,14.84,3.111,2.068,None,None,None,None,None,None,None,0.18,None,1684000000,2025-10-28,quarterly,0.67,USD,pre-market,364000000,None,0.0381,0.0998,-0.068,25.5,2584000000,158000000,23000000,None,64.13,55.17,17.5439,21985000000,6000000000,4250000000,7201000000,15985000000,2951000000,17814000000,14413000000,33.49,None,80.78,50.3
2025-12-28,CARR,1.6,22058000000.0,33.49,None,1.298,17.19,46000000,None,1324000000,1324000000,1391000000,25000000,None,None,-61000000,None,None,None,15030000000,872800000,None,12581000000,12581000000,1808000000,None,None,2658000000,None,None,372000000,78000000,0.9,0.0168,70000000,70000000,None,0.005,0.1,2644000000,3016000000,0.57,2020-06-30,17.79,10065000000,6035000000.0,5233000000,3054000000,1787000000,1296000000,1296000000,None,219000000,104000000,1529000000,None,None,None,None,None,269000000,1267000000,-115000000,None,0.0955,509000000,2203000000,3030000000,489000000,2419000000,None,None,None,None,None,None,None,14.84,3.111,2.068,None,None,None,None,None,None,None,0.18,None,1684000000,2025-10-28,quarterly,0.67,USD,pre-market,364000000,None,0.0381,0.0998,-0.068,25.5,2584000000,158000000,23000000,None,64.13,55.17,17.5439,21985000000,6000000000,4250000000,7201000000,15985000000,2951000000,17814000000,14413000000,33.49,None,80.78,50.3
2025-12-28,CARR,1.6,22058000000.0,33.49,None,1.298,17.19,48000000,None,1324000000,1324000000,-76000000,-128000000,None,None,-264000000,None,None,None,15030000000,872800000,None,12581000000,12581000000,1808000000,None,None,2658000000,None,None,372000000,81000000,0.9,0.0168,70000000,70000000,None,0.005,0.1,2644000000,3016000000,0.57,2020-03-31,17.79,10065000000,6035000000.0,5233000000,3054000000,1787000000,1296000000,1296000000,None,219000000,104000000,1529000000,None,None,None,None,None,102000000,1267000000,-115000000,None,0.0955,47000000,2203000000,3030000000,489000000,2419000000,None,None,None,None,None,None,None,14.84,3.111,2.068,None,None,None,None,None,None,None,0.18,None,1684000000,2025-10-28,quarterly,0.67,USD,pre-market,364000000,None,0.0381,0.0998,-0.068,25.5,2584000000,158000000,23000000,None,64.13,55.17,17.5439,21985000000,6000000000,4250000000,7201000000,15985000000,2951000000,17814000000,14413000000,33.49,None,80.78,50.3
2025-12-28,CARR,1.6,22058000000.0,33.49,None,1.298,17.19,104000000,None,1324000000,1324000000,-872000000,-63000000,None,None,267000000,None,None,None,15030000000,872800000,None,12581000000,12581000000,1808000000,None,None,2658000000,None,None,372000000,84000000,0.9,0.0168,None,None,None,0.005,0.1,2644000000,3016000000,0.57,2019-12-31,17.79,10065000000,6035000000.0,5233000000,3054000000,1787000000,1296000000,1296000000,None,219000000,104000000,1529000000,None,None,None,None,None,454000000,1267000000,-115000000,None,0.0955,1013000000,2203000000,3030000000,489000000,2419000000,None,None,None,None,None,None,None,14.84,3.111,2.068,None,None,None,None,None,None,None,0.18,None,1684000000,2025-10-28,quarterly,0.67,USD,pre-market,364000000,None,0.0381,0.0998,-0.068,25.5,2584000000,158000000,23000000,None,64.13,55.17,17.5439,21985000000,6000000000,4250000000,7201000000,15985000000,2951000000,17814000000,14413000000,33.49,None,80.78,50.3
2025-12-28,CARR,1.6,22058000000.0,33.49,None,1.298,17.19,50000000,None,1324000000,1324000000,-603000000,-70000000,None,None,71000000,None,None,None,15030000000,872800000,None,12581000000,12581000000,1808000000,None,None,2658000000,None,None,372000000,84000000,0.9,0.0168,None,None,None,0.005,0.1,2644000000,3016000000,0.57,2019-09-30,17.79,10065000000,6035000000.0,5233000000,3054000000,1787000000,1296000000,1296000000,None,219000000,104000000,1529000000,None,None,None,None,None,504000000,1267000000,-115000000,None,0.0955,618000000,2203000000,3030000000,489000000,2419000000,None,None,None,None,None,None,None,14.84,3.111,2.068,None,None,None,None,None,None,None,0.18,None,1684000000,2025-10-28,quarterly,0.67,USD,pre-market,364000000,None,0.0381,0.0998,-0.068,25.5,2584000000,158000000,23000000,None,64.13,55.17,17.5439,21985000000,6000000000,4250000000,7201000000,15985000000,2951000000,17814000000,14413000000,33.49,None,80.78,50.3
2025-12-28,CARR,1.6,22058000000.0,33.49,None,1.298,17.19,48000000,None,1324000000,1324000000,-435000000,-37000000,None,None,-110000000,None,None,None,15030000000,872800000,None,12581000000,12581000000,1808000000,None,None,2658000000,None,None,372000000,82000000,0.9,0.0168,None,None,None,0.005,0.1,2644000000,3016000000,0.57,2019-06-30,17.79,10065000000,6035000000.0,5233000000,3054000000,1787000000,1296000000,1296000000,None,219000000,104000000,1529000000,None,None,None,None,None,794000000,1267000000,-115000000,None,0.0955,554000000,2203000000,3030000000,489000000,2419000000,None,None,None,None,None,None,None,14.84,3.111,2.068,None,None,None,None,None,None,None,0.18,None,1684000000,2025-10-28,quarterly,0.67,USD,pre-market,364000000,None,0.0381,0.0998,-0.068,25.5,2584000000,158000000,23000000,None,64.13,55.17,17.5439,21985000000,6000000000,4250000000,7201000000,15985000000,2951000000,17814000000,14413000000,33.49,None,80.78,50.3
2025-12-28,CARR,1.6,22058000000.0,33.49,None,1.298,17.19,41000000,None,1324000000,1324000000,-57000000,-43000000,None,None,-230000000,None,None,None,15030000000,872800000,None,12581000000,12581000000,1808000000,None,None,2658000000,None,None,372000000,85000000,0.9,0.0168,None,None,None,0.005,0.1,2644000000,3016000000,0.57,2019-03-31,17.79,10065000000,6035000000.0,5233000000,3054000000,1787000000,1296000000,1296000000,None,219000000,104000000,1529000000,None,None,None,None,None,403000000,1267000000,-115000000,None,0.0955,-183000000,2203000000,3030000000,489000000,2419000000,None,None,None,None,None,None,None,14.84,3.111,2.068,None,None,None,None,None,None,None,0.18,None,1684000000,2025-10-28,quarterly,0.67,USD,pre-market,364000000,None,0.0381,0.0998,-0.068,25.5,2584000000,158000000,23000000,None,64.13,55.17,17.5439,21985000000,6000000000,4250000000,7201000000,15985000000,2951000000,17814000000,14413000000,33.49,None,80.78,50.3
2025-12-28,CARR,1.6,22058000000.0,33.49,None,1.298,17.19,519000000,None,1324000000,1324000000,-4636000000,-2025000000,None,None,292000000,None,None,None,15030000000,872800000,None,12581000000,12581000000,1808000000,None,None,2658000000,None,None,372000000,1232000000,0.9,0.0168,670000000,670000000,None,0.005,0.1,2644000000,3016000000,0.57,2024-12-31,17.79,10065000000,6035000000.0,5233000000,3054000000,1787000000,1296000000,1296000000,None,219000000,104000000,1529000000,None,None,None,None,None,1212000000,1267000000,-115000000,None,0.0955,563000000,2203000000,3030000000,489000000,2419000000,None,None,None,None,None,None,None,14.84,3.111,2.068,None,None,None,None,None,-1944000000,None,0.18,None,1684000000,2025-10-28,annual,0.67,USD,pre-market,364000000,None,0.0381,0.0998,-0.068,25.5,2584000000,158000000,23000000,None,64.13,55.17,17.5439,21985000000,6000000000,4250000000,7201000000,15985000000,2951000000,17814000000,14413000000,33.49,None,80.78,50.3
2025-12-28,CARR,1.6,22058000000.0,33.49,None,1.298,17.19,439000000,None,1324000000,1324000000,4612000000,-660000000,None,None,123000000,None,None,None,15030000000,872800000,None,12581000000,12581000000,1808000000,None,None,2658000000,None,None,372000000,491000000,0.9,0.0168,620000000,620000000,None,0.005,0.1,2644000000,3016000000,0.57,2023-12-31,17.79,10065000000,6035000000.0,5233000000,3054000000,1787000000,1296000000,1296000000,None,219000000,104000000,1529000000,None,None,None,None,None,1478000000,1267000000,-115000000,None,0.0955,2607000000,2203000000,3030000000,489000000,2419000000,None,None,None,None,None,None,None,14.84,3.111,2.068,None,None,None,None,None,-62000000,None,0.18,None,1684000000,2025-10-28,annual,0.67,USD,pre-market,364000000,None,0.0381,0.0998,-0.068,25.5,2584000000,158000000,23000000,None,64.13,55.17,17.5439,21985000000,6000000000,4250000000,7201000000,15985000000,2951000000,17814000000,14413000000,33.49,None,80.78,50.3
2025-12-28,CARR,1.6,22058000000.0,33.49,None,1.298,17.19,353000000,None,1324000000,1324000000,-2931000000,1745000000,557000000,None,-334000000,None,None,-145000000,15030000000,872800000,None,12581000000,12581000000,1808000000,None,None,2658000000,None,None,372000000,380000000,0.9,0.0168,509000000,509000000,None,0.005,0.1,2644000000,3016000000,0.57,2022-12-31,17.79,10065000000,6035000000.0,5233000000,3054000000,1787000000,1296000000,1296000000,None,219000000,104000000,1529000000,None,None,None,None,None,3584000000,1267000000,-115000000,None,0.0955,1743000000,2203000000,3030000000,489000000,2419000000,None,None,None,None,None,None,None,14.84,3.111,2.068,None,None,None,None,None,-1380000000,None,0.18,None,1684000000,2025-10-28,annual,0.67,USD,pre-market,364000000,None,0.0381,0.0998,-0.068,25.5,2584000000,158000000,23000000,None,64.13,55.17,17.5439,21985000000,6000000000,4250000000,7201000000,15985000000,2951000000,17814000000,14413000000,33.49,None,80.78,50.3
2025-12-28,CARR,1.6,22058000000.0,33.49,None,1.298,17.19,344000000,None,1324000000,1324000000,-1562000000,-692000000,-17000000,None,-408000000,None,None,-97000000,15030000000,872800000,None,12581000000,12581000000,1808000000,None,None,2658000000,None,None,372000000,338000000,0.9,0.0168,417000000,417000000,None,0.005,0.1,2644000000,3016000000,0.57,2021-12-31,17.79,10065000000,6035000000.0,5233000000,3054000000,1787000000,1296000000,1296000000,None,219000000,104000000,1529000000,None,None,None,None,None,1701000000,1267000000,-115000000,None,0.0955,2237000000,2203000000,3030000000,489000000,2419000000,None,None,None,None,None,None,None,14.84,3.111,2.068,None,None,None,None,None,-527000000,None,0.18,None,1684000000,2025-10-28,annual,0.67,USD,pre-market,364000000,None,0.0381,0.0998,-0.068,25.5,2584000000,158000000,23000000,None,64.13,55.17,17.5439,21985000000,6000000000,4250000000,7201000000,15985000000,2951000000,17814000000,14413000000,33.49,None,80.78,50.3
2025-12-28,CARR,1.6,22058000000.0,33.49,None,1.298,17.19,312000000,None,1324000000,1324000000,-681000000,1106000000,2117000000,None,-240000000,None,None,49000000,15030000000,872800000,None,12581000000,12581000000,1808000000,None,None,2658000000,None,None,372000000,336000000,0.9,0.0168,138000000,138000000,None,0.005,0.1,2644000000,3016000000,0.57,2020-12-31,17.79,10065000000,6035000000.0,5233000000,3054000000,1787000000,1296000000,1296000000,None,219000000,104000000,1529000000,None,None,None,None,None,2006000000,1267000000,-115000000,None,0.0955,1692000000,2203000000,3030000000,489000000,2419000000,None,None,None,None,None,None,None,14.84,3.111,2.068,None,None,None,None,None,0,None,0.18,None,1684000000,2025-10-28,annual,0.67,USD,pre-market,364000000,None,0.0381,0.0998,-0.068,25.5,2584000000,158000000,23000000,None,64.13,55.17,17.5439,21985000000,6000000000,4250000000,7201000000,15985000000,2951000000,17814000000,14413000000,33.49,None,80.78,50.3
2025-12-28,CARR,1.6,22058000000.0,33.49,None,1.298,17.19,243000000,None,1324000000,1324000000,-1982000000,-259000000,None,None,-2000000,None,None,None,15030000000,872800000,None,12581000000,12581000000,1808000000,None,None,2658000000,None,None,372000000,335000000,0.9,0.0168,138000000,138000000,None,0.005,0.1,2644000000,3016000000,0.57,2019-12-31,17.79,10065000000,6035000000.0,5233000000,3054000000,1787000000,1296000000,1296000000,None,219000000,104000000,1529000000,None,None,None,None,None,2155000000,1267000000,-115000000,None,0.0955,2063000000,2203000000,3030000000,489000000,2419000000,None,None,None,None,None,None,None,14.84,3.111,2.068,None,None,None,None,None,None,None,0.18,None,1684000000,2025-10-28,annual,0.67,USD,pre-market,364000000,None,0.0381,0.0998,-0.068,25.5,2584000000,158000000,23000000,None,64.13,55.17,17.5439,21985000000,6000000000,4250000000,7201000000,15985000000,2951000000,17814000000,14413000000,33.49,None,80.78,50.3
2025-12-28,CARR,1.6,22058000000.0,33.49,None,1.298,17.19,263000000,None,1324000000,1324000000,-2627000000,415000000,None,None,-151000000,None,None,None,15030000000,872800000,None,12581000000,12581000000,1808000000,None,None,2658000000,None,None,372000000,357000000,0.9,0.0168,138000000,138000000,None,0.005,0.1,2644000000,3016000000,0.57,2018-12-31,17.79,10065000000,6035000000.0,5233000000,3054000000,1787000000,1296000000,1296000000,None,219000000,104000000,1529000000,None,None,None,None,None,2769000000,1267000000,-115000000,None,0.0955,2055000000,2203000000,3030000000,489000000,2419000000,None,None,None,None,None,None,None,14.84,3.111,2.068,None,None,None,None,None,None,None,0.18,None,1684000000,2025-10-28,annual,0.67,USD,pre-market,364000000,None,0.0381,0.0998,-0.068,25.5,2584000000,158000000,23000000,None,64.13,55.17,17.5439,21985000000,6000000000,4250000000,7201000000,15985000000,2951000000,17814000000,14413000000,33.49,None,80.78,50.3
2025-12-28,CARR,1.6,22058000000.0,33.49,None,1.298,17.19,326000000,None,1324000000,1324000000,-2193000000,271000000,None,None,-102000000,None,None,None,15030000000,872800000,None,12581000000,12581000000,1808000000,None,None,2658000000,None,None,372000000,372000000,0.9,0.0168,138000000,138000000,None,0.005,0.1,2644000000,3016000000,0.57,2017-12-31,17.79,10065000000,6035000000.0,5233000000,3054000000,1787000000,1296000000,1296000000,None,219000000,104000000,1529000000,None,None,None,None,None,1267000000,1267000000,-115000000,None,0.0955,2098000000,2203000000,3030000000,489000000,2419000000,None,None,None,None,None,None,None,14.84,3.111,2.068,None,None,None,None,None,-286000000,None,0.18,None,1684000000,2025-10-28,annual,0.67,USD,pre-market,364000000,None,0.0381,0.0998,-0.068,25.5,2584000000,158000000,23000000,None,64.13,55.17,17.5439,21985000000,6000000000,4250000000,7201000000,15985000000,2951000000,17814000000,14413000000,33.49,None,80.78,50.3
