date,symbol,eps,revenue_ttm,pe_ratio,accumulateddepreciationamortizationppe,beta,book_value,capitalexpenditures,capitalleaseobligations,cashandcashequivalentsatcarryingvalue,cashandshortterminvestments,cashflowfromfinancing,cashflowfrominvestment,changeincashandcashequivalents,changeinexchangerate,changeininventory,changeinoperatingassets,changeinoperatingliabilities,changeinreceivables,commonstock,commonstocksharesoutstanding,comprehensiveincomenetoftax,costofgoodsandservicessold,costofrevenue,currentaccountspayable,currentdebt,currentlongtermdebt,currentnetreceivables,deferredrevenue,depreciation,depreciationandamortization,depreciationdepletionandamortization,dividend_per_share,dividend_yield,dividendpayout,dividendpayoutcommonstock,dividendpayoutpreferredstock,earnings_growth_yoy,earnings_surprise,ebit,ebitda,estimated_eps,fiscaldateending,forward_pe,goodwill,gross_profit_ttm,grossprofit,incomebeforetax,incometaxexpense,intangibleassets,intangibleassetsexcludinggoodwill,interestanddebtexpense,interestexpense,interestincome,inventory,investmentincomenet,investments,longtermdebt,longtermdebtnoncurrent,longterminvestments,netincome,netincomefromcontinuingoperations,netinterestincome,noninterestincome,operating_margin_ttm,operatingcashflow,operatingexpenses,operatingincome,othercurrentassets,othercurrentliabilities,othernoncurrentassets,othernoncurrentliabilities,othernonoperatingincome,paymentsforoperatingactivities,paymentsforrepurchaseofcommonstock,paymentsforrepurchaseofequity,paymentsforrepurchaseofpreferredstock,peg_ratio,price_to_book,price_to_sales_ttm,proceedsfromissuanceofcommonstock,proceedsfromissuanceoflongtermdebtandcapitalsecuritiesnet,proceedsfromissuanceofpreferredstock,proceedsfromoperatingactivities,proceedsfromrepaymentsofshorttermdebt,proceedsfromrepurchaseofequity,proceedsfromsaleoftreasurystock,profit_margin,profitloss,propertyplantequipment,report_date,report_type,reported_eps,reportedcurrency,reporttime,researchanddevelopment,retainedearnings,return_on_assets_ttm,return_on_equity_ttm,revenue_growth_yoy,revenue_per_share_ttm,sellinggeneralandadministrative,shortlongtermdebttotal,shorttermdebt,shortterminvestments,sma_200,sma_50,surprise_pct,totalassets,totalcurrentassets,totalcurrentliabilities,totalliabilities,totalnoncurrentassets,totalnoncurrentliabilities,totalrevenue,totalshareholderequity,trailing_pe,treasurystock,week_52_high,week_52_low
1996-03-31,CAT,,,,,,,,,,,,,,,,,,,,,,,,,,,,,,,,,,,,,,0.01,,,0.37,,,,,,,,,,,,,,,,,,,,,,,,,,,,,,,,,,,,,,,,,,,,,,,,,1996-04-16,,0.38,,pre-market,,,,,,,,,,,,,2.7027,,,,,,,,,,,,
1996-06-30,CAT,,,,,,,,,,,,,,,,,,,,,,,,,,,,,,,,,,,,,,0.08,,,0.41,,,,,,,,,,,,,,,,,,,,,,,,,,,,,,,,,,,,,,,,,,,,,,,,,1996-07-16,,0.49,,pre-market,,,,,,,,,,,,,19.5122,,,,,,,,,,,,
1996-09-30,CAT,,,,,,,,,,,,,,,,,,,,,,,,,,,,,,,,,,,,,,0.05,,,0.35,,,,,,,,,,,,,,,,,,,,,,,,,,,,,,,,,,,,,,,,,,,,,,,,,1996-10-15,,0.4,,pre-market,,,,,,,,,,,,,14.2857,,,,,,,,,,,,
1996-12-31,CAT,,,,,,,,,,,,,,,,,,,,,,,,,,,,,,,,,,,,,,0.03,,,0.47,,,,,,,,,,,,,,,,,,,,,,,,,,,,,,,,,,,,,,,,,,,,,,,,,1997-01-21,,0.5,,pre-market,,,,,,,,,,,,,6.383,,,,,,,,,,,,
1997-03-31,CAT,,,,,,,,,,,,,,,,,,,,,,,,,,,,,,,,,,,,,,0.09,,,0.43,,,,,,,,,,,,,,,,,,,,,,,,,,,,,,,,,,,,,,,,,,,,,,,,,1997-04-15,,0.52,,pre-market,,,,,,,,,,,,,20.9302,,,,,,,,,,,,
1997-06-30,CAT,,,,,,,,,,,,,,,,,,,,,,,,,,,,,,,,,,,,,,0.02,,,0.55,,,,,,,,,,,,,,,,,,,,,,,,,,,,,,,,,,,,,,,,,,,,,,,,,1997-07-22,,0.57,,pre-market,,,,,,,,,,,,,3.6364,,,,,,,,,,,,
1997-09-30,CAT,,,,,,,,,,,,,,,,,,,,,,,,,,,,,,,,,,,,,,0.06,,,0.46,,,,,,,,,,,,,,,,,,,,,,,,,,,,,,,,,,,,,,,,,,,,,,,,,1997-10-15,,0.52,,pre-market,,,,,,,,,,,,,13.0435,,,,,,,,,,,,
1997-12-31,CAT,,,,,,,,,,,,,,,,,,,,,,,,,,,,,,,,,,,,,,0.04,,,0.56,,,,,,,,,,,,,,,,,,,,,,,,,,,,,,,,,,,,,,,,,,,,,,,,,1998-01-21,,0.6,,pre-market,,,,,,,,,,,,,7.1429,,,,,,,,,,,,
1998-03-31,CAT,,,,,,,,,,,,,,,,,,,,,,,,,,,,,,,,,,,,,,0.02,,,0.55,,,,,,,,,,,,,,,,,,,,,,,,,,,,,,,,,,,,,,,,,,,,,,,,,1998-04-17,,0.57,,pre-market,,,,,,,,,,,,,3.6364,,,,,,,,,,,,
1998-06-30,CAT,,,,,,,,,,,,,,,,,,,,,,,,,,,,,,,,,,,,,,-0.01,,,0.62,,,,,,,,,,,,,,,,,,,,,,,,,,,,,,,,,,,,,,,,,,,,,,,,,1998-07-15,,0.61,,pre-market,,,,,,,,,,,,,-1.6129,,,,,,,,,,,,
1998-09-30,CAT,,,,,,,,,,,,,,,,,,,,,,,,,,,,,,,,,,,,,,-0.04,,,0.5,,,,,,,,,,,,,,,,,,,,,,,,,,,,,,,,,,,,,,,,,,,,,,,,,1998-10-16,,0.46,,pre-market,,,,,,,,,,,,,-8.0,,,,,,,,,,,,
1998-12-31,CAT,,,,,,,,,,,,,,,,,,,,,,,,,,,,,,,,,,,,,,0.0,,,0.42,,,,,,,,,,,,,,,,,,,,,,,,,,,,,,,,,,,,,,,,,,,,,,,,,1999-01-20,,0.42,,pre-market,,,,,,,,,,,,,0.0,,,,,,,,,,,,
1999-03-31,CAT,,,,,,,,,,,,,,,,,,,,,,,,,,,,,,,,,,,,,,0.08,,,0.21,,,,,,,,,,,,,,,,,,,,,,,,,,,,,,,,,,,,,,,,,,,,,,,,,1999-04-16,,0.29,,pre-market,,,,,,,,,,,,,38.0952,,,,,,,,,,,,
1999-06-30,CAT,,,,,,,,,,,,,,,,,,,,,,,,,,,,,,,,,,,,,,-0.01,,,0.4,,,,,,,,,,,,,,,,,,,,,,,,,,,,,,,,,,,,,,,,,,,,,,,,,1999-07-16,,0.39,,pre-market,,,,,,,,,,,,,-2.5,,,,,,,,,,,,
1999-09-30,CAT,,,,,,,,,,,,,,,,,,,,,,,,,,,,,,,,,,,,,,0.01,,,0.3,,,,,,,,,,,,,,,,,,,,,,,,,,,,,,,,,,,,,,,,,,,,,,,,,1999-10-15,,0.31,,pre-market,,,,,,,,,,,,,3.3333,,,,,,,,,,,,
1999-12-31,CAT,,,,,,,,,,,,,,,,,,,,,,,,,,,,,,,,,,,,,,0.02,,,0.32,,,,,,,,,,,,,,,,,,,,,,,,,,,,,,,,,,,,,,,,,,,,,,,,,2000-01-21,,0.34,,pre-market,,,,,,,,,,,,,6.25,,,,,,,,,,,,
2000-03-31,CAT,,,,,,,,,,,,,,,,,,,,,,,,,,,,,,,,,,,,,,0.08,,,0.29,,,,,,,,,,,,,,,,,,,,,,,,,,,,,,,,,,,,,,,,,,,,,,,,,2000-04-18,,0.37,,pre-market,,,,,,,,,,,,,27.5862,,,,,,,,,,,,
2000-06-30,CAT,,,,,,,,,,,,,,,,,,,,,,,,,,,,,,,,,,,,,,0.02,,,0.43,,,,,,,,,,,,,,,,,,,,,,,,,,,,,,,,,,,,,,,,,,,,,,,,,2000-07-20,,0.45,,pre-market,,,,,,,,,,,,,4.6512,,,,,,,,,,,,
2000-09-30,CAT,,,,,,,,,,,,,,,,,,,,,,,,,,,,,,,,,,,,,,0.02,,,0.29,,,,,,,,,,,,,,,,,,,,,,,,,,,,,,,,,,,,,,,,,,,,,,,,,2000-10-17,,0.31,,pre-market,,,,,,,,,,,,,6.8966,,,,,,,,,,,,
2000-12-31,CAT,,,,,,,,,,,,,,,,,,,,,,,,,,,,,,,,,,,,,,0.06,,,0.32,,,,,,,,,,,,,,,,,,,,,,,,,,,,,,,,,,,,,,,,,,,,,,,,,2001-01-18,,0.38,,pre-market,,,,,,,,,,,,,18.75,,,,,,,,,,,,
2001-03-31,CAT,,,,,,,,,,,,,,,,,,,,,,,,,,,,,,,,,,,,,,-0.01,,,0.25,,,,,,,,,,,,,,,,,,,,,,,,,,,,,,,,,,,,,,,,,,,,,,,,,2001-04-17,,0.24,,pre-market,,,,,,,,,,,,,-4.0,,,,,,,,,,,,
2001-06-30,CAT,,,,,,,,,,,,,,,,,,,,,,,,,,,,,,,,,,,,,,0.04,,,0.35,,,,,,,,,,,,,,,,,,,,,,,,,,,,,,,,,,,,,,,,,,,,,,,,,2001-07-17,,0.39,,pre-market,,,,,,,,,,,,,11.4286,,,,,,,,,,,,
2001-09-30,CAT,,,,,,,,,,,,,,,,,,,,,,,,,,,,,,,,,,,,,,-0.01,,,0.31,,,,,,,,,,,,,,,,,,,,,,,,,,,,,,,,,,,,,,,,,,,,,,,,,2001-10-16,,0.3,,pre-market,,,,,,,,,,,,,-3.2258,,,,,,,,,,,,
2001-12-31,CAT,,,,,,,,,,,,,,,,,,,,,,,,,,,,,,,,,,,,,,0.0,,,0.38,,,,,,,,,,,,,,,,,,,,,,,,,,,,,,,,,,,,,,,,,,,,,,,,,2002-01-23,,0.38,,pre-market,,,,,,,,,,,,,0.0,,,,,,,,,,,,
2002-03-31,CAT,,,,,,,,,,,,,,,,,,,,,,,,,,,,,,,,,,,,,,0.0,,,0.12,,,,,,,,,,,,,,,,,,,,,,,,,,,,,,,,,,,,,,,,,,,,,,,,,2002-04-16,,0.12,,pre-market,,,,,,,,,,,,,0.0,,,,,,,,,,,,
2002-06-30,CAT,,,,,,,,,,,,,,,,,,,,,,,,,,,,,,,,,,,,,,-0.07,,,0.36,,,,,,,,,,,,,,,,,,,,,,,,,,,,,,,,,,,,,,,,,,,,,,,,,2002-07-16,,0.29,,pre-market,,,,,,,,,,,,,-19.4444,,,,,,,,,,,,
2002-09-30,CAT,,,,,,,,,,,,,,,,,,,,,,,,,,,,,,,,,,,,,,0.03,,,0.28,,,,,,,,,,,,,,,,,,,,,,,,,,,,,,,,,,,,,,,,,,,,,,,,,2002-10-16,,0.31,,pre-market,,,,,,,,,,,,,10.7143,,,,,,,,,,,,
2002-12-31,CAT,,,,,,,,,,,,,,,,,,,,,,,,,,,,,,,,,,,,,,0.1,,,0.34,,,,,,,,,,,,,,,,,,,,,,,,,,,,,,,,,,,,,,,,,,,,,,,,,2003-01-23,,0.44,,pre-market,,,,,,,,,,,,,29.4118,,,,,,,,,,,,
2003-03-31,CAT,,,,,,,,,,,,,,,,,,,,,,,,,,,,,,,,,,,,,,0.06,,,0.13,,,,,,,,,,,,,,,,,,,,,,,,,,,,,,,,,,,,,,,,,,,,,,,,,2003-04-16,,0.19,,pre-market,,,,,,,,,,,,,46.1538,,,,,,,,,,,,
2003-06-30,CAT,,,,,,,,,,,,,,,,,,,,,,,,,,,,,,,,,,,,,,0.24,,,0.33,,,,,,,,,,,,,,,,,,,,,,,,,,,,,,,,,,,,,,,,,,,,,,,,,2003-07-17,,0.57,,pre-market,,,,,,,,,,,,,72.7273,,,,,,,,,,,,
2003-09-30,CAT,,,,,,,,,,,,,,,,,,,,,,,,,,,,,,,,,,,,,,0.0,,,0.37,,,,,,,,,,,,,,,,,,,,,,,,,,,,,,,,,,,,,,,,,,,,,,,,,2003-10-16,,0.37,,pre-market,,,,,,,,,,,,,0.0,,,,,,,,,,,,
2003-12-31,CAT,,,,,,,,,,,,,,,,,,,,,,,,,,,,,,,,,,,,,,0.02,,,0.47,,,,,,,,,,,,,,,,,,,,,,,,,,,,,,,,,,,,,,,,,,,,,,,,,2004-01-27,,0.49,,pre-market,,,,,,,,,,,,,4.2553,,,,,,,,,,,,
2004-03-31,CAT,,,,,,,,,,,,,,,,,,,,,,,,,,,,,,,,,,,,,,0.23,,,0.35,,,,,,,,,,,,,,,,,,,,,,,,,,,,,,,,,,,,,,,,,,,,,,,,,2004-04-22,,0.58,,pre-market,,,,,,,,,,,,,65.7143,,,,,,,,,,,,
2004-06-30,CAT,,,,,,,,,,,,,,,,,,,,,,,,,,,,,,,,,,,,,,-0.08,,,0.86,,,,,,,,,,,,,,,,,,,,,,,,,,,,,,,,,,,,,,,,,,,,,,,,,2004-07-22,,0.78,,pre-market,,,,,,,,,,,,,-9.3023,,,,,,,,,,,,
2004-09-30,CAT,,,,,,,,,,,,,,,,,,,,,,,,,,,,,,,,,,,,,,0.03,,,0.68,,,,,,,,,,,,,,,,,,,,,,,,,,,,,,,,,,,,,,,,,,,,,,,,,2004-10-21,,0.71,,pre-market,,,,,,,,,,,,,4.4118,,,,,,,,,,,,
2004-12-31,CAT,,,,,,,,,,,,,,,,,,,,,,,,,,,,,,,,,,,,,,-0.03,,,0.81,,,,,,,,,,,,,,,,,,,,,,,,,,,,,,,,,,,,,,,,,,,,,,,,,2005-01-27,,0.78,,pre-market,,,,,,,,,,,,,-3.7037,,,,,,,,,,,,
2005-03-31,CAT,,,,,,,,,,,,,,,,,,,,,,,,,,,,,,,,,,,,,,0.14,,,0.68,,,,,,,,,,,,,,,,,,,,,,,,,,,,,,,,,,,,,,,,,,,,,,,,,2005-04-20,,0.82,,pre-market,,,,,,,,,,,,,20.5882,,,,,,,,,,,,
2005-06-30,CAT,,,,,,,,,,,,,,,,,,,,,,,,,,,,,,,,,,,,,,-0.25,,,1.33,,,,,,,,,,,,,,,,,,,,,,,,,,,,,,,,,,,,,,,,,,,,,,,,,2005-07-21,,1.08,,pre-market,,,,,,,,,,,,,-18.797,,,,,,,,,,,,
2005-09-30,CAT,,,,,,,,,,,,,,,,,,,,,,,,,,,,,,,,,,,,,,-0.12,,,1.06,,,,,,,,,,,,,,,,,,,,,,,,,,,,,,,,,,,,,,,,,,,,,,,,,2005-10-21,,0.94,,pre-market,,,,,,,,,,,,,-11.3208,,,,,,,,,,,,
2005-12-31,CAT,,,,,,,,,,,,,,,,,,,,,,,,,,,,,,,,,,,,,,0.1,,,1.1,,,,,,,,,,,,,,,,,,,,,,,,,,,,,,,,,,,,,,,,,,,,,,,,,2006-01-26,,1.2,,pre-market,,,,,,,,,,,,,9.0909,,,,,,,,,,,,
2006-03-31,CAT,,,,,,,,,,,,,,,,,,,,,,,,,,,,,,,,,,,,,,0.14,,,1.06,,,,,,,,,,,,,,,,,,,,,,,,,,,,,,,,,,,,,,,,,,,,,,,,,2006-04-24,,1.2,,pre-market,,,,,,,,,,,,,13.2075,,,,,,,,,,,,
2006-06-30,CAT,,,,,,,,,,,,,,,,,,,,,,,,,,,,,,,,,,,,,,0.1,,,1.42,,,,,,,,,,,,,,,,,,,,,,,,,,,,,,,,,,,,,,,,,,,,,,,,,2006-07-21,,1.52,,pre-market,,,,,,,,,,,,,7.0423,,,,,,,,,,,,
2006-09-30,CAT,,,,,,,,,,,,,,,,,,,,,,,,,,,,,,,,,,,,,,-0.21,,,1.35,,,,,,,,,,,,,,,,,,,,,,,,,,,,,,,,,,,,,,,,,,,,,,,,,2006-10-20,,1.14,,pre-market,,,,,,,,,,,,,-15.5556,,,,,,,,,,,,
2006-12-31,CAT,,,,,,,,,,,,,,,,,,,,,,,,,,,,,,,,,,,,,,-0.02,,,1.34,,,,,,,,,,,,,,,,,,,,,,,,,,,,,,,,,,,,,,,,,,,,,,,,,2007-01-26,,1.32,,pre-market,,,,,,,,,,,,,-1.4925,,,,,,,,,,,,
2007-03-31,CAT,,,,,,,,,,,,,,,,,,,,,,,,,,,,,,,,,,,,,,0.15,,,1.08,,,,,,,,,,,,,,,,,,,,,,,,,,,,,,,,,,,,,,,,,,,,,,,,,2007-04-20,,1.23,,pre-market,,,,,,,,,,,,,13.8889,,,,,,,,,,,,
2007-06-30,CAT,,,,,,,,,,,,,,,,,,,,,,,,,,,,,,,,,,,,,,-0.25,,,1.49,,,,,,,,,,,,,,,,,,,,,,,,,,,,,,,,,,,,,,,,,,,,,,,,,2007-07-20,,1.24,,pre-market,,,,,,,,,,,,,-16.7785,,,,,,,,,,,,
2007-09-30,CAT,,,,,,,,,,,,,,,,,,,,,,,,,,,,,,,,,,,,,,-0.02,,,1.42,,,,,,,,,,,,,,,,,,,,,,,,,,,,,,,,,,,,,,,,,,,,,,,,,2007-10-19,,1.4,,pre-market,,,,,,,,,,,,,-1.4085,,,,,,,,,,,,
2007-12-31,CAT,,,,,,,,,,,,,,,,,,,,,,,,,,,,,,,,,,,,,,0.0,,,1.5,,,,,,,,,,,,,,,,,,,,,,,,,,,,,,,,,,,,,,,,,,,,,,,,,2008-01-25,,1.5,,pre-market,,,,,,,,,,,,,0.0,,,,,,,,,,,,
2008-03-31,CAT,,,,,,,,,,,,,,,,,,,,,,,,,,,,,,,,,,,,,,0.12,,,1.33,,,,,,,,,,,,,,,,,,,,,,,,,,,,,,,,,,,,,,,,,,,,,,,,,2008-04-18,,1.45,,pre-market,,,,,,,,,,,,,9.0226,,,,,,,,,,,,
2008-06-30,CAT,,,,,,,,,,,,,,,,,,,,,,,,,,,,,,,,,,,,,,0.2,,,1.54,,,,,,,,,,,,,,,,,,,,,,,,,,,,,,,,,,,,,,,,,,,,,,,,,2008-07-22,,1.74,,pre-market,,,,,,,,,,,,,12.987,,,,,,,,,,,,
2008-09-30,CAT,,,,,,,,,,,,,,,,,,,,,,,,,,,,,,,,,,,,,,-0.02,,,1.41,,,,,,,,,,,,,,,,,,,,,,,,,,,,,,,,,,,,,,,,,,,,,,,,,2008-10-21,,1.39,,pre-market,,,,,,,,,,,,,-1.4184,,,,,,,,,,,,
2008-12-31,CAT,,,,,,,,,,,,,,,,,,,,,,,,,,,,,,,,,,,,,,-0.2,,,1.28,,,,,,,,,,,,,,,,,,,,,,,,,,,,,,,,,,,,,,,,,,,,,,,,,2009-01-26,,1.08,,pre-market,,,,,,,,,,,,,-15.625,,,,,,,,,,,,
2009-03-31,CAT,,,,,,,,,,,,,,,,,,,,,,,,,,,,,,,,,,,,,,0.37,,,0.02,,,,,,,,,,,,,,,,,,,,,,,,,,,,,,,,,,,,,,,,,,,,,,,,,2009-04-21,,0.39,,pre-market,,,,,,,,,,,,,1850.0,,,,,,,,,,,,
2009-06-30,CAT,,,,,,,,,,,,,,,,,,,,,,,,,,,,,,,,,,,,,,0.5,,,0.22,,,,,,,,,,,,,,,,,,,,,,,,,,,,,,,,,,,,,,,,,,,,,,,,,2009-07-21,,0.72,,pre-market,,,,,,,,,,,,,227.2727,,,,,,,,,,,,
2009-09-30,CAT,,,,,,,,,,,,,,,,,,,,,,,,,,,,,,,,,,,,,,0.6,,,0.04,,,,,,,,,,,,,,,,,,,,,,,,,,,,,,,,,,,,,,,,,,,,,,,,,2009-10-20,,0.64,,pre-market,,,,,,,,,,,,,1500.0,,,,,,,,,,,,
2009-12-31,CAT,,,,,,,,,,,,,,,,,,,,,,,,,,,,,,,,,,,,,,0.12,,,0.29,,,,,,,,,,,,,,,,,,,,,,,,,,,,,,,,,,,,,,,,,,,,,,,,,2010-01-27,,0.41,,pre-market,,,,,,,,,,,,,41.3793,,,,,,,,,,,,
2010-03-31,CAT,,,,,,,,,,,,,,,,,,,,,,,,,,,,,,,,,,,,,,0.11,,,0.39,,,,,,,,,,,,,,,,,,,,,,,,,,,,,,,,,,,,,,,,,,,,,,,,,2010-04-26,,0.5,,pre-market,,,,,,,,,,,,,28.2051,,,,,,,,,,,,
2010-06-30,CAT,,,,,,,,,,,,,,,,,,,,,,,,,,,,,,,,,,,,,,0.25,,,0.84,,,,,,,,,,,,,,,,,,,,,,,,,,,,,,,,,,,,,,,,,,,,,,,,,2010-07-22,,1.09,,pre-market,,,,,,,,,,,,,29.7619,,,,,,,,,,,,
2010-09-30,CAT,,,,,,,,,,,,,,,,,,,,,,,,,,,,,,,,,,,,,,0.13,,,1.09,,,,,,,,,,,,,,,,,,,,,,,,,,,,,,,,,,,,,,,,,,,,,,,,,2010-10-21,,1.22,,pre-market,,,,,,,,,,,,,11.9266,,,,,,,,,,,,
2010-12-31,CAT,,,,,,,,,,,,,,,,,,,,,,,,,,,,,,,,,,,,,,0.2,,,1.27,,,,,,,,,,,,,,,,,,,,,,,,,,,,,,,,,,,,,,,,,,,,,,,,,2011-01-27,,1.47,,pre-market,,,,,,,,,,,,,15.748,,,,,,,,,,,,
2011-03-31,CAT,,,,,,,,,,,,,,,,,,,,,,,,,,,,,,,,,,,,,,0.56,,,1.28,,,,,,,,,,,,,,,,,,,,,,,,,,,,,,,,,,,,,,,,,,,,,,,,,2011-04-29,,1.84,,pre-market,,,,,,,,,,,,,43.75,,,,,,,,,,,,
2011-06-30,CAT,,,,,,,,,,,,,,,,,,,,,,,,,,,,,,,,,,,,,,-0.02,,,1.74,,,,,,,,,,,,,,,,,,,,,,,,,,,,,,,,,,,,,,,,,,,,,,,,,2011-07-22,,1.72,,pre-market,,,,,,,,,,,,,-1.1494,,,,,,,,,,,,
2011-09-30,CAT,,,,,,,,,,,,,,,,,,,,,,,,,,,,,,,,,,,,,,0.03,,,1.68,,,,,,,,,,,,,,,,,,,,,,,,,,,,,,,,,,,,,,,,,,,,,,,,,2011-10-24,,1.71,,pre-market,,,,,,,,,,,,,1.7857,,,,,,,,,,,,
2011-12-31,CAT,,,,,,,,,,,,,,,,,,,,,,,,,,,,,,,,,,,,,,0.48,,,1.77,,,,,,,,,,,,,,,,,,,,,,,,,,,,,,,,,,,,,,,,,,,,,,,,,2012-01-26,,2.25,,pre-market,,,,,,,,,,,,,27.1186,,,,,,,,,,,,
2012-03-31,CAT,,,,,,,,,,,,,,,,,,,,,,,,,,,,,,,,,,,,,,0.22,,,2.15,,,,,,,,,,,,,,,,,,,,,,,,,,,,,,,,,,,,,,,,,,,,,,,,,2012-04-25,,2.37,,pre-market,,,,,,,,,,,,,10.2326,,,,,,,,,,,,
2012-06-30,CAT,,,,,,,,,,,,,,,,,,,,,,,,,,,,,,,,,,,,,,0.24,,,2.3,,,,,,,,,,,,,,,,,,,,,,,,,,,,,,,,,,,,,,,,,,,,,,,,,2012-07-25,,2.54,,pre-market,,,,,,,,,,,,,10.4348,,,,,,,,,,,,
2012-09-30,CAT,,,,,,,,,,,,,,,,,,,,,,,,,,,,,,,,,,,,,,0.02,,,2.24,,,,,,,,,,,,,,,,,,,,,,,,,,,,,,,,,,,,,,,,,,,,,,,,,2012-10-22,,2.26,,pre-market,,,,,,,,,,,,,0.8929,,,,,,,,,,,,
2012-12-31,CAT,,,,,,,,,,,,,,,,,,,,,,,,,,,,,,,,,,,,,,-0.25,,,1.71,,,,,,,,,,,,,,,,,,,,,,,,,,,,,,,,,,,,,,,,,,,,,,,,,2013-01-28,,1.46,,pre-market,,,,,,,,,,,,,-14.6199,,,,,,,,,,,,
2013-03-31,CAT,,,,,,,,,,,,,,,,,,,,,,,,,,,,,,,,,,,,,,-0.08,,,1.39,,,,,,,,,,,,,,,,,,,,,,,,,,,,,,,,,,,,,,,,,,,,,,,,,2013-04-22,,1.31,,pre-market,,,,,,,,,,,,,-5.7554,,,,,,,,,,,,
2013-06-30,CAT,,,,,,,,,,,,,,,,,,,,,,,,,,,,,,,,,,,,,,-0.25,,,1.7,,,,,,,,,,,,,,,,,,,,,,,,,,,,,,,,,,,,,,,,,,,,,,,,,2013-07-24,,1.45,,pre-market,,,,,,,,,,,,,-14.7059,,,,,,,,,,,,
2013-09-30,CAT,,,,,,,,,,,,,,,,,,,,,,,,,,,,,,,,,,,,,,-0.23,,,1.68,,,,,,,,,,,,,,,,,,,,,,,,,,,,,,,,,,,,,,,,,,,,,,,,,2013-10-23,,1.45,,pre-market,,,,,,,,,,,,,-13.6905,,,,,,,,,,,,
2013-12-31,CAT,,,,,,,,,,,,,,,,,,,,,,,,,,,,,,,,,,,,,,0.3,,,1.28,,,,,,,,,,,,,,,,,,,,,,,,,,,,,,,,,,,,,,,,,,,,,,,,,2014-01-27,,1.58,,pre-market,,,,,,,,,,,,,23.4375,,,,,,,,,,,,
2014-03-31,CAT,,,,,,,,,,,,,,,,,,,,,,,,,,,,,,,,,,,,,,0.39,,,1.22,,,,,,,,,,,,,,,,,,,,,,,,,,,,,,,,,,,,,,,,,,,,,,,,,2014-04-24,,1.61,,pre-market,,,,,,,,,,,,,31.9672,,,,,,,,,,,,
2014-06-30,CAT,,,,,,,,,,,,,,,,,,,,,,,,,,,,,,,,,,,,,,0.16,,,1.53,,,,,,,,,,,,,,,,,,,,,,,,,,,,,,,,,,,,,,,,,,,,,,,,,2014-07-24,,1.69,,pre-market,,,,,,,,,,,,,10.4575,,,,,,,,,,,,
2014-09-30,CAT,,,,,,,,,,,,,,,,,,,,,,,,,,,,,,,,,,,,,,0.37,,,1.35,,,,,,,,,,,,,,,,,,,,,,,,,,,,,,,,,,,,,,,,,,,,,,,,,2014-10-23,,1.72,,pre-market,,,,,,,,,,,,,27.4074,,,,,,,,,,,,
2014-12-31,CAT,,,,,,,,,,,,,,,,,,,,,,,,,,,,,,,,,,,,,,-0.22,,,1.57,,,,,,,,,,,,,,,,,,,,,,,,,,,,,,,,,,,,,,,,,,,,,,,,,2015-01-27,,1.35,,pre-market,,,,,,,,,,,,,-14.0127,,,,,,,,,,,,
2015-03-31,CAT,,,,,,,,,,,,,,,,,,,,,,,,,,,,,,,,,,,,,,0.5,,,1.36,,,,,,,,,,,,,,,,,,,,,,,,,,,,,,,,,,,,,,,,,,,,,,,,,2015-04-23,,1.86,,pre-market,,,,,,,,,,,,,36.7647,,,,,,,,,,,,
2015-06-30,CAT,,,,,,,,,,,,,,,,,,,,,,,,,,,,,,,,,,,,,,-0.01,,,1.28,,,,,,,,,,,,,,,,,,,,,,,,,,,,,,,,,,,,,,,,,,,,,,,,,2015-07-23,,1.27,,pre-market,,,,,,,,,,,,,-0.7813,,,,,,,,,,,,
2015-09-30,CAT,,,,,,,,,,,,,,,,,,,,,,,,,,,,,,,,,,,,,,-0.04,,,0.79,,,,,,,,,,,,,,,,,,,,,,,,,,,,,,,,,,,,,,,,,,,,,,,,,2015-10-22,,0.75,,pre-market,,,,,,,,,,,,,-5.0633,,,,,,,,,,,,
2015-12-31,CAT,,,,,,,,,,,,,,,,,,,,,,,,,,,,,,,,,,,,,,0.05,,,0.69,,,,,,,,,,,,,,,,,,,,,,,,,,,,,,,,,,,,,,,,,,,,,,,,,2016-01-28,,0.74,,pre-market,,,,,,,,,,,,,7.2464,,,,,,,,,,,,
2016-03-31,CAT,,,,,,,,,,,,,,,,,,,,,,,,,,,,,,,,,,,,,,-0.01,,,0.68,,,,,,,,,,,,,,,,,,,,,,,,,,,,,,,,,,,,,,,,,,,,,,,,,2016-04-22,,0.67,,pre-market,,,,,,,,,,,,,-1.4706,,,,,,,,,,,,
2016-06-30,CAT,,,,,,,,,,,,,,,,,,,,,,,,,,,,,,,,,,,,,,0.13,,,0.96,,,,,,,,,,,,,,,,,,,,,,,,,,,,,,,,,,,,,,,,,,,,,,,,,2016-07-26,,1.09,,pre-market,,,,,,,,,,,,,13.5417,,,,,,,,,,,,
2016-09-30,CAT,,,,,,,,,,,,,,,,,,,,,,,,,,,,,,,,,,,,,,0.09,,,0.76,,,,,,,,,,,,,,,,,,,,,,,,,,,,,,,,,,,,,,,,,,,,,,,,,2016-10-25,,0.85,,pre-market,,,,,,,,,,,,,11.8421,,,,,,,,,,,,
2016-12-31,CAT,,,,,,,,,,,,,,,,,,,,,,,,,,,,,,,,,,,,,,0.16,,,0.67,,,,,,,,,,,,,,,,,,,,,,,,,,,,,,,,,,,,,,,,,,,,,,,,,2017-01-26,,0.83,,pre-market,,,,,,,,,,,,,23.8806,,,,,,,,,,,,
2017-03-31,CAT,,,,,,,,,,,,,,,,,,,,,,,,,,,,,,,,,,,,,,0.65,,,0.63,,,,,,,,,,,,,,,,,,,,,,,,,,,,,,,,,,,,,,,,,,,,,,,,,2017-04-25,,1.28,,pre-market,,,,,,,,,,,,,103.1746,,,,,,,,,,,,
2017-06-30,CAT,,,,,,,,,,,,,,,,,,,,,,,,,,,,,,,,,,,,,,0.23,,,1.26,,,,,,,,,,,,,,,,,,,,,,,,,,,,,,,,,,,,,,,,,,,,,,,,,2017-07-25,,1.49,,pre-market,,,,,,,,,,,,,18.254,,,,,,,,,,,,
2017-09-30,CAT,,,,,,,,,,,,,,,,,,,,,,,,,,,,,,,,,,,,,,0.67,,,1.28,,,,,,,,,,,,,,,,,,,,,,,,,,,,,,,,,,,,,,,,,,,,,,,,,2017-10-24,,1.95,,pre-market,,,,,,,,,,,,,52.3438,,,,,,,,,,,,
2017-12-31,CAT,,,,,,,,,,,,,,,,,,,,,,,,,,,,,,,,,,,,,,0.38,,,1.78,,,,,,,,,,,,,,,,,,,,,,,,,,,,,,,,,,,,,,,,,,,,,,,,,2018-01-25,,2.16,,pre-market,,,,,,,,,,,,,21.3483,,,,,,,,,,,,
2018-03-31,CAT,,,,,,,,,,,,,,,,,,,,,,,,,,,,,,,,,,,,,,0.7,,,2.12,,,,,,,,,,,,,,,,,,,,,,,,,,,,,,,,,,,,,,,,,,,,,,,,,2018-04-24,,2.82,,pre-market,,,,,,,,,,,,,33.0189,,,,,,,,,,,,
2018-06-30,CAT,,,,,,,,,,,,,,,,,,,,,,,,,,,,,,,,,,,,,,0.23,,,2.74,,,,,,,,,,,,,,,,,,,,,,,,,,,,,,,,,,,,,,,,,,,,,,,,,2018-07-30,,2.97,,pre-market,,,,,,,,,,,,,8.3942,,,,,,,,,,,,
2018-09-30,CAT,,,,,,,,,,,,,,,,,,,,,,,,,,,,,,,,,,,,,,0.01,,,2.85,,,,,,,,,,,,,,,,,,,,,,,,,,,,,,,,,,,,,,,,,,,,,,,,,2018-10-23,,2.86,,pre-market,,,,,,,,,,,,,0.3509,,,,,,,,,,,,
2018-12-31,CAT,,,,,,,,,,,,,,,,,,,,,,,,,,,,,,,,,,,,,,-0.44,,,2.99,,,,,,,,,,,,,,,,,,,,,,,,,,,,,,,,,,,,,,,,,,,,,,,,,2019-01-28,,2.55,,pre-market,,,,,,,,,,,,,-14.7157,,,,,,,,,,,,
2019-03-31,CAT,,,,,,,,,,,,,,,,,,,,,,,,,,,,,,,,,,,,,,0.08,,,2.86,,,,,,,,,,,,,,,,,,,,,,,,,,,,,,,,,,,,,,,,,,,,,,,,,2019-04-24,,2.94,,pre-market,,,,,,,,,,,,,2.7972,,,,,,,,,,,,
2019-06-30,CAT,,,,,,,,,,,,,,,,,,,,,,,,,,,,,,,,,,,,,,-0.29,,,3.12,,,,,,,,,,,,,,,,,,,,,,,,,,,,,,,,,,,,,,,,,,,,,,,,,2019-07-24,,2.83,,pre-market,,,,,,,,,,,,,-9.2949,,,,,,,,,,,,
2019-09-30,CAT,,,,,,,,,,,,,,,,,,,,,,,,,,,,,,,,,,,,,,-0.23,,,2.89,,,,,,,,,,,,,,,,,,,,,,,,,,,,,,,,,,,,,,,,,,,,,,,,,2019-10-23,,2.66,,pre-market,,,,,,,,,,,,,-7.9585,,,,,,,,,,,,
2019-12-31,CAT,,,,,,,,,,,,,,,,,,,,,,,,,,,,,,,,,,,,,,0.25,,,2.38,,,,,,,,,,,,,,,,,,,,,,,,,,,,,,,,,,,,,,,,,,,,,,,,,2020-01-31,,2.63,,pre-market,,,,,,,,,,,,,10.5042,,,,,,,,,,,,
2020-03-31,CAT,,,,,,,,,,,,,,,,,,,,,,,,,,,,,,,,,,,,,,-0.07,,,1.67,,,,,,,,,,,,,,,,,,,,,,,,,,,,,,,,,,,,,,,,,,,,,,,,,2020-04-28,,1.6,,pre-market,,,,,,,,,,,,,-4.1916,,,,,,,,,,,,
2020-06-30,CAT,,,,,,,,,,,,,,,,,,,,,,,,,,,,,,,,,,,,,,0.31,,,0.72,,,,,,,,,,,,,,,,,,,,,,,,,,,,,,,,,,,,,,,,,,,,,,,,,2020-07-31,,1.03,,pre-market,,,,,,,,,,,,,43.0556,,,,,,,,,,,,
2020-09-30,CAT,,,,,,,,,,,,,,,,,,,,,,,,,,,,,,,,,,,,,,0.16,,,1.18,,,,,,,,,,,,,,,,,,,,,,,,,,,,,,,,,,,,,,,,,,,,,,,,,2020-10-27,,1.34,,pre-market,,,,,,,,,,,,,13.5593,,,,,,,,,,,,
2020-12-31,CAT,,,,,,,,,,,,,,,,,,,,,,,,,,,,,,,,,,,,,,0.63,,,1.49,,,,,,,,,,,,,,,,,,,,,,,,,,,,,,,,,,,,,,,,,,,,,,,,,2021-01-29,,2.12,,pre-market,,,,,,,,,,,,,42.2819,,,,,,,,,,,,
2021-03-31,CAT,,,,,,,,,,,,,,,,,,,,,,,,,,,,,,,,,,,,,,0.93,,,1.94,,,,,,,,,,,,,,,,,,,,,,,,,,,,,,,,,,,,,,,,,,,,,,,,,2021-04-29,,2.87,,pre-market,,,,,,,,,,,,,47.9381,,,,,,,,,,,,
2021-06-30,CAT,,,,,,,,,,,,,,,,,,,,,,,,,,,,,,,,,,,,,,0.19,,,2.41,,,,,,,,,,,,,,,,,,,,,,,,,,,,,,,,,,,,,,,,,,,,,,,,,2021-07-30,,2.6,,pre-market,,,,,,,,,,,,,7.8838,,,,,,,,,,,,
2021-09-30,CAT,,,,,,,,,,,,,,,,,,,,,,,,,,,,,,,,,,,,,,0.46,,,2.2,,,,,,,,,,,,,,,,,,,,,,,,,,,,,,,,,,,,,,,,,,,,,,,,,2021-10-28,,2.66,,pre-market,,,,,,,,,,,,,20.9091,,,,,,,,,,,,
2021-12-31,CAT,,,,,,,,,,,,,,,,,,,,,,,,,,,,,,,,,,,,,,0.43,,,2.26,,,,,,,,,,,,,,,,,,,,,,,,,,,,,,,,,,,,,,,,,,,,,,,,,2022-01-28,,2.69,,pre-market,,,,,,,,,,,,,19.0265,,,,,,,,,,,,
2022-03-31,CAT,,,,,,,,,,,,,,,,,,,,,,,,,,,,,,,,,,,,,,0.28,,,2.6,,,,,,,,,,,,,,,,,,,,,,,,,,,,,,,,,,,,,,,,,,,,,,,,,2022-04-28,,2.88,,pre-market,,,,,,,,,,,,,10.7692,,,,,,,,,,,,
2022-06-30,CAT,,,,,,,,,,,,,,,,,,,,,,,,,,,,,,,,,,,,,,0.16,,,3.02,,,,,,,,,,,,,,,,,,,,,,,,,,,,,,,,,,,,,,,,,,,,,,,,,2022-08-02,,3.18,,pre-market,,,,,,,,,,,,,5.298,,,,,,,,,,,,
2022-09-30,CAT,,,,,,,,,,,,,,,,,,,,,,,,,,,,,,,,,,,,,,0.78,,,3.17,,,,,,,,,,,,,,,,,,,,,,,,,,,,,,,,,,,,,,,,,,,,,,,,,2022-10-27,,3.95,,pre-market,,,,,,,,,,,,,24.6057,,,,,,,,,,,,
2022-12-31,CAT,,,,,,,,,,,,,,,,,,,,,,,,,,,,,,,,,,,,,,-0.17,,,4.03,,,,,,,,,,,,,,,,,,,,,,,,,,,,,,,,,,,,,,,,,,,,,,,,,2023-01-31,,3.86,,pre-market,,,,,,,,,,,,,-4.2184,,,,,,,,,,,,
2023-03-31,CAT,,,,,,,,,,,,,,,,,,,,,,,,,,,,,,,,,,,,,,1.12,,,3.79,,,,,,,,,,,,,,,,,,,,,,,,,,,,,,,,,,,,,,,,,,,,,,,,,2023-04-27,,4.91,,pre-market,,,,,,,,,,,,,29.5515,,,,,,,,,,,,
2023-06-30,CAT,,,,,,,,,,,,,,,,,,,,,,,,,,,,,,,,,,,,,,0.97,,,4.58,,,,,,,,,,,,,,,,,,,,,,,,,,,,,,,,,,,,,,,,,,,,,,,,,2023-08-01,,5.55,,pre-market,,,,,,,,,,,,,21.179,,,,,,,,,,,,
2023-09-30,CAT,,,,,,,,,,,,,,,,,,,,,,,,,,,,,,,,,,,,,,0.73,,,4.79,,,,,,,,,,,,,,,,,,,,,,,,,,,,,,,,,,,,,,,,,,,,,,,,,2023-10-31,,5.52,,pre-market,,,,,,,,,,,,,15.2401,,,,,,,,,,,,
2023-12-31,CAT,,,,,,,,,,,,,,,,,,,,,,,,,,,,,,,,,,,,,,0.48,,,4.75,,,,,,,,,,,,,,,,,,,,,,,,,,,,,,,,,,,,,,,,,,,,,,,,,2024-02-05,,5.23,,pre-market,,,,,,,,,,,,,10.1053,,,,,,,,,,,,
2024-03-31,CAT,,,,,,,,,,,,,,,,,,,,,,,,,,,,,,,,,,,,,,0.46,,,5.14,,,,,,,,,,,,,,,,,,,,,,,,,,,,,,,,,,,,,,,,,,,,,,,,,2024-04-25,,5.6,,pre-market,,,,,,,,,,,,,8.9494,,,,,,,,,,,,
2024-06-30,CAT,,,,,,,,,,,,,,,,,,,,,,,,,,,,,,,,,,,,,,0.45,,,5.54,,,,,,,,,,,,,,,,,,,,,,,,,,,,,,,,,,,,,,,,,,,,,,,,,2024-08-06,,5.99,,pre-market,,,,,,,,,,,,,8.1227,,,,,,,,,,,,
2024-09-30,CAT,,,,,,,,,,,,,,,,,,,,,,,,,,,,,,,,,,,,,,-0.18,,,5.35,,,,,,,,,,,,,,,,,,,,,,,,,,,,,,,,,,,,,,,,,,,,,,,,,2024-10-30,,5.17,,pre-market,,,,,,,,,,,,,-3.3645,,,,,,,,,,,,
2024-12-31,CAT,,,,,,,,,,,,,,,,,,,,,,,,,,,,,,,,,,,,,,0.11,,,5.03,,,,,,,,,,,,,,,,,,,,,,,,,,,,,,,,,,,,,,,,,,,,,,,,,2025-01-30,,5.14,,pre-market,,,,,,,,,,,,,2.1869,,,,,,,,,,,,
2025-03-31,CAT,,,,,,,,,,,,,,,,,,,,,,,,,,,,,,,,,,,,,,-0.14,,,4.34,,,,,,,,,,,,,,,,,,,,,,,,,,,,,,,,,,,,,,,,,,,,,,,,,2025-04-30,,4.2,,pre-market,,,,,,,,,,,,,-3.2258,,,,,,,,,,,,
2025-06-30,CAT,,,,,,,,,,,,,,,,,,,,,,,,,,,,,,,,,,,,,,-0.17,,,4.79,,,,,,,,,,,,,,,,,,,,,,,,,,,,,,,,,,,,,,,,,,,,,,,,,2025-08-05,,4.62,,pre-market,,,,,,,,,,,,,-3.5491,,,,,,,,,,,,
2025-09-30,CAT,,,,,,,,,,,,,,,,,,,,,,,,,,,,,,,,,,,,,,0.43,,,4.52,,,,,,,,,,,,,,,,,,,,,,,,,,,,,,,,,,,,,,,,,,,,,,,,,2025-10-29,,4.95,,pre-market,,,,,,,,,,,,,9.5133,,,,,,,,,,,,
2025-12-28,CAT,19.47,64670999000.0,29.94,,1.563,44.14,,,,,,,,,,,,,,,,,,,,,,,,,,5.84,0.01,,,,-0.036,0.43,,,4.52,,26.45,,19478999000.0,,,,,,,,,,,,,,,,,,,0.177,,,,,,,,,,,,,2.007,13.22,4.223,,,,,,,,0.143,,,2025-10-29,,4.95,,pre-market,,,0.082,0.463,0.095,136.6,,,,,429.86,565.63,9.5133,,,,,,,,,29.94,,627.5,264.25
2025-12-28,CAT,19.47,64670999000.0,29.94,,1.563,44.14,,,,,,,,,,,,,,,None,11673000000,11673000000,,,,,,None,570000000,,5.84,0.01,,,,-0.036,0.43,3481000000,4051000000,4.52,2025-09-30,26.45,,19478999000.0,5965000000,3135000000,836000000,,,None,346000000,31000000,,None,,,,,2290000000,2299000000,-133000000,None,0.177,,2913000000,3052000000,,,,,None,,,,,2.007,13.22,4.223,,,,,,,,0.143,,,2025-10-29,quarterly,4.95,USD,pre-market,555000000,,0.082,0.463,0.095,136.6,1822000000,,,,429.86,565.63,9.5133,,,,,,,17638000000,,29.94,,627.5,264.25
2025-12-28,CAT,19.47,64670999000.0,29.94,,1.563,44.14,,,,,,,,,,,,,,,None,11108000000,11108000000,,,,,,None,554000000,,5.84,0.01,,,,-0.036,0.43,2925000000,3479000000,4.52,2025-06-30,26.45,,19478999000.0,5461000000,2825000000,646000000,,,None,107000000,142000000,,None,,,,,2179000000,2179000000,-126000000,None,0.177,,2542000000,2919000000,,,,,None,,,,,2.007,13.22,4.223,,,,,,,,0.143,,,2025-10-29,quarterly,4.95,USD,pre-market,551000000,,0.082,0.463,0.095,136.6,1694000000,,,,429.86,565.63,9.5133,,,,,,,16569000000,,29.94,,627.5,264.25
2025-12-28,CAT,19.47,64670999000.0,29.94,,1.563,44.14,,,,,,,,,,,,,,,None,9291000000,9291000000,,,,,,None,540000000,,5.84,0.01,,,,-0.036,0.43,2686000000,3226000000,4.52,2025-03-31,26.45,,19478999000.0,4958000000,2577000000,574000000,,,None,99000000,32000000,,None,,,,,2003000000,2003000000,-116000000,None,0.177,,2379000000,2579000000,,,,,None,,,,,2.007,13.22,4.223,,,,,,,,0.143,,,2025-10-29,quarterly,4.95,USD,pre-market,480000000,,0.082,0.463,0.095,136.6,1593000000,,,,429.86,565.63,9.5133,,,,,,,14249000000,,29.94,,627.5,264.25
2025-12-28,CAT,19.47,64670999000.0,29.94,,1.563,44.14,,,,,,,,,,,,,,,None,10659000000,10659000000,,,,,,None,555000000,,5.84,0.01,,,,-0.036,0.43,3350000000,3905000000,4.52,2024-12-31,26.45,,19478999000.0,5556000000,3253000000,463000000,,,None,107000000,120000000,,None,,,,,2791000000,2790000000,13000000,None,0.177,,2632000000,2924000000,,,,,None,,,,,2.007,13.22,4.223,,,,,,,,0.143,,,2025-10-29,quarterly,4.95,USD,pre-market,519000000,,0.082,0.463,0.095,136.6,1769000000,,,,429.86,565.63,9.5133,,,,,,,16215000000,,29.94,,627.5,264.25
2025-12-28,CAT,19.47,64670999000.0,29.94,,1.563,44.14,,,,,,,,,,,,,,,None,10402000000,10402000000,,,,,,None,543000000,,5.84,0.01,,,,-0.036,0.43,3223000000,3766000000,4.52,2024-09-30,26.45,,19478999000.0,5704000000,3105000000,642000000,,,None,93000000,108000000,,None,,,,,2464000000,2463000000,-17000000,None,0.177,,2557000000,3147000000,,,,,None,,,,,2.007,13.22,4.223,,,,,,,,0.143,,,2025-10-29,quarterly,4.95,USD,pre-market,533000000,,0.082,0.463,0.095,136.6,1669000000,,,,429.86,565.63,9.5133,,,,,,,16106000000,,29.94,,627.5,264.25
2025-12-28,CAT,19.47,64670999000.0,29.94,,1.563,44.14,,,,,,,,,,,,,,,None,10464000000,10464000000,,,,,,None,531000000,,5.84,0.01,,,,-0.036,0.43,3637000000,4168000000,4.52,2024-06-30,26.45,,19478999000.0,6225000000,3517000000,836000000,,,None,113000000,118000000,,None,,,,,2681000000,2681000000,-19000000,None,0.177,,2743000000,3482000000,,,,,None,,,,,2.007,13.22,4.223,,,,,,,,0.143,,,2025-10-29,quarterly,4.95,USD,pre-market,535000000,,0.082,0.463,0.095,136.6,1652000000,,,,429.86,565.63,9.5133,,,,,,,16689000000,,29.94,,627.5,264.25
2025-12-28,CAT,19.47,64670999000.0,29.94,,1.563,44.14,,,,,,,,,,,,,,,None,9960000000,9960000000,,,,,,None,524000000,,5.84,0.01,,,,-0.036,0.43,3675000000,4199000000,4.52,2024-03-31,26.45,,19478999000.0,5839000000,3542000000,688000000,,,None,122000000,136000000,,None,,,,,2856000000,2854000000,-7000000,None,0.177,,2320000000,3519000000,,,,,None,,,,,2.007,13.22,4.223,,,,,,,,0.143,,,2025-10-29,quarterly,4.95,USD,pre-market,520000000,,0.082,0.463,0.095,136.6,1577000000,,,,429.86,565.63,9.5133,,,,,,,15799000000,,29.94,,627.5,264.25
2025-12-28,CAT,19.47,64670999000.0,29.94,,1.563,44.14,,,,,,,,,,,,,,,None,11304000000,11304000000,,,,,,None,545000000,,5.84,0.01,,,,-0.036,0.43,3375000000,3920000000,4.52,2023-12-31,26.45,,19478999000.0,5766000000,3260000000,587000000,,,None,126000000,170000000,,None,,,,,2676000000,2673000000,44000000,None,0.177,,2632000000,3134000000,,,,,None,,,,,2.007,13.22,4.223,,,,,,,,0.143,,,2025-10-29,quarterly,4.95,USD,pre-market,554000000,,0.082,0.463,0.095,136.6,1756000000,,,,429.86,565.63,9.5133,,,,,,,17070000000,,29.94,,627.5,264.25
2025-12-28,CAT,19.47,64670999000.0,29.94,,1.563,44.14,,,,,,,,,,,,,,,None,10863000000,10863000000,,,,,,None,525000000,,5.84,0.01,,,,-0.036,0.43,3644000000,4169000000,4.52,2023-09-30,26.45,,19478999000.0,5947000000,3527000000,734000000,,,None,109000000,129000000,,None,,,,,2794000000,2793000000,-129000000,None,0.177,,2498000000,3449000000,,,,,None,,,,,2.007,13.22,4.223,,,,,,,,0.143,,,2025-10-29,quarterly,4.95,USD,pre-market,554000000,,0.082,0.463,0.095,136.6,1624000000,,,,429.86,565.63,9.5133,,,,,,,16810000000,,29.94,,627.5,264.25
2025-12-28,CAT,19.47,64670999000.0,29.94,,1.563,44.14,,,,,,,,,,,,,,,None,11310000000,11310000000,,,,,,None,542000000,,5.84,0.01,,,,-0.036,0.43,3779000000,4321000000,4.52,2023-06-30,26.45,,19478999000.0,6008000000,3676000000,752000000,,,None,107000000,127000000,,None,,,,,2922000000,2900000000,-127000000,None,0.177,,2356000000,3652000000,,,,,151000000,,,,,2.007,13.22,4.223,,,,,,,,0.143,,,2025-10-29,quarterly,4.95,USD,pre-market,528000000,,0.082,0.463,0.095,136.6,1528000000,,,,429.86,565.63,9.5133,,,,,,,17318000000,,29.94,,627.5,264.25
2025-12-28,CAT,19.47,64670999000.0,29.94,,1.563,44.14,,,,,,,,,,,,,,,None,10320000000,10320000000,,,,,,None,532000000,,5.84,0.01,,,,-0.036,0.43,2763000000,3295000000,4.52,2023-03-31,26.45,,19478999000.0,5542000000,2650000000,708000000,,,None,115000000,129000000,,None,,,,,1943000000,1942000000,-129000000,None,0.177,,2811000000,2731000000,,,,,48000000,,,,,2.007,13.22,4.223,,,,,,,,0.143,,,2025-10-29,quarterly,4.95,USD,pre-market,472000000,,0.082,0.463,0.095,136.6,1463000000,,,,429.86,565.63,9.5133,,,,,,,15862000000,,29.94,,627.5,264.25
2025-12-28,CAT,19.47,64670999000.0,29.94,,1.563,44.14,,,,,,,,,,,,,,,None,11802000000,11802000000,,,,,,None,558000000,,5.84,0.01,,,,-0.036,0.43,2216000000,2774000000,4.52,2022-12-31,26.45,,19478999000.0,4795000000,2098000000,644000000,,,None,117000000,117000000,,None,,,,,1454000000,1454000000,-117000000,None,0.177,,3115000000,1680000000,,,,,535000000,,,,,2.007,13.22,4.223,,,,,,,,0.143,,,2025-10-29,quarterly,4.95,USD,pre-market,401000000,,0.082,0.463,0.095,136.6,1479000000,,,,429.86,565.63,9.5133,,,,,,,16597000000,,29.94,,627.5,264.25
2025-12-28,CAT,19.47,64670999000.0,29.94,,1.563,44.14,,,,,,,,,,,,,,,None,10353000000,10353000000,,,,,,None,551000000,,5.84,0.01,,,,-0.036,0.43,2667000000,3218000000,4.52,2022-09-30,26.45,,19478999000.0,4641000000,2567000000,527000000,,,None,109000000,109000000,,None,,,,,2041000000,2040000000,-109000000,None,0.177,,2216000000,2425000000,,,,,251000000,,,,,2.007,13.22,4.223,,,,,,,,0.143,,,2025-10-29,quarterly,4.95,USD,pre-market,476000000,,0.082,0.463,0.095,136.6,1401000000,,,,429.86,565.63,9.5133,,,,,,,14994000000,,29.94,,627.5,264.25
2025-12-28,CAT,19.47,64670999000.0,29.94,,1.563,44.14,,,,,,,,,,,,,,,None,10095000000,10095000000,,,,,,None,553000000,,5.84,0.01,,,,-0.036,0.43,2204000000,2757000000,4.52,2022-06-30,26.45,,19478999000.0,4152000000,2100000000,427000000,,,None,108000000,94000000,,None,,,,,1673000000,1669000000,-108000000,None,0.177,,2208000000,1944000000,,,,,264000000,,,,,2.007,13.22,4.223,,,,,,,,0.143,,,2025-10-29,quarterly,4.95,USD,pre-market,480000000,,0.082,0.463,0.095,136.6,1425000000,,,,429.86,565.63,9.5133,,,,,,,14247000000,,29.94,,627.5,264.25
2025-12-28,CAT,19.47,64670999000.0,29.94,,1.563,44.14,,,,,,,,,,,,,,,None,9665000000,9665000000,,,,,,None,557000000,,5.84,0.01,,,,-0.036,0.43,2108000000,2665000000,4.52,2022-03-31,26.45,,19478999000.0,3924000000,2006000000,469000000,,,None,109000000,53000000,,None,,,,,1537000000,1537000000,-109000000,None,0.177,,2069000000,1855000000,,,,,260000000,,,,,2.007,13.22,4.223,,,,,,,,0.143,,,2025-10-29,quarterly,4.95,USD,pre-market,457000000,,0.082,0.463,0.095,136.6,1346000000,,,,429.86,565.63,9.5133,,,,,,,13589000000,,29.94,,627.5,264.25
2025-12-28,CAT,19.47,64670999000.0,29.94,,1.563,44.14,,,,,,,,,,,,,,,None,10106000000,10106000000,,,,,,None,586000000,,5.84,0.01,,,,-0.036,0.43,2674000000,3260000000,4.52,2021-12-31,26.45,,19478999000.0,3692000000,2549000000,429000000,,,None,111000000,112000000,,None,,,,,2120000000,2120000000,-112000000,None,0.177,,2081000000,1611000000,,,,,1050000000,,,,,2.007,13.22,4.223,,,,,,,,0.143,,,2025-10-29,quarterly,4.95,USD,pre-market,439000000,,0.082,0.463,0.095,136.6,1422000000,,,,429.86,565.63,9.5133,,,,,,,13798000000,,29.94,,627.5,264.25
2025-12-28,CAT,19.47,64670999000.0,29.94,,1.563,44.14,,,,,,,,,,,,,,,None,8728000000,8728000000,,,,,,None,593000000,,5.84,0.01,,,,-0.036,0.43,1889000000,2482000000,4.52,2021-09-30,26.45,,19478999000.0,3669000000,1796000000,368000000,,,None,114000000,114000000,,None,,,,,1426000000,1428000000,-114000000,None,0.177,,2005000000,1664000000,,,,,246000000,,,,,2.007,13.22,4.223,,,,,,,,0.143,,,2025-10-29,quarterly,4.95,USD,pre-market,427000000,,0.082,0.463,0.095,136.6,1340000000,,,,429.86,565.63,9.5133,,,,,,,12397000000,,29.94,,627.5,264.25
2025-12-28,CAT,19.47,64670999000.0,29.94,,1.563,44.14,,,,,,,,,,,,,,,None,8997000000,8997000000,,,,,,None,587000000,,5.84,0.01,,,,-0.036,0.43,1990000000,2577000000,4.52,2021-06-30,26.45,,19478999000.0,3892000000,1884000000,470000000,,,None,119000000,120000000,,None,,,,,1413000000,1414000000,-120000000,None,0.177,,2103000000,1789000000,,,,,215000000,,,,,2.007,13.22,4.223,,,,,,,,0.143,,,2025-10-29,quarterly,4.95,USD,pre-market,446000000,,0.082,0.463,0.095,136.6,1364000000,,,,429.86,565.63,9.5133,,,,,,,12889000000,,29.94,,627.5,264.25
2025-12-28,CAT,19.47,64670999000.0,29.94,,1.563,44.14,,,,,,,,,,,,,,,None,8137000000,8137000000,,,,,,None,586000000,,5.84,0.01,,,,-0.036,0.43,2139000000,2725000000,4.52,2021-03-31,26.45,,19478999000.0,3750000000,2006000000,475000000,,,None,141000000,142000000,,None,,,,,1530000000,1522000000,-142000000,None,0.177,,1936000000,1814000000,,,,,334000000,,,,,2.007,13.22,4.223,,,,,,,,0.143,,,2025-10-29,quarterly,4.95,USD,pre-market,374000000,,0.082,0.463,0.095,136.6,1239000000,,,,429.86,565.63,9.5133,,,,,,,11887000000,,29.94,,627.5,264.25
2025-12-28,CAT,19.47,64670999000.0,29.94,,1.563,44.14,,,,,,,,,,,,,,,None,7912000000,7912000000,,,,,,None,617000000,,5.84,0.01,,,,-0.036,0.43,1071000000,1688000000,4.52,2020-12-31,26.45,,19478999000.0,3323000000,947000000,167000000,,,None,129000000,130000000,,None,,,,,780000000,774000000,-130000000,None,0.177,,1943000000,1380000000,,,,,-303000000,,,,,2.007,13.22,4.223,,,,,,,,0.143,,,2025-10-29,quarterly,4.95,USD,pre-market,374000000,,0.082,0.463,0.095,136.6,1216000000,,,,429.86,565.63,9.5133,,,,,,,11235000000,,29.94,,627.5,264.25
2025-12-28,CAT,19.47,64670999000.0,29.94,,1.563,44.14,,,,,,,,,,,,,,,None,7056000000,7056000000,,,,,,None,593000000,,5.84,0.01,,,,-0.036,0.43,999000000,1592000000,4.52,2020-09-30,26.45,,19478999000.0,2825000000,858000000,187000000,,,None,135000000,149000000,,None,,,,,668000000,676000000,-136000000,None,0.177,,1840000000,985000000,,,,,9000000,,,,,2.007,13.22,4.223,,,,,,,,0.143,,,2025-10-29,quarterly,4.95,USD,pre-market,344000000,,0.082,0.463,0.095,136.6,1126000000,,,,429.86,565.63,9.5133,,,,,,,9881000000,,29.94,,627.5,264.25
2025-12-28,CAT,19.47,64670999000.0,29.94,,1.563,44.14,,,,,,,,,,,,,,,None,7262000000,7262000000,,,,,,None,608000000,,5.84,0.01,,,,-0.036,0.43,813000000,1421000000,4.52,2020-06-30,26.45,,19478999000.0,2735000000,686000000,227000000,,,None,134000000,75000000,,None,,,,,458000000,451000000,-135000000,None,0.177,,1951000000,784000000,,,,,37000000,,,,,2.007,13.22,4.223,,,,,,,,0.143,,,2025-10-29,quarterly,4.95,USD,pre-market,341000000,,0.082,0.463,0.095,136.6,1179000000,,,,429.86,565.63,9.5133,,,,,,,9997000000,,29.94,,627.5,264.25
2025-12-28,CAT,19.47,64670999000.0,29.94,,1.563,44.14,,,,,,,,,,,,,,,None,7441000000,7441000000,,,,,,None,614000000,,5.84,0.01,,,,-0.036,0.43,1626000000,2240000000,4.52,2020-03-31,26.45,,19478999000.0,3194000000,1518000000,425000000,,,None,112000000,203000000,,None,,,,,1092000000,1088000000,-113000000,None,0.177,,1790000000,1404000000,,,,,227000000,,,,,2.007,13.22,4.223,,,,,,,,0.143,,,2025-10-29,quarterly,4.95,USD,pre-market,356000000,,0.082,0.463,0.095,136.6,1121000000,,,,429.86,565.63,9.5133,,,,,,,10635000000,,29.94,,627.5,264.25
2025-12-28,CAT,19.47,64670999000.0,29.94,,1.563,44.14,,,,,,,,,,,,,,,None,9300000000,9300000000,,,,,,None,644000000,,5.84,0.01,,,,-0.036,0.43,1477000000,2121000000,4.52,2019-12-31,26.45,,19478999000.0,3844000000,1373000000,276000000,,,None,111000000,93000000,,None,,,,,1098000000,1089000000,-112000000,None,0.177,,1994000000,1850000000,,,,,-365000000,,,,,2.007,13.22,4.223,,,,,,,,0.143,,,2025-10-29,quarterly,4.95,USD,pre-market,386000000,,0.082,0.463,0.095,136.6,1283000000,,,,429.86,565.63,9.5133,,,,,,,13144000000,,29.94,,627.5,264.25
2025-12-28,CAT,19.47,64670999000.0,29.94,,1.563,44.14,,,,,,,,,,,,,,,None,8758000000,8758000000,,,,,,None,645000000,,5.84,0.01,,,,-0.036,0.43,2108000000,2753000000,4.52,2019-09-30,26.45,,19478999000.0,4000000000,2012000000,518000000,,,None,101000000,48000000,,None,,,,,1494000000,1494000000,-103000000,None,0.177,,1980000000,2020000000,,,,,95000000,,,,,2.007,13.22,4.223,,,,,,,,0.143,,,2025-10-29,quarterly,4.95,USD,pre-market,431000000,,0.082,0.463,0.095,136.6,1251000000,,,,429.86,565.63,9.5133,,,,,,,12758000000,,29.94,,627.5,264.25
2025-12-28,CAT,19.47,64670999000.0,29.94,,1.563,44.14,,,,,,,,,,,,,,,None,10133000000,10133000000,,,,,,None,647000000,,5.84,0.01,,,,-0.036,0.43,2281000000,2928000000,4.52,2019-06-30,26.45,,19478999000.0,4299000000,2184000000,565000000,,,None,103000000,92000000,,None,,,,,1620000000,1619000000,-103000000,None,0.177,,2086000000,2213000000,,,,,74000000,,,,,2.007,13.22,4.223,,,,,,,,0.143,,,2025-10-29,quarterly,4.95,USD,pre-market,441000000,,0.082,0.463,0.095,136.6,1309000000,,,,429.86,565.63,9.5133,,,,,,,14432000000,,29.94,,627.5,264.25
2025-12-28,CAT,19.47,64670999000.0,29.94,,1.563,44.14,,,,,,,,,,,,,,,None,9193000000,9193000000,,,,,,None,641000000,,5.84,0.01,,,,-0.036,0.43,2367000000,3008000000,4.52,2019-03-31,26.45,,19478999000.0,4273000000,2271000000,387000000,,,None,102000000,6000000,,None,,,,,1881000000,1877000000,-103000000,None,0.177,,2066000000,2207000000,,,,,167000000,,,,,2.007,13.22,4.223,,,,,,,,0.143,,,2025-10-29,quarterly,4.95,USD,pre-market,435000000,,0.082,0.463,0.095,136.6,1319000000,,,,429.86,565.63,9.5133,,,,,,,13466000000,,29.94,,627.5,264.25
2025-12-28,CAT,19.47,64670999000.0,29.94,,1.563,44.14,,,,,,,,,,,,,,,None,10176000000,10176000000,,,,,,None,701000000,,5.84,0.01,,,,-0.036,0.43,1466000000,2167000000,4.52,2018-12-31,26.45,,19478999000.0,4166000000,1370000000,321000000,,,None,98000000,None,,None,,,,,1048000000,1046000000,None,None,0.177,,2283000000,1883000000,,,,,-414000000,,,,,2.007,13.22,4.223,,,,,,,,0.143,,,2025-10-29,quarterly,4.95,USD,pre-market,466000000,,0.082,0.463,0.095,136.6,1463000000,,,,429.86,565.63,9.5133,,,,,,,14342000000,,29.94,,627.5,264.25
2025-12-28,CAT,19.47,64670999000.0,29.94,,1.563,44.14,,,,,,,,,,,,,,,None,9207000000,9207000000,,,,,,None,698000000,,5.84,0.01,,,,-0.036,0.43,2237000000,2935000000,4.52,2018-09-30,26.45,,19478999000.0,4303000000,2142000000,415000000,,,None,102000000,None,,None,,,,,1727000000,1720000000,None,None,0.177,,2168000000,2135000000,,,,,109000000,,,,,2.007,13.22,4.223,,,,,,,,0.143,,,2025-10-29,quarterly,4.95,USD,pre-market,479000000,,0.082,0.463,0.095,136.6,1299000000,,,,429.86,565.63,9.5133,,,,,,,13510000000,,29.94,,627.5,264.25
2025-12-28,CAT,19.47,64670999000.0,29.94,,1.563,44.14,,,,,,,,,,,,,,,None,9604000000,9604000000,,,,,,None,686000000,,5.84,0.01,,,,-0.036,0.43,2288000000,2974000000,4.52,2018-06-30,26.45,,19478999000.0,4407000000,2195000000,490000000,,,None,100000000,None,,None,,,,,1707000000,1696000000,None,None,0.177,,2240000000,2167000000,,,,,130000000,,,,,2.007,13.22,4.223,,,,,,,,0.143,,,2025-10-29,quarterly,4.95,USD,pre-market,462000000,,0.082,0.463,0.095,136.6,1440000000,,,,429.86,565.63,9.5133,,,,,,,14011000000,,29.94,,627.5,264.25
2025-12-28,CAT,19.47,64670999000.0,29.94,,1.563,44.14,,,,,,,,,,,,,,,None,8732000000,8732000000,,,,,,None,681000000,,5.84,0.01,,,,-0.036,0.43,2235000000,2916000000,4.52,2018-03-31,26.45,,19478999000.0,4127000000,2139000000,472000000,,,None,101000000,None,,None,,,,,1665000000,1662000000,None,None,0.177,,2019000000,2108000000,,,,,132000000,,,,,2.007,13.22,4.223,,,,,,,,0.143,,,2025-10-29,quarterly,4.95,USD,pre-market,443000000,,0.082,0.463,0.095,136.6,1276000000,,,,429.86,565.63,9.5133,,,,,,,12859000000,,29.94,,627.5,264.25
2025-12-28,CAT,19.47,64670999000.0,29.94,,1.563,44.14,,,,,,,,,,,,,,,None,9051000000,9051000000,,,,,,None,724000000,,5.84,0.01,,,,-0.036,0.43,1280000000,2004000000,4.52,2017-12-31,26.45,,19478999000.0,3845000000,1119000000,2418000000,,,None,165000000,None,,None,,,,,-1299000000,-1307000000,None,None,0.177,,2684000000,1161000000,,,,,127000000,,,,,2.007,13.22,4.223,,,,,,,,0.143,,,2025-10-29,quarterly,4.95,USD,pre-market,579000000,,0.082,0.463,0.095,136.6,1606000000,,,,429.86,565.63,9.5133,,,,,,,12896000000,,29.94,,627.5,264.25
2025-12-28,CAT,19.47,64670999000.0,29.94,,1.563,44.14,,,,,,,,,,,,,,,None,7841000000,7841000000,,,,,,None,723000000,,5.84,0.01,,,,-0.036,0.43,1641000000,2364000000,4.52,2017-09-30,26.45,,19478999000.0,3572000000,1531000000,470000000,,,None,116000000,None,,None,,,,,1059000000,1053000000,None,None,0.177,,2063000000,1509000000,,,,,72000000,,,,,2.007,13.22,4.223,,,,,,,,0.143,,,2025-10-29,quarterly,4.95,USD,pre-market,461000000,,0.082,0.463,0.095,136.6,1237000000,,,,429.86,565.63,9.5133,,,,,,,11413000000,,29.94,,627.5,264.25
2025-12-28,CAT,19.47,64670999000.0,29.94,,1.563,44.14,,,,,,,,,,,,,,,None,7978000000,7978000000,,,,,,None,720000000,,5.84,0.01,,,,-0.036,0.43,1280000000,2000000000,4.52,2017-06-30,26.45,,19478999000.0,3353000000,1164000000,361000000,,,None,120000000,None,,None,,,,,802000000,798000000,None,None,0.177,,2169000000,1184000000,,,,,34000000,,,,,2.007,13.22,4.223,,,,,,,,0.143,,,2025-10-29,quarterly,4.95,USD,pre-market,458000000,,0.082,0.463,0.095,136.6,1289000000,,,,429.86,565.63,9.5133,,,,,,,11331000000,,29.94,,627.5,264.25
2025-12-28,CAT,19.47,64670999000.0,29.94,,1.563,44.14,,,,,,,,,,,,,,,None,6960000000,6960000000,,,,,,None,710000000,,5.84,0.01,,,,-0.036,0.43,412000000,1122000000,4.52,2017-03-31,26.45,,19478999000.0,2862000000,284000000,90000000,,,None,121000000,None,,None,,,,,192000000,199000000,None,None,0.177,,2482000000,380000000,,,,,-10000000,,,,,2.007,13.22,4.223,,,,,,,,0.143,,,2025-10-29,quarterly,4.95,USD,pre-market,425000000,,0.082,0.463,0.095,136.6,1045000000,,,,429.86,565.63,9.5133,,,,,,,9822000000,,29.94,,627.5,264.25
2025-12-28,CAT,19.47,64670999000.0,29.94,,1.563,44.14,,,,,,,,,,,,,,,None,7690000000,7690000000,,,,,,None,779000000,,5.84,0.01,,,,-0.036,0.43,-1228000000,-449000000,4.52,2016-12-31,26.45,,19478999000.0,1884000000,-1347000000,-180000000,,,None,119000000,None,,None,,,,,-1171000000,-1168000000,None,None,0.177,,3146000000,-1262000000,,,,,35000000,,,,,2.007,13.22,4.223,,,,,,,,0.143,,,2025-10-29,quarterly,4.95,USD,pre-market,522000000,,0.082,0.463,0.095,136.6,1483000000,,,,429.86,565.63,9.5133,,,,,,,9574000000,,29.94,,627.5,264.25
2025-12-28,CAT,19.47,64670999000.0,29.94,,1.563,44.14,,,,,,,,,,,,,,,None,6674000000,6674000000,,,,,,None,761000000,,5.84,0.01,,,,-0.036,0.43,509000000,1270000000,4.52,2016-09-30,26.45,,19478999000.0,2486000000,379000000,96000000,,,None,124000000,None,,None,,,,,283000000,287000000,None,None,0.177,,2005000000,481000000,,,,,24000000,,,,,2.007,13.22,4.223,,,,,,,,0.143,,,2025-10-29,quarterly,4.95,USD,pre-market,453000000,,0.082,0.463,0.095,136.6,992000000,,,,429.86,565.63,9.5133,,,,,,,9160000000,,29.94,,627.5,264.25
2025-12-28,CAT,19.47,64670999000.0,29.94,,1.563,44.14,,,,,,,,,,,,,,,None,7567000000,7567000000,,,,,,None,754000000,,5.84,0.01,,,,-0.036,0.43,869000000,1623000000,4.52,2016-06-30,26.45,,19478999000.0,2775000000,737000000,184000000,,,None,130000000,None,,None,,,,,550000000,555000000,None,None,0.177,,1990000000,785000000,,,,,82000000,,,,,2.007,13.22,4.223,,,,,,,,0.143,,,2025-10-29,quarterly,4.95,USD,pre-market,468000000,,0.082,0.463,0.095,136.6,1123000000,,,,429.86,565.63,9.5133,,,,,,,10342000000,,29.94,,627.5,264.25
2025-12-28,CAT,19.47,64670999000.0,29.94,,1.563,44.14,,,,,,,,,,,,,,,None,6974000000,6974000000,,,,,,None,740000000,,5.84,0.01,,,,-0.036,0.43,494000000,1234000000,4.52,2016-03-31,26.45,,19478999000.0,2487000000,364000000,92000000,,,None,129000000,None,,None,,,,,271000000,273000000,None,None,0.177,,1993000000,494000000,,,,,-1000000,,,,,2.007,13.22,4.223,,,,,,,,0.143,,,2025-10-29,quarterly,4.95,USD,pre-market,508000000,,0.082,0.463,0.095,136.6,1088000000,,,,429.86,565.63,9.5133,,,,,,,9461000000,,29.94,,627.5,264.25
2025-12-28,CAT,19.47,64670999000.0,29.94,,1.563,44.14,,,,,,,,,,,,,,,None,8330000000,8330000000,,,,,,None,774000000,,5.84,0.01,,,,-0.036,0.43,-84000000,690000000,4.52,2015-12-31,26.45,,19478999000.0,2700000000,-211000000,-128000000,,,None,126000000,None,,None,,,,,-87000000,-82000000,None,None,0.177,,2814000000,-114000000,,,,,29000000,,,,,2.007,13.22,4.223,,,,,,,,0.143,,,2025-10-29,quarterly,4.95,USD,pre-market,553000000,,0.082,0.463,0.095,136.6,1267000000,,,,429.86,565.63,9.5133,,,,,,,11030000000,,29.94,,627.5,264.25
2025-12-28,CAT,19.47,64670999000.0,29.94,,1.563,44.14,,,,,,,,,,,,,,,None,8014000000,8014000000,,,,,,None,758000000,,5.84,0.01,,,,-0.036,0.43,910000000,1668000000,4.52,2015-09-30,26.45,,19478999000.0,2948000000,780000000,218000000,,,None,127000000,None,,None,,,,,559000000,374000000,None,None,0.177,,2023000000,925000000,,,,,-71000000,,,,,2.007,13.22,4.223,,,,,,,,0.143,,,2025-10-29,quarterly,4.95,USD,pre-market,513000000,,0.082,0.463,0.095,136.6,1225000000,,,,429.86,565.63,9.5133,,,,,,,10962000000,,29.94,,627.5,264.25
2025-12-28,CAT,19.47,64670999000.0,29.94,,1.563,44.14,,,,,,,,,,,,,,,None,8822000000,8822000000,,,,,,None,761000000,,5.84,0.01,,,,-0.036,0.43,1261000000,2022000000,4.52,2015-06-30,26.45,,19478999000.0,3495000000,1138000000,335000000,,,None,125000000,None,,None,,,,,802000000,709000000,None,None,0.177,,2162000000,1333000000,,,,,-11000000,,,,,2.007,13.22,4.223,,,,,,,,0.143,,,2025-10-29,quarterly,4.95,USD,pre-market,510000000,,0.082,0.463,0.095,136.6,1389000000,,,,429.86,565.63,9.5133,,,,,,,12317000000,,29.94,,627.5,264.25
2025-12-28,CAT,19.47,64670999000.0,29.94,,1.563,44.14,,,,,,,,,,,,,,,None,8910000000,8910000000,,,,,,None,753000000,,5.84,0.01,,,,-0.036,0.43,1896000000,2649000000,4.52,2015-03-31,26.45,,19478999000.0,3792000000,1769000000,521000000,,,None,129000000,None,,None,,,,,1245000000,1112000000,None,None,0.177,,2090000000,1702000000,,,,,159000000,,,,,2.007,13.22,4.223,,,,,,,,0.143,,,2025-10-29,quarterly,4.95,USD,pre-market,524000000,,0.082,0.463,0.095,136.6,1318000000,,,,429.86,565.63,9.5133,,,,,,,12702000000,,29.94,,627.5,264.25
2025-12-28,CAT,19.47,64670999000.0,29.94,,1.563,44.14,,,,,,,,,,,,,,,None,10653000000,10653000000,,,,,,None,795000000,,5.84,0.01,,,,-0.036,0.43,1066000000,1861000000,4.52,2014-12-31,26.45,,19478999000.0,3591000000,942000000,179000000,,,None,126000000,None,,None,,,,,757000000,761000000,None,None,0.177,,2528000000,1063000000,,,,,5000000,,,,,2.007,13.22,4.223,,,,,,,,0.143,,,2025-10-29,quarterly,4.95,USD,pre-market,578000000,,0.082,0.463,0.095,136.6,1522000000,,,,429.86,565.63,9.5133,,,,,,,14244000000,,29.94,,627.5,264.25
2025-12-28,CAT,19.47,64670999000.0,29.94,,1.563,44.14,,,,,,,,,,,,,,,None,9791000000,9791000000,,,,,,None,798000000,,5.84,0.01,,,,-0.036,0.43,1509000000,2307000000,4.52,2014-09-30,26.45,,19478999000.0,3758000000,1385000000,364000000,,,None,128000000,None,,None,,,,,1017000000,1017000000,None,None,0.177,,2366000000,1392000000,,,,,121000000,,,,,2.007,13.22,4.223,,,,,,,,0.143,,,2025-10-29,quarterly,4.95,USD,pre-market,533000000,,0.082,0.463,0.095,136.6,1446000000,,,,429.86,565.63,9.5133,,,,,,,13549000000,,29.94,,627.5,264.25
2025-12-28,CAT,19.47,64670999000.0,29.94,,1.563,44.14,,,,,,,,,,,,,,,None,10350000000,10350000000,,,,,,None,789000000,,5.84,0.01,,,,-0.036,0.43,1540000000,2329000000,4.52,2014-06-30,26.45,,19478999000.0,3800000000,1421000000,419000000,,,None,120000000,None,,None,,,,,999000000,1001000000,None,None,0.177,,2325000000,1475000000,,,,,66000000,,,,,2.007,13.22,4.223,,,,,,,,0.143,,,2025-10-29,quarterly,4.95,USD,pre-market,516000000,,0.082,0.463,0.095,136.6,1437000000,,,,429.86,565.63,9.5133,,,,,,,14150000000,,29.94,,627.5,264.25
2025-12-28,CAT,19.47,64670999000.0,29.94,,1.563,44.14,,,,,,,,,,,,,,,None,9597000000,9597000000,,,,,,None,781000000,,5.84,0.01,,,,-0.036,0.43,1452000000,2233000000,4.52,2014-03-31,26.45,,19478999000.0,3644000000,1343000000,418000000,,,None,110000000,None,,None,,,,,922000000,924000000,None,None,0.177,,2246000000,1398000000,,,,,55000000,,,,,2.007,13.22,4.223,,,,,,,,0.143,,,2025-10-29,quarterly,4.95,USD,pre-market,508000000,,0.082,0.463,0.095,136.6,1292000000,,,,429.86,565.63,9.5133,,,,,,,13241000000,,29.94,,627.5,264.25
2025-12-28,CAT,19.47,64670999000.0,29.94,,1.563,44.14,,,,,,,,,,,,,,,None,10716000000,10716000000,,,,,,None,824000000,,5.84,0.01,,,,-0.036,0.43,1496000000,2320000000,4.52,2013-12-31,26.45,,19478999000.0,3686000000,1382000000,376000000,,,None,109000000,None,,None,,,,,1003000000,1011000000,None,None,0.177,,2234000000,1452000000,,,,,39000000,,,,,2.007,13.22,4.223,,,,,,,,0.143,,,2025-10-29,quarterly,4.95,USD,pre-market,467000000,,0.082,0.463,0.095,136.6,1417000000,,,,429.86,565.63,9.5133,,,,,,,14402000000,,29.94,,627.5,264.25
2025-12-28,CAT,19.47,64670999000.0,29.94,,1.563,44.14,,,,,,,,,,,,,,,None,9952000000,9952000000,,,,,,None,779000000,,5.84,0.01,,,,-0.036,0.43,1377000000,2156000000,4.52,2013-09-30,26.45,,19478999000.0,3471000000,1260000000,310000000,,,None,116000000,None,,None,,,,,946000000,951000000,None,None,0.177,,2070000000,1401000000,,,,,-25000000,,,,,2.007,13.22,4.223,,,,,,,,0.143,,,2025-10-29,quarterly,4.95,USD,pre-market,469000000,,0.082,0.463,0.095,136.6,1319000000,,,,429.86,565.63,9.5133,,,,,,,13423000000,,29.94,,627.5,264.25
2025-12-28,CAT,19.47,64670999000.0,29.94,,1.563,44.14,,,,,,,,,,,,,,,None,10958000000,10958000000,,,,,,None,761000000,,5.84,0.01,,,,-0.036,0.43,1473000000,2234000000,4.52,2013-06-30,26.45,,19478999000.0,3663000000,1352000000,387000000,,,None,120000000,None,,None,,,,,960000000,966000000,None,None,0.177,,2106000000,1557000000,,,,,-85000000,,,,,2.007,13.22,4.223,,,,,,,,0.143,,,2025-10-29,quarterly,4.95,USD,pre-market,548000000,,0.082,0.463,0.095,136.6,1421000000,,,,429.86,565.63,9.5133,,,,,,,14621000000,,29.94,,627.5,264.25
2025-12-28,CAT,19.47,64670999000.0,29.94,,1.563,44.14,,,,,,,,,,,,,,,None,9828000000,9828000000,,,,,,None,723000000,,5.84,0.01,,,,-0.036,0.43,1247000000,1970000000,4.52,2013-03-31,26.45,,19478999000.0,3382000000,1128000000,246000000,,,None,120000000,None,,None,,,,,880000000,881000000,None,None,0.177,,2164000000,1218000000,,,,,30000000,,,,,2.007,13.22,4.223,,,,,,,,0.143,,,2025-10-29,quarterly,4.95,USD,pre-market,562000000,,0.082,0.463,0.095,136.6,1390000000,,,,429.86,565.63,9.5133,,,,,,,13210000000,,29.94,,627.5,264.25
2025-12-28,CAT,19.47,64670999000.0,29.94,,1.563,44.14,,,,,,,,,,,,,,,None,12696000000,12696000000,,,,,,None,743000000,,5.84,0.01,,,,-0.036,0.43,428000000,1171000000,4.52,2012-12-31,26.45,,19478999000.0,3379000000,914000000,214000000,,,None,115000000,None,,None,,,,,697000000,698000000,None,None,0.177,,2341000000,1038000000,,,,,-9000000,,,,,2.007,13.22,4.223,,,,,,,,0.143,,,2025-10-29,quarterly,4.95,USD,pre-market,613000000,,0.082,0.463,0.095,136.6,1591000000,,,,429.86,565.63,9.5133,,,,,,,16075000000,,29.94,,627.5,264.25
2025-12-28,CAT,19.47,64670999000.0,29.94,,1.563,44.14,,,,,,,,,,,,,,,None,11836000000,11836000000,,,,,,None,720000000,,5.84,0.01,,,,-0.036,0.43,2579000000,3299000000,4.52,2012-09-30,26.45,,19478999000.0,4609000000,2455000000,753000000,,,None,326000000,None,,None,,,,,1699000000,1697000000,None,None,0.177,,2013000000,2596000000,,,,,-12000000,,,,,2.007,13.22,4.223,,,,,,,,0.143,,,2025-10-29,quarterly,4.95,USD,pre-market,634000000,,0.082,0.463,0.095,136.6,1471000000,,,,429.86,565.63,9.5133,,,,,,,16445000000,,29.94,,627.5,264.25
2025-12-28,CAT,19.47,64670999000.0,29.94,,1.563,44.14,,,,,,,,,,,,,,,None,12478000000,12478000000,,,,,,None,689000000,,5.84,0.01,,,,-0.036,0.43,2686000000,3375000000,4.52,2012-06-30,26.45,,19478999000.0,4896000000,2581000000,872000000,,,None,308000000,None,,None,,,,,1699000000,1704000000,None,None,0.177,,2280000000,2616000000,,,,,75000000,,,,,2.007,13.22,4.223,,,,,,,,0.143,,,2025-10-29,quarterly,4.95,USD,pre-market,632000000,,0.082,0.463,0.095,136.6,1517000000,,,,429.86,565.63,9.5133,,,,,,,17374000000,,29.94,,627.5,264.25
2025-12-28,CAT,19.47,64670999000.0,29.94,,1.563,44.14,,,,,,,,,,,,,,,None,11441000000,11441000000,,,,,,None,661000000,,5.84,0.01,,,,-0.036,0.43,2411000000,3072000000,4.52,2012-03-31,26.45,,19478999000.0,4540000000,2300000000,689000000,,,None,317000000,None,,None,,,,,1586000000,1609000000,None,None,0.177,,2217000000,2323000000,,,,,90000000,,,,,2.007,13.22,4.223,,,,,,,,0.143,,,2025-10-29,quarterly,4.95,USD,pre-market,587000000,,0.082,0.463,0.095,136.6,1340000000,,,,429.86,565.63,9.5133,,,,,,,15981000000,,29.94,,627.5,264.25
2025-12-28,CAT,19.47,64670999000.0,29.94,,1.563,44.14,,,,,,,,,,,,,,,None,12763000000,12763000000,,,,,,None,695000000,,5.84,0.01,,,,-0.036,0.43,2288000000,2983000000,4.52,2011-12-31,26.45,,19478999000.0,4480000000,1978000000,416000000,,,None,310000000,None,,None,,,,,1547000000,1562000000,None,None,0.177,,2520000000,1960000000,,,,,125000000,,,,,2.007,13.22,4.223,,,,,,,,0.143,,,2025-10-29,quarterly,4.95,USD,pre-market,604000000,,0.082,0.463,0.095,136.6,1487000000,,,,429.86,565.63,9.5133,,,,,,,17243000000,,29.94,,627.5,264.25
2025-12-28,CAT,19.47,64670999000.0,29.94,,1.563,44.14,,,,,,,,,,,,,,,None,11455000000,11455000000,,,,,,None,658000000,,5.84,0.01,,,,-0.036,0.43,1957000000,2615000000,4.52,2011-09-30,26.45,,19478999000.0,4261000000,1628000000,474000000,,,None,323000000,None,,None,,,,,1141000000,1160000000,None,None,0.177,,2502000000,1759000000,,,,,-19000000,,,,,2.007,13.22,4.223,,,,,,,,0.143,,,2025-10-29,quarterly,4.95,USD,pre-market,584000000,,0.082,0.463,0.095,136.6,1360000000,,,,429.86,565.63,9.5133,,,,,,,15716000000,,29.94,,627.5,264.25
2025-12-28,CAT,19.47,64670999000.0,29.94,,1.563,44.14,,,,,,,,,,,,,,,None,10303000000,10303000000,,,,,,None,599000000,,5.84,0.01,,,,-0.036,0.43,1649000000,2248000000,4.52,2011-06-30,26.45,,19478999000.0,3927000000,1340000000,318000000,,,None,299000000,None,,None,,,,,1015000000,1032000000,None,None,0.177,,2326000000,1601000000,,,,,-171000000,,,,,2.007,13.22,4.223,,,,,,,,0.143,,,2025-10-29,quarterly,4.95,USD,pre-market,584000000,,0.082,0.463,0.095,136.6,1257000000,,,,429.86,565.63,9.5133,,,,,,,14230000000,,29.94,,627.5,264.25
2025-12-28,CAT,19.47,64670999000.0,29.94,,1.563,44.14,,,,,,,,,,,,,,,None,9057000000,9057000000,,,,,,None,575000000,,5.84,0.01,,,,-0.036,0.43,2053000000,2628000000,4.52,2011-03-31,26.45,,19478999000.0,3892000000,1755000000,512000000,,,None,290000000,None,,None,,,,,1225000000,1251000000,None,None,0.177,,2059000000,1833000000,,,,,9000000,,,,,2.007,13.22,4.223,,,,,,,,0.143,,,2025-10-29,quarterly,4.95,USD,pre-market,525000000,,0.082,0.463,0.095,136.6,1099000000,,,,429.86,565.63,9.5133,,,,,,,12949000000,,29.94,,627.5,264.25
2025-12-28,CAT,19.47,64670999000.0,29.94,,1.563,44.14,,,,,,,,,,,,,,,None,9349000000,9349000000,,,,,,None,615000000,,5.84,0.01,,,,-0.036,0.43,1527000000,2142000000,4.52,2010-12-31,26.45,,19478999000.0,3458000000,1221000000,233000000,,,None,295000000,None,,None,,,,,968000000,999000000,None,None,0.177,,2167000000,1291000000,,,,,5000000,,,,,2.007,13.22,4.223,,,,,,,,0.143,,,2025-10-29,quarterly,4.95,USD,pre-market,543000000,,0.082,0.463,0.095,136.6,1109000000,,,,429.86,565.63,9.5133,,,,,,,12807000000,,29.94,,627.5,264.25
2025-12-28,CAT,19.47,64670999000.0,29.94,,1.563,44.14,,,,,,,,,,,,,,,None,7752000000,7752000000,,,,,,None,565000000,,5.84,0.01,,,,-0.036,0.43,1415000000,1980000000,4.52,2010-09-30,26.45,,19478999000.0,3382000000,1096000000,295000000,,,None,312000000,None,,None,,,,,792000000,808000000,None,None,0.177,,2195000000,1187000000,,,,,-6000000,,,,,2.007,13.22,4.223,,,,,,,,0.143,,,2025-10-29,quarterly,4.95,USD,pre-market,510000000,,0.082,0.463,0.095,136.6,1148000000,,,,429.86,565.63,9.5133,,,,,,,11134000000,,29.94,,627.5,264.25
2025-12-28,CAT,19.47,64670999000.0,29.94,,1.563,44.14,,,,,,,,,,,,,,,None,7372000000,7372000000,,,,,,None,562000000,,5.84,0.01,,,,-0.036,0.43,1261000000,1823000000,4.52,2010-06-30,26.45,,19478999000.0,3037000000,942000000,209000000,,,None,315000000,None,,None,,,,,707000000,737000000,None,None,0.177,,2060000000,977000000,,,,,46000000,,,,,2.007,13.22,4.223,,,,,,,,0.143,,,2025-10-29,quarterly,4.95,USD,pre-market,450000000,,0.082,0.463,0.095,136.6,1059000000,,,,429.86,565.63,9.5133,,,,,,,10409000000,,29.94,,627.5,264.25
2025-12-28,CAT,19.47,64670999000.0,29.94,,1.563,44.14,,,,,,,,,,,,,,,None,5894000000,5894000000,,,,,,None,554000000,,5.84,0.01,,,,-0.036,0.43,804000000,1358000000,4.52,2010-03-31,26.45,,19478999000.0,2344000000,467000000,231000000,,,None,335000000,None,,None,,,,,233000000,238000000,None,None,0.177,,1836000000,508000000,,,,,61000000,,,,,2.007,13.22,4.223,,,,,,,,0.143,,,2025-10-29,quarterly,4.95,USD,pre-market,402000000,,0.082,0.463,0.095,136.6,932000000,,,,429.86,565.63,9.5133,,,,,,,8238000000,,29.94,,627.5,264.25
2025-12-28,CAT,19.47,64670999000.0,29.94,,1.563,44.14,,,,,,,,,,,,,,,None,5852000000,5852000000,,,,,,None,703000000,,5.84,0.01,,,,-0.036,0.43,454000000,1157000000,4.52,2009-12-31,26.45,,19478999000.0,2046000000,115000000,-91000000,,,None,326000000,None,,None,,,,,232000000,0,None,None,0.177,,1918000000,128000000,,,,,None,,,,,2.007,13.22,4.223,,,,,,,,0.143,,,2025-10-29,quarterly,4.95,USD,pre-market,355000000,,0.082,0.463,0.095,136.6,942000000,,,,429.86,565.63,9.5133,,,,,,,7898000000,,29.94,,627.5,264.25
2025-12-28,CAT,19.47,64670999000.0,29.94,,1.563,44.14,,,,,,,,,,,,,,,None,5255000000,5255000000,,,,,,None,561000000,,5.84,0.01,,,,-0.036,0.43,599000000,1160000000,4.52,2009-09-30,26.45,,19478999000.0,2043000000,253000000,-139000000,,,None,347000000,None,,None,,,,,404000000,392000000,None,None,0.177,,1766000000,277000000,,,,,67000000,,,,,2.007,13.22,4.223,,,,,,,,0.143,,,2025-10-29,quarterly,4.95,USD,pre-market,327000000,,0.082,0.463,0.095,136.6,907000000,,,,429.86,565.63,9.5133,,,,,,,7298000000,,29.94,,627.5,264.25
2025-12-28,CAT,19.47,64670999000.0,29.94,,1.563,44.14,,,,,,,,,,,,,,,None,5752000000,5752000000,,,,,,None,538000000,,5.84,0.01,,,,-0.036,0.43,782000000,1320000000,4.52,2009-06-30,26.45,,19478999000.0,2223000000,400000000,40000000,,,None,381000000,None,,None,,,,,371000000,0,None,None,0.177,,1876000000,347000000,,,,,None,,,,,2.007,13.22,4.223,,,,,,,,0.143,,,2025-10-29,quarterly,4.95,USD,pre-market,351000000,,0.082,0.463,0.095,136.6,914000000,,,,429.86,565.63,9.5133,,,,,,,7975000000,,29.94,,627.5,264.25
2025-12-28,CAT,19.47,64670999000.0,29.94,,1.563,44.14,,,,,,,,,,,,,,,None,7027000000,7027000000,,,,,,None,534000000,,5.84,0.01,,,,-0.036,0.43,168000000,702000000,4.52,2009-03-31,26.45,,19478999000.0,2198000000,-211000000,-80000000,,,None,380000000,None,,None,,,,,-112000000,0,None,None,0.177,,2373000000,-175000000,,,,,None,,,,,2.007,13.22,4.223,,,,,,,,0.143,,,2025-10-29,quarterly,4.95,USD,pre-market,388000000,,0.082,0.463,0.095,136.6,882000000,,,,429.86,565.63,9.5133,,,,,,,9225000000,,29.94,,627.5,264.25
2025-12-28,CAT,19.47,64670999000.0,29.94,,1.563,44.14,,,,,,,,,,,,,,,None,10066000000,10066000000,,,,,,None,527000000,,5.84,0.01,,,,-0.036,0.43,1909000000,2436000000,4.52,2008-12-31,26.45,,19478999000.0,2857000000,365000000,-296000000,,,None,370000000,None,,None,,,,,661000000,0,None,None,0.177,,2400000000,457000000,,,,,None,,,,,2.007,13.22,4.223,,,,,,,,0.143,,,2025-10-29,quarterly,4.95,USD,pre-market,507000000,,0.082,0.463,0.095,136.6,413000000,,,,429.86,565.63,9.5133,,,,,,,12923000000,,29.94,,627.5,264.25
2025-12-28,CAT,19.47,64670999000.0,29.94,,1.563,44.14,,,,,,,,,,,,,,,None,9704000000,9704000000,,,,,,None,501000000,,5.84,0.01,,,,-0.036,0.43,1610000000,2111000000,4.52,2008-09-30,26.45,,19478999000.0,3277000000,1271000000,395000000,,,None,291000000,None,,None,,,,,868000000,0,None,None,0.177,,2104000000,1173000000,,,,,None,,,,,2.007,13.22,4.223,,,,,,,,0.143,,,2025-10-29,quarterly,4.95,USD,pre-market,437000000,,0.082,0.463,0.095,136.6,1376000000,,,,429.86,565.63,9.5133,,,,,,,12981000000,,29.94,,627.5,264.25
2025-12-28,CAT,19.47,64670999000.0,29.94,,1.563,44.14,,,,,,,,,,,,,,,None,10036000000,10036000000,,,,,,None,480000000,,5.84,0.01,,,,-0.036,0.43,1887000000,2367000000,4.52,2008-06-30,26.45,,19478999000.0,3588000000,1548000000,434000000,,,None,279000000,None,,None,,,,,1106000000,0,None,None,0.177,,2063000000,1525000000,,,,,None,,,,,2.007,13.22,4.223,,,,,,,,0.143,,,2025-10-29,quarterly,4.95,USD,pre-market,415000000,,0.082,0.463,0.095,136.6,1369000000,,,,429.86,565.63,9.5133,,,,,,,13624000000,,29.94,,627.5,264.25
2025-12-28,CAT,19.47,64670999000.0,29.94,,1.563,44.14,,,,,,,,,,,,,,,None,8609000000,8609000000,,,,,,None,472000000,,5.84,0.01,,,,-0.036,0.43,1699000000,2171000000,4.52,2008-03-31,26.45,,19478999000.0,3187000000,1352000000,420000000,,,None,284000000,None,,None,,,,,922000000,0,None,None,0.177,,1894000000,1293000000,,,,,None,,,,,2.007,13.22,4.223,,,,,,,,0.143,,,2025-10-29,quarterly,4.95,USD,pre-market,369000000,,0.082,0.463,0.095,136.6,959000000,,,,429.86,565.63,9.5133,,,,,,,11796000000,,29.94,,627.5,264.25
2025-12-28,CAT,19.47,64670999000.0,29.94,,1.563,44.14,,,,,,,,,,,,,,,None,8920000000,8920000000,,,,,,None,496000000,,5.84,0.01,,,,-0.036,0.43,2707000000,3203000000,4.52,2007-12-31,26.45,,19478999000.0,3224000000,1305000000,330000000,,,None,353000000,None,,None,,,,,975000000,0,None,None,0.177,,1969000000,1255000000,,,,,None,,,,,2.007,13.22,4.223,,,,,,,,0.143,,,2025-10-29,quarterly,4.95,USD,pre-market,357000000,,0.082,0.463,0.095,136.6,265000000,,,,429.86,565.63,9.5133,,,,,,,12144000000,,29.94,,627.5,264.25
2025-12-28,CAT,19.47,64670999000.0,29.94,,1.563,44.14,,,,,,,,,,,,,,,None,8270000000,8270000000,,,,,,None,452000000,,5.84,0.01,,,,-0.036,0.43,1313000000,1765000000,4.52,2007-09-30,26.45,,19478999000.0,3172000000,1322000000,395000000,,,None,289000000,None,,None,,,,,927000000,0,None,None,0.177,,1859000000,1313000000,,,,,None,,,,,2.007,13.22,4.223,,,,,,,,0.143,,,2025-10-29,quarterly,4.95,USD,pre-market,357000000,,0.082,0.463,0.095,136.6,1213000000,,,,429.86,565.63,9.5133,,,,,,,11442000000,,29.94,,627.5,264.25
2025-12-28,CAT,19.47,64670999000.0,29.94,,1.563,44.14,,,,,,,,,,,,,,,None,8579000000,8579000000,,,,,,None,437000000,,5.84,0.01,,,,-0.036,0.43,1213000000,1650000000,4.52,2007-06-30,26.45,,19478999000.0,2777000000,1208000000,385000000,,,None,279000000,None,,None,,,,,823000000,0,None,None,0.177,,1564000000,1213000000,,,,,None,,,,,2.007,13.22,4.223,,,,,,,,0.143,,,2025-10-29,quarterly,4.95,USD,pre-market,350000000,,0.082,0.463,0.095,136.6,968000000,,,,429.86,565.63,9.5133,,,,,,,11356000000,,29.94,,627.5,264.25
2025-12-28,CAT,19.47,64670999000.0,29.94,,1.563,44.14,,,,,,,,,,,,,,,None,7407000000,7407000000,,,,,,None,412000000,,5.84,0.01,,,,-0.036,0.43,1140000000,1552000000,4.52,2007-03-31,26.45,,19478999000.0,2609000000,1191000000,375000000,,,None,271000000,None,,None,,,,,816000000,0,None,None,0.177,,1469000000,1140000000,,,,,None,,,,,2.007,13.22,4.223,,,,,,,,0.143,,,2025-10-29,quarterly,4.95,USD,pre-market,340000000,,0.082,0.463,0.095,136.6,890000000,,,,429.86,565.63,9.5133,,,,,,,10016000000,,29.94,,627.5,264.25
2025-12-28,CAT,19.47,64670999000.0,29.94,,1.563,44.14,,,,,,,,,,,,,,,None,7971000000,7971000000,,,,,,None,382000000,,5.84,0.01,,,,-0.036,0.43,2383000000,2765000000,4.52,2006-12-31,26.45,,19478999000.0,3032000000,1134000000,252000000,,,None,337000000,None,,None,,,,,882000000,0,None,None,0.177,,1886000000,1146000000,,,,,None,,,,,2.007,13.22,4.223,,,,,,,,0.143,,,2025-10-29,quarterly,4.95,USD,pre-market,368000000,,0.082,0.463,0.095,136.6,278000000,,,,429.86,565.63,9.5133,,,,,,,11003000000,,29.94,,627.5,264.25
2025-12-28,CAT,19.47,64670999000.0,29.94,,1.563,44.14,,,,,,,,,,,,,,,None,7610000000,7610000000,,,,,,None,418000000,,5.84,0.01,,,,-0.036,0.43,1078000000,1496000000,4.52,2006-09-30,26.45,,19478999000.0,2907000000,1103000000,334000000,,,None,266000000,None,,None,,,,,769000000,0,None,None,0.177,,1829000000,1078000000,,,,,None,,,,,2.007,13.22,4.223,,,,,,,,0.143,,,2025-10-29,quarterly,4.95,USD,pre-market,329000000,,0.082,0.463,0.095,136.6,1234000000,,,,429.86,565.63,9.5133,,,,,,,10517000000,,29.94,,627.5,264.25
2025-12-28,CAT,19.47,64670999000.0,29.94,,1.563,44.14,,,,,,,,,,,,,,,None,7672000000,7672000000,,,,,,None,402000000,,5.84,0.01,,,,-0.036,0.43,1479000000,1881000000,4.52,2006-06-30,26.45,,19478999000.0,2933000000,1495000000,449000000,,,None,256000000,None,,None,,,,,1046000000,0,None,None,0.177,,1454000000,1479000000,,,,,None,,,,,2.007,13.22,4.223,,,,,,,,0.143,,,2025-10-29,quarterly,4.95,USD,pre-market,343000000,,0.082,0.463,0.095,136.6,1111000000,,,,429.86,565.63,9.5133,,,,,,,10605000000,,29.94,,627.5,264.25
2025-12-28,CAT,19.47,64670999000.0,29.94,,1.563,44.14,,,,,,,,,,,,,,,None,6784000000,6784000000,,,,,,None,400000000,,5.84,0.01,,,,-0.036,0.43,1218000000,1618000000,4.52,2006-03-31,26.45,,19478999000.0,2608000000,1210000000,370000000,,,None,232000000,None,,None,,,,,840000000,0,None,None,0.177,,1390000000,1218000000,,,,,None,,,,,2.007,13.22,4.223,,,,,,,,0.143,,,2025-10-29,quarterly,4.95,USD,pre-market,307000000,,0.082,0.463,0.095,136.6,1083000000,,,,429.86,565.63,9.5133,,,,,,,9392000000,,29.94,,627.5,264.25
2025-12-28,CAT,19.47,64670999000.0,29.94,,1.563,44.14,,,,,,,,,,,,,,,None,6906000000,6906000000,,,,,,None,364000000,,5.84,0.01,,,,-0.036,0.43,1116000000,1480000000,4.52,2005-12-31,26.45,,19478999000.0,2757000000,1104000000,270000000,,,None,217000000,None,,None,,,,,846000000,0,None,None,0.177,,922000000,1067000000,,,,,None,,,,,2.007,13.22,4.223,,,,,,,,0.143,,,2025-10-29,quarterly,4.95,USD,pre-market,290000000,,0.082,0.463,0.095,136.6,228000000,,,,429.86,565.63,9.5133,,,,,,,9663000000,,29.94,,627.5,264.25
2025-12-28,CAT,19.47,64670999000.0,29.94,,1.563,44.14,,,,,,,,,,,,,,,None,6547000000,6547000000,,,,,,None,369000000,,5.84,0.01,,,,-0.036,0.43,940000000,1309000000,4.52,2005-09-30,26.45,,19478999000.0,2430000000,970000000,303000000,,,None,197000000,None,,None,,,,,667000000,0,None,None,0.177,,1490000000,940000000,,,,,None,,,,,2.007,13.22,4.223,,,,,,,,0.143,,,2025-10-29,quarterly,4.95,USD,pre-market,285000000,,0.082,0.463,0.095,136.6,1008000000,,,,429.86,565.63,9.5133,,,,,,,8977000000,,29.94,,627.5,264.25
2025-12-28,CAT,19.47,64670999000.0,29.94,,1.563,44.14,,,,,,,,,,,,,,,None,41485000000,41485000000,,,,,,None,2153000000,,5.84,0.01,,,,-0.036,0.43,13885000000,16038000000,4.52,2024-12-31,26.45,,19478999000.0,23324000000,13417000000,2629000000,,,None,512000000,482000000,,None,,,,,10792000000,10788000000,-30000000,None,0.177,,10252000000,13072000000,,,,,None,,,,,2.007,13.22,4.223,,,,,,,,0.143,,,2025-10-29,annual,4.95,USD,pre-market,2107000000,,0.082,0.463,0.095,136.6,6667000000,,,,429.86,565.63,9.5133,,,,,,,64809000000,,29.94,,627.5,264.25
2025-12-28,CAT,19.47,64670999000.0,29.94,,1.563,44.14,,,,,,,,,,,,,,,None,43797000000,43797000000,,,,,,None,2144000000,,5.84,0.01,,,,-0.036,0.43,13561000000,15705000000,4.52,2023-12-31,26.45,,19478999000.0,23263000000,13113000000,2781000000,,,None,511000000,494000000,,None,,,,,10335000000,10332000000,-17000000,None,0.177,,10297000000,12966000000,,,,,None,,,,,2.007,13.22,4.223,,,,,,,,0.143,,,2025-10-29,annual,4.95,USD,pre-market,2108000000,,0.082,0.463,0.095,136.6,6371000000,,,,429.86,565.63,9.5133,,,,,,,67060000000,,29.94,,627.5,264.25
2025-12-28,CAT,19.47,64670999000.0,29.94,,1.563,44.14,,,,,,,,,,,,,,,None,41915000000,41915000000,,,,,,None,2219000000,,5.84,0.01,,,,-0.036,0.43,9195000000,11414000000,4.52,2022-12-31,26.45,,19478999000.0,17512000000,8771000000,2067000000,,,None,443000000,443000000,,None,,,,,6705000000,6704000000,-443000000,None,0.177,,9608000000,7904000000,,,,,1310000000,,,,,2.007,13.22,4.223,,,,,,,,0.143,,,2025-10-29,annual,4.95,USD,pre-market,1814000000,,0.082,0.463,0.095,136.6,5651000000,,,,429.86,565.63,9.5133,,,,,,,59427000000,,29.94,,627.5,264.25
2025-12-28,CAT,19.47,64670999000.0,29.94,,1.563,44.14,,,,,,,,,,,,,,,None,35968000000,35968000000,,,,,,None,2352000000,,5.84,0.01,,,,-0.036,0.43,8692000000,11044000000,4.52,2021-12-31,26.45,,19478999000.0,15003000000,8235000000,1742000000,,,None,485000000,488000000,,None,,,,,6489000000,6493000000,-488000000,None,0.177,,8125000000,6878000000,,,,,1845000000,,,,,2.007,13.22,4.223,,,,,,,,0.143,,,2025-10-29,annual,4.95,USD,pre-market,1686000000,,0.082,0.463,0.095,136.6,5365000000,,,,429.86,565.63,9.5133,,,,,,,50971000000,,29.94,,627.5,264.25
2025-12-28,CAT,19.47,64670999000.0,29.94,,1.563,44.14,,,,,,,,,,,,,,,None,29671000000,29671000000,,,,,,None,2432000000,,5.84,0.01,,,,-0.036,0.43,4509000000,6941000000,4.52,2020-12-31,26.45,,19478999000.0,12077000000,4009000000,1006000000,,,None,510000000,514000000,,None,,,,,2998000000,2989000000,-514000000,None,0.177,,7524000000,4553000000,,,,,-30000000,,,,,2.007,13.22,4.223,,,,,,,,0.143,,,2025-10-29,annual,4.95,USD,pre-market,1415000000,,0.082,0.463,0.095,136.6,4642000000,,,,429.86,565.63,9.5133,,,,,,,41748000000,,29.94,,627.5,264.25
2025-12-28,CAT,19.47,64670999000.0,29.94,,1.563,44.14,,,,,,,,,,,,,,,None,37384000000,37384000000,,,,,,None,2577000000,,5.84,0.01,,,,-0.036,0.43,8233000000,10810000000,4.52,2019-12-31,26.45,,19478999000.0,16416000000,7840000000,1746000000,,,None,417000000,227000000,,None,,,,,6093000000,6066000000,-421000000,None,0.177,,8126000000,8290000000,,,,,-29000000,,,,,2.007,13.22,4.223,,,,,,,,0.143,,,2025-10-29,annual,4.95,USD,pre-market,1693000000,,0.082,0.463,0.095,136.6,5162000000,,,,429.86,565.63,9.5133,,,,,,,53800000000,,29.94,,627.5,264.25
2025-12-28,CAT,19.47,64670999000.0,29.94,,1.563,44.14,,,,,,,,,,,,,,,None,37719000000,37719000000,,,,,,None,2766000000,,5.84,0.01,,,,-0.036,0.43,8226000000,10992000000,4.52,2018-12-31,26.45,,19478999000.0,17003000000,7846000000,1698000000,,,None,401000000,513000000,,None,,,,,6147000000,6148000000,-404000000,None,0.177,,8710000000,8293000000,,,,,-43000000,,,,,2.007,13.22,4.223,,,,,,,,0.143,,,2025-10-29,annual,4.95,USD,pre-market,1850000000,,0.082,0.463,0.095,136.6,5478000000,,,,429.86,565.63,9.5133,,,,,,,54722000000,,29.94,,627.5,264.25
2025-12-28,CAT,19.47,64670999000.0,29.94,,1.563,44.14,,,,,,,,,,,,,,,None,31906000000,31906000000,,,,,,None,2877000000,,5.84,0.01,,,,-0.036,0.43,4613000000,7490000000,4.52,2017-12-31,26.45,,19478999000.0,13556000000,4098000000,3339000000,,,None,522000000,409000000,,None,,,,,754000000,759000000,-531000000,None,0.177,,9096000000,4460000000,,,,,223000000,,,,,2.007,13.22,4.223,,,,,,,,0.143,,,2025-10-29,annual,4.95,USD,pre-market,1842000000,,0.082,0.463,0.095,136.6,5177000000,,,,429.86,565.63,9.5133,,,,,,,45462000000,,29.94,,627.5,264.25
2025-12-28,CAT,19.47,64670999000.0,29.94,,1.563,44.14,,,,,,,,,,,,,,,None,28640000000,28640000000,,,,,,None,3034000000,,5.84,0.01,,,,-0.036,0.43,644000000,3678000000,4.52,2016-12-31,26.45,,19478999000.0,9897000000,133000000,192000000,,,None,499000000,451000000,,None,,,,,-67000000,-59000000,-505000000,None,0.177,,8735000000,1162000000,,,,,140000000,,,,,2.007,13.22,4.223,,,,,,,,0.143,,,2025-10-29,annual,4.95,USD,pre-market,1853000000,,0.082,0.463,0.095,136.6,4686000000,,,,429.86,565.63,9.5133,,,,,,,38537000000,,29.94,,627.5,264.25
2025-12-28,CAT,19.47,64670999000.0,29.94,,1.563,44.14,,,,,,,,,,,,,,,None,34133000000,34133000000,,,,,,None,3046000000,,5.84,0.01,,,,-0.036,0.43,3946000000,6992000000,4.52,2015-12-31,26.45,,19478999000.0,12878000000,3439000000,916000000,,,None,501000000,527000000,,None,,,,,2512000000,2113000000,None,None,0.177,,9093000000,3785000000,,,,,106000000,,,,,2.007,13.22,4.223,,,,,,,,0.143,,,2025-10-29,annual,4.95,USD,pre-market,2119000000,,0.082,0.463,0.095,136.6,5199000000,,,,429.86,565.63,9.5133,,,,,,,47011000000,,29.94,,627.5,264.25
2025-12-28,CAT,19.47,64670999000.0,29.94,,1.563,44.14,,,,,,,,,,,,,,,None,41342000000,41342000000,,,,,,None,3163000000,,5.84,0.01,,,,-0.036,0.43,3636000000,6799000000,4.52,2014-12-31,26.45,,19478999000.0,13842000000,3160000000,692000000,,,None,479000000,None,,None,,,,,2452000000,3703000000,None,None,0.177,,10528000000,3314000000,,,,,247000000,,,,,2.007,13.22,4.223,,,,,,,,0.143,,,2025-10-29,annual,4.95,USD,pre-market,2380000000,,0.082,0.463,0.095,136.6,5697000000,,,,429.86,565.63,9.5133,,,,,,,55184000000,,29.94,,627.5,264.25
2025-12-28,CAT,19.47,64670999000.0,29.94,,1.563,44.14,,,,,,,,,,,,,,,None,41454000000,41454000000,,,,,,None,3087000000,,5.84,0.01,,,,-0.036,0.43,5593000000,8680000000,4.52,2013-12-31,26.45,,19478999000.0,14202000000,5122000000,1319000000,,,None,465000000,None,,None,,,,,3789000000,3809000000,None,None,0.177,,8574000000,5628000000,,,,,-41000000,,,,,2.007,13.22,4.223,,,,,,,,0.143,,,2025-10-29,annual,4.95,USD,pre-market,2046000000,,0.082,0.463,0.095,136.6,5547000000,,,,429.86,565.63,9.5133,,,,,,,55656000000,,29.94,,627.5,264.25
2025-12-28,CAT,19.47,64670999000.0,29.94,,1.563,44.14,,,,,,,,,,,,,,,None,47852000000,47852000000,,,,,,None,2813000000,,5.84,0.01,,,,-0.036,0.43,8703000000,11516000000,4.52,2012-12-31,26.45,,19478999000.0,18023000000,8250000000,2528000000,,,None,467000000,None,,None,,,,,5681000000,5708000000,None,None,0.177,,9450000000,8573000000,,,,,144000000,,,,,2.007,13.22,4.223,,,,,,,,0.143,,,2025-10-29,annual,4.95,USD,pre-market,2466000000,,0.082,0.463,0.095,136.6,5919000000,,,,429.86,565.63,9.5133,,,,,,,65875000000,,29.94,,627.5,264.25
2025-12-28,CAT,19.47,64670999000.0,29.94,,1.563,44.14,,,,,,,,,,,,,,,None,44404000000,44404000000,,,,,,None,2527000000,,5.84,0.01,,,,-0.036,0.43,7121000000,9648000000,4.52,2011-12-31,26.45,,19478999000.0,15734000000,6701000000,1720000000,,,None,385000000,None,,None,,,,,4928000000,5005000000,None,None,0.177,,8581000000,7153000000,,,,,-56000000,,,,,2.007,13.22,4.223,,,,,,,,0.143,,,2025-10-29,annual,4.95,USD,pre-market,2297000000,,0.082,0.463,0.095,136.6,5203000000,,,,429.86,565.63,9.5133,,,,,,,60138000000,,29.94,,627.5,264.25
2025-12-28,CAT,19.47,64670999000.0,29.94,,1.563,44.14,,,,,,,,,,,,,,,None,31281000000,31281000000,,,,,,None,2296000000,,5.84,0.01,,,,-0.036,0.43,4093000000,6389000000,4.52,2010-12-31,26.45,,19478999000.0,11307000000,3726000000,968000000,,,None,343000000,None,,None,,,,,2700000000,2782000000,None,None,0.177,,7344000000,3963000000,,,,,106000000,,,,,2.007,13.22,4.223,,,,,,,,0.143,,,2025-10-29,annual,4.95,USD,pre-market,1905000000,,0.082,0.463,0.095,136.6,4248000000,,,,429.86,565.63,9.5133,,,,,,,42588000000,,29.94,,627.5,264.25
2025-12-28,CAT,19.47,64670999000.0,29.94,,1.563,44.14,,,,,,,,,,,,,,,None,23886000000,23886000000,,,,,,None,2336000000,,5.84,0.01,,,,-0.036,0.43,2003000000,4339000000,4.52,2009-12-31,26.45,,19478999000.0,8510000000,557000000,-270000000,,,None,389000000,None,,None,,,,,895000000,827000000,None,None,0.177,,7933000000,577000000,,,,,369000000,,,,,2.007,13.22,4.223,,,,,,,,0.143,,,2025-10-29,annual,4.95,USD,pre-market,1421000000,,0.082,0.463,0.095,136.6,3645000000,,,,429.86,565.63,9.5133,,,,,,,32396000000,,29.94,,627.5,264.25
2025-12-28,CAT,19.47,64670999000.0,29.94,,1.563,44.14,,,,,,,,,,,,,,,None,38415000000,38415000000,,,,,,None,1980000000,,5.84,0.01,,,,-0.036,0.43,5928000000,7908000000,4.52,2008-12-31,26.45,,19478999000.0,12909000000,4538000000,953000000,,,None,274000000,None,,None,,,,,3557000000,None,None,None,0.177,,8461000000,4448000000,,,,,None,,,,,2.007,13.22,4.223,,,,,,,,0.143,,,2025-10-29,annual,4.95,USD,pre-market,1728000000,,0.082,0.463,0.095,136.6,4399000000,,,,429.86,565.63,9.5133,,,,,,,51324000000,,29.94,,627.5,264.25
2025-12-28,CAT,19.47,64670999000.0,29.94,,1.563,44.14,,,,,,,,,,,,,,,None,32626000000,32626000000,,,,,,None,1797000000,,5.84,0.01,,,,-0.036,0.43,6410000000,8207000000,4.52,2007-12-31,26.45,,19478999000.0,12332000000,5063000000,1485000000,,,None,288000000,None,,None,,,,,3541000000,None,None,None,0.177,,7411000000,4921000000,,,,,None,,,,,2.007,13.22,4.223,,,,,,,,0.143,,,2025-10-29,annual,4.95,USD,pre-market,1404000000,,0.082,0.463,0.095,136.6,3821000000,,,,429.86,565.63,9.5133,,,,,,,44958000000,,29.94,,627.5,264.25
2025-12-28,CAT,19.47,64670999000.0,29.94,,1.563,44.14,,,,,,,,,,,,,,,None,29549000000,29549000000,,,,,,None,1602000000,,5.84,0.01,,,,-0.036,0.43,6158000000,7760000000,4.52,2006-12-31,26.45,,19478999000.0,11968000000,4942000000,1405000000,,,None,274000000,None,,None,,,,,3537000000,None,None,None,0.177,,7047000000,4921000000,,,,,None,,,,,2.007,13.22,4.223,,,,,,,,0.143,,,2025-10-29,annual,4.95,USD,pre-market,1347000000,,0.082,0.463,0.095,136.6,3706000000,,,,429.86,565.63,9.5133,,,,,,,41517000000,,29.94,,627.5,264.25
2025-12-28,CAT,19.47,64670999000.0,29.94,,1.563,44.14,,,,,,,,,,,,,,,None,26558000000,26558000000,,,,,,None,1477000000,,5.84,0.01,,,,-0.036,0.43,4929000000,6406000000,4.52,2005-12-31,26.45,,19478999000.0,9781000000,3974000000,1120000000,,,None,260000000,None,,None,,,,,2854000000,None,None,None,0.177,,5997000000,3784000000,,,,,None,,,,,2.007,13.22,4.223,,,,,,,,0.143,,,2025-10-29,annual,4.95,USD,pre-market,1084000000,,0.082,0.463,0.095,136.6,3190000000,,,,429.86,565.63,9.5133,,,,,,,36339000000,,29.94,,627.5,264.25
2025-12-28,CAT,19.47,64670999000.0,29.94,None,1.563,44.14,,None,7538000000,7538000000,,,,,,,,,6223000000,470800000,None,26558000000,26558000000,8729000000,None,13798000000,20461000000,None,None,1477000000,,5.84,0.01,,,,-0.036,0.43,4929000000,6406000000,4.52,2025-09-30,26.45,5329000000,19478999000.0,9781000000,3974000000,1120000000,281000000,281000000,None,260000000,None,18958000000,None,None,27736000000,None,None,2854000000,None,None,None,0.177,,5997000000,3784000000,2861000000,10073000000,None,5672000000,None,,,,,2.007,13.22,4.223,,,,,,,,0.143,,14310000000,2025-10-29,quarterly,4.95,USD,pre-market,1084000000,64460000000,0.082,0.463,0.095,136.6,3190000000,41534000000,13798000000,None,429.86,565.63,9.5133,93722000000,49818000000,35991000000,73063000000,43904000000,37072000000,36339000000,20658000000,29.94,None,627.5,264.25
2025-12-28,CAT,19.47,64670999000.0,29.94,None,1.563,44.14,,None,5442000000,5442000000,,,,,,,,,6143000000,471500000,None,26558000000,26558000000,8563000000,None,12800000000,20078000000,None,None,1477000000,,5.84,0.01,,,,-0.036,0.43,4929000000,6406000000,4.52,2025-06-30,26.45,5331000000,19478999000.0,9781000000,3974000000,1120000000,321000000,321000000,None,260000000,None,18595000000,None,None,27948000000,None,None,2854000000,None,None,None,0.177,,5997000000,3784000000,2640000000,10159000000,None,5169000000,None,,,,,2.007,13.22,4.223,,,,,,,,0.143,,13896000000,2025-10-29,quarterly,4.95,USD,pre-market,1084000000,62160000000,0.082,0.463,0.095,136.6,3190000000,40748000000,12800000000,None,429.86,565.63,9.5133,90325000000,46755000000,34934000000,71662000000,43570000000,36728000000,36339000000,18661000000,29.94,None,627.5,264.25
2025-12-28,CAT,19.47,64670999000.0,29.94,None,1.563,44.14,,None,3562000000,3562000000,,,,,,,,,6043000000,477100000,None,26558000000,26558000000,7792000000,None,12769000000,19016000000,None,None,1477000000,,5.84,0.01,,,,-0.036,0.43,4929000000,6406000000,4.52,2025-03-31,26.45,5270000000,19478999000.0,9781000000,3974000000,1120000000,361000000,361000000,None,260000000,None,17862000000,None,None,25819000000,None,None,2854000000,None,None,None,0.177,,5997000000,3784000000,2579000000,9083000000,None,4915000000,None,,,,,2.007,13.22,4.223,,,,,,,,0.143,,13432000000,2025-10-29,quarterly,4.95,USD,pre-market,1084000000,61356000000,0.082,0.463,0.095,136.6,3190000000,38588000000,12769000000,None,429.86,565.63,9.5133,84974000000,43019000000,32595000000,66904000000,41955000000,34309000000,36339000000,18067000000,29.94,None,627.5,264.25
2025-12-28,CAT,19.47,64670999000.0,29.94,None,1.563,44.14,,-103000000,6889000000,6889000000,,,,,,,,,6941000000,486700000,None,26558000000,26558000000,7675000000,None,11058000000,18847000000,None,None,1477000000,,5.84,0.01,,,,-0.036,0.43,4929000000,6406000000,4.52,2024-12-31,26.45,5241000000,19478999000.0,9781000000,3974000000,1120000000,399000000,399000000,None,260000000,None,16827000000,None,None,27454000000,None,None,2854000000,None,None,None,0.177,,5997000000,3784000000,3119000000,11217000000,None,4890000000,None,,,,,2.007,13.22,4.223,,,,,,,,0.143,,13361000000,2025-10-29,quarterly,4.95,USD,pre-market,1084000000,59352000000,0.082,0.463,0.095,136.6,3190000000,38409000000,11058000000,None,429.86,565.63,9.5133,87764000000,45682000000,32272000000,68270000000,42082000000,35998000000,36339000000,19491000000,29.94,None,627.5,264.25
2025-12-28,CAT,19.47,64670999000.0,29.94,None,1.563,44.14,,None,5638000000,5638000000,,,,,,,,,5584000000,486700000,None,26558000000,26558000000,7705000000,None,12117000000,18902000000,None,None,1477000000,,5.84,0.01,,,,-0.036,0.43,4929000000,6406000000,4.52,2024-09-30,26.45,5317000000,19478999000.0,9781000000,3974000000,1120000000,448000000,448000000,None,260000000,None,17312000000,None,None,25784000000,None,None,2854000000,None,None,None,0.177,,5997000000,3784000000,3094000000,9992000000,None,4839000000,None,,,,,2.007,13.22,4.223,,,,,,,,0.143,,12837000000,2025-10-29,quarterly,4.95,USD,pre-market,1084000000,57920000000,0.082,0.463,0.095,136.6,3190000000,37901000000,12117000000,-3826000000,429.86,565.63,9.5133,86273000000,44946000000,32218000000,66870000000,41327000000,34652000000,36339000000,19397000000,29.94,None,627.5,264.25
2025-12-28,CAT,19.47,64670999000.0,29.94,None,1.563,44.14,,None,4341000000,4341000000,,,,,,,,,5517000000,489500000,None,26558000000,26558000000,7575000000,None,13475000000,18937000000,None,None,1477000000,,5.84,0.01,,,,-0.036,0.43,4929000000,6406000000,4.52,2024-06-30,26.45,5264000000,19478999000.0,9781000000,3974000000,1120000000,488000000,488000000,None,260000000,None,17082000000,None,None,23836000000,None,None,2854000000,None,None,None,0.177,,5997000000,3784000000,2736000000,10190000000,None,4807000000,None,,,,,2.007,13.22,4.223,,,,,,,,0.143,,None,2025-10-29,quarterly,4.95,USD,pre-market,1084000000,55455000000,0.082,0.463,0.095,136.6,3190000000,37311000000,13475000000,None,429.86,565.63,9.5133,83336000000,43096000000,33564000000,66200000000,40240000000,32636000000,36339000000,17130000000,29.94,None,627.5,264.25
2025-12-28,CAT,19.47,64670999000.0,29.94,None,1.563,44.14,,None,4959000000,4959000000,,,,,,,,,5663000000,496900000,None,26558000000,26558000000,7778000000,None,13022000000,18742000000,None,None,1477000000,,5.84,0.01,,,,-0.036,0.43,4929000000,6406000000,4.52,2024-03-31,26.45,5277000000,19478999000.0,9781000000,3974000000,1120000000,516000000,516000000,None,260000000,None,16953000000,None,None,24831000000,None,None,2854000000,None,None,None,0.177,,5997000000,3784000000,3010000000,9377000000,None,4826000000,None,,,,,2.007,13.22,4.223,,,,,,,,0.143,,None,2025-10-29,quarterly,4.95,USD,pre-market,1084000000,54108000000,0.082,0.463,0.095,136.6,3190000000,37853000000,13022000000,400000000,429.86,565.63,9.5133,83741000000,43664000000,32371000000,66096000000,40077000000,33725000000,36339000000,17639000000,29.94,None,627.5,264.25
2025-12-28,CAT,19.47,64670999000.0,29.94,None,1.563,44.14,,-61000000,6978000000,6978000000,,,,,,,,,6403000000,507000000,None,26558000000,26558000000,7906000000,None,13406000000,18820000000,None,None,1477000000,,5.84,0.01,,,,-0.036,0.43,4929000000,6406000000,4.52,2023-12-31,26.45,5308000000,19478999000.0,9781000000,3974000000,1120000000,564000000,564000000,None,260000000,None,16565000000,None,None,24533000000,None,None,2854000000,None,None,None,0.177,,5997000000,3784000000,4586000000,11487000000,None,4675000000,None,,,,,2.007,13.22,4.223,,,,,,,,0.143,,None,2025-10-29,quarterly,4.95,USD,pre-market,1084000000,51250000000,0.082,0.463,0.095,136.6,3190000000,37878000000,13406000000,1900000000,429.86,565.63,9.5133,87476000000,46949000000,34728000000,67973000000,40527000000,33245000000,36339000000,19494000000,29.94,None,627.5,264.25
2025-12-28,CAT,19.47,64670999000.0,29.94,None,1.563,44.14,,None,6545000000,6545000000,,,,,,,,,6698000000,512600000,None,26558000000,26558000000,7827000000,None,12880000000,18742000000,None,None,1477000000,,5.84,0.01,,,,-0.036,0.43,4929000000,6406000000,4.52,2023-09-30,26.45,5268000000,19478999000.0,9781000000,3974000000,1120000000,604000000,604000000,None,260000000,None,17580000000,None,None,24259000000,None,None,2854000000,None,None,None,0.177,,5997000000,3784000000,5138000000,10084000000,None,4841000000,None,,,,,2.007,13.22,4.223,,,,,,,,0.143,,12287000000,2025-10-29,quarterly,4.95,USD,pre-market,1084000000,49888000000,0.082,0.463,0.095,136.6,3190000000,37139000000,12880000000,2550000000,429.86,565.63,9.5133,86791000000,48005000000,33124000000,66284000000,38786000000,33160000000,36339000000,20489000000,29.94,None,627.5,264.25
2025-12-28,CAT,19.47,64670999000.0,29.94,None,1.563,44.14,,None,7387000000,7387000000,,,,,,,,,6478000000,515000000,None,26558000000,26558000000,8443000000,None,14714000000,18704000000,None,None,1477000000,,5.84,0.01,,,,-0.036,0.43,4929000000,6406000000,4.52,2023-06-30,26.45,5293000000,19478999000.0,9781000000,3974000000,1120000000,630000000,630000000,None,260000000,None,17746000000,None,None,22985000000,None,13183000000,2854000000,None,None,None,0.177,,5997000000,3784000000,3163000000,10020000000,None,8872000000,None,,,,,2.007,13.22,4.223,,,,,,,,0.143,,12124000000,2025-10-29,quarterly,4.95,USD,pre-market,1084000000,47094000000,0.082,0.463,0.095,136.6,3190000000,37699000000,14714000000,500000000,429.86,565.63,9.5133,85427000000,47000000000,35314000000,67171000000,38427000000,31857000000,36339000000,18235000000,29.94,-33391000000,627.5,264.25
2025-12-28,CAT,19.47,64670999000.0,29.94,None,1.563,44.14,,None,6789000000,6789000000,,,,,,,,,6546000000,519400000,None,26558000000,26558000000,8951000000,None,12165000000,18349000000,None,None,1477000000,,5.84,0.01,,,,-0.036,0.43,4929000000,6406000000,4.52,2023-03-31,26.45,5309000000,19478999000.0,9781000000,3974000000,1120000000,694000000,694000000,None,260000000,None,17633000000,None,None,24873000000,None,13054000000,2854000000,None,None,None,0.177,,5997000000,3784000000,2889000000,8524000000,None,4695000000,None,,,,,2.007,13.22,4.223,,,,,,,,0.143,,11973000000,2025-10-29,quarterly,4.95,USD,pre-market,1084000000,45457000000,0.082,0.463,0.095,136.6,3190000000,37038000000,12165000000,250000000,429.86,565.63,9.5133,83649000000,45660000000,31842000000,65479000000,37989000000,33637000000,36339000000,18149000000,29.94,-32108000000,627.5,264.25
2025-12-28,CAT,19.47,64670999000.0,29.94,None,1.563,44.14,,112000000,7004000000,7004000000,,,,,,,,,6560000000,520900000,None,26558000000,26558000000,8689000000,None,5325000000,17869000000,None,None,1477000000,,5.84,0.01,,,,-0.036,0.43,4929000000,6406000000,4.52,2022-12-31,26.45,5288000000,19478999000.0,9781000000,3974000000,1120000000,758000000,758000000,None,260000000,None,16270000000,None,None,25714000000,None,None,2854000000,None,None,None,0.177,,5997000000,3784000000,2642000000,9703000000,None,20820000000,None,,,,,2.007,13.22,4.223,,,,,,,,0.143,,12028000000,2025-10-29,quarterly,4.95,USD,pre-market,1084000000,43514000000,0.082,0.463,0.095,136.6,3190000000,36993000000,11279000000,None,429.86,565.63,9.5133,81943000000,43785000000,31531000000,66052000000,38158000000,34521000000,36339000000,15869000000,29.94,-31748000000,627.5,264.25
2025-12-28,CAT,19.47,64670999000.0,29.94,None,1.563,44.14,,None,6346000000,6346000000,,,,,,,,,6523000000,527600000,None,26558000000,26558000000,8260000000,None,11016000000,17076000000,None,None,1477000000,,5.84,0.01,,,,-0.036,0.43,4929000000,6406000000,4.52,2022-09-30,26.45,6092000000,19478999000.0,9781000000,3974000000,1120000000,806000000,806000000,None,260000000,None,16860000000,None,None,25509000000,None,13137000000,2854000000,None,None,None,0.177,,5997000000,3784000000,2295000000,9095000000,None,4536000000,None,,,,,2.007,13.22,4.223,,,,,,,,0.143,,7810000000,2025-10-29,quarterly,4.95,USD,pre-market,1084000000,43304000000,0.082,0.463,0.095,136.6,3190000000,36525000000,11016000000,2021000000,429.86,565.63,9.5133,80907000000,42577000000,30202000000,65285000000,38330000000,35083000000,36339000000,15591000000,29.94,-30883000000,627.5,264.25
2025-12-28,CAT,19.47,64670999000.0,29.94,None,1.563,44.14,,None,6014000000,6014000000,,,,,,,,,6464000000,534100000,None,26558000000,26558000000,8092000000,None,10743000000,17315000000,None,None,1477000000,,5.84,0.01,,,,-0.036,0.43,4929000000,6406000000,4.52,2022-06-30,26.45,6195000000,19478999000.0,9781000000,3974000000,1120000000,889000000,889000000,None,260000000,None,15881000000,None,None,26219000000,None,13569000000,2854000000,None,None,None,0.177,,5997000000,3784000000,2772000000,8520000000,None,10166000000,None,,,,,2.007,13.22,4.223,,,,,,,,0.143,,11744000000,2025-10-29,quarterly,4.95,USD,pre-market,1084000000,41263000000,0.082,0.463,0.095,136.6,3190000000,36962000000,10743000000,659000000,429.86,565.63,9.5133,81107000000,41982000000,28963000000,65348000000,39125000000,36385000000,36339000000,15727000000,29.94,-29501000000,627.5,264.25
2025-12-28,CAT,19.47,64670999000.0,29.94,None,1.563,44.14,,None,6526000000,6526000000,,,,,,,,,6281000000,538300000,None,26558000000,26558000000,8361000000,None,12307000000,18138000000,None,None,1477000000,,5.84,0.01,,,,-0.036,0.43,4929000000,6406000000,4.52,2022-03-31,26.45,6293000000,19478999000.0,9781000000,3974000000,1120000000,967000000,967000000,None,260000000,None,15038000000,None,None,25277000000,None,13869000000,2854000000,None,None,None,0.177,,5997000000,3784000000,2868000000,7476000000,None,5007000000,None,,,,,2.007,13.22,4.223,,,,,,,,0.143,,11932000000,2025-10-29,quarterly,4.95,USD,pre-market,1084000000,40820000000,0.082,0.463,0.095,136.6,3190000000,37584000000,12307000000,813000000,429.86,565.63,9.5133,82276000000,42570000000,29532000000,65179000000,39706000000,35647000000,36339000000,17065000000,29.94,-28326000000,627.5,264.25
2025-12-28,CAT,19.47,64670999000.0,29.94,None,1.563,44.14,,79000000,9254000000,9254000000,,,,,,,,,6398000000,542600000,None,26558000000,26558000000,8154000000,None,11756000000,17375000000,None,None,1477000000,,5.84,0.01,,,,-0.036,0.43,4929000000,6406000000,4.52,2021-12-31,26.45,6324000000,19478999000.0,9781000000,3974000000,1120000000,1042000000,1042000000,None,260000000,None,14038000000,None,None,26033000000,None,12707000000,2854000000,None,None,None,0.177,,5997000000,3784000000,2788000000,8850000000,None,4805000000,None,,,,,2.007,13.22,4.223,,,,,,,,0.143,,8172000000,2025-10-29,quarterly,4.95,USD,pre-market,1084000000,39282000000,0.082,0.463,0.095,136.6,3190000000,37789000000,11756000000,964000000,429.86,565.63,9.5133,82793000000,43455000000,29847000000,66277000000,39338000000,36430000000,36339000000,16484000000,29.94,-27643000000,627.5,264.25
2025-12-28,CAT,19.47,64670999000.0,29.94,None,1.563,44.14,,None,9446000000,9446000000,,,,,,,,,6352000000,547600000,None,26558000000,26558000000,7218000000,None,9630000000,16566000000,None,None,1477000000,,5.84,0.01,,,,-0.036,0.43,4929000000,6406000000,4.52,2021-09-30,26.45,6353000000,19478999000.0,9781000000,3974000000,1120000000,1121000000,1121000000,None,260000000,None,13666000000,None,None,27154000000,None,13878000000,2854000000,None,None,None,0.177,,5997000000,3784000000,2215000000,7973000000,None,4564000000,None,,,,,2.007,13.22,4.223,,,,,,,,0.143,,7957000000,2025-10-29,quarterly,4.95,USD,pre-market,1084000000,38361000000,0.082,0.463,0.095,136.6,3190000000,36784000000,9630000000,None,429.86,565.63,9.5133,80784000000,41893000000,25976000000,64089000000,38891000000,38113000000,36339000000,16665000000,29.94,-26608000000,627.5,264.25
2025-12-28,CAT,19.47,64670999000.0,29.94,None,1.563,44.14,,None,11067000000,11067000000,,,,,,,,,6293000000,552100000,None,26558000000,26558000000,6921000000,None,11381000000,17193000000,None,None,1477000000,,5.84,0.01,,,,-0.036,0.43,4929000000,6406000000,4.52,2021-06-30,26.45,6372000000,19478999000.0,9781000000,3974000000,1120000000,1176000000,1176000000,None,260000000,None,12672000000,None,None,26204000000,None,13796000000,2854000000,None,None,None,0.177,,5997000000,3784000000,2080000000,8049000000,None,4524000000,None,,,,,2.007,13.22,4.223,,,,,,,,0.143,,12014000000,2025-10-29,quarterly,4.95,USD,pre-market,1084000000,36934000000,0.082,0.463,0.095,136.6,3190000000,37585000000,11381000000,10831000000,429.86,565.63,9.5133,81697000000,42946000000,27508000000,64817000000,38751000000,37309000000,36339000000,16833000000,29.94,-25240000000,627.5,264.25
2025-12-28,CAT,19.47,64670999000.0,29.94,None,1.563,44.14,,None,11351000000,11351000000,,,,,,,,,6215000000,551400000,None,26558000000,26558000000,6694000000,None,11824000000,17288000000,None,None,1477000000,,5.84,0.01,,,,-0.036,0.43,4929000000,6406000000,4.52,2021-03-31,26.45,6343000000,19478999000.0,9781000000,3974000000,1120000000,1246000000,1246000000,None,260000000,None,12149000000,None,None,26356000000,None,13081000000,2854000000,None,None,None,0.177,,5997000000,3784000000,1802000000,6892000000,None,11178000000,None,,,,,2.007,13.22,4.223,,,,,,,,0.143,,12132000000,2025-10-29,quarterly,4.95,USD,pre-market,1084000000,36697000000,0.082,0.463,0.095,136.6,3190000000,38180000000,11824000000,11342000000,429.86,565.63,9.5133,80729000000,42581000000,26578000000,64112000000,38148000000,37534000000,36339000000,16573000000,29.94,-25049000000,627.5,264.25
2025-12-28,CAT,19.47,64670999000.0,29.94,None,1.563,44.14,,103000000,9352000000,9352000000,,,,,,,,,6230000000,549500000,None,26558000000,26558000000,6128000000,None,11164000000,16780000000,None,None,1477000000,,5.84,0.01,,,,-0.036,0.43,4929000000,6406000000,4.52,2020-12-31,26.45,6394000000,19478999000.0,9781000000,3974000000,1120000000,1308000000,1308000000,None,260000000,None,11402000000,None,None,25999000000,None,13407000000,2854000000,None,None,None,0.177,,5997000000,3784000000,1930000000,7317000000,None,4358000000,None,,,,,2.007,13.22,4.223,,,,,,,,0.143,,12401000000,2025-10-29,quarterly,4.95,USD,pre-market,1084000000,35167000000,0.082,0.463,0.095,136.6,3190000000,37163000000,11164000000,9352000000,429.86,565.63,9.5133,78324000000,39464000000,25717000000,62946000000,38860000000,37229000000,36339000000,15331000000,29.94,-25178000000,627.5,264.25
2025-12-28,CAT,19.47,64670999000.0,29.94,None,1.563,44.14,,None,9319000000,9319000000,,,,,,,,,6204000000,546400000,None,26558000000,26558000000,5193000000,None,12019000000,15935000000,None,None,1477000000,,5.84,0.01,,,,-0.036,0.43,4929000000,6406000000,4.52,2020-09-30,26.45,6304000000,19478999000.0,9781000000,3974000000,1120000000,1363000000,1363000000,None,260000000,None,11453000000,None,None,26107000000,None,13358000000,2854000000,None,None,None,0.177,,5997000000,3784000000,1831000000,6557000000,None,10662000000,None,,,,,2.007,13.22,4.223,,,,,,,,0.143,,12232000000,2025-10-29,quarterly,4.95,USD,pre-market,1084000000,35508000000,0.082,0.463,0.095,136.6,3190000000,38126000000,12019000000,9315000000,429.86,565.63,9.5133,76741000000,38534000000,24978000000,61747000000,38207000000,36769000000,36339000000,14949000000,29.94,-25315000000,627.5,264.25
2025-12-28,CAT,19.47,64670999000.0,29.94,None,1.563,44.14,,None,8791000000,8791000000,,,,,,,,,6120000000,544500000,None,26558000000,26558000000,5083000000,None,11715000000,15915000000,None,None,1477000000,,5.84,0.01,,,,-0.036,0.43,4929000000,6406000000,4.52,2020-06-30,26.45,6192000000,19478999000.0,9781000000,3974000000,1120000000,1420000000,1420000000,None,260000000,None,11371000000,None,None,26907000000,None,13727000000,2854000000,None,None,None,0.177,,5997000000,3784000000,1792000000,7206000000,None,10651000000,None,,,,,2.007,13.22,4.223,,,,,,,,0.143,,12357000000,2025-10-29,quarterly,4.95,USD,pre-market,1084000000,34841000000,0.082,0.463,0.095,136.6,3190000000,38622000000,11715000000,None,429.86,565.63,9.5133,76566000000,37862000000,25231000000,62789000000,38704000000,37558000000,36339000000,13734000000,29.94,-25412000000,627.5,264.25
2025-12-28,CAT,19.47,64670999000.0,29.94,None,1.563,44.14,,None,7130000000,7130000000,,,,,,,,,6046000000,551100000,None,26558000000,26558000000,5769000000,None,12724000000,16954000000,None,None,1477000000,,5.84,0.01,,,,-0.036,0.43,4929000000,6406000000,4.52,2020-03-31,26.45,6140000000,19478999000.0,9781000000,3974000000,1120000000,1478000000,1478000000,None,260000000,None,11748000000,None,None,24369000000,None,13217000000,2854000000,None,None,None,0.177,,5997000000,3784000000,1761000000,6728000000,None,10770000000,None,,,,,2.007,13.22,4.223,,,,,,,,0.143,,12488000000,2025-10-29,quarterly,4.95,USD,pre-market,1084000000,35504000000,0.082,0.463,0.095,136.6,3190000000,37093000000,12724000000,None,429.86,565.63,9.5133,75894000000,37586000000,26516000000,61655000000,38308000000,35139000000,36339000000,14197000000,29.94,-25341000000,627.5,264.25
2025-12-28,CAT,19.47,64670999000.0,29.94,None,1.563,44.14,,128000000,8292000000,8292000000,,,,,,,,,5935000000,556100000,None,26558000000,26558000000,5957000000,None,11376000000,17904000000,None,None,1477000000,,5.84,0.01,,,,-0.036,0.43,4929000000,6406000000,4.52,2019-12-31,26.45,6196000000,19478999000.0,9781000000,3974000000,1120000000,1565000000,1565000000,None,260000000,None,11266000000,None,None,26281000000,None,13844000000,2854000000,None,None,None,0.177,,5997000000,3784000000,1739000000,8101000000,None,10922000000,None,,,,,2.007,13.22,4.223,,,,,,,,0.143,,12904000000,2025-10-29,quarterly,4.95,USD,pre-market,1084000000,34437000000,0.082,0.463,0.095,136.6,3190000000,37657000000,11376000000,None,429.86,565.63,9.5133,78453000000,39193000000,26621000000,63824000000,39260000000,37203000000,36339000000,14588000000,29.94,-24217000000,627.5,264.25
2025-12-28,CAT,19.47,64670999000.0,29.94,None,1.563,44.14,,None,7936000000,7936000000,,,,,,,,,5951000000,561200000,None,26558000000,26558000000,6141000000,None,12318000000,17467000000,None,None,1477000000,,5.84,0.01,,,,-0.036,0.43,4929000000,6406000000,4.52,2019-09-30,26.45,6142000000,19478999000.0,9781000000,3974000000,1120000000,1630000000,1630000000,None,260000000,None,12180000000,None,None,25588000000,None,13605000000,2854000000,None,None,None,0.177,,5997000000,3784000000,1607000000,7433000000,None,4311000000,None,,,,,2.007,13.22,4.223,,,,,,,,0.143,,9131000000,2025-10-29,quarterly,4.95,USD,pre-market,1084000000,34477000000,0.082,0.463,0.095,136.6,3190000000,37906000000,12318000000,None,429.86,565.63,9.5133,77993000000,39160000000,27201000000,63000000000,38833000000,35799000000,36339000000,14952000000,29.94,-23693000000,627.5,264.25
2025-12-28,CAT,19.47,64670999000.0,29.94,None,1.563,44.14,,None,7459000000,7459000000,,,,,,,,,5822000000,573100000,None,26558000000,26558000000,7022000000,None,11514000000,18535000000,None,None,1477000000,,5.84,0.01,,,,-0.036,0.43,4929000000,6406000000,4.52,2019-06-30,26.45,6211000000,19478999000.0,9781000000,3974000000,1120000000,1733000000,1733000000,None,260000000,None,12007000000,None,None,24764000000,None,13615000000,2854000000,None,None,None,0.177,,5997000000,3784000000,1818000000,7936000000,None,4362000000,None,,,,,2.007,13.22,4.223,,,,,,,,0.143,,13172000000,2025-10-29,quarterly,4.95,USD,pre-market,1084000000,32981000000,0.082,0.463,0.095,136.6,3190000000,36278000000,11514000000,None,429.86,565.63,9.5133,79187000000,39789000000,27735000000,64309000000,39398000000,36574000000,36339000000,14837000000,29.94,-22467000000,627.5,264.25
2025-12-28,CAT,19.47,64670999000.0,29.94,None,1.563,44.14,,None,7158000000,7158000000,,,,,,,,,5804000000,578800000,None,26558000000,26558000000,7198000000,None,11542000000,17893000000,None,None,1477000000,,5.84,0.01,,,,-0.036,0.43,4929000000,6406000000,4.52,2019-03-31,26.45,6191000000,19478999000.0,9781000000,3974000000,1120000000,1807000000,1807000000,None,260000000,None,12340000000,None,None,24240000000,None,13823000000,2854000000,None,None,None,0.177,,5997000000,3784000000,1765000000,7294000000,None,11620000000,None,,,,,2.007,13.22,4.223,,,,,,,,0.143,,13259000000,2025-10-29,quarterly,4.95,USD,pre-market,1084000000,32435000000,0.082,0.463,0.095,136.6,3190000000,35782000000,11542000000,None,429.86,565.63,9.5133,78726000000,39126000000,27388000000,63248000000,39600000000,35860000000,36339000000,15437000000,29.94,-21214000000,627.5,264.25
2025-12-28,CAT,19.47,64670999000.0,29.94,None,1.563,44.14,,None,7890000000,7890000000,,,,,,,,,5827000000,587600000,None,26558000000,26558000000,7051000000,None,10000000,17452000000,None,None,1477000000,,5.84,0.01,,,,-0.036,0.43,4929000000,6406000000,4.52,2018-12-31,26.45,6217000000,19478999000.0,9781000000,3974000000,1120000000,1897000000,1897000000,None,260000000,None,11529000000,None,None,25000000000,None,14447000000,2854000000,None,None,None,0.177,,5997000000,3784000000,1765000000,8371000000,None,11211000000,None,,,,,2.007,13.22,4.223,,,,,,,,0.143,,13574000000,2025-10-29,quarterly,4.95,USD,pre-market,1084000000,30427000000,0.082,0.463,0.095,136.6,3190000000,36553000000,11553000000,None,429.86,565.63,9.5133,78509000000,38603000000,28218000000,64429000000,39906000000,36211000000,36339000000,14039000000,29.94,-20531000000,627.5,264.25
2025-12-28,CAT,19.47,64670999000.0,29.94,None,1.563,44.14,,None,8046000000,8046000000,,,,,,,,,5715000000,599400000,None,26558000000,26558000000,6788000000,None,None,16798000000,None,None,1477000000,,5.84,0.01,,,,-0.036,0.43,4929000000,6406000000,4.52,2018-09-30,26.45,6233000000,19478999000.0,9781000000,3974000000,1120000000,1976000000,1976000000,None,260000000,None,11814000000,None,None,25441000000,None,14373000000,2854000000,None,None,None,0.177,,5997000000,3784000000,1835000000,7422000000,None,10845000000,None,,,,,2.007,13.22,4.223,,,,,,,,0.143,,13607000000,2025-10-29,quarterly,4.95,USD,pre-market,1084000000,30384000000,0.082,0.463,0.095,136.6,3190000000,35773000000,10332000000,198000000,429.86,565.63,9.5133,78209000000,38454000000,26033000000,62319000000,39755000000,36286000000,36339000000,15850000000,29.94,-18681000000,627.5,264.25
2025-12-28,CAT,19.47,64670999000.0,29.94,None,1.563,44.14,,None,8654000000,8654000000,,,,,,,,,5746000000,604200000,None,26558000000,26558000000,6831000000,None,36172000000,16897000000,None,None,1477000000,,5.84,0.01,,,,-0.036,0.43,4929000000,6406000000,4.52,2018-06-30,26.45,6249000000,19478999000.0,9781000000,3974000000,1120000000,2039000000,2039000000,None,260000000,None,11255000000,None,None,23699000000,None,14402000000,2854000000,None,None,None,0.177,,5997000000,3784000000,1835000000,7621000000,None,12046000000,None,,,,,2.007,13.22,4.223,,,,,,,,0.143,,13752000000,2025-10-29,quarterly,4.95,USD,pre-market,1084000000,28657000000,0.082,0.463,0.095,136.6,3190000000,36169000000,12470000000,310000000,429.86,565.63,9.5133,78987000000,38641000000,28300000000,64045000000,40346000000,35745000000,36339000000,14879000000,29.94,-18028000000,627.5,264.25
2025-12-28,CAT,19.47,64670999000.0,29.94,None,1.563,44.14,,None,7888000000,7888000000,,,,,,,,,5640000000,608000000,None,26558000000,26558000000,6938000000,None,35318000000,16666000000,None,None,1477000000,,5.84,0.01,,,,-0.036,0.43,4929000000,6406000000,4.52,2018-03-31,26.45,6376000000,19478999000.0,9781000000,3974000000,1120000000,2163000000,2163000000,None,260000000,None,10947000000,None,None,23165000000,None,14363000000,2854000000,None,None,None,0.177,,5997000000,3784000000,1856000000,6915000000,None,12175000000,None,,,,,2.007,13.22,4.223,,,,,,,,0.143,,13912000000,2025-10-29,quarterly,4.95,USD,pre-market,1084000000,27929000000,0.082,0.463,0.095,136.6,3190000000,35315000000,12150000000,301000000,429.86,565.63,9.5133,78014000000,37357000000,27402000000,62742000000,40657000000,35340000000,36339000000,15206000000,29.94,-17347000000,627.5,264.25
2025-12-28,CAT,19.47,64670999000.0,29.94,None,1.563,44.14,,None,8261000000,8261000000,,,,,,,,,5593000000,596400000,None,26558000000,26558000000,6487000000,None,6000000,16193000000,None,None,1477000000,,5.84,0.01,,,,-0.036,0.43,4929000000,6406000000,4.52,2017-12-31,26.45,6200000000,19478999000.0,9781000000,3974000000,1120000000,2111000000,2111000000,None,260000000,None,10018000000,None,None,23847000000,None,14532000000,2854000000,None,None,None,0.177,,5997000000,3784000000,1772000000,7987000000,None,12418000000,None,,,,,2.007,13.22,4.223,,,,,,,,0.143,,14155000000,2025-10-29,quarterly,4.95,USD,pre-market,1084000000,26301000000,0.082,0.463,0.095,136.6,3190000000,34878000000,11031000000,338000000,429.86,565.63,9.5133,76962000000,36244000000,26931000000,63196000000,40718000000,36265000000,36339000000,13697000000,29.94,-17005000000,627.5,264.25
2025-12-28,CAT,19.47,64670999000.0,29.94,None,1.563,44.14,,None,9591000000,9591000000,,,,,,,,,5460000000,600100000,None,26558000000,26558000000,6113000000,None,5000000,15675000000,None,None,1477000000,,5.84,0.01,,,,-0.036,0.43,4929000000,6406000000,4.52,2017-09-30,26.45,6196000000,19478999000.0,9781000000,3974000000,1120000000,2175000000,2175000000,None,260000000,None,10212000000,None,None,24835000000,None,14161000000,2854000000,None,None,None,0.177,,5997000000,3784000000,1707000000,7191000000,None,12125000000,None,,,,,2.007,13.22,4.223,,,,,,,,0.143,,14187000000,2025-10-29,quarterly,4.95,USD,pre-market,1084000000,28530000000,0.082,0.463,0.095,136.6,3190000000,35924000000,11089000000,372000000,429.86,565.63,9.5133,78560000000,37185000000,25903000000,62863000000,41375000000,36960000000,36339000000,15627000000,29.94,-17130000000,627.5,264.25
2025-12-28,CAT,19.47,64670999000.0,29.94,None,1.563,44.14,,None,10232000000,10232000000,,,,,,,,,5316000000,595400000,None,26558000000,26558000000,5778000000,None,37193000000,15595000000,None,None,1477000000,,5.84,0.01,,,,-0.036,0.43,4929000000,6406000000,4.52,2017-06-30,26.45,6142000000,19478999000.0,9781000000,3974000000,1120000000,2232000000,2232000000,None,260000000,None,9388000000,None,None,23815000000,None,14137000000,2854000000,None,None,None,0.177,,5997000000,3784000000,1776000000,7445000000,None,12483000000,None,,,,,2.007,13.22,4.223,,,,,,,,0.143,,14420000000,2025-10-29,quarterly,4.95,USD,pre-market,1084000000,27471000000,0.082,0.463,0.095,136.6,3190000000,37192000000,13377000000,251000000,429.86,565.63,9.5133,78510000000,36991000000,28133000000,64431000000,41519000000,36298000000,36339000000,14009000000,29.94,-17307000000,627.5,264.25
2025-12-28,CAT,19.47,64670999000.0,29.94,None,1.563,44.14,,None,9472000000,9472000000,,,,,,,,,5222000000,593200000,None,26558000000,26558000000,5302000000,None,14557000000,15217000000,None,None,1477000000,,5.84,0.01,,,,-0.036,0.43,4929000000,6406000000,4.52,2017-03-31,26.45,6051000000,19478999000.0,9781000000,3974000000,1120000000,2287000000,2287000000,None,260000000,None,9082000000,None,None,23725000000,None,14370000000,2854000000,None,None,None,0.177,,5997000000,3784000000,1777000000,6393000000,None,12529000000,None,,,,,2.007,13.22,4.223,,,,,,,,0.143,,14727000000,2025-10-29,quarterly,4.95,USD,pre-market,1084000000,27584000000,0.082,0.463,0.095,136.6,3190000000,38282000000,14557000000,263000000,429.86,565.63,9.5133,77549000000,35548000000,27635000000,63889000000,42001000000,36254000000,36339000000,13588000000,29.94,-17391000000,627.5,264.25
2025-12-28,CAT,19.47,64670999000.0,29.94,None,1.563,44.14,,None,7168000000,7168000000,,,,,,,,,5277000000,585800000,None,26558000000,26558000000,4614000000,None,507000000,14503000000,None,None,1477000000,,5.84,0.01,,,,-0.036,0.43,4929000000,6406000000,4.52,2016-12-31,26.45,6020000000,19478999000.0,9781000000,3974000000,1120000000,2349000000,2349000000,None,260000000,None,8614000000,None,None,22818000000,None,14585000000,2854000000,None,None,None,0.177,,5997000000,3784000000,1682000000,6386000000,None,12541000000,None,,,,,2.007,13.22,4.223,,,,,,,,0.143,,15322000000,2025-10-29,quarterly,4.95,USD,pre-market,1084000000,27377000000,0.082,0.463,0.095,136.6,3190000000,36783000000,13965000000,220000000,429.86,565.63,9.5133,74704000000,31967000000,26132000000,61491000000,42737000000,35359000000,36339000000,13137000000,29.94,-17478000000,627.5,264.25
2025-12-28,CAT,19.47,64670999000.0,29.94,None,1.563,44.14,,None,6113000000,6113000000,,,,,,,,,5266000000,589600000,None,26558000000,26558000000,4713000000,None,13488000000,14516000000,None,None,1477000000,,5.84,0.01,,,,-0.036,0.43,4929000000,6406000000,4.52,2016-09-30,26.45,6725000000,19478999000.0,9781000000,3974000000,1120000000,2453000000,2453000000,None,260000000,None,9478000000,None,None,23622000000,None,14937000000,2854000000,None,None,None,0.177,,5997000000,3784000000,1892000000,5928000000,None,11775000000,None,,,,,2.007,13.22,4.223,,,,,,,,0.143,,15680000000,2025-10-29,quarterly,4.95,USD,pre-market,1084000000,29450000000,0.082,0.463,0.095,136.6,3190000000,37110000000,13488000000,238000000,429.86,565.63,9.5133,76402000000,31999000000,25290000000,60687000000,44403000000,35397000000,36339000000,15645000000,29.94,-17544000000,627.5,264.25
2025-12-28,CAT,19.47,64670999000.0,29.94,None,1.563,44.14,,None,6764000000,6764000000,,,,,,,,,5277000000,588600000,None,26558000000,26558000000,5104000000,None,14343000000,15527000000,None,None,1477000000,,5.84,0.01,,,,-0.036,0.43,4929000000,6406000000,4.52,2016-06-30,26.45,6677000000,19478999000.0,9781000000,3974000000,1120000000,2652000000,2652000000,None,260000000,None,9458000000,None,None,23980000000,None,14869000000,2854000000,None,None,None,0.177,,5997000000,3784000000,1857000000,6477000000,None,11834000000,None,,,,,2.007,13.22,4.223,,,,,,,,0.143,,15916000000,2025-10-29,quarterly,4.95,USD,pre-market,1084000000,29167000000,0.082,0.463,0.095,136.6,3190000000,38323000000,14343000000,239000000,429.86,565.63,9.5133,78300000000,33606000000,27183000000,62997000000,44694000000,35814000000,36339000000,15232000000,29.94,-17579000000,627.5,264.25
2025-12-28,CAT,19.47,64670999000.0,29.94,None,1.563,44.14,,None,5886000000,5886000000,,,,,,,,,5247000000,587700000,None,26558000000,26558000000,5101000000,None,13893000000,16166000000,None,None,1477000000,,5.84,0.01,,,,-0.036,0.43,4929000000,6406000000,4.52,2016-03-31,26.45,6710000000,19478999000.0,9781000000,3974000000,1120000000,2741000000,2741000000,None,260000000,None,9849000000,None,None,24470000000,None,14686000000,2854000000,None,None,None,0.177,,5997000000,3784000000,1847000000,5893000000,None,11869000000,None,,,,,2.007,13.22,4.223,,,,,,,,0.143,,15935000000,2025-10-29,quarterly,4.95,USD,pre-market,1084000000,29517000000,0.082,0.463,0.095,136.6,3190000000,38363000000,13893000000,234000000,429.86,565.63,9.5133,78307000000,33748000000,26215000000,62554000000,44559000000,36339000000,36339000000,15676000000,29.94,-17595000000,627.5,264.25
2025-12-28,CAT,19.47,64670999000.0,29.94,None,1.563,44.14,,None,6460000000,6460000000,,,,,,,,,5238000000,582300000,None,26558000000,26558000000,5023000000,None,517000000,15686000000,None,None,1477000000,,5.84,0.01,,,,-0.036,0.43,4929000000,6406000000,4.52,2015-12-31,26.45,6615000000,19478999000.0,9781000000,3974000000,1120000000,2821000000,2821000000,None,260000000,None,9700000000,None,None,25247000000,None,15067000000,2854000000,None,None,None,0.177,,5997000000,3784000000,1662000000,7229000000,None,12062000000,None,,,,,2.007,13.22,4.223,,,,,,,,0.143,,16090000000,2025-10-29,quarterly,4.95,USD,pre-market,1084000000,29246000000,0.082,0.463,0.095,136.6,3190000000,38091000000,12844000000,176000000,429.86,565.63,9.5133,78342000000,33508000000,26242000000,63457000000,44834000000,37215000000,36339000000,14809000000,29.94,-17640000000,627.5,264.25
2025-12-28,CAT,19.47,64670999000.0,29.94,None,1.563,44.14,,None,6046000000,6046000000,,,,,,,,,5190000000,594800000,None,26558000000,26558000000,5206000000,None,None,15645000000,None,None,1477000000,,5.84,0.01,,,,-0.036,0.43,4929000000,6406000000,4.52,2015-09-30,26.45,6546000000,19478999000.0,9781000000,3974000000,1120000000,2841000000,2841000000,None,260000000,None,11150000000,None,None,25208000000,None,15048000000,2854000000,None,None,None,0.177,,5997000000,3784000000,2439000000,6682000000,None,11960000000,None,,,,,2.007,13.22,4.223,,,,,,,,0.143,,15955000000,2025-10-29,quarterly,4.95,USD,pre-market,1084000000,35191000000,0.082,0.463,0.095,136.6,3190000000,37543000000,12335000000,146000000,429.86,565.63,9.5133,78969000000,35280000000,25833000000,63001000000,43689000000,37168000000,36339000000,15896000000,29.94,-17642000000,627.5,264.25
2025-12-28,CAT,19.47,64670999000.0,29.94,None,1.563,44.14,,None,7821000000,7821000000,,,,,,,,,5142000000,610700000,None,26558000000,26558000000,5862000000,None,None,16425000000,None,None,1477000000,,5.84,0.01,,,,-0.036,0.43,4929000000,6406000000,4.52,2015-06-30,26.45,6550000000,19478999000.0,9781000000,3974000000,1120000000,2863000000,2863000000,None,260000000,None,11681000000,None,None,27445000000,None,15217000000,2854000000,None,None,None,0.177,,5997000000,3784000000,2300000000,7115000000,None,12030000000,None,,,,,2.007,13.22,4.223,,,,,,,,0.143,,16136000000,2025-10-29,quarterly,4.95,USD,pre-market,1084000000,34823000000,0.082,0.463,0.095,136.6,3190000000,38320000000,10875000000,126000000,429.86,565.63,9.5133,82242000000,38227000000,25606000000,65081000000,44015000000,39475000000,36339000000,17092000000,29.94,-16144000000,627.5,264.25
2025-12-28,CAT,19.47,64670999000.0,29.94,None,1.563,44.14,,None,7563000000,7563000000,,,,,,,,,5101000000,612700000,None,26558000000,26558000000,6328000000,None,None,16623000000,None,None,1477000000,,5.84,0.01,,,,-0.036,0.43,4929000000,6406000000,4.52,2015-03-31,26.45,6493000000,19478999000.0,9781000000,3974000000,1120000000,2890000000,2890000000,None,260000000,None,12099000000,None,None,26803000000,None,15195000000,2854000000,None,None,None,0.177,,5997000000,3784000000,2206000000,6630000000,None,12083000000,None,,,,,2.007,13.22,4.223,,,,,,,,0.143,,16277000000,2025-10-29,quarterly,4.95,USD,pre-market,1084000000,34998000000,0.082,0.463,0.095,136.6,3190000000,38775000000,11972000000,116000000,429.86,565.63,9.5133,82490000000,38491000000,26566000000,65452000000,43999000000,38886000000,36339000000,16962000000,29.94,-16036000000,627.5,264.25
2025-12-28,CAT,19.47,64670999000.0,29.94,None,1.563,44.14,,None,7341000000,7341000000,,,,,,,,,5016000000,616000000,None,26558000000,26558000000,6515000000,None,510000000,16764000000,None,None,1477000000,,5.84,0.01,,,,-0.036,0.43,4929000000,6406000000,4.52,2014-12-31,26.45,6694000000,19478999000.0,9781000000,3974000000,1120000000,3076000000,3076000000,None,260000000,None,12205000000,None,None,27784000000,None,16265000000,2854000000,None,None,None,0.177,,5997000000,3784000000,2557000000,8164000000,None,12194000000,None,,,,,2.007,13.22,4.223,,,,,,,,0.143,,16577000000,2025-10-29,quarterly,4.95,USD,pre-market,1084000000,33887000000,0.082,0.463,0.095,136.6,3190000000,39285000000,11501000000,135000000,429.86,565.63,9.5133,84681000000,38867000000,27877000000,67855000000,45814000000,39978000000,36339000000,16746000000,29.94,-15726000000,627.5,264.25
2025-12-28,CAT,19.47,64670999000.0,29.94,None,1.563,44.14,,None,6082000000,6082000000,,,,,,,,,4968000000,622800000,None,26558000000,26558000000,6778000000,None,None,17012000000,None,None,1477000000,,5.84,0.01,,,,-0.036,0.43,4929000000,6406000000,4.52,2014-09-30,26.45,6801000000,19478999000.0,9781000000,3974000000,1120000000,3210000000,3210000000,None,260000000,None,13328000000,None,None,28180000000,None,16429000000,2854000000,None,None,None,0.177,,5997000000,3784000000,2620000000,7544000000,None,9823000000,None,,,,,2.007,13.22,4.223,,,,,,,,0.143,,16431000000,2025-10-29,quarterly,4.95,USD,pre-market,1084000000,33977000000,0.082,0.463,0.095,136.6,3190000000,39282000000,11102000000,522000000,429.86,565.63,9.5133,84488000000,39042000000,27589000000,65592000000,45446000000,38003000000,36339000000,18823000000,29.94,-15765000000,627.5,264.25
2025-12-28,CAT,19.47,64670999000.0,29.94,None,1.563,44.14,,None,7927000000,7927000000,,,,,,,,,4890000000,638300000,None,26558000000,26558000000,6860000000,None,None,17524000000,None,None,1477000000,,5.84,0.01,,,,-0.036,0.43,4929000000,6406000000,4.52,2014-06-30,26.45,6969000000,19478999000.0,9781000000,3974000000,1120000000,3398000000,3398000000,None,260000000,None,13055000000,None,None,27307000000,None,1807000000,2854000000,None,None,None,0.177,,5997000000,3784000000,2770000000,7601000000,None,9856000000,None,,,,,2.007,13.22,4.223,,,,,,,,0.143,,16690000000,2025-10-29,quarterly,4.95,USD,pre-market,1084000000,32961000000,0.082,0.463,0.095,136.6,3190000000,40243000000,12936000000,605000000,429.86,565.63,9.5133,87827000000,41276000000,29741000000,66904000000,46551000000,37163000000,36339000000,20856000000,29.94,-13312000000,627.5,264.25
2025-12-28,CAT,19.47,64670999000.0,29.94,None,1.563,44.14,,None,5345000000,5345000000,,,,,,,,,4773000000,639300000,None,26558000000,26558000000,6731000000,None,None,17399000000,None,None,1477000000,,5.84,0.01,,,,-0.036,0.43,4929000000,6406000000,4.52,2014-03-31,26.45,6986000000,19478999000.0,9781000000,3974000000,1120000000,3509000000,3509000000,None,260000000,None,12888000000,None,None,26801000000,None,1550000000,2854000000,None,None,None,0.177,,5997000000,3784000000,2336000000,6774000000,None,9932000000,None,,,,,2.007,13.22,4.223,,,,,,,,0.143,,16716000000,2025-10-29,quarterly,4.95,USD,pre-market,1084000000,32775000000,0.082,0.463,0.095,136.6,3190000000,38091000000,11290000000,242000000,429.86,565.63,9.5133,84397000000,37968000000,27295000000,64028000000,46429000000,36733000000,36339000000,20305000000,29.94,-13442000000,627.5,264.25
2025-12-28,CAT,19.47,64670999000.0,29.94,None,1.563,44.14,,None,6081000000,6081000000,,,,,,,,,4709000000,649600000,None,26558000000,26558000000,6560000000,None,None,17176000000,None,None,1477000000,,5.84,0.01,,,,-0.036,0.43,4929000000,6406000000,4.52,2013-12-31,26.45,6956000000,19478999000.0,9781000000,3974000000,1120000000,3596000000,3596000000,None,260000000,None,12625000000,None,None,18720000000,None,1669000000,2854000000,None,None,None,0.177,,5997000000,3784000000,2453000000,7346000000,None,18001000000,None,,,,,2.007,13.22,4.223,,,,,,,,0.143,,17075000000,2025-10-29,quarterly,4.95,USD,pre-market,1084000000,31854000000,0.082,0.463,0.095,136.6,3190000000,37750000000,11031000000,241000000,429.86,565.63,9.5133,84896000000,38335000000,27297000000,64018000000,46593000000,36721000000,36339000000,20811000000,29.94,-11854000000,627.5,264.25
2025-12-28,CAT,19.47,64670999000.0,29.94,None,1.563,44.14,,None,6357000000,6357000000,,,,,,,,,4657000000,651900000,None,26558000000,26558000000,6280000000,None,None,17810000000,None,None,1477000000,,5.84,0.01,,,,-0.036,0.43,4929000000,6406000000,4.52,2013-09-30,26.45,6968000000,19478999000.0,9781000000,3974000000,1120000000,3718000000,3718000000,None,260000000,None,13392000000,None,None,18064000000,None,1607000000,2854000000,None,None,None,0.177,,5997000000,3784000000,2529000000,6618000000,None,21912000000,None,,,,,2.007,13.22,4.223,,,,,,,,0.143,,16588000000,2025-10-29,quarterly,4.95,USD,pre-market,1084000000,31614000000,0.082,0.463,0.095,136.6,3190000000,39537000000,13522000000,264000000,429.86,565.63,9.5133,87272000000,40088000000,29119000000,69095000000,47184000000,39976000000,36339000000,18110000000,29.94,-11914000000,627.5,264.25
2025-12-28,CAT,19.47,64670999000.0,29.94,None,1.563,44.14,,None,6110000000,6110000000,,,,,,,,,4591000000,662700000,None,26558000000,26558000000,6343000000,None,None,18342000000,None,None,1477000000,,5.84,0.01,,,,-0.036,0.43,4929000000,6406000000,4.52,2013-06-30,26.45,6814000000,19478999000.0,9781000000,3974000000,1120000000,3764000000,3764000000,None,260000000,None,13889000000,None,None,17731000000,None,1518000000,2854000000,None,None,None,0.177,,5997000000,3784000000,2464000000,6967000000,None,22047000000,None,,,,,2.007,13.22,4.223,,,,,,,,0.143,,16352000000,2025-10-29,quarterly,4.95,USD,pre-market,1084000000,30668000000,0.082,0.463,0.095,136.6,3190000000,39551000000,13871000000,293000000,429.86,565.63,9.5133,87375000000,40805000000,29919000000,69697000000,46570000000,39778000000,36339000000,17621000000,29.94,-10940000000,627.5,264.25
2025-12-28,CAT,19.47,64670999000.0,29.94,None,1.563,44.14,,None,5982000000,5982000000,,,,,,,,,4510000000,671600000,None,26558000000,26558000000,6221000000,None,None,18673000000,None,None,1477000000,,5.84,0.01,,,,-0.036,0.43,4929000000,6406000000,4.52,2013-03-31,26.45,6840000000,19478999000.0,9781000000,3974000000,1120000000,3875000000,3875000000,None,260000000,None,15074000000,None,None,18572000000,None,1441000000,2854000000,None,None,None,0.177,,5997000000,3784000000,2416000000,6587000000,None,22879000000,None,,,,,2.007,13.22,4.223,,,,,,,,0.143,,16276000000,2025-10-29,quarterly,4.95,USD,pre-market,1084000000,30438000000,0.082,0.463,0.095,136.6,3190000000,40486000000,13246000000,258000000,429.86,565.63,9.5133,88743000000,42145000000,28974000000,70425000000,46598000000,41451000000,36339000000,18274000000,29.94,-10005000000,627.5,264.25
2025-12-28,CAT,19.47,64670999000.0,29.94,None,1.563,44.14,,None,5490000000,5490000000,,,,,,,,,4481000000,669300000,None,26558000000,26558000000,6753000000,None,None,18566000000,None,None,1477000000,,5.84,0.01,,,,-0.036,0.43,4929000000,6406000000,4.52,2012-12-31,26.45,6942000000,19478999000.0,9781000000,3974000000,1120000000,4016000000,4016000000,None,260000000,None,15547000000,None,None,19086000000,None,1588000000,2854000000,None,None,None,0.177,,5997000000,3784000000,2535000000,7633000000,None,22933000000,None,,,,,2.007,13.22,4.223,,,,,,,,0.143,,16461000000,2025-10-29,quarterly,4.95,USD,pre-market,1084000000,29558000000,0.082,0.463,0.095,136.6,3190000000,40143000000,12391000000,162000000,429.86,565.63,9.5133,88970000000,42138000000,29415000000,71388000000,46832000000,41973000000,36339000000,17532000000,29.94,-10074000000,627.5,264.25
2025-12-28,CAT,19.47,64670999000.0,29.94,None,1.563,44.14,,None,5689000000,5689000000,,,,,,,,,4449000000,668700000,None,26558000000,26558000000,7978000000,None,None,18679000000,None,None,1477000000,,5.84,0.01,,,,-0.036,0.43,4929000000,6406000000,4.52,2012-09-30,26.45,7372000000,19478999000.0,9781000000,3974000000,1120000000,4166000000,4166000000,None,260000000,None,17550000000,None,None,17516000000,None,1621000000,2854000000,None,None,None,0.177,,5997000000,3784000000,2721000000,7407000000,None,23343000000,None,,,,,2.007,13.22,4.223,,,,,,,,0.143,,15509000000,2025-10-29,quarterly,4.95,USD,pre-market,1084000000,29541000000,0.082,0.463,0.095,136.6,3190000000,39852000000,13326000000,0,429.86,565.63,9.5133,90541000000,44639000000,31746000000,72605000000,45902000000,40859000000,36339000000,17884000000,29.94,-10118000000,627.5,264.25
2025-12-28,CAT,19.47,64670999000.0,29.94,None,1.563,44.14,,None,5103000000,5103000000,,,,,,,,,4373000000,669600000,None,26558000000,26558000000,8470000000,None,None,18826000000,None,None,1477000000,,5.84,0.01,,,,-0.036,0.43,4929000000,6406000000,4.52,2012-06-30,26.45,7320000000,19478999000.0,9781000000,3974000000,1120000000,4236000000,4236000000,None,260000000,None,17344000000,None,None,18092000000,None,927000000,2854000000,None,None,None,0.177,,5997000000,3784000000,3021000000,7616000000,None,23492000000,None,,,,,2.007,13.22,4.223,,,,,,,,0.143,,14928000000,2025-10-29,quarterly,4.95,USD,pre-market,1084000000,27842000000,0.082,0.463,0.095,136.6,3190000000,39316000000,12055000000,0,429.86,565.63,9.5133,88838000000,44294000000,31273000000,72857000000,44544000000,41584000000,36339000000,15926000000,29.94,-10139000000,627.5,264.25
2025-12-28,CAT,19.47,64670999000.0,29.94,None,1.563,44.14,,None,2864000000,2864000000,,,,,,,,,4351000000,670200000,None,26558000000,26558000000,8360000000,None,None,18301000000,None,None,1477000000,,5.84,0.01,,,,-0.036,0.43,4929000000,6406000000,4.52,2012-03-31,26.45,7081000000,19478999000.0,9781000000,3974000000,1120000000,4287000000,4287000000,None,260000000,None,16511000000,None,None,16780000000,None,1041000000,2854000000,None,None,None,0.177,,5997000000,3784000000,2533000000,6806000000,None,22808000000,None,,,,,2.007,13.22,4.223,,,,,,,,0.143,,14571000000,2025-10-29,quarterly,4.95,USD,pre-market,1084000000,26815000000,0.082,0.463,0.095,136.6,3190000000,35953000000,10762000000,0,429.86,565.63,9.5133,83908000000,40209000000,28849000000,68437000000,43699000000,39588000000,36339000000,14969000000,29.94,-10164000000,627.5,264.25
2025-12-28,CAT,19.47,64670999000.0,29.94,None,1.563,44.14,,None,3057000000,3057000000,,,,,,,,,4273000000,650000000,None,26558000000,26558000000,8161000000,None,None,17725000000,None,None,1477000000,,5.84,0.01,,,,-0.036,0.43,4929000000,6406000000,4.52,2011-12-31,26.45,7080000000,19478999000.0,9781000000,3974000000,1120000000,4368000000,4368000000,None,260000000,None,14544000000,None,None,16529000000,None,1263000000,2854000000,None,None,None,0.177,,5997000000,3784000000,2574000000,8061000000,None,22954000000,None,,,,,2.007,13.22,4.223,,,,,,,,0.143,,14395000000,2025-10-29,quarterly,4.95,USD,pre-market,1084000000,25219000000,0.082,0.463,0.095,136.6,3190000000,34592000000,9648000000,70000000,429.86,565.63,9.5133,81218000000,37900000000,28357000000,68289000000,43318000000,39932000000,36339000000,12883000000,29.94,-10281000000,627.5,264.25
2025-12-28,CAT,19.47,64670999000.0,29.94,None,1.563,44.14,,None,3229000000,3229000000,,,,,,,,,4229000000,666000000,None,26558000000,26558000000,7524000000,None,None,17306000000,None,None,1477000000,,5.84,0.01,,,,-0.036,0.43,4929000000,6406000000,4.52,2011-09-30,26.45,7778000000,19478999000.0,9781000000,3974000000,1120000000,4529000000,4529000000,None,260000000,None,14412000000,None,None,17878000000,None,1404000000,2854000000,None,None,None,0.177,,5997000000,3784000000,1917000000,7441000000,None,19967000000,None,,,,,2.007,13.22,4.223,,,,,,,,0.143,,13397000000,2025-10-29,quarterly,4.95,USD,pre-market,1084000000,24251000000,0.082,0.463,0.095,136.6,3190000000,34289000000,7508000000,78000000,429.86,565.63,9.5133,77767000000,36864000000,25218000000,63063000000,40903000000,37845000000,36339000000,14162000000,29.94,-10299000000,627.5,264.25
2025-12-28,CAT,19.47,64670999000.0,29.94,None,1.563,44.14,,None,10715000000,10715000000,,,,,,,,,4165000000,667200000,None,26558000000,26558000000,6858000000,None,None,17033000000,None,None,1477000000,,5.84,0.01,,,,-0.036,0.43,4929000000,6406000000,4.52,2011-06-30,26.45,2610000000,19478999000.0,9781000000,3974000000,1120000000,775000000,775000000,None,260000000,None,11359000000,None,None,17013000000,None,1146000000,2854000000,None,None,None,0.177,,5997000000,3784000000,1648000000,6373000000,None,19192000000,None,,,,,2.007,13.22,4.223,,,,,,,,0.143,,12430000000,2025-10-29,quarterly,4.95,USD,pre-market,1084000000,23081000000,0.082,0.463,0.095,136.6,3190000000,34382000000,8456000000,76000000,429.86,565.63,9.5133,73611000000,40755000000,23510000000,59715000000,32856000000,36205000000,36339000000,13391000000,29.94,-10311000000,627.5,264.25
2025-12-28,CAT,19.47,64670999000.0,29.94,None,1.563,44.14,,None,4869000000,4869000000,,,,,,,,,4044000000,664900000,None,26558000000,26558000000,5990000000,None,None,17288000000,None,None,1477000000,,5.84,0.01,,,,-0.036,0.43,4929000000,6406000000,4.52,2011-03-31,26.45,2608000000,19478999000.0,9781000000,3974000000,1120000000,794000000,794000000,None,260000000,None,10676000000,None,None,15428000000,None,626000000,2854000000,None,None,None,0.177,,5997000000,3784000000,1775000000,5738000000,None,14681000000,None,,,,,2.007,13.22,4.223,,,,,,,,0.143,,12219000000,2025-10-29,quarterly,4.95,USD,pre-market,1084000000,22640000000,0.082,0.463,0.095,136.6,3190000000,29586000000,9691000000,72000000,429.86,565.63,9.5133,66387000000,34608000000,23147000000,53256000000,31779000000,30109000000,36339000000,12629000000,29.94,-10331000000,627.5,264.25
2025-12-28,CAT,19.47,64670999000.0,29.94,None,1.563,44.14,,None,3592000000,3592000000,,,,,,,,,3888000000,641400000,None,26558000000,26558000000,5856000000,None,None,16792000000,None,None,1477000000,,5.84,0.01,,,,-0.036,0.43,4929000000,6406000000,4.52,2010-12-31,26.45,2614000000,19478999000.0,9781000000,3974000000,1120000000,805000000,805000000,None,260000000,None,9587000000,None,None,15932000000,None,957000000,2854000000,None,None,None,0.177,,5997000000,3784000000,1839000000,6352000000,None,14743000000,None,,,,,2.007,13.22,4.223,,,,,,,,0.143,,12539000000,2025-10-29,quarterly,4.95,USD,pre-market,1084000000,21384000000,0.082,0.463,0.095,136.6,3190000000,28418000000,7981000000,75000000,429.86,565.63,9.5133,64020000000,31810000000,22020000000,53156000000,32210000000,31136000000,36339000000,10824000000,29.94,-10397000000,627.5,264.25
2025-12-28,CAT,19.47,64670999000.0,29.94,None,1.563,44.14,,None,2265000000,2265000000,,,,,,,,,3757000000,651600000,None,26558000000,26558000000,4970000000,None,None,15328000000,None,None,1477000000,,5.84,0.01,,,,-0.036,0.43,4929000000,6406000000,4.52,2010-09-30,26.45,2634000000,19478999000.0,9781000000,3974000000,1120000000,824000000,824000000,None,260000000,None,9006000000,None,None,15800000000,None,1116000000,2854000000,None,None,None,0.177,,5997000000,3784000000,1978000000,5467000000,None,15332000000,None,,,,,2.007,13.22,4.223,,,,,,,,0.143,,12065000000,2025-10-29,quarterly,4.95,USD,pre-market,1084000000,20955000000,0.082,0.463,0.095,136.6,3190000000,28608000000,8271000000,70000000,429.86,565.63,9.5133,61642000000,28577000000,20178000000,51310000000,33065000000,31132000000,36339000000,9837000000,29.94,-10463000000,627.5,264.25
2025-12-28,CAT,19.47,64670999000.0,29.94,None,1.563,44.14,,None,3597000000,3597000000,,,,,,,,,3636000000,647000000,None,26558000000,26558000000,3975000000,None,None,14434000000,None,None,1477000000,,5.84,0.01,,,,-0.036,0.43,4929000000,6406000000,4.52,2010-06-30,26.45,2292000000,19478999000.0,9781000000,3974000000,1120000000,485000000,485000000,None,260000000,None,7339000000,None,None,15398000000,None,1304000000,2854000000,None,None,None,0.177,,5997000000,3784000000,2006000000,5478000000,None,13907000000,None,,,,,2.007,13.22,4.223,,,,,,,,0.143,,11763000000,2025-10-29,quarterly,4.95,USD,pre-market,1084000000,20133000000,0.082,0.463,0.095,136.6,3190000000,29153000000,8927000000,63000000,429.86,565.63,9.5133,58793000000,27376000000,19784000000,49089000000,31417000000,29305000000,36339000000,9185000000,29.94,-10539000000,627.5,264.25
2025-12-28,CAT,19.47,64670999000.0,29.94,None,1.563,44.14,,None,3538000000,3538000000,,,,,,,,,3482000000,643500000,None,26558000000,26558000000,3431000000,None,None,14191000000,None,None,1477000000,,5.84,0.01,,,,-0.036,0.43,4929000000,6406000000,4.52,2010-03-31,26.45,2284000000,19478999000.0,9781000000,3974000000,1120000000,488000000,488000000,None,260000000,None,6990000000,None,None,16413000000,None,855000000,2854000000,None,None,None,0.177,,5997000000,3784000000,1693000000,6364000000,None,14532000000,None,,,,,2.007,13.22,4.223,,,,,,,,0.143,,12057000000,2025-10-29,quarterly,4.95,USD,pre-market,1084000000,19941000000,0.082,0.463,0.095,136.6,3190000000,30170000000,8622000000,55000000,429.86,565.63,9.5133,58836000000,26412000000,18417000000,49814000000,32424000000,31397000000,36339000000,8942000000,29.94,-10595000000,627.5,264.25
2025-12-28,CAT,19.47,64670999000.0,29.94,None,1.563,44.14,,None,4867000000,4867000000,,,,,,,,,3439000000,626400000,None,26558000000,26558000000,2993000000,None,None,13912000000,None,None,1477000000,,5.84,0.01,,,,-0.036,0.43,4929000000,6406000000,4.52,2009-12-31,26.45,2269000000,19478999000.0,9781000000,3974000000,1120000000,465000000,465000000,None,260000000,None,6360000000,None,None,16195000000,None,1076000000,2854000000,None,None,None,0.177,,5997000000,3784000000,2078000000,4981000000,None,15251000000,None,,,,,2.007,13.22,4.223,,,,,,,,0.143,,12386000000,2025-10-29,quarterly,4.95,USD,pre-market,1084000000,19711000000,0.082,0.463,0.095,136.6,3190000000,31631000000,9784000000,43000000,429.86,565.63,9.5133,60038000000,27217000000,18975000000,50738000000,33249000000,31763000000,36339000000,8740000000,29.94,-10646000000,627.5,264.25
2025-12-28,CAT,19.47,64670999000.0,29.94,None,1.563,44.14,,None,4188000000,4188000000,,,,,,,,,3392000000,635500000,None,26558000000,26558000000,2714000000,None,None,13524000000,None,None,1477000000,,5.84,0.01,,,,-0.036,0.43,4929000000,6406000000,4.52,2009-09-30,26.45,2272000000,19478999000.0,9781000000,3974000000,1120000000,474000000,474000000,None,260000000,None,6815000000,None,None,17360000000,None,968000000,2854000000,None,None,None,0.177,,5997000000,3784000000,1696000000,6196000000,None,17008000000,None,,,,,2.007,13.22,4.223,,,,,,,,0.143,,12250000000,2025-10-29,quarterly,4.95,USD,pre-market,1084000000,20026000000,0.082,0.463,0.095,136.6,3190000000,32116000000,9047000000,26000000,429.86,565.63,9.5133,60838000000,26223000000,17957000000,52756000000,34615000000,34799000000,36339000000,7976000000,29.94,10702000000,627.5,264.25
2025-12-28,CAT,19.47,64670999000.0,29.94,None,1.563,44.14,,None,3991000000,3991000000,,,,,,,,,3347000000,619800000,None,26558000000,26558000000,2682000000,None,None,14644000000,None,None,1477000000,,5.84,0.01,,,,-0.036,0.43,4929000000,6406000000,4.52,2009-06-30,26.45,2264000000,19478999000.0,9781000000,3974000000,1120000000,485000000,485000000,None,260000000,None,7160000000,None,None,23558000000,None,None,2854000000,None,None,None,0.177,,5997000000,3784000000,1588000000,5524000000,None,None,None,,,,,2.007,13.22,4.223,,,,,,,,0.143,,12226000000,2025-10-29,quarterly,4.95,USD,pre-market,1084000000,19579000000,0.082,0.463,0.095,136.6,3190000000,33296000000,9738000000,27000000,429.86,565.63,9.5133,62092000000,27383000000,19490000000,54236000000,34709000000,34746000000,36339000000,7275000000,29.94,-10745000000,627.5,264.25
2025-12-28,CAT,19.47,64670999000.0,29.94,None,1.563,44.14,,None,3566000000,3566000000,,,,,,,,,3086000000,602100000,None,26558000000,26558000000,3340000000,None,None,16066000000,None,None,1477000000,,5.84,0.01,,,,-0.036,0.43,4929000000,6406000000,4.52,2009-03-31,26.45,2256000000,19478999000.0,9781000000,3974000000,1120000000,492000000,492000000,None,260000000,None,7992000000,None,None,23466000000,None,None,2854000000,None,None,None,0.177,,5997000000,3784000000,2048000000,7324000000,None,None,None,,,,,2.007,13.22,4.223,,,,,,,,0.143,,12342000000,2025-10-29,quarterly,4.95,USD,pre-market,1084000000,19694000000,0.082,0.463,0.095,136.6,3190000000,34891000000,11425000000,38000000,429.86,565.63,9.5133,64440000000,29672000000,22089000000,58104000000,34768000000,36015000000,36339000000,6234000000,29.94,-11214000000,627.5,264.25
2025-12-28,CAT,19.47,64670999000.0,29.94,None,1.563,44.14,,None,2736000000,2736000000,,,,,,,,,3057000000,602100000,None,26558000000,26558000000,4827000000,None,None,18128000000,None,None,1477000000,,5.84,0.01,,,,-0.036,0.43,4929000000,6406000000,4.52,2008-12-31,26.45,2261000000,19478999000.0,9781000000,3974000000,1120000000,511000000,511000000,None,260000000,None,8781000000,None,None,22834000000,None,None,2854000000,None,None,None,0.177,,5997000000,3784000000,2240000000,6199000000,None,None,None,,,,,2.007,13.22,4.223,,,,,,,,0.143,,12524000000,2025-10-29,quarterly,4.95,USD,pre-market,1084000000,19826000000,0.082,0.463,0.095,136.6,3190000000,35535000000,12701000000,51000000,429.86,565.63,9.5133,67782000000,31885000000,25625000000,61068000000,36149000000,35443000000,36339000000,6087000000,29.94,-11217000000,627.5,264.25
2025-12-28,CAT,19.47,64670999000.0,29.94,None,1.563,44.14,,None,2138000000,2138000000,,,,,,,,,2993000000,624800000,None,26558000000,26558000000,5149000000,None,None,17674000000,None,None,1477000000,,5.84,0.01,,,,-0.036,0.43,4929000000,6406000000,4.52,2008-09-30,26.45,2234000000,19478999000.0,9781000000,3974000000,1120000000,536000000,536000000,None,260000000,None,9290000000,None,None,19794000000,None,None,2854000000,None,None,None,0.177,,5997000000,3784000000,1422000000,7841000000,None,None,None,,,,,2.007,13.22,4.223,,,,,,,,0.143,,11817000000,2025-10-29,quarterly,4.95,USD,pre-market,1084000000,19673000000,0.082,0.463,0.095,136.6,3190000000,34164000000,14370000000,76000000,429.86,565.63,9.5133,64229000000,30524000000,27360000000,54120000000,33705000000,26760000000,36339000000,9645000000,29.94,-11109000000,627.5,264.25
2025-12-28,CAT,19.47,64670999000.0,29.94,None,1.563,44.14,,None,782000000,782000000,,,,,,,,,2897000000,635500000,None,26558000000,26558000000,5357000000,None,None,17322000000,None,None,1477000000,,5.84,0.01,,,,-0.036,0.43,4929000000,6406000000,4.52,2008-06-30,26.45,1994000000,19478999000.0,9781000000,3974000000,1120000000,492000000,492000000,None,260000000,None,8303000000,None,None,17643000000,None,None,2854000000,None,None,None,0.177,,5997000000,3784000000,1451000000,7684000000,None,None,None,,,,,2.007,13.22,4.223,,,,,,,,0.143,,10394000000,2025-10-29,quarterly,4.95,USD,pre-market,1084000000,18918000000,0.082,0.463,0.095,136.6,3190000000,30996000000,13353000000,86000000,429.86,565.63,9.5133,60453000000,27858000000,26394000000,50983000000,32595000000,24589000000,36339000000,9470000000,29.94,-10730000000,627.5,264.25
2025-12-28,CAT,19.47,64670999000.0,29.94,None,1.563,44.14,,None,777000000,777000000,,,,,,,,,2754000000,637900000,None,26558000000,26558000000,5156000000,None,None,16831000000,None,None,1477000000,,5.84,0.01,,,,-0.036,0.43,4929000000,6406000000,4.52,2008-03-31,26.45,1963000000,19478999000.0,9781000000,3974000000,1120000000,454000000,454000000,None,260000000,None,8082000000,None,None,17654000000,None,None,2854000000,None,None,None,0.177,,5997000000,3784000000,1217000000,7009000000,None,None,None,,,,,2.007,13.22,4.223,,,,,,,,0.143,,10050000000,2025-10-29,quarterly,4.95,USD,pre-market,1084000000,18289000000,0.082,0.463,0.095,136.6,3190000000,29805000000,12151000000,85000000,429.86,565.63,9.5133,58204000000,26907000000,24316000000,48986000000,31297000000,24670000000,36339000000,9218000000,29.94,-10115000000,627.5,264.25
2025-12-28,CAT,19.47,64670999000.0,29.94,None,1.563,44.14,,None,1122000000,1122000000,,,,,,,,,2744000000,617500000,None,26558000000,26558000000,4723000000,None,None,15752000000,None,None,1477000000,,5.84,0.01,,,,-0.036,0.43,4929000000,6406000000,4.52,2007-12-31,26.45,1963000000,19478999000.0,9781000000,3974000000,1120000000,475000000,475000000,None,260000000,None,7204000000,None,None,17829000000,None,None,2854000000,None,None,None,0.177,,5997000000,3784000000,1399000000,5480000000,None,None,None,,,,,2.007,13.22,4.223,,,,,,,,0.143,,9997000000,2025-10-29,quarterly,4.95,USD,pre-market,1084000000,17398000000,0.082,0.463,0.095,136.6,3190000000,28429000000,10600000000,95000000,429.86,565.63,9.5133,56132000000,25477000000,22245000000,47136000000,30655000000,24891000000,36339000000,8883000000,29.94,-9451000000,627.5,264.25
2025-12-28,CAT,19.47,64670999000.0,29.94,None,1.563,44.14,,None,910000000,910000000,,,,,,,,,2759000000,660000000,None,26558000000,26558000000,4426000000,None,None,15080000000,None,None,1477000000,,5.84,0.01,,,,-0.036,0.43,4929000000,6406000000,4.52,2007-09-30,26.45,1937000000,19478999000.0,9781000000,3974000000,1120000000,456000000,456000000,None,260000000,None,7187000000,None,None,17153000000,None,None,2854000000,None,None,None,0.177,,5997000000,3784000000,1745000000,6345000000,None,None,None,,,,,2.007,13.22,4.223,,,,,,,,0.143,,9436000000,2025-10-29,quarterly,4.95,USD,pre-market,1084000000,16877000000,0.082,0.463,0.095,136.6,3190000000,27455000000,10302000000,99000000,429.86,565.63,9.5133,54799000000,24922000000,21073000000,46191000000,29877000000,25118000000,36339000000,8608000000,29.94,-8547000000,627.5,264.25
2025-12-28,CAT,19.47,64670999000.0,29.94,None,1.563,44.14,,None,562000000,562000000,,,,,,,,,2655000000,662800000,None,26558000000,26558000000,4130000000,None,None,14656000000,None,None,1477000000,,5.84,0.01,,,,-0.036,0.43,4929000000,6406000000,4.52,2007-06-30,26.45,1937000000,19478999000.0,9781000000,3974000000,1120000000,467000000,467000000,None,260000000,None,7106000000,None,None,17955000000,None,None,2854000000,None,None,None,0.177,,5997000000,3784000000,1806000000,6074000000,None,None,None,,,,,2.007,13.22,4.223,,,,,,,,0.143,,9127000000,2025-10-29,quarterly,4.95,USD,pre-market,1084000000,15951000000,0.082,0.463,0.095,136.6,3190000000,27556000000,9601000000,97000000,429.86,565.63,9.5133,53506000000,24130000000,19805000000,45675000000,29376000000,25870000000,36339000000,7831000000,29.94,-8154000000,627.5,264.25
2025-12-28,CAT,19.47,64670999000.0,29.94,None,1.563,44.14,,None,607000000,607000000,,,,,,,,,2518000000,665200000,None,26558000000,26558000000,4044000000,None,None,14716000000,None,None,1477000000,,5.84,0.01,,,,-0.036,0.43,4929000000,6406000000,4.52,2007-03-31,26.45,1940000000,19478999000.0,9781000000,3974000000,1120000000,460000000,460000000,None,260000000,None,7131000000,None,None,17017000000,None,None,2854000000,None,None,None,0.177,,5997000000,3784000000,1504000000,5567000000,None,None,None,,,,,2.007,13.22,4.223,,,,,,,,0.143,,8892000000,2025-10-29,quarterly,4.95,USD,pre-market,1084000000,15550000000,0.082,0.463,0.095,136.6,3190000000,27356000000,10339000000,102000000,429.86,565.63,9.5133,52248000000,23958000000,19950000000,44756000000,28290000000,24806000000,36339000000,7492000000,29.94,-7789000000,627.5,264.25
2025-12-28,CAT,19.47,64670999000.0,29.94,None,1.563,44.14,,None,530000000,530000000,,,,,,,,,2465000000,643900000,None,26558000000,26558000000,4085000000,None,None,15411000000,None,None,1477000000,,5.84,0.01,,,,-0.036,0.43,4929000000,6406000000,4.52,2006-12-31,26.45,1904000000,19478999000.0,9781000000,3974000000,1120000000,387000000,387000000,None,260000000,None,6351000000,None,None,17680000000,None,None,2854000000,None,None,None,0.177,,5997000000,3784000000,1371000000,5200000000,None,None,None,,,,,2.007,13.22,4.223,,,,,,,,0.143,,8851000000,2025-10-29,quarterly,4.95,USD,pre-market,1084000000,14593000000,0.082,0.463,0.095,136.6,3190000000,27296000000,9616000000,None,429.86,565.63,9.5133,51449000000,23663000000,19822000000,44590000000,27786000000,24768000000,36339000000,6859000000,29.94,-7352000000,627.5,264.25
2025-12-28,CAT,19.47,64670999000.0,29.94,None,1.563,44.14,,None,553000000,553000000,,,,,,,,,2441000000,677200000,None,26558000000,26558000000,3857000000,None,None,14622000000,None,None,1477000000,,5.84,0.01,,,,-0.036,0.43,4929000000,6406000000,4.52,2006-09-30,26.45,1877000000,19478999000.0,9781000000,3974000000,1120000000,646000000,646000000,None,260000000,None,6411000000,None,None,18145000000,None,None,2854000000,None,None,None,0.177,,5997000000,3784000000,2510000000,4877000000,None,None,None,,,,,2.007,13.22,4.223,,,,,,,,0.143,,8424000000,2025-10-29,quarterly,4.95,USD,pre-market,1084000000,14100000000,0.082,0.463,0.095,136.6,3190000000,27411000000,9266000000,None,429.86,565.63,9.5133,50483000000,24096000000,18685000000,41455000000,26387000000,22770000000,36339000000,9028000000,29.94,-7031000000,627.5,264.25
2025-12-28,CAT,19.47,64670999000.0,29.94,None,1.563,44.14,,None,648000000,648000000,,,,,,,,,2393000000,688500000,None,26558000000,26558000000,3936000000,None,None,14900000000,None,None,1477000000,,5.84,0.01,,,,-0.036,0.43,4929000000,6406000000,4.52,2006-06-30,26.45,1834000000,19478999000.0,9781000000,3974000000,1120000000,655000000,655000000,None,260000000,None,6254000000,None,None,15939000000,None,None,2854000000,None,None,None,0.177,,5997000000,3784000000,2529000000,5197000000,None,None,None,,,,,2.007,13.22,4.223,,,,,,,,0.143,,8281000000,2025-10-29,quarterly,4.95,USD,pre-market,1084000000,13330000000,0.082,0.463,0.095,136.6,3190000000,27292000000,11353000000,None,429.86,565.63,9.5133,49905000000,24331000000,21127000000,41272000000,25574000000,20145000000,36339000000,8633000000,29.94,-6613000000,627.5,264.25
2025-12-28,CAT,19.47,64670999000.0,29.94,None,1.563,44.14,,None,1108000000,1108000000,,,,,,,,,1859000000,678000000,None,26558000000,26558000000,3471000000,None,None,13968000000,None,None,1477000000,,5.84,0.01,,,,-0.036,0.43,4929000000,6406000000,4.52,2006-03-31,26.45,1451000000,19478999000.0,9781000000,3974000000,1120000000,424000000,424000000,None,260000000,None,5224000000,None,None,15370000000,None,None,2854000000,None,None,None,0.177,,5997000000,3784000000,2490000000,5158000000,None,None,None,,,,,2.007,13.22,4.223,,,,,,,,0.143,,7884000000,2025-10-29,quarterly,4.95,USD,pre-market,1084000000,11808000000,0.082,0.463,0.095,136.6,3190000000,25745000000,10068000000,None,429.86,565.63,9.5133,47069000000,22790000000,19092000000,38637000000,24279000000,19545000000,36339000000,8432000000,29.94,-5193000000,627.5,264.25
2025-12-28,CAT,19.47,64670999000.0,29.94,None,1.563,44.14,,None,1108000000,1108000000,,,,,,,,,1859000000,678000000,None,26558000000,26558000000,3471000000,None,None,13968000000,None,None,1477000000,,5.84,0.01,,,,-0.036,0.43,4929000000,6406000000,4.52,2005-12-31,26.45,1451000000,19478999000.0,9781000000,3974000000,1120000000,424000000,424000000,None,260000000,None,5224000000,None,None,15677000000,None,None,2854000000,None,None,None,0.177,,5997000000,3784000000,2490000000,5158000000,None,None,None,,,,,2.007,13.22,4.223,,,,,,,,0.143,,7988000000,2025-10-29,quarterly,4.95,USD,pre-market,1084000000,11808000000,0.082,0.463,0.095,136.6,3190000000,25745000000,10068000000,1108000000,429.86,565.63,9.5133,47069000000,22790000000,19092000000,38637000000,24279000000,19545000000,36339000000,8432000000,29.94,-4637000000,627.5,264.25
2025-12-28,CAT,19.47,64670999000.0,29.94,None,1.563,44.14,,None,967000000,967000000,,,,,,,,,1821000000,710700000,None,26558000000,26558000000,3425000000,None,None,13044000000,None,None,1477000000,,5.84,0.01,,,,-0.036,0.43,4929000000,6406000000,4.52,2005-09-30,26.45,1451000000,19478999000.0,9781000000,3974000000,1120000000,1913000000,1913000000,None,260000000,None,5469000000,None,None,14984000000,None,None,2854000000,None,None,None,0.177,,5997000000,3784000000,1882000000,4797000000,None,None,None,,,,,2.007,13.22,4.223,,,,,,,,0.143,,7817000000,2025-10-29,quarterly,4.95,USD,pre-market,1084000000,11298000000,0.082,0.463,0.095,136.6,3190000000,25032000000,10048000000,None,429.86,565.63,9.5133,45865000000,21362000000,18853000000,37473000000,24503000000,18620000000,36339000000,8392000000,29.94,-4039000000,627.5,264.25
2025-12-28,CAT,19.47,64670999000.0,29.94,None,1.563,44.14,,-103000000,6889000000,6889000000,,,,,,,,,6941000000,489400000,None,26558000000,26558000000,7675000000,None,11058000000,18847000000,None,None,1477000000,,5.84,0.01,,,,-0.036,0.43,4929000000,6406000000,4.52,2024-12-31,26.45,5241000000,19478999000.0,9781000000,3974000000,1120000000,399000000,399000000,None,260000000,None,16827000000,None,None,27454000000,None,None,2854000000,None,None,None,0.177,,5997000000,3784000000,3119000000,11217000000,None,4890000000,None,,,,,2.007,13.22,4.223,,,,,,,,0.143,,13953000000,2025-10-29,annual,4.95,USD,pre-market,1084000000,59352000000,0.082,0.463,0.095,136.6,3190000000,38409000000,11058000000,None,429.86,565.63,9.5133,87764000000,45682000000,32272000000,68270000000,42082000000,35998000000,36339000000,19491000000,29.94,None,627.5,264.25
2025-12-28,CAT,19.47,64670999000.0,29.94,None,1.563,44.14,,-61000000,6978000000,6978000000,,,,,,,,,6403000000,513600000,None,26558000000,26558000000,7906000000,None,13406000000,18820000000,None,None,1477000000,,5.84,0.01,,,,-0.036,0.43,4929000000,6406000000,4.52,2023-12-31,26.45,5308000000,19478999000.0,9781000000,3974000000,1120000000,564000000,564000000,None,260000000,None,16565000000,None,None,24533000000,None,None,2854000000,None,None,None,0.177,,5997000000,3784000000,4586000000,11487000000,None,4675000000,None,,,,,2.007,13.22,4.223,,,,,,,,0.143,,13236000000,2025-10-29,annual,4.95,USD,pre-market,1084000000,51250000000,0.082,0.463,0.095,136.6,3190000000,37878000000,13406000000,1900000000,429.86,565.63,9.5133,87476000000,46949000000,34728000000,67973000000,40527000000,33245000000,36339000000,19494000000,29.94,None,627.5,264.25
2025-12-28,CAT,19.47,64670999000.0,29.94,None,1.563,44.14,,112000000,7004000000,7004000000,,,,,,,,,6560000000,530400000,None,26558000000,26558000000,8689000000,None,5325000000,17869000000,None,None,1477000000,,5.84,0.01,,,,-0.036,0.43,4929000000,6406000000,4.52,2022-12-31,26.45,5288000000,19478999000.0,9781000000,3974000000,1120000000,758000000,758000000,None,260000000,None,16270000000,None,None,25714000000,None,None,2854000000,None,None,None,0.177,,5997000000,3784000000,2642000000,9703000000,None,20820000000,None,,,,,2.007,13.22,4.223,,,,,,,,0.143,,12028000000,2025-10-29,annual,4.95,USD,pre-market,1084000000,43514000000,0.082,0.463,0.095,136.6,3190000000,36993000000,11279000000,None,429.86,565.63,9.5133,81943000000,43785000000,31531000000,66052000000,38158000000,34521000000,36339000000,15869000000,29.94,-31748000000,627.5,264.25
2025-12-28,CAT,19.47,64670999000.0,29.94,None,1.563,44.14,,79000000,9254000000,9254000000,,,,,,,,,6398000000,548500000,None,26558000000,26558000000,8154000000,None,11756000000,17375000000,None,None,1477000000,,5.84,0.01,,,,-0.036,0.43,4929000000,6406000000,4.52,2021-12-31,26.45,6324000000,19478999000.0,9781000000,3974000000,1120000000,1042000000,1042000000,None,260000000,None,14038000000,None,None,26033000000,None,12707000000,2854000000,None,None,None,0.177,,5997000000,3784000000,2788000000,8850000000,None,4805000000,None,,,,,2.007,13.22,4.223,,,,,,,,0.143,,8172000000,2025-10-29,annual,4.95,USD,pre-market,1084000000,39282000000,0.082,0.463,0.095,136.6,3190000000,37789000000,11756000000,964000000,429.86,565.63,9.5133,82793000000,43455000000,29847000000,66277000000,39338000000,36430000000,36339000000,16484000000,29.94,-27643000000,627.5,264.25
2025-12-28,CAT,19.47,64670999000.0,29.94,None,1.563,44.14,,103000000,9352000000,9352000000,,,,,,,,,6230000000,548600000,None,26558000000,26558000000,6128000000,None,11164000000,16780000000,None,None,1477000000,,5.84,0.01,,,,-0.036,0.43,4929000000,6406000000,4.52,2020-12-31,26.45,6394000000,19478999000.0,9781000000,3974000000,1120000000,1308000000,1308000000,None,260000000,None,11402000000,None,None,25999000000,None,13407000000,2854000000,None,None,None,0.177,,5997000000,3784000000,1930000000,7317000000,None,4358000000,None,,,,,2.007,13.22,4.223,,,,,,,,0.143,,12401000000,2025-10-29,annual,4.95,USD,pre-market,1084000000,35167000000,0.082,0.463,0.095,136.6,3190000000,37163000000,11164000000,9352000000,429.86,565.63,9.5133,78324000000,39464000000,25717000000,62946000000,38860000000,37229000000,36339000000,15331000000,29.94,-25178000000,627.5,264.25
2025-12-28,CAT,19.47,64670999000.0,29.94,None,1.563,44.14,,128000000,8292000000,8292000000,,,,,,,,,5935000000,567500000,None,26558000000,26558000000,5957000000,None,11376000000,17904000000,None,None,1477000000,,5.84,0.01,,,,-0.036,0.43,4929000000,6406000000,4.52,2019-12-31,26.45,6196000000,19478999000.0,9781000000,3974000000,1120000000,1565000000,1565000000,None,260000000,None,11266000000,None,None,26281000000,None,13844000000,2854000000,None,None,None,0.177,,5997000000,3784000000,1739000000,8101000000,None,10922000000,None,,,,,2.007,13.22,4.223,,,,,,,,0.143,,12904000000,2025-10-29,annual,4.95,USD,pre-market,1084000000,34437000000,0.082,0.463,0.095,136.6,3190000000,37657000000,11376000000,0,429.86,565.63,9.5133,78453000000,39193000000,26621000000,63824000000,39260000000,37203000000,36339000000,14588000000,29.94,-24217000000,627.5,264.25
2025-12-28,CAT,19.47,64670999000.0,29.94,None,1.563,44.14,,456000000,7857000000,7857000000,,,,,,,,,5827000000,599400000,None,26558000000,26558000000,7051000000,None,11553000000,17452000000,None,None,1477000000,,5.84,0.01,,,,-0.036,0.43,4929000000,6406000000,4.52,2018-12-31,26.45,6217000000,19478999000.0,9781000000,3974000000,1120000000,1897000000,1897000000,None,260000000,None,11529000000,None,None,24544000000,None,14447000000,2854000000,None,None,None,0.177,,5997000000,3784000000,1765000000,8371000000,None,3756000000,None,,,,,2.007,13.22,4.223,,,,,,,,0.143,,9085000000,2025-10-29,annual,4.95,USD,pre-market,1084000000,30427000000,0.082,0.463,0.095,136.6,3190000000,36553000000,11553000000,1000000,429.86,565.63,9.5133,78509000000,38603000000,28218000000,64429000000,39906000000,36211000000,36339000000,14039000000,29.94,-20531000000,627.5,264.25
2025-12-28,CAT,19.47,64670999000.0,29.94,None,1.563,44.14,,437000000,8261000000,8261000000,,,,,,,,,5593000000,599300000,None,26558000000,26558000000,6487000000,None,11031000000,16193000000,None,None,1477000000,,5.84,0.01,,,,-0.036,0.43,4929000000,6406000000,4.52,2017-12-31,26.45,6200000000,19478999000.0,9781000000,3974000000,1120000000,2111000000,2111000000,None,260000000,None,10018000000,None,None,23410000000,None,14532000000,2854000000,None,None,None,0.177,,5997000000,3784000000,1772000000,8220000000,None,4053000000,None,,,,,2.007,13.22,4.223,,,,,,,,0.143,,9823000000,2025-10-29,annual,4.95,USD,pre-market,1084000000,26301000000,0.082,0.463,0.095,136.6,3190000000,34878000000,11031000000,338000000,429.86,565.63,9.5133,76962000000,36244000000,26931000000,63196000000,40718000000,36265000000,36339000000,13697000000,29.94,-17005000000,627.5,264.25
2025-12-28,CAT,19.47,64670999000.0,29.94,None,1.563,44.14,,68000000,7168000000,7168000000,,,,,,,,,5277000000,584300000,None,26558000000,26558000000,4614000000,None,13965000000,14503000000,None,None,1477000000,,5.84,0.01,,,,-0.036,0.43,4929000000,6406000000,4.52,2016-12-31,26.45,6020000000,19478999000.0,9781000000,3974000000,1120000000,2349000000,2349000000,None,260000000,None,8614000000,None,None,22750000000,None,14585000000,2854000000,None,None,None,0.177,,5997000000,3784000000,1682000000,6386000000,None,3184000000,None,,,,,2.007,13.22,4.223,,,,,,,,0.143,,10899000000,2025-10-29,annual,4.95,USD,pre-market,1084000000,27377000000,0.082,0.463,0.095,136.6,3190000000,36783000000,13965000000,220000000,429.86,565.63,9.5133,74704000000,31967000000,26132000000,61491000000,42737000000,35359000000,36339000000,13137000000,29.94,-17478000000,627.5,264.25
2025-12-28,CAT,19.47,64670999000.0,29.94,None,1.563,44.14,,None,6460000000,6460000000,,,,,,,,,5238000000,601300000,None,26558000000,26558000000,5023000000,None,517000000,15686000000,None,None,1477000000,,5.84,0.01,,,,-0.036,0.43,4929000000,6406000000,4.52,2015-12-31,26.45,6615000000,19478999000.0,9781000000,3974000000,1120000000,2821000000,2821000000,None,260000000,None,9700000000,None,None,25247000000,None,15067000000,2854000000,None,None,None,0.177,,5997000000,3784000000,1662000000,7229000000,None,12062000000,None,,,,,2.007,13.22,4.223,,,,,,,,0.143,,16090000000,2025-10-29,annual,4.95,USD,pre-market,1084000000,29246000000,0.082,0.463,0.095,136.6,3190000000,38091000000,12844000000,176000000,429.86,565.63,9.5133,78342000000,33508000000,26242000000,63457000000,44834000000,37215000000,36339000000,14809000000,29.94,-17640000000,627.5,264.25
2025-12-28,CAT,19.47,64670999000.0,29.94,None,1.563,44.14,,None,7341000000,7341000000,,,,,,,,,5016000000,628900000,None,26558000000,26558000000,6515000000,None,510000000,16764000000,None,None,1477000000,,5.84,0.01,,,,-0.036,0.43,4929000000,6406000000,4.52,2014-12-31,26.45,6694000000,19478999000.0,9781000000,3974000000,1120000000,3076000000,3076000000,None,260000000,None,12205000000,None,None,27784000000,None,16265000000,2854000000,None,None,None,0.177,,5997000000,3784000000,2557000000,8164000000,None,12194000000,None,,,,,2.007,13.22,4.223,,,,,,,,0.143,,16577000000,2025-10-29,annual,4.95,USD,pre-market,1084000000,33887000000,0.082,0.463,0.095,136.6,3190000000,39285000000,11501000000,135000000,429.86,565.63,9.5133,84681000000,38867000000,27877000000,67855000000,45814000000,39978000000,36339000000,16746000000,29.94,-15726000000,627.5,264.25
2025-12-28,CAT,19.47,64670999000.0,29.94,None,1.563,44.14,,None,6081000000,6081000000,,,,,,,,,4709000000,658600000,None,26558000000,26558000000,6560000000,None,None,17176000000,None,None,1477000000,,5.84,0.01,,,,-0.036,0.43,4929000000,6406000000,4.52,2013-12-31,26.45,6956000000,19478999000.0,9781000000,3974000000,1120000000,3596000000,3596000000,None,260000000,None,12625000000,None,None,18720000000,None,1669000000,2854000000,None,None,None,0.177,,5997000000,3784000000,2453000000,7346000000,None,18001000000,None,,,,,2.007,13.22,4.223,,,,,,,,0.143,,17075000000,2025-10-29,annual,4.95,USD,pre-market,1084000000,31854000000,0.082,0.463,0.095,136.6,3190000000,37750000000,11031000000,241000000,429.86,565.63,9.5133,84896000000,38335000000,27297000000,64018000000,46593000000,36721000000,36339000000,20811000000,29.94,-11854000000,627.5,264.25
2025-12-28,CAT,19.47,64670999000.0,29.94,None,1.563,44.14,,None,5490000000,5490000000,,,,,,,,,4481000000,669600000,None,26558000000,26558000000,6753000000,None,None,18566000000,None,None,1477000000,,5.84,0.01,,,,-0.036,0.43,4929000000,6406000000,4.52,2012-12-31,26.45,6942000000,19478999000.0,9781000000,3974000000,1120000000,4016000000,4016000000,None,260000000,None,15547000000,None,None,19086000000,None,1588000000,2854000000,None,None,None,0.177,,5997000000,3784000000,2535000000,7633000000,None,22933000000,None,,,,,2.007,13.22,4.223,,,,,,,,0.143,,16461000000,2025-10-29,annual,4.95,USD,pre-market,1084000000,29558000000,0.082,0.463,0.095,136.6,3190000000,40143000000,12391000000,162000000,429.86,565.63,9.5133,88970000000,42138000000,29415000000,71388000000,46832000000,41973000000,36339000000,17532000000,29.94,-10074000000,627.5,264.25
2025-12-28,CAT,19.47,64670999000.0,29.94,None,1.563,44.14,,None,3057000000,3057000000,,,,,,,,,4273000000,666100000,None,26558000000,26558000000,8161000000,None,None,17725000000,None,None,1477000000,,5.84,0.01,,,,-0.036,0.43,4929000000,6406000000,4.52,2011-12-31,26.45,7080000000,19478999000.0,9781000000,3974000000,1120000000,4368000000,4368000000,None,260000000,None,14544000000,None,None,16529000000,None,1263000000,2854000000,None,None,None,0.177,,5997000000,3784000000,2574000000,8061000000,None,22954000000,None,,,,,2.007,13.22,4.223,,,,,,,,0.143,,14395000000,2025-10-29,annual,4.95,USD,pre-market,1084000000,25219000000,0.082,0.463,0.095,136.6,3190000000,34592000000,9648000000,70000000,429.86,565.63,9.5133,81218000000,37900000000,28357000000,68289000000,43318000000,39932000000,36339000000,12883000000,29.94,-10281000000,627.5,264.25
2025-12-28,CAT,19.47,64670999000.0,29.94,None,1.563,44.14,,None,3592000000,3592000000,,,,,,,,,3888000000,650400000,None,26558000000,26558000000,5856000000,None,None,16792000000,None,None,1477000000,,5.84,0.01,,,,-0.036,0.43,4929000000,6406000000,4.52,2010-12-31,26.45,2614000000,19478999000.0,9781000000,3974000000,1120000000,805000000,805000000,None,260000000,None,9587000000,None,None,15932000000,None,957000000,2854000000,None,None,None,0.177,,5997000000,3784000000,1839000000,6352000000,None,14743000000,None,,,,,2.007,13.22,4.223,,,,,,,,0.143,,12539000000,2025-10-29,annual,4.95,USD,pre-market,1084000000,21384000000,0.082,0.463,0.095,136.6,3190000000,28418000000,7981000000,75000000,429.86,565.63,9.5133,64020000000,31810000000,22020000000,53156000000,32210000000,31136000000,36339000000,10824000000,29.94,-10397000000,627.5,264.25
2025-12-28,CAT,19.47,64670999000.0,29.94,None,1.563,44.14,,None,4867000000,4867000000,,,,,,,,,3439000000,626000000,None,26558000000,26558000000,2993000000,None,None,13912000000,None,None,1477000000,,5.84,0.01,,,,-0.036,0.43,4929000000,6406000000,4.52,2009-12-31,26.45,2269000000,19478999000.0,9781000000,3974000000,1120000000,465000000,465000000,None,260000000,None,6360000000,None,None,16195000000,None,1076000000,2854000000,None,None,None,0.177,,5997000000,3784000000,2078000000,4981000000,None,15251000000,None,,,,,2.007,13.22,4.223,,,,,,,,0.143,,12386000000,2025-10-29,annual,4.95,USD,pre-market,1084000000,19711000000,0.082,0.463,0.095,136.6,3190000000,31631000000,9784000000,43000000,429.86,565.63,9.5133,60038000000,27217000000,18975000000,50738000000,33249000000,31763000000,36339000000,8740000000,29.94,-10646000000,627.5,264.25
2025-12-28,CAT,19.47,64670999000.0,29.94,None,1.563,44.14,,None,2736000000,2736000000,,,,,,,,,3057000000,627900000,None,26558000000,26558000000,4827000000,None,None,18128000000,None,None,1477000000,,5.84,0.01,,,,-0.036,0.43,4929000000,6406000000,4.52,2008-12-31,26.45,2261000000,19478999000.0,9781000000,3974000000,1120000000,511000000,511000000,None,260000000,None,8781000000,None,None,22834000000,None,None,2854000000,None,None,None,0.177,,5997000000,3784000000,2240000000,6199000000,None,None,None,,,,,2.007,13.22,4.223,,,,,,,,0.143,,12524000000,2025-10-29,annual,4.95,USD,pre-market,1084000000,19826000000,0.082,0.463,0.095,136.6,3190000000,35535000000,12701000000,51000000,429.86,565.63,9.5133,67782000000,31885000000,25625000000,61068000000,35829000000,35443000000,36339000000,6087000000,29.94,-11217000000,627.5,264.25
2025-12-28,CAT,19.47,64670999000.0,29.94,None,1.563,44.14,,None,1122000000,1122000000,,,,,,,,,2744000000,659500000,None,26558000000,26558000000,4723000000,None,None,15752000000,None,None,1477000000,,5.84,0.01,,,,-0.036,0.43,4929000000,6406000000,4.52,2007-12-31,26.45,1963000000,19478999000.0,9781000000,3974000000,1120000000,475000000,475000000,None,260000000,None,7204000000,None,None,17829000000,None,None,2854000000,None,None,None,0.177,,5997000000,3784000000,1399000000,5480000000,None,None,None,,,,,2.007,13.22,4.223,,,,,,,,0.143,,9997000000,2025-10-29,annual,4.95,USD,pre-market,1084000000,17398000000,0.082,0.463,0.095,136.6,3190000000,28429000000,10600000000,95000000,429.86,565.63,9.5133,56132000000,25477000000,22245000000,47136000000,30655000000,24891000000,36339000000,8883000000,29.94,-9451000000,627.5,264.25
2025-12-28,CAT,19.47,64670999000.0,29.94,None,1.563,44.14,,None,530000000,530000000,,,,,,,,,2465000000,683800000,None,26558000000,26558000000,4085000000,None,None,15411000000,None,None,1477000000,,5.84,0.01,,,,-0.036,0.43,4929000000,6406000000,4.52,2006-12-31,26.45,1904000000,19478999000.0,9781000000,3974000000,1120000000,387000000,387000000,None,260000000,None,6351000000,None,None,17680000000,None,None,2854000000,None,None,None,0.177,,5997000000,3784000000,1371000000,5200000000,None,None,None,,,,,2.007,13.22,4.223,,,,,,,,0.143,,8851000000,2025-10-29,annual,4.95,USD,pre-market,1084000000,14593000000,0.082,0.463,0.095,136.6,3190000000,27296000000,9616000000,None,429.86,565.63,9.5133,51449000000,23663000000,19822000000,44590000000,27786000000,24768000000,36339000000,6859000000,29.94,-7352000000,627.5,264.25
2025-12-28,CAT,19.47,64670999000.0,29.94,None,1.563,44.14,,None,1108000000,1108000000,,,,,,,,,1859000000,705800000,None,26558000000,26558000000,3412000000,None,None,14348000000,None,None,1477000000,,5.84,0.01,,,,-0.036,0.43,4929000000,6406000000,4.52,2005-12-31,26.45,1451000000,19478999000.0,9781000000,3974000000,1120000000,424000000,424000000,None,260000000,None,5224000000,None,None,15677000000,None,None,2854000000,None,None,None,0.177,,5997000000,3784000000,2505000000,5398000000,None,None,None,,,,,2.007,13.22,4.223,,,,,,,,0.143,,7988000000,2025-10-29,annual,4.95,USD,pre-market,1084000000,11808000000,0.082,0.463,0.095,136.6,3190000000,25745000000,10068000000,1108000000,429.86,565.63,9.5133,47553000000,23185000000,19332000000,39121000000,24279000000,19789000000,36339000000,8432000000,29.94,-4637000000,627.5,264.25
2025-12-28,CAT,19.47,64670999000.0,29.94,None,1.563,44.14,852000000,None,1108000000,1108000000,-305000000,-1320000000,None,None,-376000000,None,None,None,1859000000,705800000,None,26558000000,26558000000,3412000000,None,None,14348000000,None,None,1477000000,570000000,5.84,0.01,707000000,707000000,None,-0.036,0.43,4929000000,6406000000,4.52,2025-09-30,26.45,1451000000,19478999000.0,9781000000,3974000000,1120000000,424000000,424000000,None,260000000,None,5224000000,None,None,15677000000,None,None,2299000000,None,None,None,0.177,3737000000,5997000000,3784000000,2505000000,5398000000,None,None,None,None,None,None,None,2.007,13.22,4.223,None,None,None,None,None,-303000000,None,0.143,None,7988000000,2025-10-29,quarterly,4.95,USD,pre-market,1084000000,11808000000,0.082,0.463,0.095,136.6,3190000000,25745000000,10068000000,1108000000,429.86,565.63,9.5133,47553000000,23185000000,19332000000,39121000000,24279000000,19789000000,36339000000,8432000000,29.94,-4637000000,627.5,264.25
2025-12-28,CAT,19.47,64670999000.0,29.94,None,1.563,44.14,955000000,None,1108000000,1108000000,151000000,-1332000000,None,None,-649000000,None,None,None,1859000000,705800000,None,26558000000,26558000000,3412000000,None,None,14348000000,None,None,1477000000,554000000,5.84,0.01,662000000,662000000,None,-0.036,0.43,4929000000,6406000000,4.52,2025-06-30,26.45,1451000000,19478999000.0,9781000000,3974000000,1120000000,424000000,424000000,None,260000000,None,5224000000,None,None,15677000000,None,None,2179000000,None,None,None,0.177,3122000000,5997000000,3784000000,2505000000,5398000000,None,None,None,None,None,None,None,2.007,13.22,4.223,None,None,None,None,None,-823000000,None,0.143,None,7988000000,2025-10-29,quarterly,4.95,USD,pre-market,1084000000,11808000000,0.082,0.463,0.095,136.6,3190000000,25745000000,10068000000,1108000000,429.86,565.63,9.5133,47553000000,23185000000,19332000000,39121000000,24279000000,19789000000,36339000000,8432000000,29.94,-4637000000,627.5,264.25
2025-12-28,CAT,19.47,64670999000.0,29.94,None,1.563,44.14,918000000,None,1108000000,1108000000,-4496000000,-175000000,None,None,-990000000,None,None,None,1859000000,705800000,None,26558000000,26558000000,3412000000,None,None,14348000000,None,None,1477000000,540000000,5.84,0.01,674000000,674000000,None,-0.036,0.43,4929000000,6406000000,4.52,2025-03-31,26.45,1451000000,19478999000.0,9781000000,3974000000,1120000000,424000000,424000000,None,260000000,None,5224000000,None,None,15677000000,None,None,2003000000,None,None,None,0.177,1289000000,5997000000,3784000000,2505000000,5398000000,None,None,None,None,None,None,None,2.007,13.22,4.223,None,None,None,None,None,-3724000000,None,0.143,None,7988000000,2025-10-29,quarterly,4.95,USD,pre-market,1084000000,11808000000,0.082,0.463,0.095,136.6,3190000000,25745000000,10068000000,1108000000,429.86,565.63,9.5133,47553000000,23185000000,19332000000,39121000000,24279000000,19789000000,36339000000,8432000000,29.94,-4637000000,627.5,264.25
2025-12-28,CAT,19.47,64670999000.0,29.94,None,1.563,44.14,1037000000,None,1108000000,1108000000,-426000000,-1649000000,None,None,367000000,None,None,None,1859000000,705800000,None,26558000000,26558000000,3412000000,None,None,14348000000,None,None,1477000000,555000000,5.84,0.01,680000000,680000000,None,-0.036,0.43,4929000000,6406000000,4.52,2024-12-31,26.45,1451000000,19478999000.0,9781000000,3974000000,1120000000,424000000,424000000,None,260000000,None,5224000000,None,None,15677000000,None,None,2790000000,None,None,None,0.177,3393000000,5997000000,3784000000,2505000000,5398000000,None,None,None,None,None,None,None,2.007,13.22,4.223,None,None,None,None,None,-640000000,None,0.143,None,7988000000,2025-10-29,quarterly,4.95,USD,pre-market,1084000000,11808000000,0.082,0.463,0.095,136.6,3190000000,25745000000,10068000000,1108000000,429.86,565.63,9.5133,47553000000,23185000000,19332000000,39121000000,24279000000,19789000000,36339000000,8432000000,29.94,-4637000000,627.5,264.25
2025-12-28,CAT,19.47,64670999000.0,29.94,None,1.563,44.14,723000000,None,1108000000,1108000000,-1210000000,-1040000000,None,None,-138000000,None,None,None,1859000000,705800000,None,26558000000,26558000000,3412000000,None,None,14348000000,None,None,1477000000,543000000,5.84,0.01,683000000,683000000,None,-0.036,0.43,4929000000,6406000000,4.52,2024-09-30,26.45,1451000000,19478999000.0,9781000000,3974000000,1120000000,424000000,424000000,None,260000000,None,5224000000,None,None,15677000000,None,None,2463000000,None,None,None,0.177,3569000000,5997000000,3784000000,2505000000,5398000000,None,None,None,None,None,None,None,2.007,13.22,4.223,None,None,None,None,None,-782000000,None,0.143,None,7988000000,2025-10-29,quarterly,4.95,USD,pre-market,1084000000,11808000000,0.082,0.463,0.095,136.6,3190000000,25745000000,10068000000,1108000000,429.86,565.63,9.5133,47553000000,23185000000,19332000000,39121000000,24279000000,19789000000,36339000000,8432000000,29.94,-4637000000,627.5,264.25
2025-12-28,CAT,19.47,64670999000.0,29.94,None,1.563,44.14,719000000,None,1108000000,1108000000,-2929000000,-722000000,None,None,-204000000,None,None,None,1859000000,705800000,None,26558000000,26558000000,3412000000,None,None,14348000000,None,None,1477000000,531000000,5.84,0.01,635000000,635000000,None,-0.036,0.43,4929000000,6406000000,4.52,2024-06-30,26.45,1451000000,19478999000.0,9781000000,3974000000,1120000000,424000000,424000000,None,260000000,None,5224000000,None,None,15677000000,None,None,2681000000,None,None,None,0.177,3021000000,5997000000,3784000000,2505000000,5398000000,None,None,None,None,None,None,None,2.007,13.22,4.223,None,None,None,None,None,-1820000000,None,0.143,None,7988000000,2025-10-29,quarterly,4.95,USD,pre-market,1084000000,11808000000,0.082,0.463,0.095,136.6,3190000000,25745000000,10068000000,1108000000,429.86,565.63,9.5133,47553000000,23185000000,19332000000,39121000000,24279000000,19789000000,36339000000,8432000000,29.94,-4637000000,627.5,264.25
2025-12-28,CAT,19.47,64670999000.0,29.94,None,1.563,44.14,736000000,None,1108000000,1108000000,-5000000000,958000000,None,None,-439000000,None,None,None,1859000000,705800000,None,26558000000,26558000000,3412000000,None,None,14348000000,None,None,1477000000,524000000,5.84,0.01,648000000,648000000,None,-0.036,0.43,4929000000,6406000000,4.52,2024-03-31,26.45,1451000000,19478999000.0,9781000000,3974000000,1120000000,424000000,424000000,None,260000000,None,5224000000,None,None,15677000000,None,None,2854000000,None,None,None,0.177,2052000000,5997000000,3784000000,2505000000,5398000000,None,None,None,None,None,None,None,2.007,13.22,4.223,None,None,None,None,None,-4455000000,None,0.143,None,7988000000,2025-10-29,quarterly,4.95,USD,pre-market,1084000000,11808000000,0.082,0.463,0.095,136.6,3190000000,25745000000,10068000000,1108000000,429.86,565.63,9.5133,47553000000,23185000000,19332000000,39121000000,24279000000,19789000000,36339000000,8432000000,29.94,-4637000000,627.5,264.25
2025-12-28,CAT,19.47,64670999000.0,29.94,None,1.563,44.14,854000000,None,1108000000,1108000000,-3033000000,-554000000,None,None,1060000000,None,None,None,1859000000,705800000,None,26558000000,26558000000,3412000000,None,None,14348000000,None,None,1477000000,545000000,5.84,0.01,662000000,662000000,None,-0.036,0.43,4929000000,6406000000,4.52,2023-12-31,26.45,1451000000,19478999000.0,9781000000,3974000000,1120000000,424000000,424000000,None,260000000,None,5224000000,None,None,15677000000,None,None,2673000000,None,None,None,0.177,4003000000,5997000000,3784000000,2505000000,5398000000,None,None,None,None,None,None,None,2.007,13.22,4.223,None,None,None,None,None,-2766000000,None,0.143,None,7988000000,2025-10-29,quarterly,4.95,USD,pre-market,1084000000,11808000000,0.082,0.463,0.095,136.6,3190000000,25745000000,10068000000,1108000000,429.86,565.63,9.5133,47553000000,23185000000,19332000000,39121000000,24279000000,19789000000,36339000000,8432000000,29.94,-4637000000,627.5,264.25
2025-12-28,CAT,19.47,64670999000.0,29.94,None,1.563,44.14,781000000,None,1108000000,1108000000,-1400000000,-5317000000,None,None,136000000,None,None,None,1859000000,705800000,None,26558000000,26558000000,3412000000,None,None,14348000000,None,None,1477000000,525000000,5.84,0.01,663000000,663000000,None,-0.036,0.43,4929000000,6406000000,4.52,2023-09-30,26.45,1451000000,19478999000.0,9781000000,3974000000,1120000000,424000000,424000000,None,260000000,None,5224000000,None,None,15677000000,None,None,2793000000,None,None,None,0.177,4060000000,5997000000,3784000000,2505000000,5398000000,None,None,None,None,None,None,None,2.007,13.22,4.223,None,None,None,None,None,-358000000,None,0.143,None,7988000000,2025-10-29,quarterly,4.95,USD,pre-market,1084000000,11808000000,0.082,0.463,0.095,136.6,3190000000,25745000000,10068000000,1108000000,429.86,565.63,9.5133,47553000000,23185000000,19332000000,39121000000,24279000000,19789000000,36339000000,8432000000,29.94,-4637000000,627.5,264.25
2025-12-28,CAT,19.47,64670999000.0,29.94,None,1.563,44.14,707000000,None,1108000000,1108000000,-1393000000,-1199000000,657000000,None,-157000000,None,None,-136000000,1859000000,705800000,None,26558000000,26558000000,3412000000,None,None,14348000000,None,None,1477000000,542000000,5.84,0.01,618000000,618000000,None,-0.036,0.43,4929000000,6406000000,4.52,2023-06-30,26.45,1451000000,19478999000.0,9781000000,3974000000,1120000000,424000000,424000000,None,260000000,None,5224000000,None,None,15677000000,None,None,2924000000,None,None,None,0.177,3249000000,5997000000,3784000000,2505000000,5398000000,None,None,None,None,None,None,None,2.007,13.22,4.223,None,None,None,None,None,-1426000000,None,0.143,None,7988000000,2025-10-29,quarterly,4.95,USD,pre-market,1084000000,11808000000,0.082,0.463,0.095,136.6,3190000000,25745000000,10068000000,1108000000,429.86,565.63,9.5133,47553000000,23185000000,19332000000,39121000000,24279000000,19789000000,36339000000,8432000000,29.94,-4637000000,627.5,264.25
2025-12-28,CAT,19.47,64670999000.0,29.94,None,1.563,44.14,750000000,None,1108000000,1108000000,-1106000000,-683000000,-216000000,None,-1403000000,None,None,-329000000,1859000000,705800000,None,26558000000,26558000000,3412000000,None,None,14348000000,None,None,1477000000,532000000,5.84,0.01,620000000,620000000,None,-0.036,0.43,4929000000,6406000000,4.52,2023-03-31,26.45,1451000000,19478999000.0,9781000000,3974000000,1120000000,424000000,424000000,None,260000000,None,5224000000,None,None,15677000000,None,None,1942000000,None,None,None,0.177,1573000000,5997000000,3784000000,2505000000,5398000000,None,None,None,None,None,None,None,2.007,13.22,4.223,None,None,None,None,None,-425000000,None,0.143,None,7988000000,2025-10-29,quarterly,4.95,USD,pre-market,1084000000,11808000000,0.082,0.463,0.095,136.6,3190000000,25745000000,10068000000,1108000000,429.86,565.63,9.5133,47553000000,23185000000,19332000000,39121000000,24279000000,19789000000,36339000000,8432000000,29.94,-4637000000,627.5,264.25
2025-12-28,CAT,19.47,64670999000.0,29.94,None,1.563,44.14,1296000000,None,1108000000,1108000000,-7281000000,-843000000,773000000,None,-2589000000,None,None,-585000000,1859000000,705800000,None,26558000000,26558000000,3412000000,None,None,14348000000,None,None,1477000000,2219000000,5.84,0.01,2440000000,2440000000,None,-0.036,0.43,4929000000,6406000000,4.52,2022-12-31,26.45,1451000000,19478999000.0,9781000000,3974000000,1120000000,424000000,424000000,None,260000000,None,5224000000,None,None,15677000000,None,None,6704000000,None,None,None,0.177,2739000000,5997000000,3784000000,2505000000,5398000000,None,None,None,None,None,None,None,2.007,13.22,4.223,None,None,None,None,None,-4230000000,None,0.143,None,7988000000,2025-10-29,quarterly,4.95,USD,pre-market,1084000000,11808000000,0.082,0.463,0.095,136.6,3190000000,25745000000,10068000000,1108000000,429.86,565.63,9.5133,47553000000,23185000000,19332000000,39121000000,24279000000,19789000000,36339000000,8432000000,29.94,-4637000000,627.5,264.25
2025-12-28,CAT,19.47,64670999000.0,29.94,None,1.563,44.14,617000000,None,1108000000,1108000000,-2267000000,190000000,404000000,None,-1085000000,None,None,82000000,1859000000,705800000,None,26558000000,26558000000,3412000000,None,None,14348000000,None,None,1477000000,551000000,5.84,0.01,633000000,633000000,None,-0.036,0.43,4929000000,6406000000,4.52,2022-09-30,26.45,1451000000,19478999000.0,9781000000,3974000000,1120000000,424000000,424000000,None,260000000,None,5224000000,None,None,15677000000,None,None,2040000000,None,None,None,0.177,2481000000,5997000000,3784000000,2505000000,5398000000,None,None,None,None,None,None,None,2.007,13.22,4.223,None,None,None,None,None,-1385000000,None,0.143,None,7988000000,2025-10-29,quarterly,4.95,USD,pre-market,1084000000,11808000000,0.082,0.463,0.095,136.6,3190000000,25745000000,10068000000,1108000000,429.86,565.63,9.5133,47553000000,23185000000,19332000000,39121000000,24279000000,19789000000,36339000000,8432000000,29.94,-4637000000,627.5,264.25
2025-12-28,CAT,19.47,64670999000.0,29.94,None,1.563,44.14,595000000,None,1108000000,1108000000,-2176000000,-575000000,-518000000,None,-971000000,None,None,655000000,1859000000,705800000,None,26558000000,26558000000,3412000000,None,None,14348000000,None,None,1477000000,553000000,5.84,0.01,592000000,592000000,None,-0.036,0.43,4929000000,6406000000,4.52,2022-06-30,26.45,1451000000,19478999000.0,9781000000,3974000000,1120000000,424000000,424000000,None,260000000,None,5224000000,None,None,15677000000,None,None,1673000000,None,None,None,0.177,2233000000,5997000000,3784000000,2505000000,5398000000,None,None,None,None,None,None,None,2.007,13.22,4.223,None,None,None,None,None,-1104000000,None,0.143,None,7988000000,2025-10-29,quarterly,4.95,USD,pre-market,1084000000,11808000000,0.082,0.463,0.095,136.6,3190000000,25745000000,10068000000,1108000000,429.86,565.63,9.5133,47553000000,23185000000,19332000000,39121000000,24279000000,19789000000,36339000000,8432000000,29.94,-4637000000,627.5,264.25
2025-12-28,CAT,19.47,64670999000.0,29.94,None,1.563,44.14,679000000,None,1108000000,1108000000,-1715000000,-1313000000,-2715000000,None,-1032000000,None,None,-372000000,1859000000,705800000,None,26558000000,26558000000,3412000000,None,None,14348000000,None,None,1477000000,557000000,5.84,0.01,595000000,595000000,None,-0.036,0.43,4929000000,6406000000,4.52,2022-03-31,26.45,1451000000,19478999000.0,9781000000,3974000000,1120000000,424000000,424000000,None,260000000,None,5224000000,None,None,15677000000,None,None,1537000000,None,None,None,0.177,313000000,5997000000,3784000000,2505000000,5398000000,None,None,None,None,None,None,None,2.007,13.22,4.223,None,None,None,None,None,-820000000,None,0.143,None,7988000000,2025-10-29,quarterly,4.95,USD,pre-market,1084000000,11808000000,0.082,0.463,0.095,136.6,3190000000,25745000000,10068000000,1108000000,429.86,565.63,9.5133,47553000000,23185000000,19332000000,39121000000,24279000000,19789000000,36339000000,8432000000,29.94,-4637000000,627.5,264.25
2025-12-28,CAT,19.47,64670999000.0,29.94,None,1.563,44.14,785000000,None,1108000000,1108000000,-586000000,-992000000,-166000000,None,-391000000,None,None,-933000000,1859000000,705800000,None,26558000000,26558000000,3412000000,None,None,14348000000,None,None,1477000000,586000000,5.84,0.01,599000000,599000000,None,-0.036,0.43,4929000000,6406000000,4.52,2021-12-31,26.45,1451000000,19478999000.0,9781000000,3974000000,1120000000,424000000,424000000,None,260000000,None,5224000000,None,None,15677000000,None,None,2120000000,None,None,None,0.177,1412000000,5997000000,3784000000,2505000000,5398000000,None,None,None,None,None,None,None,2.007,13.22,4.223,None,None,None,None,None,-1046000000,None,0.143,None,7988000000,2025-10-29,quarterly,4.95,USD,pre-market,1084000000,11808000000,0.082,0.463,0.095,136.6,3190000000,25745000000,10068000000,1108000000,429.86,565.63,9.5133,47553000000,23185000000,19332000000,39121000000,24279000000,19789000000,36339000000,8432000000,29.94,-4637000000,627.5,264.25
2025-12-28,CAT,19.47,64670999000.0,29.94,None,1.563,44.14,587000000,None,1108000000,1108000000,-2746000000,-375000000,-1381000000,None,-1016000000,None,None,17000000,1859000000,705800000,None,26558000000,26558000000,3412000000,None,None,14348000000,None,None,1477000000,593000000,5.84,0.01,607000000,607000000,None,-0.036,0.43,4929000000,6406000000,4.52,2021-09-30,26.45,1451000000,19478999000.0,9781000000,3974000000,1120000000,424000000,424000000,None,260000000,None,5224000000,None,None,15677000000,None,None,1428000000,None,None,None,0.177,1740000000,5997000000,3784000000,2505000000,5398000000,None,None,None,None,None,None,None,2.007,13.22,4.223,None,None,None,None,None,-1371000000,None,0.143,None,7988000000,2025-10-29,quarterly,4.95,USD,pre-market,1084000000,11808000000,0.082,0.463,0.095,136.6,3190000000,25745000000,10068000000,1108000000,429.86,565.63,9.5133,47553000000,23185000000,19332000000,39121000000,24279000000,19789000000,36339000000,8432000000,29.94,-4637000000,627.5,264.25
2025-12-28,CAT,19.47,64670999000.0,29.94,None,1.563,44.14,596000000,None,1108000000,1108000000,-1402000000,-1240000000,-524000000,None,-522000000,None,None,200000000,1859000000,705800000,None,26558000000,26558000000,3412000000,None,None,14348000000,None,None,1477000000,587000000,5.84,0.01,564000000,564000000,None,-0.036,0.43,4929000000,6406000000,4.52,2021-06-30,26.45,1451000000,19478999000.0,9781000000,3974000000,1120000000,424000000,424000000,None,260000000,None,5224000000,None,None,15677000000,None,None,1414000000,None,None,None,0.177,2118000000,5997000000,3784000000,2505000000,5398000000,None,None,None,None,None,None,None,2.007,13.22,4.223,None,None,None,None,None,-251000000,None,0.143,None,7988000000,2025-10-29,quarterly,4.95,USD,pre-market,1084000000,11808000000,0.082,0.463,0.095,136.6,3190000000,25745000000,10068000000,1108000000,429.86,565.63,9.5133,47553000000,23185000000,19332000000,39121000000,24279000000,19789000000,36339000000,8432000000,29.94,-4637000000,627.5,264.25
2025-12-28,CAT,19.47,64670999000.0,29.94,None,1.563,44.14,504000000,None,1108000000,1108000000,546000000,-477000000,1997000000,None,-657000000,None,None,-543000000,1859000000,705800000,None,26558000000,26558000000,3412000000,None,None,14348000000,None,None,1477000000,586000000,5.84,0.01,562000000,562000000,None,-0.036,0.43,4929000000,6406000000,4.52,2021-03-31,26.45,1451000000,19478999000.0,9781000000,3974000000,1120000000,424000000,424000000,None,260000000,None,5224000000,None,None,15677000000,None,None,1531000000,None,None,None,0.177,1928000000,5997000000,3784000000,2505000000,5398000000,None,None,None,None,None,None,None,2.007,13.22,4.223,None,None,None,None,None,3932000000,None,0.143,None,7988000000,2025-10-29,quarterly,4.95,USD,pre-market,1084000000,11808000000,0.082,0.463,0.095,136.6,3190000000,25745000000,10068000000,1108000000,429.86,565.63,9.5133,47553000000,23185000000,19332000000,39121000000,24279000000,19789000000,36339000000,8432000000,29.94,-4637000000,627.5,264.25
2025-12-28,CAT,19.47,64670999000.0,29.94,None,1.563,44.14,624000000,None,1108000000,1108000000,-1542000000,-526000000,4000000,None,105000000,None,None,-31000000,1859000000,705800000,None,26558000000,26558000000,3412000000,None,None,14348000000,None,None,1477000000,617000000,5.84,0.01,560000000,560000000,None,-0.036,0.43,4929000000,6406000000,4.52,2020-12-31,26.45,1451000000,19478999000.0,9781000000,3974000000,1120000000,424000000,424000000,None,260000000,None,5224000000,None,None,15677000000,None,None,780000000,None,None,None,0.177,2072000000,5997000000,3784000000,2505000000,5398000000,None,None,None,None,None,None,None,2.007,13.22,4.223,None,None,None,None,None,119000000,None,0.143,None,7988000000,2025-10-29,quarterly,4.95,USD,pre-market,1084000000,11808000000,0.082,0.463,0.095,136.6,3190000000,25745000000,10068000000,1108000000,429.86,565.63,9.5133,47553000000,23185000000,19332000000,39121000000,24279000000,19789000000,36339000000,8432000000,29.94,-4637000000,627.5,264.25
2025-12-28,CAT,19.47,64670999000.0,29.94,None,1.563,44.14,493000000,None,1108000000,1108000000,-1000000000,-216000000,518000000,None,6000000,None,None,297000000,1859000000,705800000,None,26558000000,26558000000,3412000000,None,None,14348000000,None,None,1477000000,593000000,5.84,0.01,558000000,558000000,None,-0.036,0.43,4929000000,6406000000,4.52,2020-09-30,26.45,1451000000,19478999000.0,9781000000,3974000000,1120000000,424000000,424000000,None,260000000,None,5224000000,None,None,15677000000,None,None,671000000,None,None,None,0.177,1734000000,5997000000,3784000000,2505000000,5398000000,None,None,None,None,None,None,None,2.007,13.22,4.223,None,None,None,None,None,10000000,None,0.143,None,7988000000,2025-10-29,quarterly,4.95,USD,pre-market,1084000000,11808000000,0.082,0.463,0.095,136.6,3190000000,25745000000,10068000000,1108000000,429.86,565.63,9.5133,47553000000,23185000000,19332000000,39121000000,24279000000,19789000000,36339000000,8432000000,29.94,-4637000000,627.5,264.25
2025-12-28,CAT,19.47,64670999000.0,29.94,None,1.563,44.14,450000000,None,1108000000,1108000000,786000000,-530000000,1647000000,None,396000000,None,None,676000000,1859000000,705800000,None,26558000000,26558000000,3412000000,None,None,14348000000,None,None,1477000000,608000000,5.84,0.01,558000000,558000000,None,-0.036,0.43,4929000000,6406000000,4.52,2020-06-30,26.45,1451000000,19478999000.0,9781000000,3974000000,1120000000,424000000,424000000,None,260000000,None,5224000000,None,None,15677000000,None,None,459000000,None,None,None,0.177,1391000000,5997000000,3784000000,2505000000,5398000000,None,None,None,None,None,None,None,2.007,13.22,4.223,None,None,None,None,None,-87000000,None,0.143,None,7988000000,2025-10-29,quarterly,4.95,USD,pre-market,1084000000,11808000000,0.082,0.463,0.095,136.6,3190000000,25745000000,10068000000,1108000000,429.86,565.63,9.5133,47553000000,23185000000,19332000000,39121000000,24279000000,19789000000,36339000000,8432000000,29.94,-4637000000,627.5,264.25
2025-12-28,CAT,19.47,64670999000.0,29.94,None,1.563,44.14,548000000,None,1108000000,1108000000,-1999000000,-213000000,-1082000000,None,-541000000,None,None,500000000,1859000000,705800000,None,26558000000,26558000000,3412000000,None,None,14348000000,None,None,1477000000,614000000,5.84,0.01,567000000,567000000,None,-0.036,0.43,4929000000,6406000000,4.52,2020-03-31,26.45,1451000000,19478999000.0,9781000000,3974000000,1120000000,424000000,424000000,None,260000000,None,5224000000,None,None,15677000000,None,None,1093000000,None,None,None,0.177,1130000000,5997000000,3784000000,2505000000,5398000000,None,None,None,None,None,None,None,2.007,13.22,4.223,None,None,None,None,None,-1043000000,None,0.143,None,7988000000,2025-10-29,quarterly,4.95,USD,pre-market,1084000000,11808000000,0.082,0.463,0.095,136.6,3190000000,25745000000,10068000000,1108000000,429.86,565.63,9.5133,47553000000,23185000000,19332000000,39121000000,24279000000,19789000000,36339000000,8432000000,29.94,-4637000000,627.5,264.25
2025-12-28,CAT,19.47,64670999000.0,29.94,None,1.563,44.14,813000000,None,1108000000,1108000000,-1507000000,-574000000,356000000,3000000,950000000,None,None,-256000000,1859000000,705800000,None,26558000000,26558000000,3412000000,None,None,14348000000,None,None,1477000000,644000000,5.84,0.01,568000000,568000000,None,-0.036,0.43,4929000000,6406000000,4.52,2019-12-31,26.45,1451000000,19478999000.0,9781000000,3974000000,1120000000,424000000,424000000,None,260000000,None,5224000000,None,None,15677000000,None,None,1097000000,None,None,None,0.177,2434000000,5997000000,3784000000,2505000000,5398000000,None,None,None,None,None,None,None,2.007,13.22,4.223,None,None,None,None,None,-764000000,None,0.143,None,7988000000,2025-10-29,quarterly,4.95,USD,pre-market,1084000000,11808000000,0.082,0.463,0.095,136.6,3190000000,25745000000,10068000000,1108000000,429.86,565.63,9.5133,47553000000,23185000000,19332000000,39121000000,24279000000,19789000000,36339000000,8432000000,29.94,-4637000000,627.5,264.25
2025-12-28,CAT,19.47,64670999000.0,29.94,None,1.563,44.14,631000000,None,1108000000,1108000000,20000000,-275000000,477000000,-37000000,-189000000,None,None,593000000,1859000000,705800000,None,26558000000,26558000000,3412000000,None,None,14348000000,None,None,1477000000,645000000,5.84,0.01,578000000,578000000,None,-0.036,0.43,4929000000,6406000000,4.52,2019-09-30,26.45,1451000000,19478999000.0,9781000000,3974000000,1120000000,424000000,424000000,None,260000000,None,5224000000,None,None,15677000000,None,None,1494000000,None,None,None,0.177,769000000,5997000000,3784000000,2505000000,5398000000,None,None,None,None,None,None,None,2.007,13.22,4.223,None,None,None,None,None,-1178000000,None,0.143,None,7988000000,2025-10-29,quarterly,4.95,USD,pre-market,1084000000,11808000000,0.082,0.463,0.095,136.6,3190000000,25745000000,10068000000,1108000000,429.86,565.63,9.5133,47553000000,23185000000,19332000000,39121000000,24279000000,19789000000,36339000000,8432000000,29.94,-4637000000,627.5,264.25
2025-12-28,CAT,19.47,64670999000.0,29.94,None,1.563,44.14,678000000,None,1108000000,1108000000,-1376000000,-898000000,301000000,-13000000,326000000,None,None,-16000000,1859000000,705800000,None,26558000000,26558000000,3412000000,None,None,14348000000,None,None,1477000000,647000000,5.84,0.01,492000000,492000000,None,-0.036,0.43,4929000000,6406000000,4.52,2019-06-30,26.45,1451000000,19478999000.0,9781000000,3974000000,1120000000,424000000,424000000,None,260000000,None,5224000000,None,None,15677000000,None,None,1619000000,None,None,None,0.177,2588000000,5997000000,3784000000,2505000000,5398000000,None,None,None,None,None,None,None,2.007,13.22,4.223,None,None,None,None,None,-1354000000,None,0.143,None,7988000000,2025-10-29,quarterly,4.95,USD,pre-market,1084000000,11808000000,0.082,0.463,0.095,136.6,3190000000,25745000000,10068000000,1108000000,429.86,565.63,9.5133,47553000000,23185000000,19332000000,39121000000,24279000000,19789000000,36339000000,8432000000,29.94,-4637000000,627.5,264.25
2025-12-28,CAT,19.47,64670999000.0,29.94,None,1.563,44.14,547000000,None,1108000000,1108000000,-1675000000,-181000000,-732000000,3000000,-813000000,None,None,-150000000,1859000000,705800000,None,26558000000,26558000000,3412000000,None,None,14348000000,None,None,1477000000,641000000,5.84,0.01,494000000,494000000,None,-0.036,0.43,4929000000,6406000000,4.52,2019-03-31,26.45,1451000000,19478999000.0,9781000000,3974000000,1120000000,424000000,424000000,None,260000000,None,5224000000,None,None,15677000000,None,None,1884000000,None,None,None,0.177,1121000000,5997000000,3784000000,2505000000,5398000000,None,None,None,None,None,None,None,2.007,13.22,4.223,None,None,None,None,None,-751000000,None,0.143,None,7988000000,2025-10-29,quarterly,4.95,USD,pre-market,1084000000,11808000000,0.082,0.463,0.095,136.6,3190000000,25745000000,10068000000,1108000000,429.86,565.63,9.5133,47553000000,23185000000,19332000000,39121000000,24279000000,19789000000,36339000000,8432000000,29.94,-4637000000,627.5,264.25
2025-12-28,CAT,19.47,64670999000.0,29.94,None,1.563,44.14,787000000,None,1108000000,1108000000,-1432000000,-798000000,-156000000,-9000000,243000000,None,None,-894000000,1859000000,705800000,None,26558000000,26558000000,3412000000,None,None,14348000000,None,None,1477000000,701000000,5.84,0.01,507000000,507000000,None,-0.036,0.43,4929000000,6406000000,4.52,2018-12-31,26.45,1451000000,19478999000.0,9781000000,3974000000,1120000000,424000000,424000000,None,260000000,None,5224000000,None,None,15677000000,None,None,1049000000,None,None,None,0.177,2083000000,5997000000,3784000000,2505000000,5398000000,None,None,None,None,None,None,None,2.007,13.22,4.223,None,None,None,None,None,-1798000000,None,0.143,None,7988000000,2025-10-29,quarterly,4.95,USD,pre-market,1084000000,11808000000,0.082,0.463,0.095,136.6,3190000000,25745000000,10068000000,1108000000,429.86,565.63,9.5133,47553000000,23185000000,19332000000,39121000000,24279000000,19789000000,36339000000,8432000000,29.94,-4637000000,627.5,264.25
2025-12-28,CAT,19.47,64670999000.0,29.94,None,1.563,44.14,601000000,None,1108000000,1108000000,-1645000000,-346000000,-648000000,-49000000,-614000000,None,None,-22000000,1859000000,705800000,None,26558000000,26558000000,3412000000,None,None,14348000000,None,None,1477000000,698000000,5.84,0.01,511000000,511000000,None,-0.036,0.43,4929000000,6406000000,4.52,2018-09-30,26.45,1451000000,19478999000.0,9781000000,3974000000,1120000000,424000000,424000000,None,260000000,None,5224000000,None,None,15677000000,None,None,1727000000,None,None,None,0.177,1392000000,5997000000,3784000000,2505000000,5398000000,None,None,None,None,None,None,None,2.007,13.22,4.223,None,None,None,None,None,-750000000,None,0.143,None,7988000000,2025-10-29,quarterly,4.95,USD,pre-market,1084000000,11808000000,0.082,0.463,0.095,136.6,3190000000,25745000000,10068000000,1108000000,429.86,565.63,9.5133,47553000000,23185000000,19332000000,39121000000,24279000000,19789000000,36339000000,8432000000,29.94,-4637000000,627.5,264.25
2025-12-28,CAT,19.47,64670999000.0,29.94,None,1.563,44.14,771000000,None,1108000000,1108000000,-35000000,-1268000000,767000000,-78000000,-405000000,None,None,-377000000,1859000000,705800000,None,26558000000,26558000000,3412000000,None,None,14348000000,None,None,1477000000,686000000,5.84,0.01,466000000,466000000,None,-0.036,0.43,4929000000,6406000000,4.52,2018-06-30,26.45,1451000000,19478999000.0,9781000000,3974000000,1120000000,424000000,424000000,None,260000000,None,5224000000,None,None,15677000000,None,None,1705000000,None,None,None,0.177,2148000000,5997000000,3784000000,2505000000,5398000000,None,None,None,None,None,None,None,2.007,13.22,4.223,None,None,None,None,None,-750000000,None,0.143,None,7988000000,2025-10-29,quarterly,4.95,USD,pre-market,1084000000,11808000000,0.082,0.463,0.095,136.6,3190000000,25745000000,10068000000,1108000000,429.86,565.63,9.5133,47553000000,23185000000,19332000000,39121000000,24279000000,19789000000,36339000000,8432000000,29.94,-4637000000,627.5,264.25
2025-12-28,CAT,19.47,64670999000.0,29.94,None,1.563,44.14,757000000,None,1108000000,1108000000,-538000000,-800000000,-393000000,10000000,-803000000,None,None,-326000000,1859000000,705800000,None,26558000000,26558000000,3412000000,None,None,14348000000,None,None,1477000000,681000000,5.84,0.01,467000000,467000000,None,-0.036,0.43,4929000000,6406000000,4.52,2018-03-31,26.45,1451000000,19478999000.0,9781000000,3974000000,1120000000,424000000,424000000,None,260000000,None,5224000000,None,None,15677000000,None,None,1667000000,None,None,None,0.177,935000000,5997000000,3784000000,2505000000,5398000000,None,None,None,None,None,None,None,2.007,13.22,4.223,None,None,None,None,None,-500000000,None,0.143,None,7988000000,2025-10-29,quarterly,4.95,USD,pre-market,1084000000,11808000000,0.082,0.463,0.095,136.6,3190000000,25745000000,10068000000,1108000000,429.86,565.63,9.5133,47553000000,23185000000,19332000000,39121000000,24279000000,19789000000,36339000000,8432000000,29.94,-4637000000,627.5,264.25
2025-12-28,CAT,19.47,64670999000.0,29.94,None,1.563,44.14,699000000,None,1108000000,1108000000,-1343000000,-526000000,-1330000000,-2000000,194000000,None,None,-696000000,1859000000,705800000,None,26558000000,26558000000,3412000000,None,None,14348000000,None,None,1477000000,724000000,5.84,0.01,464000000,464000000,None,-0.036,0.43,4929000000,6406000000,4.52,2017-12-31,26.45,1451000000,19478999000.0,9781000000,3974000000,1120000000,424000000,424000000,None,260000000,None,5224000000,None,None,15677000000,None,None,-1299000000,None,None,None,0.177,541000000,5997000000,3784000000,2505000000,5398000000,None,None,None,None,None,None,None,2.007,13.22,4.223,None,None,None,None,None,1074000000,None,0.143,None,7988000000,2025-10-29,quarterly,4.95,USD,pre-market,1084000000,11808000000,0.082,0.463,0.095,136.6,3190000000,25745000000,10068000000,1108000000,429.86,565.63,9.5133,47553000000,23185000000,19332000000,39121000000,24279000000,19789000000,36339000000,8432000000,29.94,-4637000000,627.5,264.25
2025-12-28,CAT,19.47,64670999000.0,29.94,None,1.563,44.14,513000000,None,1108000000,1108000000,-1620000000,-274000000,-641000000,27000000,-801000000,None,None,-13000000,1859000000,705800000,None,26558000000,26558000000,3412000000,None,None,14348000000,None,None,1477000000,723000000,5.84,0.01,461000000,461000000,None,-0.036,0.43,4929000000,6406000000,4.52,2017-09-30,26.45,1451000000,19478999000.0,9781000000,3974000000,1120000000,424000000,424000000,None,260000000,None,5224000000,None,None,15677000000,None,None,1061000000,None,None,None,0.177,1241000000,5997000000,3784000000,2505000000,5398000000,None,None,None,None,None,None,None,2.007,13.22,4.223,None,None,None,None,None,568000000,None,0.143,None,7988000000,2025-10-29,quarterly,4.95,USD,pre-market,1084000000,11808000000,0.082,0.463,0.095,136.6,3190000000,25745000000,10068000000,1108000000,429.86,565.63,9.5133,47553000000,23185000000,19332000000,39121000000,24279000000,19789000000,36339000000,8432000000,29.94,-4637000000,627.5,264.25
2025-12-28,CAT,19.47,64670999000.0,29.94,None,1.563,44.14,615000000,None,1108000000,1108000000,-1572000000,-66000000,760000000,4000000,-244000000,None,None,-89000000,1859000000,705800000,None,26558000000,26558000000,3412000000,None,None,14348000000,None,None,1477000000,720000000,5.84,0.01,454000000,454000000,None,-0.036,0.43,4929000000,6406000000,4.52,2017-06-30,26.45,1451000000,19478999000.0,9781000000,3974000000,1120000000,424000000,424000000,None,260000000,None,5224000000,None,None,15677000000,None,None,803000000,None,None,None,0.177,2382000000,5997000000,3784000000,2505000000,5398000000,None,None,None,None,None,None,None,2.007,13.22,4.223,None,None,None,None,None,19000000,None,0.143,None,7988000000,2025-10-29,quarterly,4.95,USD,pre-market,1084000000,11808000000,0.082,0.463,0.095,136.6,3190000000,25745000000,10068000000,1108000000,429.86,565.63,9.5133,47553000000,23185000000,19332000000,39121000000,24279000000,19789000000,36339000000,8432000000,29.94,-4637000000,627.5,264.25
2025-12-28,CAT,19.47,64670999000.0,29.94,None,1.563,44.14,509000000,None,1108000000,1108000000,878000000,-93000000,2304000000,9000000,-444000000,None,None,-353000000,1859000000,705800000,None,26558000000,26558000000,3412000000,None,None,14348000000,None,None,1477000000,710000000,5.84,0.01,452000000,452000000,None,-0.036,0.43,4929000000,6406000000,4.52,2017-03-31,26.45,1451000000,19478999000.0,9781000000,3974000000,1120000000,424000000,424000000,None,260000000,None,5224000000,None,None,15677000000,None,None,194000000,None,None,None,0.177,1542000000,5997000000,3784000000,2505000000,5398000000,None,None,None,None,None,None,None,2.007,13.22,4.223,None,None,None,None,None,-19000000,None,0.143,None,7988000000,2025-10-29,quarterly,4.95,USD,pre-market,1084000000,11808000000,0.082,0.463,0.095,136.6,3190000000,25745000000,10068000000,1108000000,429.86,565.63,9.5133,47553000000,23185000000,19332000000,39121000000,24279000000,19789000000,36339000000,8432000000,29.94,-4637000000,627.5,264.25
2025-12-28,CAT,19.47,64670999000.0,29.94,None,1.563,44.14,728000000,None,1108000000,1108000000,-431000000,-142000000,1055000000,-17000000,778000000,None,None,-299000000,1859000000,705800000,None,26558000000,26558000000,3412000000,None,None,14348000000,None,None,1477000000,779000000,5.84,0.01,451000000,451000000,None,-0.036,0.43,4929000000,6406000000,4.52,2016-12-31,26.45,1451000000,19478999000.0,9781000000,3974000000,1120000000,424000000,424000000,None,260000000,None,5224000000,None,None,15677000000,None,None,-1167000000,None,None,None,0.177,1645000000,5997000000,3784000000,2505000000,5398000000,None,None,None,None,None,None,None,2.007,13.22,4.223,None,None,None,None,None,31000000,None,0.143,None,7988000000,2025-10-29,quarterly,4.95,USD,pre-market,1084000000,11808000000,0.082,0.463,0.095,136.6,3190000000,25745000000,10068000000,1108000000,429.86,565.63,9.5133,47553000000,23185000000,19332000000,39121000000,24279000000,19789000000,36339000000,8432000000,29.94,-4637000000,627.5,264.25
2025-12-28,CAT,19.47,64670999000.0,29.94,None,1.563,44.14,595000000,None,1108000000,1108000000,-1649000000,-161000000,-651000000,-12000000,26000000,None,None,555000000,1859000000,705800000,None,26558000000,26558000000,3412000000,None,None,14348000000,None,None,1477000000,761000000,5.84,0.01,450000000,450000000,None,-0.036,0.43,4929000000,6406000000,4.52,2016-09-30,26.45,1451000000,19478999000.0,9781000000,3974000000,1120000000,424000000,424000000,None,260000000,None,5224000000,None,None,15677000000,None,None,283000000,None,None,None,0.177,1171000000,5997000000,3784000000,2505000000,5398000000,None,None,None,None,None,None,None,2.007,13.22,4.223,None,None,None,None,None,-7000000,None,0.143,None,7988000000,2025-10-29,quarterly,4.95,USD,pre-market,1084000000,11808000000,0.082,0.463,0.095,136.6,3190000000,25745000000,10068000000,1108000000,429.86,565.63,9.5133,47553000000,23185000000,19332000000,39121000000,24279000000,19789000000,36339000000,8432000000,29.94,-4637000000,627.5,264.25
2025-12-28,CAT,19.47,64670999000.0,29.94,None,1.563,44.14,865000000,None,1108000000,1108000000,-541000000,-885000000,878000000,-10000000,379000000,None,None,559000000,1859000000,705800000,None,26558000000,26558000000,3412000000,None,None,14348000000,None,None,1477000000,754000000,5.84,0.01,450000000,450000000,None,-0.036,0.43,4929000000,6406000000,4.52,2016-06-30,26.45,1451000000,19478999000.0,9781000000,3974000000,1120000000,424000000,424000000,None,260000000,None,5224000000,None,None,15677000000,None,None,553000000,None,None,None,0.177,2314000000,5997000000,3784000000,2505000000,5398000000,None,None,None,None,None,None,None,2.007,13.22,4.223,None,None,None,None,None,-2000000,None,0.143,None,7988000000,2025-10-29,quarterly,4.95,USD,pre-market,1084000000,11808000000,0.082,0.463,0.095,136.6,3190000000,25745000000,10068000000,1108000000,429.86,565.63,9.5133,47553000000,23185000000,19332000000,39121000000,24279000000,19789000000,36339000000,8432000000,29.94,-4637000000,627.5,264.25
2025-12-28,CAT,19.47,64670999000.0,29.94,None,1.563,44.14,740000000,None,1108000000,1108000000,-503000000,-572000000,-574000000,11000000,-74000000,None,None,14000000,1859000000,705800000,None,26558000000,26558000000,3412000000,None,None,14348000000,None,None,1477000000,740000000,5.84,0.01,448000000,448000000,None,-0.036,0.43,4929000000,6406000000,4.52,2016-03-31,26.45,1451000000,19478999000.0,9781000000,3974000000,1120000000,424000000,424000000,None,260000000,None,5224000000,None,None,15677000000,None,None,272000000,None,None,None,0.177,490000000,5997000000,3784000000,2505000000,5398000000,None,None,None,None,None,None,None,2.007,13.22,4.223,None,None,None,None,None,-45000000,None,0.143,None,7988000000,2025-10-29,quarterly,4.95,USD,pre-market,1084000000,11808000000,0.082,0.463,0.095,136.6,3190000000,25745000000,10068000000,1108000000,429.86,565.63,9.5133,47553000000,23185000000,19332000000,39121000000,24279000000,19789000000,36339000000,8432000000,29.94,-4637000000,627.5,264.25
2025-12-28,CAT,19.47,64670999000.0,29.94,None,1.563,44.14,1064000000,None,1108000000,1108000000,185000000,-1544000000,414000000,-38000000,1434000000,None,None,150000000,1859000000,705800000,None,26558000000,26558000000,3412000000,None,None,14348000000,None,None,1477000000,774000000,5.84,0.01,448000000,448000000,None,-0.036,0.43,4929000000,6406000000,4.52,2015-12-31,26.45,1451000000,19478999000.0,9781000000,3974000000,1120000000,424000000,424000000,None,260000000,None,5224000000,None,None,15677000000,None,None,-83000000,None,None,None,0.177,1811000000,5997000000,3784000000,2505000000,5398000000,None,None,None,None,None,None,None,2.007,13.22,4.223,None,None,None,None,None,2150000000,None,0.143,None,7988000000,2025-10-29,quarterly,4.95,USD,pre-market,1084000000,11808000000,0.082,0.463,0.095,136.6,3190000000,25745000000,10068000000,1108000000,429.86,565.63,9.5133,47553000000,23185000000,19332000000,39121000000,24279000000,19789000000,36339000000,8432000000,29.94,-4637000000,627.5,264.25
2025-12-28,CAT,19.47,64670999000.0,29.94,None,1.563,44.14,726000000,None,1108000000,1108000000,-2302000000,-882000000,-1775000000,-97000000,508000000,None,None,231000000,1859000000,705800000,None,26558000000,26558000000,3412000000,None,None,14348000000,None,None,1477000000,758000000,5.84,0.01,463000000,463000000,None,-0.036,0.43,4929000000,6406000000,4.52,2015-09-30,26.45,1451000000,19478999000.0,9781000000,3974000000,1120000000,424000000,424000000,None,260000000,None,5224000000,None,None,15677000000,None,None,562000000,None,None,None,0.177,1506000000,5997000000,3784000000,2505000000,5398000000,None,None,None,None,None,None,None,2.007,13.22,4.223,None,None,None,None,None,-1500000000,None,0.143,None,7988000000,2025-10-29,quarterly,4.95,USD,pre-market,1084000000,11808000000,0.082,0.463,0.095,136.6,3190000000,25745000000,10068000000,1108000000,429.86,565.63,9.5133,47553000000,23185000000,19332000000,39121000000,24279000000,19789000000,36339000000,8432000000,29.94,-4637000000,627.5,264.25
2025-12-28,CAT,19.47,64670999000.0,29.94,None,1.563,44.14,645000000,None,1108000000,1108000000,-1131000000,-707000000,258000000,8000000,421000000,None,None,377000000,1859000000,705800000,None,26558000000,26558000000,3412000000,None,None,14348000000,None,None,1477000000,761000000,5.84,0.01,422000000,422000000,None,-0.036,0.43,4929000000,6406000000,4.52,2015-06-30,26.45,1451000000,19478999000.0,9781000000,3974000000,1120000000,424000000,424000000,None,260000000,None,5224000000,None,None,15677000000,None,None,803000000,None,None,None,0.177,2088000000,5997000000,3784000000,2505000000,5398000000,None,None,None,None,None,None,None,2.007,13.22,4.223,None,None,None,None,None,-125000000,None,0.143,None,7988000000,2025-10-29,quarterly,4.95,USD,pre-market,1084000000,11808000000,0.082,0.463,0.095,136.6,3190000000,25745000000,10068000000,1108000000,429.86,565.63,9.5133,47553000000,23185000000,19332000000,39121000000,24279000000,19789000000,36339000000,8432000000,29.94,-4637000000,627.5,264.25
2025-12-28,CAT,19.47,64670999000.0,29.94,None,1.563,44.14,826000000,None,1108000000,1108000000,-622000000,-384000000,222000000,-42000000,-89000000,None,None,6000000,1859000000,705800000,None,26558000000,26558000000,3412000000,None,None,14348000000,None,None,1477000000,753000000,5.84,0.01,424000000,424000000,None,-0.036,0.43,4929000000,6406000000,4.52,2015-03-31,26.45,1451000000,19478999000.0,9781000000,3974000000,1120000000,424000000,424000000,None,260000000,None,5224000000,None,None,15677000000,None,None,1248000000,None,None,None,0.177,1270000000,5997000000,3784000000,2505000000,5398000000,None,None,None,None,None,None,None,2.007,13.22,4.223,None,None,None,None,None,-400000000,None,0.143,None,7988000000,2025-10-29,quarterly,4.95,USD,pre-market,1084000000,11808000000,0.082,0.463,0.095,136.6,3190000000,25745000000,10068000000,1108000000,429.86,565.63,9.5133,47553000000,23185000000,19332000000,39121000000,24279000000,19789000000,36339000000,8432000000,29.94,-4637000000,627.5,264.25
2025-12-28,CAT,19.47,64670999000.0,29.94,None,1.563,44.14,997000000,None,1108000000,1108000000,63000000,-624000000,1259000000,-51000000,960000000,None,None,-81000000,1859000000,705800000,None,26558000000,26558000000,3412000000,None,None,14348000000,None,None,1477000000,795000000,5.84,0.01,423000000,423000000,None,-0.036,0.43,4929000000,6406000000,4.52,2014-12-31,26.45,1451000000,19478999000.0,9781000000,3974000000,1120000000,424000000,424000000,None,260000000,None,5224000000,None,None,15677000000,None,None,763000000,None,None,None,0.177,1871000000,5997000000,3784000000,2505000000,5398000000,None,None,None,None,None,None,None,2.007,13.22,4.223,None,None,None,None,None,1798000000,None,0.143,None,7988000000,2025-10-29,quarterly,4.95,USD,pre-market,1084000000,11808000000,0.082,0.463,0.095,136.6,3190000000,25745000000,10068000000,1108000000,429.86,565.63,9.5133,47553000000,23185000000,19332000000,39121000000,24279000000,19789000000,36339000000,8432000000,29.94,-4637000000,627.5,264.25
2025-12-28,CAT,19.47,64670999000.0,29.94,None,1.563,44.14,847000000,None,1108000000,1108000000,-3240000000,-621000000,-1845000000,-36000000,-420000000,None,None,106000000,1859000000,705800000,None,26558000000,26558000000,3412000000,None,None,14348000000,None,None,1477000000,798000000,5.84,0.01,440000000,440000000,None,-0.036,0.43,4929000000,6406000000,4.52,2014-09-30,26.45,1451000000,19478999000.0,9781000000,3974000000,1120000000,424000000,424000000,None,260000000,None,5224000000,None,None,15677000000,None,None,1021000000,None,None,None,0.177,2052000000,5997000000,3784000000,2505000000,5398000000,None,None,None,None,None,None,None,2.007,13.22,4.223,None,None,None,None,None,-2500000000,None,0.143,None,7988000000,2025-10-29,quarterly,4.95,USD,pre-market,1084000000,11808000000,0.082,0.463,0.095,136.6,3190000000,25745000000,10068000000,1108000000,429.86,565.63,9.5133,47553000000,23185000000,19332000000,39121000000,24279000000,19789000000,36339000000,8432000000,29.94,-4637000000,627.5,264.25
2025-12-28,CAT,19.47,64670999000.0,29.94,None,1.563,44.14,796000000,None,1108000000,1108000000,1832000000,-1434000000,2582000000,-53000000,-169000000,None,None,175000000,1859000000,705800000,None,26558000000,26558000000,3412000000,None,None,14348000000,None,None,1477000000,789000000,5.84,0.01,374000000,374000000,None,-0.036,0.43,4929000000,6406000000,4.52,2014-06-30,26.45,1451000000,19478999000.0,9781000000,3974000000,1120000000,424000000,424000000,None,260000000,None,5224000000,None,None,15677000000,None,None,1002000000,None,None,None,0.177,2237000000,5997000000,3784000000,2505000000,5398000000,None,None,None,None,None,None,None,2.007,13.22,4.223,None,None,None,None,None,5604000000,None,0.143,None,7988000000,2025-10-29,quarterly,4.95,USD,pre-market,1084000000,11808000000,0.082,0.463,0.095,136.6,3190000000,25745000000,10068000000,1108000000,429.86,565.63,9.5133,47553000000,23185000000,19332000000,39121000000,24279000000,19789000000,36339000000,8432000000,29.94,-4637000000,627.5,264.25
2025-12-28,CAT,19.47,64670999000.0,29.94,None,1.563,44.14,739000000,None,1108000000,1108000000,-1651000000,-948000000,-736000000,-34000000,-270000000,None,None,-37000000,1859000000,705800000,None,26558000000,26558000000,3412000000,None,None,14348000000,None,None,1477000000,781000000,5.84,0.01,383000000,383000000,None,-0.036,0.43,4929000000,6406000000,4.52,2014-03-31,26.45,1451000000,19478999000.0,9781000000,3974000000,1120000000,424000000,424000000,None,260000000,None,5224000000,None,None,15677000000,None,None,925000000,None,None,None,0.177,1897000000,5997000000,3784000000,2505000000,5398000000,None,None,None,None,None,None,None,2.007,13.22,4.223,None,None,None,None,None,-1738000000,None,0.143,None,7988000000,2025-10-29,quarterly,4.95,USD,pre-market,1084000000,11808000000,0.082,0.463,0.095,136.6,3190000000,25745000000,10068000000,1108000000,429.86,565.63,9.5133,47553000000,23185000000,19332000000,39121000000,24279000000,19789000000,36339000000,8432000000,29.94,-4637000000,627.5,264.25
2025-12-28,CAT,19.47,64670999000.0,29.94,None,1.563,44.14,1283000000,None,1108000000,1108000000,-1883000000,-968000000,-276000000,-5000000,747000000,None,None,-330000000,1859000000,705800000,None,26558000000,26558000000,3412000000,None,None,14348000000,None,None,1477000000,824000000,5.84,0.01,381000000,381000000,None,-0.036,0.43,4929000000,6406000000,4.52,2013-12-31,26.45,1451000000,19478999000.0,9781000000,3974000000,1120000000,424000000,424000000,None,260000000,None,5224000000,None,None,15677000000,None,None,1006000000,None,None,None,0.177,2580000000,5997000000,3784000000,2505000000,5398000000,None,None,None,None,None,None,None,2.007,13.22,4.223,None,None,None,None,None,524000000,None,0.143,None,7988000000,2025-10-29,quarterly,4.95,USD,pre-market,1084000000,11808000000,0.082,0.463,0.095,136.6,3190000000,25745000000,10068000000,1108000000,429.86,565.63,9.5133,47553000000,23185000000,19332000000,39121000000,24279000000,19789000000,36339000000,8432000000,29.94,-4637000000,627.5,264.25
2025-12-28,CAT,19.47,64670999000.0,29.94,None,1.563,44.14,966000000,None,1108000000,1108000000,-1496000000,-1278000000,247000000,3000000,547000000,None,None,734000000,1859000000,705800000,None,26558000000,26558000000,3412000000,None,None,14348000000,None,None,1477000000,779000000,5.84,0.01,388000000,388000000,None,-0.036,0.43,4929000000,6406000000,4.52,2013-09-30,26.45,1451000000,19478999000.0,9781000000,3974000000,1120000000,424000000,424000000,None,260000000,None,5224000000,None,None,15677000000,None,None,950000000,None,None,None,0.177,3018000000,5997000000,3784000000,2505000000,5398000000,None,None,None,None,None,None,None,2.007,13.22,4.223,None,None,None,None,None,-1000000000,None,0.143,None,7988000000,2025-10-29,quarterly,4.95,USD,pre-market,1084000000,11808000000,0.082,0.463,0.095,136.6,3190000000,25745000000,10068000000,1108000000,429.86,565.63,9.5133,47553000000,23185000000,19332000000,39121000000,24279000000,19789000000,36339000000,8432000000,29.94,-4637000000,627.5,264.25
2025-12-28,CAT,19.47,64670999000.0,29.94,None,1.563,44.14,965000000,None,1108000000,1108000000,-1677000000,-1341000000,128000000,-23000000,1056000000,None,None,208000000,1859000000,705800000,None,26558000000,26558000000,3412000000,None,None,14348000000,None,None,1477000000,761000000,5.84,0.01,342000000,342000000,None,-0.036,0.43,4929000000,6406000000,4.52,2013-06-30,26.45,1451000000,19478999000.0,9781000000,3974000000,1120000000,424000000,424000000,None,260000000,None,5224000000,None,None,15677000000,None,None,965000000,None,None,None,0.177,3169000000,5997000000,3784000000,2505000000,5398000000,None,None,None,None,None,None,None,2.007,13.22,4.223,None,None,None,None,None,-1000000000,None,0.143,None,7988000000,2025-10-29,quarterly,4.95,USD,pre-market,1084000000,11808000000,0.082,0.463,0.095,136.6,3190000000,25745000000,10068000000,1108000000,429.86,565.63,9.5133,47553000000,23185000000,19332000000,39121000000,24279000000,19789000000,36339000000,8432000000,29.94,-4637000000,627.5,264.25
2025-12-28,CAT,19.47,64670999000.0,29.94,None,1.563,44.14,1232000000,None,1108000000,1108000000,545000000,-1459000000,492000000,-18000000,308000000,None,None,223000000,1859000000,705800000,None,26558000000,26558000000,3412000000,None,None,14348000000,None,None,1477000000,723000000,5.84,0.01,8000000,8000000,None,-0.036,0.43,4929000000,6406000000,4.52,2013-03-31,26.45,1451000000,19478999000.0,9781000000,3974000000,1120000000,424000000,424000000,None,260000000,None,5224000000,None,None,15677000000,None,None,882000000,None,None,None,0.177,1424000000,5997000000,3784000000,2505000000,5398000000,None,None,None,None,None,None,None,2.007,13.22,4.223,None,None,None,None,None,8000000,None,0.143,None,7988000000,2025-10-29,quarterly,4.95,USD,pre-market,1084000000,11808000000,0.082,0.463,0.095,136.6,3190000000,25745000000,10068000000,1108000000,429.86,565.63,9.5133,47553000000,23185000000,19332000000,39121000000,24279000000,19789000000,36339000000,8432000000,29.94,-4637000000,627.5,264.25
2025-12-28,CAT,19.47,64670999000.0,29.94,None,1.563,44.14,1550000000,None,1108000000,1108000000,-298000000,-1838000000,-199000000,-42000000,1969000000,None,None,-309000000,1859000000,705800000,None,26558000000,26558000000,3412000000,None,None,14348000000,None,None,1477000000,743000000,5.84,0.01,680000000,680000000,None,-0.036,0.43,4929000000,6406000000,4.52,2012-12-31,26.45,1451000000,19478999000.0,9781000000,3974000000,1120000000,424000000,424000000,None,260000000,None,5224000000,None,None,15677000000,None,None,700000000,None,None,None,0.177,1979000000,5997000000,3784000000,2505000000,5398000000,None,None,None,None,None,None,None,2.007,13.22,4.223,None,None,None,None,None,4681000000,None,0.143,None,7988000000,2025-10-29,quarterly,4.95,USD,pre-market,1084000000,11808000000,0.082,0.463,0.095,136.6,3190000000,25745000000,10068000000,1108000000,429.86,565.63,9.5133,47553000000,23185000000,19332000000,39121000000,24279000000,19789000000,36339000000,8432000000,29.94,-4637000000,627.5,264.25
2025-12-28,CAT,19.47,64670999000.0,29.94,None,1.563,44.14,1231000000,None,1108000000,1108000000,190000000,-848000000,586000000,4000000,-179000000,None,None,99000000,1859000000,705800000,None,26558000000,26558000000,3412000000,None,None,14348000000,None,None,1477000000,720000000,5.84,0.01,339000000,339000000,None,-0.036,0.43,4929000000,6406000000,4.52,2012-09-30,26.45,1451000000,19478999000.0,9781000000,3974000000,1120000000,424000000,424000000,None,260000000,None,5224000000,None,None,15677000000,None,None,1702000000,None,None,None,0.177,1240000000,5997000000,3784000000,2505000000,5398000000,None,None,None,None,None,None,None,2.007,13.22,4.223,None,None,None,None,None,2224000000,None,0.143,None,7988000000,2025-10-29,quarterly,4.95,USD,pre-market,1084000000,11808000000,0.082,0.463,0.095,136.6,3190000000,25745000000,10068000000,1108000000,429.86,565.63,9.5133,47553000000,23185000000,19332000000,39121000000,24279000000,19789000000,36339000000,8432000000,29.94,-4637000000,627.5,264.25
2025-12-28,CAT,19.47,64670999000.0,29.94,None,1.563,44.14,1166000000,None,1108000000,1108000000,2710000000,-1968000000,2239000000,-166000000,-901000000,None,None,-113000000,1859000000,705800000,None,26558000000,26558000000,3412000000,None,None,14348000000,None,None,1477000000,689000000,5.84,0.01,300000000,300000000,None,-0.036,0.43,4929000000,6406000000,4.52,2012-06-30,26.45,1451000000,19478999000.0,9781000000,3974000000,1120000000,424000000,424000000,None,260000000,None,5224000000,None,None,15677000000,None,None,1709000000,None,None,None,0.177,1663000000,5997000000,3784000000,2505000000,5398000000,None,None,None,None,None,None,None,2.007,13.22,4.223,None,None,None,None,None,7069000000,None,0.143,None,7988000000,2025-10-29,quarterly,4.95,USD,pre-market,1084000000,11808000000,0.082,0.463,0.095,136.6,3190000000,25745000000,10068000000,1108000000,429.86,565.63,9.5133,47553000000,23185000000,19332000000,39121000000,24279000000,19789000000,36339000000,8432000000,29.94,-4637000000,627.5,264.25
2025-12-28,CAT,19.47,64670999000.0,29.94,None,1.563,44.14,1129000000,None,1108000000,1108000000,991000000,-1536000000,-193000000,37000000,-2038000000,None,None,150000000,1859000000,705800000,None,26558000000,26558000000,3412000000,None,None,14348000000,None,None,1477000000,661000000,5.84,0.01,298000000,298000000,None,-0.036,0.43,4929000000,6406000000,4.52,2012-03-31,26.45,1451000000,19478999000.0,9781000000,3974000000,1120000000,424000000,424000000,None,260000000,None,5224000000,None,None,15677000000,None,None,1611000000,None,None,None,0.177,315000000,5997000000,3784000000,2505000000,5398000000,None,None,None,None,None,None,None,2.007,13.22,4.223,None,None,None,None,None,2502000000,None,0.143,None,7988000000,2025-10-29,quarterly,4.95,USD,pre-market,1084000000,11808000000,0.082,0.463,0.095,136.6,3190000000,25745000000,10068000000,1108000000,429.86,565.63,9.5133,47553000000,23185000000,19332000000,39121000000,24279000000,19789000000,36339000000,8432000000,29.94,-4637000000,627.5,264.25
2025-12-28,CAT,19.47,64670999000.0,29.94,None,1.563,44.14,1425000000,None,1108000000,1108000000,354000000,-1977000000,-172000000,-44000000,-211000000,None,None,-1091000000,1859000000,705800000,None,26558000000,26558000000,3412000000,None,None,14348000000,None,None,1477000000,695000000,5.84,0.01,297000000,297000000,None,-0.036,0.43,4929000000,6406000000,4.52,2011-12-31,26.45,1451000000,19478999000.0,9781000000,3974000000,1120000000,424000000,424000000,None,260000000,None,5224000000,None,None,15677000000,None,None,1562000000,None,None,None,0.177,1495000000,5997000000,3784000000,2505000000,5398000000,None,None,None,None,None,None,None,2.007,13.22,4.223,None,None,None,None,None,2936000000,None,0.143,None,7988000000,2025-10-29,quarterly,4.95,USD,pre-market,1084000000,11808000000,0.082,0.463,0.095,136.6,3190000000,25745000000,10068000000,1108000000,429.86,565.63,9.5133,47553000000,23185000000,19332000000,39121000000,24279000000,19789000000,36339000000,8432000000,29.94,-4637000000,627.5,264.25
2025-12-28,CAT,19.47,64670999000.0,29.94,None,1.563,44.14,995000000,None,1108000000,1108000000,-1316000000,-8264000000,-7486000000,-127000000,-866000000,None,None,-299000000,1859000000,705800000,None,26558000000,26558000000,3412000000,None,None,14348000000,None,None,1477000000,658000000,5.84,0.01,297000000,297000000,None,-0.036,0.43,4929000000,6406000000,4.52,2011-09-30,26.45,1451000000,19478999000.0,9781000000,3974000000,1120000000,424000000,424000000,None,260000000,None,5224000000,None,None,15677000000,None,None,1154000000,None,None,None,0.177,2221000000,5997000000,3784000000,2505000000,5398000000,None,None,None,None,None,None,None,2.007,13.22,4.223,None,None,None,None,None,2299000000,None,0.143,None,7988000000,2025-10-29,quarterly,4.95,USD,pre-market,1084000000,11808000000,0.082,0.463,0.095,136.6,3190000000,25745000000,10068000000,1108000000,429.86,565.63,9.5133,47553000000,23185000000,19332000000,39121000000,24279000000,19789000000,36339000000,8432000000,29.94,-4637000000,627.5,264.25
2025-12-28,CAT,19.47,64670999000.0,29.94,None,1.563,44.14,744000000,None,1108000000,1108000000,4038000000,-752000000,5846000000,31000000,-665000000,None,None,62000000,1859000000,705800000,None,26558000000,26558000000,3412000000,None,None,14348000000,None,None,1477000000,599000000,5.84,0.01,284000000,284000000,None,-0.036,0.43,4929000000,6406000000,4.52,2011-06-30,26.45,1451000000,19478999000.0,9781000000,3974000000,1120000000,424000000,424000000,None,260000000,None,5224000000,None,None,15677000000,None,None,1022000000,None,None,None,0.177,2529000000,5997000000,3784000000,2505000000,5398000000,None,None,None,None,None,None,None,2.007,13.22,4.223,None,None,None,None,None,9643000000,None,0.143,None,7988000000,2025-10-29,quarterly,4.95,USD,pre-market,1084000000,11808000000,0.082,0.463,0.095,136.6,3190000000,25745000000,10068000000,1108000000,429.86,565.63,9.5133,47553000000,23185000000,19332000000,39121000000,24279000000,19789000000,36339000000,8432000000,29.94,-4637000000,627.5,264.25
2025-12-28,CAT,19.47,64670999000.0,29.94,None,1.563,44.14,760000000,None,1108000000,1108000000,890000000,-434000000,1277000000,56000000,-1185000000,None,None,-17000000,1859000000,705800000,None,26558000000,26558000000,3412000000,None,None,14348000000,None,None,1477000000,575000000,5.84,0.01,281000000,281000000,None,-0.036,0.43,4929000000,6406000000,4.52,2011-03-31,26.45,1451000000,19478999000.0,9781000000,3974000000,1120000000,424000000,424000000,None,260000000,None,5224000000,None,None,15677000000,None,None,1243000000,None,None,None,0.177,765000000,5997000000,3784000000,2505000000,5398000000,None,None,None,None,None,None,None,2.007,13.22,4.223,None,None,None,None,None,1305000000,None,0.143,None,7988000000,2025-10-29,quarterly,4.95,USD,pre-market,1084000000,11808000000,0.082,0.463,0.095,136.6,3190000000,25745000000,10068000000,1108000000,429.86,565.63,9.5133,47553000000,23185000000,19332000000,39121000000,24279000000,19789000000,36339000000,8432000000,29.94,-4637000000,627.5,264.25
2025-12-28,CAT,19.47,64670999000.0,29.94,None,1.563,44.14,1036000000,None,1108000000,1108000000,-341000000,-493000000,1327000000,-16000000,-581000000,None,None,-983000000,1859000000,705800000,None,26558000000,26558000000,3412000000,None,None,14348000000,None,None,1477000000,615000000,5.84,0.01,280000000,280000000,None,-0.036,0.43,4929000000,6406000000,4.52,2010-12-31,26.45,1451000000,19478999000.0,9781000000,3974000000,1120000000,424000000,424000000,None,260000000,None,5224000000,None,None,15677000000,None,None,988000000,None,None,None,0.177,2177000000,5997000000,3784000000,2505000000,5398000000,None,None,None,None,None,None,None,2.007,13.22,4.223,None,None,None,None,None,2687000000,None,0.143,None,7988000000,2025-10-29,quarterly,4.95,USD,pre-market,1084000000,11808000000,0.082,0.463,0.095,136.6,3190000000,25745000000,10068000000,1108000000,429.86,565.63,9.5133,47553000000,23185000000,19332000000,39121000000,24279000000,19789000000,36339000000,8432000000,29.94,-4637000000,627.5,264.25
2025-12-28,CAT,19.47,64670999000.0,29.94,None,1.563,44.14,641000000,None,1108000000,1108000000,-1486000000,-942000000,-1332000000,60000000,-1066000000,None,None,-241000000,1859000000,705800000,None,26558000000,26558000000,3412000000,None,None,14348000000,None,None,1477000000,565000000,5.84,0.01,277000000,277000000,None,-0.036,0.43,4929000000,6406000000,4.52,2010-09-30,26.45,1451000000,19478999000.0,9781000000,3974000000,1120000000,424000000,424000000,None,260000000,None,5224000000,None,None,15677000000,None,None,801000000,None,None,None,0.177,1036000000,5997000000,3784000000,2505000000,5398000000,None,None,None,None,None,None,None,2.007,13.22,4.223,None,None,None,None,None,1347000000,None,0.143,None,7988000000,2025-10-29,quarterly,4.95,USD,pre-market,1084000000,11808000000,0.082,0.463,0.095,136.6,3190000000,25745000000,10068000000,1108000000,429.86,565.63,9.5133,47553000000,23185000000,19332000000,39121000000,24279000000,19789000000,36339000000,8432000000,29.94,-4637000000,627.5,264.25
2025-12-28,CAT,19.47,64670999000.0,29.94,None,1.563,44.14,486000000,None,1108000000,1108000000,-850000000,-220000000,59000000,-66000000,-376000000,None,None,-723000000,1859000000,705800000,None,26558000000,26558000000,3412000000,None,None,14348000000,None,None,1477000000,562000000,5.84,0.01,265000000,265000000,None,-0.036,0.43,4929000000,6406000000,4.52,2010-06-30,26.45,1451000000,19478999000.0,9781000000,3974000000,1120000000,424000000,424000000,None,260000000,None,5224000000,None,None,15677000000,None,None,733000000,None,None,None,0.177,1195000000,5997000000,3784000000,2505000000,5398000000,None,None,None,None,None,None,None,2.007,13.22,4.223,None,None,None,None,None,2602000000,None,0.143,None,7988000000,2025-10-29,quarterly,4.95,USD,pre-market,1084000000,11808000000,0.082,0.463,0.095,136.6,3190000000,25745000000,10068000000,1108000000,429.86,565.63,9.5133,47553000000,23185000000,19332000000,39121000000,24279000000,19789000000,36339000000,8432000000,29.94,-4637000000,627.5,264.25
2025-12-28,CAT,19.47,64670999000.0,29.94,None,1.563,44.14,538000000,None,1108000000,1108000000,-1936000000,-55000000,-1329000000,-54000000,-644000000,None,None,-373000000,1859000000,705800000,None,26558000000,26558000000,3412000000,None,None,14348000000,None,None,1477000000,554000000,5.84,0.01,262000000,262000000,None,-0.036,0.43,4929000000,6406000000,4.52,2010-03-31,26.45,1451000000,19478999000.0,9781000000,3974000000,1120000000,424000000,424000000,None,260000000,None,5224000000,None,None,15677000000,None,None,236000000,None,None,None,0.177,716000000,5997000000,3784000000,2505000000,5398000000,None,None,None,None,None,None,None,2.007,13.22,4.223,None,None,None,None,None,1649000000,None,0.143,None,7988000000,2025-10-29,quarterly,4.95,USD,pre-market,1084000000,11808000000,0.082,0.463,0.095,136.6,3190000000,25745000000,10068000000,1108000000,429.86,565.63,9.5133,47553000000,23185000000,19332000000,39121000000,24279000000,19789000000,36339000000,8432000000,29.94,-4637000000,627.5,264.25
2025-12-28,CAT,19.47,64670999000.0,29.94,None,1.563,44.14,818000000,None,1108000000,1108000000,-868000000,-278000000,None,None,516000000,None,None,None,1859000000,705800000,None,26558000000,26558000000,3412000000,None,None,14348000000,None,None,1477000000,703000000,5.84,0.01,263000000,263000000,None,-0.036,0.43,4929000000,6406000000,4.52,2009-12-31,26.45,1451000000,19478999000.0,9781000000,3974000000,1120000000,424000000,424000000,None,260000000,None,5224000000,None,None,15677000000,None,None,206000000,None,None,None,0.177,1825000000,5997000000,3784000000,2505000000,5398000000,None,None,None,None,None,None,None,2.007,13.22,4.223,None,None,None,None,None,-2462000000,None,0.143,None,7988000000,2025-10-29,quarterly,4.95,USD,pre-market,1084000000,11808000000,0.082,0.463,0.095,136.6,3190000000,25745000000,10068000000,1108000000,429.86,565.63,9.5133,47553000000,23185000000,19332000000,39121000000,24279000000,19789000000,36339000000,8432000000,29.94,-4637000000,627.5,264.25
2025-12-28,CAT,19.47,64670999000.0,29.94,None,1.563,44.14,614000000,None,1108000000,1108000000,-1963000000,432000000,None,None,354000000,None,None,None,1859000000,705800000,None,26558000000,26558000000,3412000000,None,None,14348000000,None,None,1477000000,561000000,5.84,0.01,261000000,261000000,None,-0.036,0.43,4929000000,6406000000,4.52,2009-09-30,26.45,1451000000,19478999000.0,9781000000,3974000000,1120000000,424000000,424000000,None,260000000,None,5224000000,None,None,15677000000,None,None,392000000,None,None,None,0.177,1715000000,5997000000,3784000000,2505000000,5398000000,None,None,None,None,None,None,None,2.007,13.22,4.223,None,None,None,None,None,5205000000,None,0.143,None,7988000000,2025-10-29,quarterly,4.95,USD,pre-market,1084000000,11808000000,0.082,0.463,0.095,136.6,3190000000,25745000000,10068000000,1108000000,429.86,565.63,9.5133,47553000000,23185000000,19332000000,39121000000,24279000000,19789000000,36339000000,8432000000,29.94,-4637000000,627.5,264.25
2025-12-28,CAT,19.47,64670999000.0,29.94,None,1.563,44.14,439000000,None,1108000000,1108000000,-1849000000,345000000,None,None,867000000,None,None,None,1859000000,705800000,None,26558000000,26558000000,3412000000,None,None,14348000000,None,None,1477000000,538000000,5.84,0.01,252000000,252000000,None,-0.036,0.43,4929000000,6406000000,4.52,2009-06-30,26.45,1451000000,19478999000.0,9781000000,3974000000,1120000000,424000000,424000000,None,260000000,None,5224000000,None,None,15677000000,None,None,360000000,None,None,None,0.177,1908000000,5997000000,3784000000,2505000000,5398000000,None,None,None,None,None,None,None,2.007,13.22,4.223,None,None,None,None,None,None,None,0.143,None,7988000000,2025-10-29,quarterly,4.95,USD,pre-market,1084000000,11808000000,0.082,0.463,0.095,136.6,3190000000,25745000000,10068000000,1108000000,429.86,565.63,9.5133,47553000000,23185000000,19332000000,39121000000,24279000000,19789000000,36339000000,8432000000,29.94,-4637000000,627.5,264.25
2025-12-28,CAT,19.47,64670999000.0,29.94,None,1.563,44.14,445000000,None,1108000000,1108000000,-535000000,503000000,None,None,764000000,None,None,None,1859000000,705800000,None,26558000000,26558000000,3412000000,None,None,14348000000,None,None,1477000000,534000000,5.84,0.01,253000000,253000000,None,-0.036,0.43,4929000000,6406000000,4.52,2009-03-31,26.45,1451000000,19478999000.0,9781000000,3974000000,1120000000,424000000,424000000,None,260000000,None,5224000000,None,None,15677000000,None,None,-131000000,None,None,None,0.177,895000000,5997000000,3784000000,2505000000,5398000000,None,None,None,None,None,None,None,2.007,13.22,4.223,None,None,None,None,None,None,None,0.143,None,7988000000,2025-10-29,quarterly,4.95,USD,pre-market,1084000000,11808000000,0.082,0.463,0.095,136.6,3190000000,25745000000,10068000000,1108000000,429.86,565.63,9.5133,47553000000,23185000000,19332000000,39121000000,24279000000,19789000000,36339000000,8432000000,29.94,-4637000000,627.5,264.25
2025-12-28,CAT,19.47,64670999000.0,29.94,None,1.563,44.14,1567000000,None,1108000000,1108000000,458000000,-1549000000,None,None,547000000,None,None,None,1859000000,705800000,None,26558000000,26558000000,3412000000,None,None,14348000000,None,None,1477000000,527000000,5.84,0.01,253000000,253000000,None,-0.036,0.43,4929000000,6406000000,4.52,2008-12-31,26.45,1451000000,19478999000.0,9781000000,3974000000,1120000000,424000000,424000000,None,260000000,None,5224000000,None,None,15677000000,None,None,661000000,None,None,None,0.177,1517000000,5997000000,3784000000,2505000000,5398000000,None,None,None,None,None,None,None,2.007,13.22,4.223,None,None,None,None,None,-84000000,None,0.143,None,7988000000,2025-10-29,quarterly,4.95,USD,pre-market,1084000000,11808000000,0.082,0.463,0.095,136.6,3190000000,25745000000,10068000000,1108000000,429.86,565.63,9.5133,47553000000,23185000000,19332000000,39121000000,24279000000,19789000000,36339000000,8432000000,29.94,-4637000000,627.5,264.25
2025-12-28,CAT,19.47,64670999000.0,29.94,None,1.563,44.14,931000000,None,1108000000,1108000000,1937000000,-1916000000,None,None,-371000000,None,None,None,1859000000,705800000,None,26558000000,26558000000,3412000000,None,None,14348000000,None,None,1477000000,501000000,5.84,0.01,256000000,256000000,None,-0.036,0.43,4929000000,6406000000,4.52,2008-09-30,26.45,1451000000,19478999000.0,9781000000,3974000000,1120000000,424000000,424000000,None,260000000,None,5224000000,None,None,15677000000,None,None,876000000,None,None,None,0.177,1375000000,5997000000,3784000000,2505000000,5398000000,None,None,None,None,None,None,None,2.007,13.22,4.223,None,None,None,None,None,-354000000,None,0.143,None,7988000000,2025-10-29,quarterly,4.95,USD,pre-market,1084000000,11808000000,0.082,0.463,0.095,136.6,3190000000,25745000000,10068000000,1108000000,429.86,565.63,9.5133,47553000000,23185000000,19332000000,39121000000,24279000000,19789000000,36339000000,8432000000,29.94,-4637000000,627.5,264.25
2025-12-28,CAT,19.47,64670999000.0,29.94,None,1.563,44.14,868000000,None,1108000000,1108000000,519000000,-1710000000,None,None,-145000000,None,None,None,1859000000,705800000,None,26558000000,26558000000,3412000000,None,None,14348000000,None,None,1477000000,480000000,5.84,0.01,221000000,221000000,None,-0.036,0.43,4929000000,6406000000,4.52,2008-06-30,26.45,1451000000,19478999000.0,9781000000,3974000000,1120000000,424000000,424000000,None,260000000,None,5224000000,None,None,15677000000,None,None,1124000000,None,None,None,0.177,1199000000,5997000000,3784000000,2505000000,5398000000,None,None,None,None,None,None,None,2.007,13.22,4.223,None,None,None,None,None,-670000000,None,0.143,None,7988000000,2025-10-29,quarterly,4.95,USD,pre-market,1084000000,11808000000,0.082,0.463,0.095,136.6,3190000000,25745000000,10068000000,1108000000,429.86,565.63,9.5133,47553000000,23185000000,19332000000,39121000000,24279000000,19789000000,36339000000,8432000000,29.94,-4637000000,627.5,264.25
2025-12-28,CAT,19.47,64670999000.0,29.94,None,1.563,44.14,645000000,None,1108000000,1108000000,41000000,-1121000000,None,None,-864000000,None,None,None,1859000000,705800000,None,26558000000,26558000000,3412000000,None,None,14348000000,None,None,1477000000,472000000,5.84,0.01,223000000,223000000,None,-0.036,0.43,4929000000,6406000000,4.52,2008-03-31,26.45,1451000000,19478999000.0,9781000000,3974000000,1120000000,424000000,424000000,None,260000000,None,5224000000,None,None,15677000000,None,None,922000000,None,None,None,0.177,706000000,5997000000,3784000000,2505000000,5398000000,None,None,None,None,None,None,None,2.007,13.22,4.223,None,None,None,None,None,-730000000,None,0.143,None,7988000000,2025-10-29,quarterly,4.95,USD,pre-market,1084000000,11808000000,0.082,0.463,0.095,136.6,3190000000,25745000000,10068000000,1108000000,429.86,565.63,9.5133,47553000000,23185000000,19332000000,39121000000,24279000000,19789000000,36339000000,8432000000,29.94,-4637000000,627.5,264.25
2025-12-28,CAT,19.47,64670999000.0,29.94,None,1.563,44.14,1100000000,None,1108000000,1108000000,-530000000,-1797000000,None,None,-30000000,None,None,None,1859000000,705800000,None,26558000000,26558000000,3412000000,None,None,14348000000,None,None,1477000000,496000000,5.84,0.01,228000000,228000000,None,-0.036,0.43,4929000000,6406000000,4.52,2007-12-31,26.45,1451000000,19478999000.0,9781000000,3974000000,1120000000,424000000,424000000,None,260000000,None,5224000000,None,None,15677000000,None,None,975000000,None,None,None,0.177,2505000000,5997000000,3784000000,2505000000,5398000000,None,None,None,None,None,None,None,2.007,13.22,4.223,None,None,None,None,None,-920000000,None,0.143,None,7988000000,2025-10-29,quarterly,4.95,USD,pre-market,1084000000,11808000000,0.082,0.463,0.095,136.6,3190000000,25745000000,10068000000,1108000000,429.86,565.63,9.5133,47553000000,23185000000,19332000000,39121000000,24279000000,19789000000,36339000000,8432000000,29.94,-4637000000,627.5,264.25
2025-12-28,CAT,19.47,64670999000.0,29.94,None,1.563,44.14,737000000,None,1108000000,1108000000,-1248000000,-590000000,None,None,-24000000,None,None,None,1859000000,705800000,None,26558000000,26558000000,3412000000,None,None,14348000000,None,None,1477000000,452000000,5.84,0.01,231000000,231000000,None,-0.036,0.43,4929000000,6406000000,4.52,2007-09-30,26.45,1451000000,19478999000.0,9781000000,3974000000,1120000000,424000000,424000000,None,260000000,None,5224000000,None,None,15677000000,None,None,927000000,None,None,None,0.177,2194000000,5997000000,3784000000,2505000000,5398000000,None,None,None,None,None,None,None,2.007,13.22,4.223,None,None,None,None,None,-468000000,None,0.143,None,7988000000,2025-10-29,quarterly,4.95,USD,pre-market,1084000000,11808000000,0.082,0.463,0.095,136.6,3190000000,25745000000,10068000000,1108000000,429.86,565.63,9.5133,47553000000,23185000000,19332000000,39121000000,24279000000,19789000000,36339000000,8432000000,29.94,-4637000000,627.5,264.25
2025-12-28,CAT,19.47,64670999000.0,29.94,None,1.563,44.14,699000000,None,1108000000,1108000000,-540000000,-1394000000,None,None,43000000,None,None,None,1859000000,705800000,None,26558000000,26558000000,3412000000,None,None,14348000000,None,None,1477000000,437000000,5.84,0.01,193000000,193000000,None,-0.036,0.43,4929000000,6406000000,4.52,2007-06-30,26.45,1451000000,19478999000.0,9781000000,3974000000,1120000000,424000000,424000000,None,260000000,None,5224000000,None,None,15677000000,None,None,823000000,None,None,None,0.177,1887000000,5997000000,3784000000,2505000000,5398000000,None,None,None,None,None,None,None,2.007,13.22,4.223,None,None,None,None,None,-506000000,None,0.143,None,7988000000,2025-10-29,quarterly,4.95,USD,pre-market,1084000000,11808000000,0.082,0.463,0.095,136.6,3190000000,25745000000,10068000000,1108000000,429.86,565.63,9.5133,47553000000,23185000000,19332000000,39121000000,24279000000,19789000000,36339000000,8432000000,29.94,-4637000000,627.5,264.25
2025-12-28,CAT,19.47,64670999000.0,29.94,None,1.563,44.14,504000000,None,1108000000,1108000000,-651000000,-627000000,None,None,-734000000,None,None,None,1859000000,705800000,None,26558000000,26558000000,3412000000,None,None,14348000000,None,None,1477000000,412000000,5.84,0.01,193000000,193000000,None,-0.036,0.43,4929000000,6406000000,4.52,2007-03-31,26.45,1451000000,19478999000.0,9781000000,3974000000,1120000000,424000000,424000000,None,260000000,None,5224000000,None,None,15677000000,None,None,816000000,None,None,None,0.177,1349000000,5997000000,3784000000,2505000000,5398000000,None,None,None,None,None,None,None,2.007,13.22,4.223,None,None,None,None,None,-511000000,None,0.143,None,7988000000,2025-10-29,quarterly,4.95,USD,pre-market,1084000000,11808000000,0.082,0.463,0.095,136.6,3190000000,25745000000,10068000000,1108000000,429.86,565.63,9.5133,47553000000,23185000000,19332000000,39121000000,24279000000,19789000000,36339000000,8432000000,29.94,-4637000000,627.5,264.25
2025-12-28,CAT,19.47,64670999000.0,29.94,None,1.563,44.14,972000000,None,1108000000,1108000000,-763000000,-1511000000,None,None,75000000,None,None,None,1859000000,705800000,None,26558000000,26558000000,3412000000,None,None,14348000000,None,None,1477000000,382000000,5.84,0.01,195000000,195000000,None,-0.036,0.43,4929000000,6406000000,4.52,2006-12-31,26.45,1451000000,19478999000.0,9781000000,3974000000,1120000000,424000000,424000000,None,260000000,None,5224000000,None,None,15677000000,None,None,882000000,None,None,None,0.177,2233000000,5997000000,3784000000,2505000000,5398000000,None,None,None,None,None,None,None,2.007,13.22,4.223,None,None,None,None,None,-350000000,None,0.143,None,7988000000,2025-10-29,quarterly,4.95,USD,pre-market,1084000000,11808000000,0.082,0.463,0.095,136.6,3190000000,25745000000,10068000000,1108000000,429.86,565.63,9.5133,47553000000,23185000000,19332000000,39121000000,24279000000,19789000000,36339000000,8432000000,29.94,-4637000000,627.5,264.25
2025-12-28,CAT,19.47,64670999000.0,29.94,None,1.563,44.14,619000000,None,1108000000,1108000000,-555000000,-1136000000,None,None,-147000000,None,None,None,1859000000,705800000,None,26558000000,26558000000,3412000000,None,None,14348000000,None,None,1477000000,418000000,5.84,0.01,196000000,196000000,None,-0.036,0.43,4929000000,6406000000,4.52,2006-09-30,26.45,1451000000,19478999000.0,9781000000,3974000000,1120000000,424000000,424000000,None,260000000,None,5224000000,None,None,15677000000,None,None,769000000,None,None,None,0.177,1618000000,5997000000,3784000000,2505000000,5398000000,None,None,None,None,None,None,None,2.007,13.22,4.223,None,None,None,None,None,-447000000,None,0.143,None,7988000000,2025-10-29,quarterly,4.95,USD,pre-market,1084000000,11808000000,0.082,0.463,0.095,136.6,3190000000,25745000000,10068000000,1108000000,429.86,565.63,9.5133,47553000000,23185000000,19332000000,39121000000,24279000000,19789000000,36339000000,8432000000,29.94,-4637000000,627.5,264.25
2025-12-28,CAT,19.47,64670999000.0,29.94,None,1.563,44.14,599000000,None,1108000000,1108000000,-783000000,-834000000,None,None,-137000000,None,None,None,1859000000,705800000,None,26558000000,26558000000,3412000000,None,None,14348000000,None,None,1477000000,402000000,5.84,0.01,167000000,167000000,None,-0.036,0.43,4929000000,6406000000,4.52,2006-06-30,26.45,1451000000,19478999000.0,9781000000,3974000000,1120000000,424000000,424000000,None,260000000,None,5224000000,None,None,15677000000,None,None,1046000000,None,None,None,0.177,1441000000,5997000000,3784000000,2505000000,5398000000,None,None,None,None,None,None,None,2.007,13.22,4.223,None,None,None,None,None,-1673000000,None,0.143,None,7988000000,2025-10-29,quarterly,4.95,USD,pre-market,1084000000,11808000000,0.082,0.463,0.095,136.6,3190000000,25745000000,10068000000,1108000000,429.86,565.63,9.5133,47553000000,23185000000,19332000000,39121000000,24279000000,19789000000,36339000000,8432000000,29.94,-4637000000,627.5,264.25
2025-12-28,CAT,19.47,64670999000.0,29.94,None,1.563,44.14,485000000,None,1108000000,1108000000,-492000000,-315000000,None,None,-618000000,None,None,None,1859000000,705800000,None,26558000000,26558000000,3412000000,None,None,14348000000,None,None,1477000000,400000000,5.84,0.01,168000000,168000000,None,-0.036,0.43,4929000000,6406000000,4.52,2006-03-31,26.45,1451000000,19478999000.0,9781000000,3974000000,1120000000,424000000,424000000,None,260000000,None,5224000000,None,None,15677000000,None,None,840000000,None,None,None,0.177,507000000,5997000000,3784000000,2505000000,5398000000,None,None,None,None,None,None,None,2.007,13.22,4.223,None,None,None,None,None,-738000000,None,0.143,None,7988000000,2025-10-29,quarterly,4.95,USD,pre-market,1084000000,11808000000,0.082,0.463,0.095,136.6,3190000000,25745000000,10068000000,1108000000,429.86,565.63,9.5133,47553000000,23185000000,19332000000,39121000000,24279000000,19789000000,36339000000,8432000000,29.94,-4637000000,627.5,264.25
2025-12-28,CAT,19.47,64670999000.0,29.94,None,1.563,44.14,741000000,None,1108000000,1108000000,110000000,None,None,None,226000000,None,None,None,1859000000,705800000,None,26558000000,26558000000,3412000000,None,None,14348000000,None,None,1477000000,364000000,5.84,0.01,169000000,169000000,None,-0.036,0.43,4929000000,6406000000,4.52,2005-12-31,26.45,1451000000,19478999000.0,9781000000,3974000000,1120000000,424000000,424000000,None,260000000,None,5224000000,None,None,15677000000,None,None,846000000,None,None,None,0.177,983000000,5997000000,3784000000,2505000000,5398000000,None,None,None,None,None,None,None,2.007,13.22,4.223,None,None,None,None,None,-645000000,None,0.143,None,7988000000,2025-10-29,quarterly,4.95,USD,pre-market,1084000000,11808000000,0.082,0.463,0.095,136.6,3190000000,25745000000,10068000000,1108000000,429.86,565.63,9.5133,47553000000,23185000000,19332000000,39121000000,24279000000,19789000000,36339000000,8432000000,29.94,-4637000000,627.5,264.25
2025-12-28,CAT,19.47,64670999000.0,29.94,None,1.563,44.14,664000000,None,1108000000,1108000000,230000000,-1145000000,None,None,-120000000,None,None,None,1859000000,705800000,None,26558000000,26558000000,3412000000,None,None,14348000000,None,None,1477000000,369000000,5.84,0.01,169000000,169000000,None,-0.036,0.43,4929000000,6406000000,4.52,2005-09-30,26.45,1451000000,19478999000.0,9781000000,3974000000,1120000000,424000000,424000000,None,260000000,None,5224000000,None,None,15677000000,None,None,667000000,None,None,None,0.177,1134000000,5997000000,3784000000,2505000000,5398000000,None,None,None,None,None,None,None,2.007,13.22,4.223,None,None,None,None,None,-200000000,None,0.143,None,7988000000,2025-10-29,quarterly,4.95,USD,pre-market,1084000000,11808000000,0.082,0.463,0.095,136.6,3190000000,25745000000,10068000000,1108000000,429.86,565.63,9.5133,47553000000,23185000000,19332000000,39121000000,24279000000,19789000000,36339000000,8432000000,29.94,-4637000000,627.5,264.25
2025-12-28,CAT,19.47,64670999000.0,29.94,None,1.563,44.14,3215000000,None,1108000000,1108000000,-9565000000,-2453000000,None,None,-414000000,None,None,None,1859000000,705800000,None,26558000000,26558000000,3412000000,None,None,14348000000,None,None,1477000000,2153000000,5.84,0.01,2646000000,2646000000,None,-0.036,0.43,4929000000,6406000000,4.52,2024-12-31,26.45,1451000000,19478999000.0,9781000000,3974000000,1120000000,424000000,424000000,None,260000000,None,5224000000,None,None,15677000000,None,None,10788000000,None,None,None,0.177,12035000000,5997000000,3784000000,2505000000,5398000000,None,None,None,None,None,None,None,2.007,13.22,4.223,None,None,None,None,None,-7697000000,None,0.143,None,7988000000,2025-10-29,annual,4.95,USD,pre-market,1084000000,11808000000,0.082,0.463,0.095,136.6,3190000000,25745000000,10068000000,1108000000,429.86,565.63,9.5133,47553000000,23185000000,19332000000,39121000000,24279000000,19789000000,36339000000,8432000000,29.94,-4637000000,627.5,264.25
2025-12-28,CAT,19.47,64670999000.0,29.94,None,1.563,44.14,3092000000,None,1108000000,1108000000,-6932000000,-5871000000,None,None,-364000000,None,None,None,1859000000,705800000,None,26558000000,26558000000,3412000000,None,None,14348000000,None,None,1477000000,2144000000,5.84,0.01,2563000000,2563000000,None,-0.036,0.43,4929000000,6406000000,4.52,2023-12-31,26.45,1451000000,19478999000.0,9781000000,3974000000,1120000000,424000000,424000000,None,260000000,None,5224000000,None,None,15677000000,None,None,10332000000,None,None,None,0.177,12885000000,5997000000,3784000000,2505000000,5398000000,None,None,None,None,None,None,None,2.007,13.22,4.223,None,None,None,None,None,-4975000000,None,0.143,None,7988000000,2025-10-29,annual,4.95,USD,pre-market,1084000000,11808000000,0.082,0.463,0.095,136.6,3190000000,25745000000,10068000000,1108000000,429.86,565.63,9.5133,47553000000,23185000000,19332000000,39121000000,24279000000,19789000000,36339000000,8432000000,29.94,-4637000000,627.5,264.25
2025-12-28,CAT,19.47,64670999000.0,29.94,None,1.563,44.14,2599000000,None,1108000000,1108000000,-7281000000,-2541000000,-2056000000,None,-2589000000,None,None,-220000000,1859000000,705800000,None,26558000000,26558000000,3412000000,None,None,14348000000,None,None,1477000000,2219000000,5.84,0.01,2440000000,2440000000,None,-0.036,0.43,4929000000,6406000000,4.52,2022-12-31,26.45,1451000000,19478999000.0,9781000000,3974000000,1120000000,424000000,424000000,None,260000000,None,5224000000,None,None,15677000000,None,None,6704000000,None,None,None,0.177,7766000000,5997000000,3784000000,2505000000,5398000000,None,None,None,None,None,None,None,2.007,13.22,4.223,None,None,None,None,None,-4230000000,None,0.143,None,7988000000,2025-10-29,annual,4.95,USD,pre-market,1084000000,11808000000,0.082,0.463,0.095,136.6,3190000000,25745000000,10068000000,1108000000,429.86,565.63,9.5133,47553000000,23185000000,19332000000,39121000000,24279000000,19789000000,36339000000,8432000000,29.94,-4637000000,627.5,264.25
2025-12-28,CAT,19.47,64670999000.0,29.94,None,1.563,44.14,2472000000,None,1108000000,1108000000,-4188000000,-3084000000,-74000000,None,-2586000000,None,None,-1259000000,1859000000,705800000,None,26558000000,26558000000,3412000000,None,None,14348000000,None,None,1477000000,2352000000,5.84,0.01,2332000000,2332000000,None,-0.036,0.43,4929000000,6406000000,4.52,2021-12-31,26.45,1451000000,19478999000.0,9781000000,3974000000,1120000000,424000000,424000000,None,260000000,None,5224000000,None,None,15677000000,None,None,6493000000,None,None,None,0.177,7198000000,5997000000,3784000000,2505000000,5398000000,None,None,None,None,None,None,None,2.007,13.22,4.223,None,None,None,None,None,-2668000000,None,0.143,None,7988000000,2025-10-29,annual,4.95,USD,pre-market,1084000000,11808000000,0.082,0.463,0.095,136.6,3190000000,25745000000,10068000000,1108000000,429.86,565.63,9.5133,47553000000,23185000000,19332000000,39121000000,24279000000,19789000000,36339000000,8432000000,29.94,-4637000000,627.5,264.25
2025-12-28,CAT,19.47,64670999000.0,29.94,None,1.563,44.14,2115000000,None,1108000000,1108000000,-3755000000,-1485000000,1087000000,None,-34000000,None,None,1442000000,1859000000,705800000,None,26558000000,26558000000,3412000000,None,None,14348000000,None,None,1477000000,2432000000,5.84,0.01,2243000000,2243000000,None,-0.036,0.43,4929000000,6406000000,4.52,2020-12-31,26.45,1451000000,19478999000.0,9781000000,3974000000,1120000000,424000000,424000000,None,260000000,None,5224000000,None,None,15677000000,None,None,3003000000,None,None,None,0.177,6327000000,5997000000,3784000000,2505000000,5398000000,None,None,None,None,None,None,None,2.007,13.22,4.223,None,None,None,None,None,-1130000000,None,0.143,None,7988000000,2025-10-29,annual,4.95,USD,pre-market,1084000000,11808000000,0.082,0.463,0.095,136.6,3190000000,25745000000,10068000000,1108000000,429.86,565.63,9.5133,47553000000,23185000000,19332000000,39121000000,24279000000,19789000000,36339000000,8432000000,29.94,-4637000000,627.5,264.25
2025-12-28,CAT,19.47,64670999000.0,29.94,None,1.563,44.14,2669000000,None,1108000000,1108000000,-4538000000,-1928000000,402000000,-44000000,274000000,None,None,171000000,1859000000,705800000,None,26558000000,26558000000,3412000000,None,None,14348000000,None,None,1477000000,2577000000,5.84,0.01,2132000000,2132000000,None,-0.036,0.43,4929000000,6406000000,4.52,2019-12-31,26.45,1451000000,19478999000.0,9781000000,3974000000,1120000000,424000000,424000000,None,260000000,None,5224000000,None,None,15677000000,None,None,6094000000,None,None,None,0.177,6912000000,5997000000,3784000000,2505000000,5398000000,None,None,None,None,None,None,None,2.007,13.22,4.223,None,None,None,None,None,-4047000000,None,0.143,None,7988000000,2025-10-29,annual,4.95,USD,pre-market,1084000000,11808000000,0.082,0.463,0.095,136.6,3190000000,25745000000,10068000000,1108000000,429.86,565.63,9.5133,47553000000,23185000000,19332000000,39121000000,24279000000,19789000000,36339000000,8432000000,29.94,-4637000000,627.5,264.25
2025-12-28,CAT,19.47,64670999000.0,29.94,None,1.563,44.14,2916000000,None,1108000000,1108000000,-3650000000,-3212000000,-430000000,-126000000,-1579000000,None,None,-1619000000,1859000000,705800000,None,26558000000,26558000000,3412000000,None,None,14348000000,None,None,1477000000,2766000000,5.84,0.01,1951000000,1951000000,None,-0.036,0.43,4929000000,6406000000,4.52,2018-12-31,26.45,1451000000,19478999000.0,9781000000,3974000000,1120000000,424000000,424000000,None,260000000,None,5224000000,None,None,15677000000,None,None,6148000000,None,None,None,0.177,6558000000,5997000000,3784000000,2505000000,5398000000,None,None,None,None,None,None,None,2.007,13.22,4.223,None,None,None,None,None,-3798000000,None,0.143,None,7988000000,2025-10-29,annual,4.95,USD,pre-market,1084000000,11808000000,0.082,0.463,0.095,136.6,3190000000,25745000000,10068000000,1108000000,429.86,565.63,9.5133,47553000000,23185000000,19332000000,39121000000,24279000000,19789000000,36339000000,8432000000,29.94,-4637000000,627.5,264.25
2025-12-28,CAT,19.47,64670999000.0,29.94,None,1.563,44.14,2336000000,None,1108000000,1108000000,-3657000000,-966000000,1093000000,38000000,-1295000000,None,None,-1151000000,1859000000,705800000,None,26558000000,26558000000,3412000000,None,None,14348000000,None,None,1477000000,2877000000,5.84,0.01,1831000000,1831000000,None,-0.036,0.43,4929000000,6406000000,4.52,2017-12-31,26.45,1451000000,19478999000.0,9781000000,3974000000,1120000000,424000000,424000000,None,260000000,None,5224000000,None,None,15677000000,None,None,759000000,None,None,None,0.177,5706000000,5997000000,3784000000,2505000000,5398000000,None,None,None,None,None,None,None,2.007,13.22,4.223,None,None,None,None,None,6005000000,None,0.143,None,7988000000,2025-10-29,annual,4.95,USD,pre-market,1084000000,11808000000,0.082,0.463,0.095,136.6,3190000000,25745000000,10068000000,1108000000,429.86,565.63,9.5133,47553000000,23185000000,19332000000,39121000000,24279000000,19789000000,36339000000,8432000000,29.94,-4637000000,627.5,264.25
2025-12-28,CAT,19.47,64670999000.0,29.94,None,1.563,44.14,2928000000,None,1108000000,1108000000,-3143000000,-1780000000,708000000,-28000000,1109000000,None,None,829000000,1859000000,705800000,None,26558000000,26558000000,3412000000,None,None,14348000000,None,None,1477000000,3034000000,5.84,0.01,1799000000,1799000000,None,-0.036,0.43,4929000000,6406000000,4.52,2016-12-31,26.45,1451000000,19478999000.0,9781000000,3974000000,1120000000,424000000,424000000,None,260000000,None,5224000000,None,None,15677000000,None,None,-59000000,None,None,None,0.177,5639000000,5997000000,3784000000,2505000000,5398000000,None,None,None,None,None,None,None,2.007,13.22,4.223,None,None,None,None,None,-23000000,None,0.143,None,7988000000,2025-10-29,annual,4.95,USD,pre-market,1084000000,11808000000,0.082,0.463,0.095,136.6,3190000000,25745000000,10068000000,1108000000,429.86,565.63,9.5133,47553000000,23185000000,19332000000,39121000000,24279000000,19789000000,36339000000,8432000000,29.94,-4637000000,627.5,264.25
2025-12-28,CAT,19.47,64670999000.0,29.94,None,1.563,44.14,3261000000,None,1108000000,1108000000,-3894000000,-3517000000,-881000000,-169000000,2274000000,None,None,764000000,1859000000,705800000,None,26558000000,26558000000,3412000000,None,None,14348000000,None,None,1477000000,3046000000,5.84,0.01,1757000000,1757000000,None,-0.036,0.43,4929000000,6406000000,4.52,2015-12-31,26.45,1451000000,19478999000.0,9781000000,3974000000,1120000000,424000000,424000000,None,260000000,None,5224000000,None,None,15677000000,None,None,2523000000,None,None,None,0.177,6699000000,5997000000,3784000000,2505000000,5398000000,None,None,None,None,None,None,None,2.007,13.22,4.223,None,None,None,None,None,-2025000000,None,0.143,None,7988000000,2025-10-29,annual,4.95,USD,pre-market,1084000000,11808000000,0.082,0.463,0.095,136.6,3190000000,25745000000,10068000000,1108000000,429.86,565.63,9.5133,47553000000,23185000000,19332000000,39121000000,24279000000,19789000000,36339000000,8432000000,29.94,-4637000000,627.5,264.25
2025-12-28,CAT,19.47,64670999000.0,29.94,None,1.563,44.14,3379000000,None,1108000000,1108000000,-2996000000,-3627000000,1260000000,-174000000,101000000,None,None,163000000,1859000000,705800000,None,26558000000,26558000000,3412000000,None,None,14348000000,None,None,1477000000,3163000000,5.84,0.01,1620000000,1620000000,None,-0.036,0.43,4929000000,6406000000,4.52,2014-12-31,26.45,1451000000,19478999000.0,9781000000,3974000000,1120000000,424000000,424000000,None,260000000,None,5224000000,None,None,15677000000,None,None,2468000000,None,None,None,0.177,8057000000,5997000000,3784000000,2505000000,5398000000,None,None,None,None,None,None,None,2.007,13.22,4.223,None,None,None,None,None,-4238000000,None,0.143,None,7988000000,2025-10-29,annual,4.95,USD,pre-market,1084000000,11808000000,0.082,0.463,0.095,136.6,3190000000,25745000000,10068000000,1108000000,429.86,565.63,9.5133,47553000000,23185000000,19332000000,39121000000,24279000000,19789000000,36339000000,8432000000,29.94,-4637000000,627.5,264.25
2025-12-28,CAT,19.47,64670999000.0,29.94,None,1.563,44.14,4446000000,None,1108000000,1108000000,-4511000000,-5046000000,591000000,-43000000,2658000000,None,None,835000000,1859000000,705800000,None,26558000000,26558000000,3412000000,None,None,14348000000,None,None,1477000000,3087000000,5.84,0.01,1111000000,1111000000,None,-0.036,0.43,4929000000,6406000000,4.52,2013-12-31,26.45,1451000000,19478999000.0,9781000000,3974000000,1120000000,424000000,424000000,None,260000000,None,5224000000,None,None,15677000000,None,None,3803000000,None,None,None,0.177,10191000000,5997000000,3784000000,2505000000,5398000000,None,None,None,None,None,None,None,2.007,13.22,4.223,None,None,None,None,None,-2000000000,None,0.143,None,7988000000,2025-10-29,annual,4.95,USD,pre-market,1084000000,11808000000,0.082,0.463,0.095,136.6,3190000000,25745000000,10068000000,1108000000,429.86,565.63,9.5133,47553000000,23185000000,19332000000,39121000000,24279000000,19789000000,36339000000,8432000000,29.94,-4637000000,627.5,264.25
2025-12-28,CAT,19.47,64670999000.0,29.94,None,1.563,44.14,5076000000,None,1108000000,1108000000,3606000000,-6190000000,2433000000,-167000000,-1149000000,None,None,-173000000,1859000000,705800000,None,26558000000,26558000000,3412000000,None,None,14348000000,None,None,1477000000,2813000000,5.84,0.01,1617000000,1617000000,None,-0.036,0.43,4929000000,6406000000,4.52,2012-12-31,26.45,1451000000,19478999000.0,9781000000,3974000000,1120000000,424000000,424000000,None,260000000,None,5224000000,None,None,15677000000,None,None,5722000000,None,None,None,0.177,5184000000,5997000000,3784000000,2505000000,5398000000,None,None,None,None,None,None,None,2.007,13.22,4.223,None,None,None,None,None,16476000000,None,0.143,None,7988000000,2025-10-29,annual,4.95,USD,pre-market,1084000000,11808000000,0.082,0.463,0.095,136.6,3190000000,25745000000,10068000000,1108000000,429.86,565.63,9.5133,47553000000,23185000000,19332000000,39121000000,24279000000,19789000000,36339000000,8432000000,29.94,-4637000000,627.5,264.25
2025-12-28,CAT,19.47,64670999000.0,29.94,None,1.563,44.14,3924000000,None,1108000000,1108000000,4019000000,-11427000000,-535000000,-84000000,-2927000000,None,None,-1345000000,1859000000,705800000,None,26558000000,26558000000,3412000000,None,None,14348000000,None,None,1477000000,2527000000,5.84,0.01,1159000000,1159000000,None,-0.036,0.43,4929000000,6406000000,4.52,2011-12-31,26.45,1451000000,19478999000.0,9781000000,3974000000,1120000000,424000000,424000000,None,260000000,None,5224000000,None,None,15677000000,None,None,4981000000,None,None,None,0.177,6957000000,5997000000,3784000000,2505000000,5398000000,None,None,None,None,None,None,None,2.007,13.22,4.223,None,None,None,None,None,-8000000,None,0.143,None,7988000000,2025-10-29,annual,4.95,USD,pre-market,1084000000,11808000000,0.082,0.463,0.095,136.6,3190000000,25745000000,10068000000,1108000000,429.86,565.63,9.5133,47553000000,23185000000,19332000000,39121000000,24279000000,19789000000,36339000000,8432000000,29.94,-4637000000,627.5,264.25
2025-12-28,CAT,19.47,64670999000.0,29.94,None,1.563,44.14,2586000000,None,1108000000,1108000000,-4613000000,-1595000000,-1275000000,-76000000,-2667000000,None,None,-2320000000,1859000000,705800000,None,26558000000,26558000000,3412000000,None,None,14348000000,None,None,1477000000,2296000000,5.84,0.01,1084000000,1084000000,None,-0.036,0.43,4929000000,6406000000,4.52,2010-12-31,26.45,1451000000,19478999000.0,9781000000,3974000000,1120000000,424000000,424000000,None,260000000,None,5224000000,None,None,15677000000,None,None,2758000000,None,None,None,0.177,5009000000,5997000000,3784000000,2505000000,5398000000,None,None,None,None,None,None,None,2.007,13.22,4.223,None,None,None,None,None,-132000000,None,0.143,None,7988000000,2025-10-29,annual,4.95,USD,pre-market,1084000000,11808000000,0.082,0.463,0.095,136.6,3190000000,25745000000,10068000000,1108000000,429.86,565.63,9.5133,47553000000,23185000000,19332000000,39121000000,24279000000,19789000000,36339000000,8432000000,29.94,-4637000000,627.5,264.25
2025-12-28,CAT,19.47,64670999000.0,29.94,None,1.563,44.14,2472000000,None,1108000000,1108000000,-5215000000,846000000,2131000000,1000000,2501000000,None,None,4014000000,1859000000,705800000,None,26558000000,26558000000,3412000000,None,None,14348000000,None,None,1477000000,2336000000,5.84,0.01,1029000000,1029000000,None,-0.036,0.43,4929000000,6406000000,4.52,2009-12-31,26.45,1451000000,19478999000.0,9781000000,3974000000,1120000000,424000000,424000000,None,260000000,None,5224000000,None,None,15677000000,None,None,827000000,None,None,None,0.177,6499000000,5997000000,3784000000,2505000000,5398000000,None,None,None,None,None,None,None,2.007,13.22,4.223,None,None,None,None,None,8407000000,None,0.143,None,7988000000,2025-10-29,annual,4.95,USD,pre-market,1084000000,11808000000,0.082,0.463,0.095,136.6,3190000000,25745000000,10068000000,1108000000,429.86,565.63,9.5133,47553000000,23185000000,19332000000,39121000000,24279000000,19789000000,36339000000,8432000000,29.94,-4637000000,627.5,264.25
2025-12-28,CAT,19.47,64670999000.0,29.94,None,1.563,44.14,3886000000,None,1108000000,1108000000,2955000000,-6171000000,None,None,-833000000,None,None,None,1859000000,705800000,None,26558000000,26558000000,3412000000,None,None,14348000000,None,None,1477000000,1980000000,5.84,0.01,953000000,953000000,None,-0.036,0.43,4929000000,6406000000,4.52,2008-12-31,26.45,1451000000,19478999000.0,9781000000,3974000000,1120000000,424000000,424000000,None,260000000,None,5224000000,None,None,15677000000,None,None,3585000000,None,None,None,0.177,4672000000,5997000000,3784000000,2505000000,5398000000,None,None,None,None,None,None,None,2.007,13.22,4.223,None,None,None,None,None,-1800000000,None,0.143,None,7988000000,2025-10-29,annual,4.95,USD,pre-market,1084000000,11808000000,0.082,0.463,0.095,136.6,3190000000,25745000000,10068000000,1108000000,429.86,565.63,9.5133,47553000000,23185000000,19332000000,39121000000,24279000000,19789000000,36339000000,8432000000,29.94,-4637000000,627.5,264.25
2025-12-28,CAT,19.47,64670999000.0,29.94,None,1.563,44.14,3040000000,None,1108000000,1108000000,-2989000000,-4408000000,None,None,-745000000,None,None,None,1859000000,705800000,None,26558000000,26558000000,3412000000,None,None,14348000000,None,None,1477000000,1797000000,5.84,0.01,845000000,845000000,None,-0.036,0.43,4929000000,6406000000,4.52,2007-12-31,26.45,1451000000,19478999000.0,9781000000,3974000000,1120000000,424000000,424000000,None,260000000,None,5224000000,None,None,15677000000,None,None,3578000000,None,None,None,0.177,7955000000,5997000000,3784000000,2505000000,5398000000,None,None,None,None,None,None,None,2.007,13.22,4.223,None,None,None,None,None,-2405000000,None,0.143,None,7988000000,2025-10-29,annual,4.95,USD,pre-market,1084000000,11808000000,0.082,0.463,0.095,136.6,3190000000,25745000000,10068000000,1108000000,429.86,565.63,9.5133,47553000000,23185000000,19332000000,39121000000,24279000000,19789000000,36339000000,8432000000,29.94,-4637000000,627.5,264.25
2025-12-28,CAT,19.47,64670999000.0,29.94,None,1.563,44.14,2675000000,None,1108000000,1108000000,-2593000000,-3796000000,None,None,-827000000,None,None,None,1859000000,705800000,None,26558000000,26558000000,3412000000,None,None,14348000000,None,None,1477000000,1602000000,5.84,0.01,726000000,726000000,None,-0.036,0.43,4929000000,6406000000,4.52,2006-12-31,26.45,1451000000,19478999000.0,9781000000,3974000000,1120000000,424000000,424000000,None,260000000,None,5224000000,None,None,15677000000,None,None,3537000000,None,None,None,0.177,5799000000,5997000000,3784000000,2505000000,5398000000,None,None,None,None,None,None,None,2.007,13.22,4.223,None,None,None,None,None,-3208000000,None,0.143,None,7988000000,2025-10-29,annual,4.95,USD,pre-market,1084000000,11808000000,0.082,0.463,0.095,136.6,3190000000,25745000000,10068000000,1108000000,429.86,565.63,9.5133,47553000000,23185000000,19332000000,39121000000,24279000000,19789000000,36339000000,8432000000,29.94,-4637000000,627.5,264.25
2025-12-28,CAT,19.47,64670999000.0,29.94,None,1.563,44.14,2415000000,None,1108000000,1108000000,1153000000,-3525000000,None,None,-568000000,None,None,None,1859000000,705800000,None,26558000000,26558000000,3412000000,None,None,14348000000,None,None,1477000000,1477000000,5.84,0.01,618000000,618000000,None,-0.036,0.43,4929000000,6406000000,4.52,2005-12-31,26.45,1451000000,19478999000.0,9781000000,3974000000,1120000000,424000000,424000000,None,260000000,None,5224000000,None,None,15677000000,None,None,2854000000,None,None,None,0.177,3113000000,5997000000,3784000000,2505000000,5398000000,None,None,None,None,None,None,None,2.007,13.22,4.223,None,None,None,None,None,-1684000000,None,0.143,None,7988000000,2025-10-29,annual,4.95,USD,pre-market,1084000000,11808000000,0.082,0.463,0.095,136.6,3190000000,25745000000,10068000000,1108000000,429.86,565.63,9.5133,47553000000,23185000000,19332000000,39121000000,24279000000,19789000000,36339000000,8432000000,29.94,-4637000000,627.5,264.25
