date,symbol,eps,revenue_ttm,pe_ratio,accumulateddepreciationamortizationppe,beta,book_value,capitalexpenditures,capitalleaseobligations,cashandcashequivalentsatcarryingvalue,cashandshortterminvestments,cashflowfromfinancing,cashflowfrominvestment,changeincashandcashequivalents,changeinexchangerate,changeininventory,changeinoperatingassets,changeinoperatingliabilities,changeinreceivables,commonstock,commonstocksharesoutstanding,comprehensiveincomenetoftax,costofgoodsandservicessold,costofrevenue,currentaccountspayable,currentdebt,currentlongtermdebt,currentnetreceivables,deferredrevenue,depreciation,depreciationandamortization,depreciationdepletionandamortization,dividend_per_share,dividend_yield,dividendpayout,dividendpayoutcommonstock,dividendpayoutpreferredstock,earnings_growth_yoy,earnings_surprise,ebit,ebitda,estimated_eps,fiscaldateending,forward_pe,goodwill,gross_profit_ttm,grossprofit,incomebeforetax,incometaxexpense,intangibleassets,intangibleassetsexcludinggoodwill,interestanddebtexpense,interestexpense,interestincome,inventory,investmentincomenet,investments,longtermdebt,longtermdebtnoncurrent,longterminvestments,netincome,netincomefromcontinuingoperations,netinterestincome,noninterestincome,operating_margin_ttm,operatingcashflow,operatingexpenses,operatingincome,othercurrentassets,othercurrentliabilities,othernoncurrentassets,othernoncurrentliabilities,othernonoperatingincome,paymentsforoperatingactivities,paymentsforrepurchaseofcommonstock,paymentsforrepurchaseofequity,paymentsforrepurchaseofpreferredstock,peg_ratio,price_to_book,price_to_sales_ttm,proceedsfromissuanceofcommonstock,proceedsfromissuanceoflongtermdebtandcapitalsecuritiesnet,proceedsfromissuanceofpreferredstock,proceedsfromoperatingactivities,proceedsfromrepaymentsofshorttermdebt,proceedsfromrepurchaseofequity,proceedsfromsaleoftreasurystock,profit_margin,profitloss,propertyplantequipment,report_date,report_type,reported_eps,reportedcurrency,reporttime,researchanddevelopment,retainedearnings,return_on_assets_ttm,return_on_equity_ttm,revenue_growth_yoy,revenue_per_share_ttm,sellinggeneralandadministrative,shortlongtermdebttotal,shorttermdebt,shortterminvestments,sma_200,sma_50,surprise_pct,totalassets,totalcurrentassets,totalcurrentliabilities,totalliabilities,totalnoncurrentassets,totalnoncurrentliabilities,totalrevenue,totalshareholderequity,trailing_pe,treasurystock,week_52_high,week_52_low
1996-03-31,CB,,,,,,,,,,,,,,,,,,,,,,,,,,,,,,,,,,,,,,0.0,,,0.37,,,,,,,,,,,,,,,,,,,,,,,,,,,,,,,,,,,,,,,,,,,,,,,,,1996-04-23,,0.37,,pre-market,,,,,,,,,,,,,0.0,,,,,,,,,,,,
1996-06-30,CB,,,,,,,,,,,,,,,,,,,,,,,,,,,,,,,,,,,,,,-0.02,,,0.4,,,,,,,,,,,,,,,,,,,,,,,,,,,,,,,,,,,,,,,,,,,,,,,,,1996-07-23,,0.38,,pre-market,,,,,,,,,,,,,-5.0,,,,,,,,,,,,
1996-09-30,CB,,,,,,,,,,,,,,,,,,,,,,,,,,,,,,,,,,,,,,0.04,,,0.41,,,,,,,,,,,,,,,,,,,,,,,,,,,,,,,,,,,,,,,,,,,,,,,,,1996-11-07,,0.45,,pre-market,,,,,,,,,,,,,9.7561,,,,,,,,,,,,
1996-12-31,CB,,,,,,,,,,,,,,,,,,,,,,,,,,,,,,,,,,,,,,0.05,,,0.43,,,,,,,,,,,,,,,,,,,,,,,,,,,,,,,,,,,,,,,,,,,,,,,,,1997-01-21,,0.48,,pre-market,,,,,,,,,,,,,11.6279,,,,,,,,,,,,
1997-03-31,CB,,,,,,,,,,,,,,,,,,,,,,,,,,,,,,,,,,,,,,0.01,,,0.45,,,,,,,,,,,,,,,,,,,,,,,,,,,,,,,,,,,,,,,,,,,,,,,,,1997-04-23,,0.46,,pre-market,,,,,,,,,,,,,2.2222,,,,,,,,,,,,
1997-06-30,CB,,,,,,,,,,,,,,,,,,,,,,,,,,,,,,,,,,,,,,0.05,,,0.45,,,,,,,,,,,,,,,,,,,,,,,,,,,,,,,,,,,,,,,,,,,,,,,,,1997-07-23,,0.5,,pre-market,,,,,,,,,,,,,11.1111,,,,,,,,,,,,
1997-09-30,CB,,,,,,,,,,,,,,,,,,,,,,,,,,,,,,,,,,,,,,0.01,,,0.49,,,,,,,,,,,,,,,,,,,,,,,,,,,,,,,,,,,,,,,,,,,,,,,,,1997-11-05,,0.5,,pre-market,,,,,,,,,,,,,2.0408,,,,,,,,,,,,
1997-12-31,CB,,,,,,,,,,,,,,,,,,,,,,,,,,,,,,,,,,,,,,-0.01,,,0.52,,,,,,,,,,,,,,,,,,,,,,,,,,,,,,,,,,,,,,,,,,,,,,,,,1998-01-21,,0.51,,pre-market,,,,,,,,,,,,,-1.9231,,,,,,,,,,,,
1998-03-31,CB,,,,,,,,,,,,,,,,,,,,,,,,,,,,,,,,,,,,,,0.01,,,0.53,,,,,,,,,,,,,,,,,,,,,,,,,,,,,,,,,,,,,,,,,,,,,,,,,1998-04-22,,0.54,,pre-market,,,,,,,,,,,,,1.8868,,,,,,,,,,,,
1998-06-30,CB,,,,,,,,,,,,,,,,,,,,,,,,,,,,,,,,,,,,,,0.01,,,0.56,,,,,,,,,,,,,,,,,,,,,,,,,,,,,,,,,,,,,,,,,,,,,,,,,1998-07-22,,0.57,,pre-market,,,,,,,,,,,,,1.7857,,,,,,,,,,,,
1998-09-30,CB,,,,,,,,,,,,,,,,,,,,,,,,,,,,,,,,,,,,,,-0.03,,,0.58,,,,,,,,,,,,,,,,,,,,,,,,,,,,,,,,,,,,,,,,,,,,,,,,,1998-11-04,,0.55,,pre-market,,,,,,,,,,,,,-5.1724,,,,,,,,,,,,
1998-12-31,CB,,,,,,,,,,,,,,,,,,,,,,,,,,,,,,,,,,,,,,0.01,,,0.54,,,,,,,,,,,,,,,,,,,,,,,,,,,,,,,,,,,,,,,,,,,,,,,,,1999-01-26,,0.55,,pre-market,,,,,,,,,,,,,1.8519,,,,,,,,,,,,
1999-03-31,CB,,,,,,,,,,,,,,,,,,,,,,,,,,,,,,,,,,,,,,0.01,,,0.56,,,,,,,,,,,,,,,,,,,,,,,,,,,,,,,,,,,,,,,,,,,,,,,,,1999-04-27,,0.57,,pre-market,,,,,,,,,,,,,1.7857,,,,,,,,,,,,
1999-06-30,CB,,,,,,,,,,,,,,,,,,,,,,,,,,,,,,,,,,,,,,-0.15,,,0.37,,,,,,,,,,,,,,,,,,,,,,,,,,,,,,,,,,,,,,,,,,,,,,,,,1999-07-27,,0.22,,pre-market,,,,,,,,,,,,,-40.5405,,,,,,,,,,,,
1999-09-30,CB,,,,,,,,,,,,,,,,,,,,,,,,,,,,,,,,,,,,,,-0.02,,,0.39,,,,,,,,,,,,,,,,,,,,,,,,,,,,,,,,,,,,,,,,,,,,,,,,,1999-11-04,,0.37,,pre-market,,,,,,,,,,,,,-5.1282,,,,,,,,,,,,
1999-12-31,CB,,,,,,,,,,,,,,,,,,,,,,,,,,,,,,,,,,,,,,-0.01,,,0.51,,,,,,,,,,,,,,,,,,,,,,,,,,,,,,,,,,,,,,,,,,,,,,,,,2000-02-16,,0.5,,pre-market,,,,,,,,,,,,,-1.9608,,,,,,,,,,,,
2000-03-31,CB,,,,,,,,,,,,,,,,,,,,,,,,,,,,,,,,,,,,,,0.23,,,0.57,,,,,,,,,,,,,,,,,,,,,,,,,,,,,,,,,,,,,,,,,,,,,,,,,2000-05-09,,0.8,,pre-market,,,,,,,,,,,,,40.3509,,,,,,,,,,,,
2000-06-30,CB,,,,,,,,,,,,,,,,,,,,,,,,,,,,,,,,,,,,,,0.01,,,0.6,,,,,,,,,,,,,,,,,,,,,,,,,,,,,,,,,,,,,,,,,,,,,,,,,2000-08-01,,0.61,,pre-market,,,,,,,,,,,,,1.6667,,,,,,,,,,,,
2000-09-30,CB,,,,,,,,,,,,,,,,,,,,,,,,,,,,,,,,,,,,,,-0.04,,,0.66,,,,,,,,,,,,,,,,,,,,,,,,,,,,,,,,,,,,,,,,,,,,,,,,,2000-11-01,,0.62,,pre-market,,,,,,,,,,,,,-6.0606,,,,,,,,,,,,
2000-12-31,CB,,,,,,,,,,,,,,,,,,,,,,,,,,,,,,,,,,,,,,0.01,,,0.64,,,,,,,,,,,,,,,,,,,,,,,,,,,,,,,,,,,,,,,,,,,,,,,,,2001-02-14,,0.65,,pre-market,,,,,,,,,,,,,1.5625,,,,,,,,,,,,
2001-03-31,CB,,,,,,,,,,,,,,,,,,,,,,,,,,,,,,,,,,,,,,-0.01,,,0.66,,,,,,,,,,,,,,,,,,,,,,,,,,,,,,,,,,,,,,,,,,,,,,,,,2001-05-01,,0.65,,pre-market,,,,,,,,,,,,,-1.5152,,,,,,,,,,,,
2001-06-30,CB,,,,,,,,,,,,,,,,,,,,,,,,,,,,,,,,,,,,,,0.0,,,0.45,,,,,,,,,,,,,,,,,,,,,,,,,,,,,,,,,,,,,,,,,,,,,,,,,2001-07-31,,0.45,,pre-market,,,,,,,,,,,,,0.0,,,,,,,,,,,,
2001-09-30,CB,,,,,,,,,,,,,,,,,,,,,,,,,,,,,,,,,,,,,,-0.05,,,-1.61,,,,,,,,,,,,,,,,,,,,,,,,,,,,,,,,,,,,,,,,,,,,,,,,,2001-10-25,,-1.66,,pre-market,,,,,,,,,,,,,-3.1056,,,,,,,,,,,,
2001-12-31,CB,,,,,,,,,,,,,,,,,,,,,,,,,,,,,,,,,,,,,,-0.01,,,0.15,,,,,,,,,,,,,,,,,,,,,,,,,,,,,,,,,,,,,,,,,,,,,,,,,2002-02-13,,0.14,,pre-market,,,,,,,,,,,,,-6.6667,,,,,,,,,,,,
2002-03-31,CB,,,,,,,,,,,,,,,,,,,,,,,,,,,,,,,,,,,,,,-0.06,,,0.83,,,,,,,,,,,,,,,,,,,,,,,,,,,,,,,,,,,,,,,,,,,,,,,,,2002-05-01,,0.77,,pre-market,,,,,,,,,,,,,-7.2289,,,,,,,,,,,,
2002-06-30,CB,,,,,,,,,,,,,,,,,,,,,,,,,,,,,,,,,,,,,,0.01,,,0.84,,,,,,,,,,,,,,,,,,,,,,,,,,,,,,,,,,,,,,,,,,,,,,,,,2002-07-29,,0.85,,post-market,,,,,,,,,,,,,1.1905,,,,,,,,,,,,
2002-09-30,CB,,,,,,,,,,,,,,,,,,,,,,,,,,,,,,,,,,,,,,0.0,,,0.57,,,,,,,,,,,,,,,,,,,,,,,,,,,,,,,,,,,,,,,,,,,,,,,,,2002-10-29,,0.57,,post-market,,,,,,,,,,,,,0.0,,,,,,,,,,,,
2002-12-31,CB,,,,,,,,,,,,,,,,,,,,,,,,,,,,,,,,,,,,,,-0.12,,,-0.29,,,,,,,,,,,,,,,,,,,,,,,,,,,,,,,,,,,,,,,,,,,,,,,,,2003-02-05,,-0.41,,post-market,,,,,,,,,,,,,-41.3793,,,,,,,,,,,,
2003-03-31,CB,,,,,,,,,,,,,,,,,,,,,,,,,,,,,,,,,,,,,,0.06,,,0.96,,,,,,,,,,,,,,,,,,,,,,,,,,,,,,,,,,,,,,,,,,,,,,,,,2003-04-29,,1.02,,post-market,,,,,,,,,,,,,6.25,,,,,,,,,,,,
2003-06-30,CB,,,,,,,,,,,,,,,,,,,,,,,,,,,,,,,,,,,,,,0.02,,,0.99,,,,,,,,,,,,,,,,,,,,,,,,,,,,,,,,,,,,,,,,,,,,,,,,,2003-07-28,,1.01,,post-market,,,,,,,,,,,,,2.0202,,,,,,,,,,,,
2003-09-30,CB,,,,,,,,,,,,,,,,,,,,,,,,,,,,,,,,,,,,,,0.02,,,1.02,,,,,,,,,,,,,,,,,,,,,,,,,,,,,,,,,,,,,,,,,,,,,,,,,2003-10-28,,1.04,,post-market,,,,,,,,,,,,,1.9608,,,,,,,,,,,,
2003-12-31,CB,,,,,,,,,,,,,,,,,,,,,,,,,,,,,,,,,,,,,,0.04,,,1.08,,,,,,,,,,,,,,,,,,,,,,,,,,,,,,,,,,,,,,,,,,,,,,,,,2004-02-04,,1.12,,post-market,,,,,,,,,,,,,3.7037,,,,,,,,,,,,
2004-03-31,CB,,,,,,,,,,,,,,,,,,,,,,,,,,,,,,,,,,,,,,0.17,,,1.23,,,,,,,,,,,,,,,,,,,,,,,,,,,,,,,,,,,,,,,,,,,,,,,,,2004-04-27,,1.4,,post-market,,,,,,,,,,,,,13.8211,,,,,,,,,,,,
2004-06-30,CB,,,,,,,,,,,,,,,,,,,,,,,,,,,,,,,,,,,,,,0.05,,,1.24,,,,,,,,,,,,,,,,,,,,,,,,,,,,,,,,,,,,,,,,,,,,,,,,,2004-07-27,,1.29,,post-market,,,,,,,,,,,,,4.0323,,,,,,,,,,,,
2004-09-30,CB,,,,,,,,,,,,,,,,,,,,,,,,,,,,,,,,,,,,,,-0.08,,,0.15,,,,,,,,,,,,,,,,,,,,,,,,,,,,,,,,,,,,,,,,,,,,,,,,,2004-10-26,,0.07,,post-market,,,,,,,,,,,,,-53.3333,,,,,,,,,,,,
2004-12-31,CB,,,,,,,,,,,,,,,,,,,,,,,,,,,,,,,,,,,,,,0.26,,,0.28,,,,,,,,,,,,,,,,,,,,,,,,,,,,,,,,,,,,,,,,,,,,,,,,,2005-02-02,,0.54,,post-market,,,,,,,,,,,,,92.8571,,,,,,,,,,,,
2005-03-31,CB,,,,,,,,,,,,,,,,,,,,,,,,,,,,,,,,,,,,,,0.06,,,1.43,,,,,,,,,,,,,,,,,,,,,,,,,,,,,,,,,,,,,,,,,,,,,,,,,2005-04-26,,1.49,,post-market,,,,,,,,,,,,,4.1958,,,,,,,,,,,,
2005-06-30,CB,,,,,,,,,,,,,,,,,,,,,,,,,,,,,,,,,,,,,,0.06,,,1.44,,,,,,,,,,,,,,,,,,,,,,,,,,,,,,,,,,,,,,,,,,,,,,,,,2005-07-25,,1.5,,post-market,,,,,,,,,,,,,4.1667,,,,,,,,,,,,
2005-09-30,CB,,,,,,,,,,,,,,,,,,,,,,,,,,,,,,,,,,,,,,-0.09,,,-0.61,,,,,,,,,,,,,,,,,,,,,,,,,,,,,,,,,,,,,,,,,,,,,,,,,2005-10-25,,-0.7,,post-market,,,,,,,,,,,,,-14.7541,,,,,,,,,,,,
2005-12-31,CB,,,,,,,,,,,,,,,,,,,,,,,,,,,,,,,,,,,,,,-0.01,,,0.73,,,,,,,,,,,,,,,,,,,,,,,,,,,,,,,,,,,,,,,,,,,,,,,,,2006-01-31,,0.72,,post-market,,,,,,,,,,,,,-1.3699,,,,,,,,,,,,
2006-03-31,CB,,,,,,,,,,,,,,,,,,,,,,,,,,,,,,,,,,,,,,0.07,,,1.56,,,,,,,,,,,,,,,,,,,,,,,,,,,,,,,,,,,,,,,,,,,,,,,,,2006-04-25,,1.63,,post-market,,,,,,,,,,,,,4.4872,,,,,,,,,,,,
2006-06-30,CB,,,,,,,,,,,,,,,,,,,,,,,,,,,,,,,,,,,,,,0.16,,,1.58,,,,,,,,,,,,,,,,,,,,,,,,,,,,,,,,,,,,,,,,,,,,,,,,,2006-07-25,,1.74,,post-market,,,,,,,,,,,,,10.1266,,,,,,,,,,,,
2006-09-30,CB,,,,,,,,,,,,,,,,,,,,,,,,,,,,,,,,,,,,,,0.32,,,1.64,,,,,,,,,,,,,,,,,,,,,,,,,,,,,,,,,,,,,,,,,,,,,,,,,2006-10-24,,1.96,,post-market,,,,,,,,,,,,,19.5122,,,,,,,,,,,,
2006-12-31,CB,,,,,,,,,,,,,,,,,,,,,,,,,,,,,,,,,,,,,,0.18,,,1.74,,,,,,,,,,,,,,,,,,,,,,,,,,,,,,,,,,,,,,,,,,,,,,,,,2007-01-30,,1.92,,post-market,,,,,,,,,,,,,10.3448,,,,,,,,,,,,
2007-03-31,CB,,,,,,,,,,,,,,,,,,,,,,,,,,,,,,,,,,,,,,0.23,,,1.75,,,,,,,,,,,,,,,,,,,,,,,,,,,,,,,,,,,,,,,,,,,,,,,,,2007-04-24,,1.98,,post-market,,,,,,,,,,,,,13.1429,,,,,,,,,,,,
2007-06-30,CB,,,,,,,,,,,,,,,,,,,,,,,,,,,,,,,,,,,,,,0.14,,,1.84,,,,,,,,,,,,,,,,,,,,,,,,,,,,,,,,,,,,,,,,,,,,,,,,,2007-07-24,,1.98,,post-market,,,,,,,,,,,,,7.6087,,,,,,,,,,,,
2007-09-30,CB,,,,,,,,,,,,,,,,,,,,,,,,,,,,,,,,,,,,,,0.25,,,1.81,,,,,,,,,,,,,,,,,,,,,,,,,,,,,,,,,,,,,,,,,,,,,,,,,2007-10-23,,2.06,,post-market,,,,,,,,,,,,,13.8122,,,,,,,,,,,,
2007-12-31,CB,,,,,,,,,,,,,,,,,,,,,,,,,,,,,,,,,,,,,,0.15,,,1.9,,,,,,,,,,,,,,,,,,,,,,,,,,,,,,,,,,,,,,,,,,,,,,,,,2008-02-05,,2.05,,post-market,,,,,,,,,,,,,7.8947,,,,,,,,,,,,
2008-03-31,CB,,,,,,,,,,,,,,,,,,,,,,,,,,,,,,,,,,,,,,0.25,,,1.91,,,,,,,,,,,,,,,,,,,,,,,,,,,,,,,,,,,,,,,,,,,,,,,,,2008-04-29,,2.16,,post-market,,,,,,,,,,,,,13.089,,,,,,,,,,,,
2008-06-30,CB,,,,,,,,,,,,,,,,,,,,,,,,,,,,,,,,,,,,,,0.28,,,1.9,,,,,,,,,,,,,,,,,,,,,,,,,,,,,,,,,,,,,,,,,,,,,,,,,2008-07-29,,2.18,,post-market,,,,,,,,,,,,,14.7368,,,,,,,,,,,,
2008-09-30,CB,,,,,,,,,,,,,,,,,,,,,,,,,,,,,,,,,,,,,,0.08,,,1.43,,,,,,,,,,,,,,,,,,,,,,,,,,,,,,,,,,,,,,,,,,,,,,,,,2008-10-28,,1.51,,post-market,,,,,,,,,,,,,5.5944,,,,,,,,,,,,
2008-12-31,CB,,,,,,,,,,,,,,,,,,,,,,,,,,,,,,,,,,,,,,0.0,,,1.87,,,,,,,,,,,,,,,,,,,,,,,,,,,,,,,,,,,,,,,,,,,,,,,,,2009-02-03,,1.87,,post-market,,,,,,,,,,,,,0.0,,,,,,,,,,,,
2009-03-31,CB,,,,,,,,,,,,,,,,,,,,,,,,,,,,,,,,,,,,,,0.02,,,1.97,,,,,,,,,,,,,,,,,,,,,,,,,,,,,,,,,,,,,,,,,,,,,,,,,2009-04-28,,1.99,,post-market,,,,,,,,,,,,,1.0152,,,,,,,,,,,,
2009-06-30,CB,,,,,,,,,,,,,,,,,,,,,,,,,,,,,,,,,,,,,,0.15,,,1.94,,,,,,,,,,,,,,,,,,,,,,,,,,,,,,,,,,,,,,,,,,,,,,,,,2009-07-27,,2.09,,post-market,,,,,,,,,,,,,7.732,,,,,,,,,,,,
2009-09-30,CB,,,,,,,,,,,,,,,,,,,,,,,,,,,,,,,,,,,,,,0.11,,,1.96,,,,,,,,,,,,,,,,,,,,,,,,,,,,,,,,,,,,,,,,,,,,,,,,,2009-10-27,,2.07,,post-market,,,,,,,,,,,,,5.6122,,,,,,,,,,,,
2009-12-31,CB,,,,,,,,,,,,,,,,,,,,,,,,,,,,,,,,,,,,,,0.07,,,1.94,,,,,,,,,,,,,,,,,,,,,,,,,,,,,,,,,,,,,,,,,,,,,,,,,2010-02-02,,2.01,,post-market,,,,,,,,,,,,,3.6082,,,,,,,,,,,,
2010-03-31,CB,,,,,,,,,,,,,,,,,,,,,,,,,,,,,,,,,,,,,,0.0,,,1.7,,,,,,,,,,,,,,,,,,,,,,,,,,,,,,,,,,,,,,,,,,,,,,,,,2010-04-28,,1.7,,post-market,,,,,,,,,,,,,0.0,,,,,,,,,,,,
2010-06-30,CB,,,,,,,,,,,,,,,,,,,,,,,,,,,,,,,,,,,,,,0.18,,,1.83,,,,,,,,,,,,,,,,,,,,,,,,,,,,,,,,,,,,,,,,,,,,,,,,,2010-07-27,,2.01,,post-market,,,,,,,,,,,,,9.8361,,,,,,,,,,,,
2010-09-30,CB,,,,,,,,,,,,,,,,,,,,,,,,,,,,,,,,,,,,,,0.2,,,1.81,,,,,,,,,,,,,,,,,,,,,,,,,,,,,,,,,,,,,,,,,,,,,,,,,2010-10-27,,2.01,,post-market,,,,,,,,,,,,,11.0497,,,,,,,,,,,,
2010-12-31,CB,,,,,,,,,,,,,,,,,,,,,,,,,,,,,,,,,,,,,,0.22,,,1.83,,,,,,,,,,,,,,,,,,,,,,,,,,,,,,,,,,,,,,,,,,,,,,,,,2011-02-02,,2.05,,post-market,,,,,,,,,,,,,12.0219,,,,,,,,,,,,
2011-03-31,CB,,,,,,,,,,,,,,,,,,,,,,,,,,,,,,,,,,,,,,0.12,,,0.67,,,,,,,,,,,,,,,,,,,,,,,,,,,,,,,,,,,,,,,,,,,,,,,,,2011-05-04,,0.79,,post-market,,,,,,,,,,,,,17.9104,,,,,,,,,,,,
2011-06-30,CB,,,,,,,,,,,,,,,,,,,,,,,,,,,,,,,,,,,,,,0.38,,,1.63,,,,,,,,,,,,,,,,,,,,,,,,,,,,,,,,,,,,,,,,,,,,,,,,,2011-07-26,,2.01,,post-market,,,,,,,,,,,,,23.3129,,,,,,,,,,,,
2011-09-30,CB,,,,,,,,,,,,,,,,,,,,,,,,,,,,,,,,,,,,,,0.45,,,1.77,,,,,,,,,,,,,,,,,,,,,,,,,,,,,,,,,,,,,,,,,,,,,,,,,2011-10-25,,2.22,,post-market,,,,,,,,,,,,,25.4237,,,,,,,,,,,,
2011-12-31,CB,,,,,,,,,,,,,,,,,,,,,,,,,,,,,,,,,,,,,,0.15,,,1.79,,,,,,,,,,,,,,,,,,,,,,,,,,,,,,,,,,,,,,,,,,,,,,,,,2012-01-31,,1.94,,post-market,,,,,,,,,,,,,8.3799,,,,,,,,,,,,
2012-03-31,CB,,,,,,,,,,,,,,,,,,,,,,,,,,,,,,,,,,,,,,0.18,,,1.87,,,,,,,,,,,,,,,,,,,,,,,,,,,,,,,,,,,,,,,,,,,,,,,,,2012-04-24,,2.05,,post-market,,,,,,,,,,,,,9.6257,,,,,,,,,,,,
2012-06-30,CB,,,,,,,,,,,,,,,,,,,,,,,,,,,,,,,,,,,,,,0.27,,,1.9,,,,,,,,,,,,,,,,,,,,,,,,,,,,,,,,,,,,,,,,,,,,,,,,,2012-07-24,,2.17,,post-market,,,,,,,,,,,,,14.2105,,,,,,,,,,,,
2012-09-30,CB,,,,,,,,,,,,,,,,,,,,,,,,,,,,,,,,,,,,,,0.18,,,1.83,,,,,,,,,,,,,,,,,,,,,,,,,,,,,,,,,,,,,,,,,,,,,,,,,2012-10-23,,2.01,,post-market,,,,,,,,,,,,,9.8361,,,,,,,,,,,,
2012-12-31,CB,,,,,,,,,,,,,,,,,,,,,,,,,,,,,,,,,,,,,,0.16,,,1.27,,,,,,,,,,,,,,,,,,,,,,,,,,,,,,,,,,,,,,,,,,,,,,,,,2013-01-29,,1.43,,post-market,,,,,,,,,,,,,12.5984,,,,,,,,,,,,
2013-03-31,CB,,,,,,,,,,,,,,,,,,,,,,,,,,,,,,,,,,,,,,0.24,,,1.93,,,,,,,,,,,,,,,,,,,,,,,,,,,,,,,,,,,,,,,,,,,,,,,,,2013-04-22,,2.17,,post-market,,,,,,,,,,,,,12.4352,,,,,,,,,,,,
2013-06-30,CB,,,,,,,,,,,,,,,,,,,,,,,,,,,,,,,,,,,,,,0.34,,,1.95,,,,,,,,,,,,,,,,,,,,,,,,,,,,,,,,,,,,,,,,,,,,,,,,,2013-07-23,,2.29,,post-market,,,,,,,,,,,,,17.4359,,,,,,,,,,,,
2013-09-30,CB,,,,,,,,,,,,,,,,,,,,,,,,,,,,,,,,,,,,,,0.26,,,2.23,,,,,,,,,,,,,,,,,,,,,,,,,,,,,,,,,,,,,,,,,,,,,,,,,2013-10-22,,2.49,,post-market,,,,,,,,,,,,,11.6592,,,,,,,,,,,,
2013-12-31,CB,,,,,,,,,,,,,,,,,,,,,,,,,,,,,,,,,,,,,,0.37,,,2.02,,,,,,,,,,,,,,,,,,,,,,,,,,,,,,,,,,,,,,,,,,,,,,,,,2014-01-28,,2.39,,post-market,,,,,,,,,,,,,18.3168,,,,,,,,,,,,
2014-03-31,CB,,,,,,,,,,,,,,,,,,,,,,,,,,,,,,,,,,,,,,0.13,,,2.14,,,,,,,,,,,,,,,,,,,,,,,,,,,,,,,,,,,,,,,,,,,,,,,,,2014-04-29,,2.27,,post-market,,,,,,,,,,,,,6.0748,,,,,,,,,,,,
2014-06-30,CB,,,,,,,,,,,,,,,,,,,,,,,,,,,,,,,,,,,,,,0.19,,,2.23,,,,,,,,,,,,,,,,,,,,,,,,,,,,,,,,,,,,,,,,,,,,,,,,,2014-07-22,,2.42,,post-market,,,,,,,,,,,,,8.5202,,,,,,,,,,,,
2014-09-30,CB,,,,,,,,,,,,,,,,,,,,,,,,,,,,,,,,,,,,,,0.28,,,2.36,,,,,,,,,,,,,,,,,,,,,,,,,,,,,,,,,,,,,,,,,,,,,,,,,2014-10-21,,2.64,,post-market,,,,,,,,,,,,,11.8644,,,,,,,,,,,,
2014-12-31,CB,,,,,,,,,,,,,,,,,,,,,,,,,,,,,,,,,,,,,,0.16,,,2.31,,,,,,,,,,,,,,,,,,,,,,,,,,,,,,,,,,,,,,,,,,,,,,,,,2015-01-27,,2.47,,post-market,,,,,,,,,,,,,6.9264,,,,,,,,,,,,
2015-03-31,CB,,,,,,,,,,,,,,,,,,,,,,,,,,,,,,,,,,,,,,0.04,,,2.21,,,,,,,,,,,,,,,,,,,,,,,,,,,,,,,,,,,,,,,,,,,,,,,,,2015-04-21,,2.25,,post-market,,,,,,,,,,,,,1.81,,,,,,,,,,,,
2015-06-30,CB,,,,,,,,,,,,,,,,,,,,,,,,,,,,,,,,,,,,,,0.12,,,2.28,,,,,,,,,,,,,,,,,,,,,,,,,,,,,,,,,,,,,,,,,,,,,,,,,2015-07-21,,2.4,,post-market,,,,,,,,,,,,,5.2632,,,,,,,,,,,,
2015-09-30,CB,,,,,,,,,,,,,,,,,,,,,,,,,,,,,,,,,,,,,,0.37,,,2.37,,,,,,,,,,,,,,,,,,,,,,,,,,,,,,,,,,,,,,,,,,,,,,,,,2015-10-20,,2.74,,post-market,,,,,,,,,,,,,15.6118,,,,,,,,,,,,
2015-12-31,CB,,,,,,,,,,,,,,,,,,,,,,,,,,,,,,,,,,,,,,0.12,,,2.26,,,,,,,,,,,,,,,,,,,,,,,,,,,,,,,,,,,,,,,,,,,,,,,,,2016-01-26,,2.38,,post-market,,,,,,,,,,,,,5.3097,,,,,,,,,,,,
2016-03-31,CB,,,,,,,,,,,,,,,,,,,,,,,,,,,,,,,,,,,,,,0.09,,,2.17,,,,,,,,,,,,,,,,,,,,,,,,,,,,,,,,,,,,,,,,,,,,,,,,,2016-05-04,,2.26,,post-market,,,,,,,,,,,,,4.1475,,,,,,,,,,,,
2016-06-30,CB,,,,,,,,,,,,,,,,,,,,,,,,,,,,,,,,,,,,,,0.02,,,2.23,,,,,,,,,,,,,,,,,,,,,,,,,,,,,,,,,,,,,,,,,,,,,,,,,2016-07-26,,2.25,,post-market,,,,,,,,,,,,,0.8969,,,,,,,,,,,,
2016-09-30,CB,,,,,,,,,,,,,,,,,,,,,,,,,,,,,,,,,,,,,,0.3,,,2.58,,,,,,,,,,,,,,,,,,,,,,,,,,,,,,,,,,,,,,,,,,,,,,,,,2016-10-25,,2.88,,post-market,,,,,,,,,,,,,11.6279,,,,,,,,,,,,
2016-12-31,CB,,,,,,,,,,,,,,,,,,,,,,,,,,,,,,,,,,,,,,0.31,,,2.41,,,,,,,,,,,,,,,,,,,,,,,,,,,,,,,,,,,,,,,,,,,,,,,,,2017-01-31,,2.72,,post-market,,,,,,,,,,,,,12.8631,,,,,,,,,,,,
2017-03-31,CB,,,,,,,,,,,,,,,,,,,,,,,,,,,,,,,,,,,,,,0.07,,,2.41,,,,,,,,,,,,,,,,,,,,,,,,,,,,,,,,,,,,,,,,,,,,,,,,,2017-04-25,,2.48,,post-market,,,,,,,,,,,,,2.9046,,,,,,,,,,,,
2017-06-30,CB,,,,,,,,,,,,,,,,,,,,,,,,,,,,,,,,,,,,,,0.01,,,2.49,,,,,,,,,,,,,,,,,,,,,,,,,,,,,,,,,,,,,,,,,,,,,,,,,2017-07-25,,2.5,,post-market,,,,,,,,,,,,,0.4016,,,,,,,,,,,,
2017-09-30,CB,,,,,,,,,,,,,,,,,,,,,,,,,,,,,,,,,,,,,,0.09,,,-0.22,,,,,,,,,,,,,,,,,,,,,,,,,,,,,,,,,,,,,,,,,,,,,,,,,2017-10-26,,-0.13,,post-market,,,,,,,,,,,,,40.9091,,,,,,,,,,,,
2017-12-31,CB,,,,,,,,,,,,,,,,,,,,,,,,,,,,,,,,,,,,,,-0.02,,,2.3,,,,,,,,,,,,,,,,,,,,,,,,,,,,,,,,,,,,,,,,,,,,,,,,,2018-01-30,,2.28,,post-market,,,,,,,,,,,,,-0.8696,,,,,,,,,,,,
2018-03-31,CB,,,,,,,,,,,,,,,,,,,,,,,,,,,,,,,,,,,,,,0.08,,,2.26,,,,,,,,,,,,,,,,,,,,,,,,,,,,,,,,,,,,,,,,,,,,,,,,,2018-04-24,,2.34,,post-market,,,,,,,,,,,,,3.5398,,,,,,,,,,,,
2018-06-30,CB,,,,,,,,,,,,,,,,,,,,,,,,,,,,,,,,,,,,,,0.06,,,2.62,,,,,,,,,,,,,,,,,,,,,,,,,,,,,,,,,,,,,,,,,,,,,,,,,2018-07-24,,2.68,,post-market,,,,,,,,,,,,,2.2901,,,,,,,,,,,,
2018-09-30,CB,,,,,,,,,,,,,,,,,,,,,,,,,,,,,,,,,,,,,,0.05,,,2.36,,,,,,,,,,,,,,,,,,,,,,,,,,,,,,,,,,,,,,,,,,,,,,,,,2018-10-23,,2.41,,post-market,,,,,,,,,,,,,2.1186,,,,,,,,,,,,
2018-12-31,CB,,,,,,,,,,,,,,,,,,,,,,,,,,,,,,,,,,,,,,0.02,,,2.0,,,,,,,,,,,,,,,,,,,,,,,,,,,,,,,,,,,,,,,,,,,,,,,,,2019-02-05,,2.02,,post-market,,,,,,,,,,,,,1.0,,,,,,,,,,,,
2019-03-31,CB,,,,,,,,,,,,,,,,,,,,,,,,,,,,,,,,,,,,,,-0.02,,,2.56,,,,,,,,,,,,,,,,,,,,,,,,,,,,,,,,,,,,,,,,,,,,,,,,,2019-04-30,,2.54,,post-market,,,,,,,,,,,,,-0.7813,,,,,,,,,,,,
2019-06-30,CB,,,,,,,,,,,,,,,,,,,,,,,,,,,,,,,,,,,,,,0.04,,,2.56,,,,,,,,,,,,,,,,,,,,,,,,,,,,,,,,,,,,,,,,,,,,,,,,,2019-07-23,,2.6,,post-market,,,,,,,,,,,,,1.5625,,,,,,,,,,,,
2019-09-30,CB,,,,,,,,,,,,,,,,,,,,,,,,,,,,,,,,,,,,,,0.09,,,2.61,,,,,,,,,,,,,,,,,,,,,,,,,,,,,,,,,,,,,,,,,,,,,,,,,2019-10-29,,2.7,,post-market,,,,,,,,,,,,,3.4483,,,,,,,,,,,,
2019-12-31,CB,,,,,,,,,,,,,,,,,,,,,,,,,,,,,,,,,,,,,,0.13,,,2.15,,,,,,,,,,,,,,,,,,,,,,,,,,,,,,,,,,,,,,,,,,,,,,,,,2020-02-04,,2.28,,post-market,,,,,,,,,,,,,6.0465,,,,,,,,,,,,
2020-03-31,CB,,,,,,,,,,,,,,,,,,,,,,,,,,,,,,,,,,,,,,0.11,,,2.57,,,,,,,,,,,,,,,,,,,,,,,,,,,,,,,,,,,,,,,,,,,,,,,,,2020-04-21,,2.68,,post-market,,,,,,,,,,,,,4.2802,,,,,,,,,,,,
2020-06-30,CB,,,,,,,,,,,,,,,,,,,,,,,,,,,,,,,,,,,,,,-0.17,,,-0.39,,,,,,,,,,,,,,,,,,,,,,,,,,,,,,,,,,,,,,,,,,,,,,,,,2020-07-28,,-0.56,,post-market,,,,,,,,,,,,,-43.5897,,,,,,,,,,,,
2020-09-30,CB,,,,,,,,,,,,,,,,,,,,,,,,,,,,,,,,,,,,,,-0.23,,,2.23,,,,,,,,,,,,,,,,,,,,,,,,,,,,,,,,,,,,,,,,,,,,,,,,,2020-10-27,,2.0,,post-market,,,,,,,,,,,,,-10.3139,,,,,,,,,,,,
2020-12-31,CB,,,,,,,,,,,,,,,,,,,,,,,,,,,,,,,,,,,,,,0.36,,,2.82,,,,,,,,,,,,,,,,,,,,,,,,,,,,,,,,,,,,,,,,,,,,,,,,,2021-02-02,,3.18,,post-market,,,,,,,,,,,,,12.766,,,,,,,,,,,,
2021-03-31,CB,,,,,,,,,,,,,,,,,,,,,,,,,,,,,,,,,,,,,,0.03,,,2.49,,,,,,,,,,,,,,,,,,,,,,,,,,,,,,,,,,,,,,,,,,,,,,,,,2021-04-27,,2.52,,post-market,,,,,,,,,,,,,1.2048,,,,,,,,,,,,
2021-06-30,CB,,,,,,,,,,,,,,,,,,,,,,,,,,,,,,,,,,,,,,0.6,,,3.02,,,,,,,,,,,,,,,,,,,,,,,,,,,,,,,,,,,,,,,,,,,,,,,,,2021-07-27,,3.62,,post-market,,,,,,,,,,,,,19.8675,,,,,,,,,,,,
2021-09-30,CB,,,,,,,,,,,,,,,,,,,,,,,,,,,,,,,,,,,,,,0.39,,,2.25,,,,,,,,,,,,,,,,,,,,,,,,,,,,,,,,,,,,,,,,,,,,,,,,,2021-10-26,,2.64,,post-market,,,,,,,,,,,,,17.3333,,,,,,,,,,,,
2021-12-31,CB,,,,,,,,,,,,,,,,,,,,,,,,,,,,,,,,,,,,,,0.53,,,3.28,,,,,,,,,,,,,,,,,,,,,,,,,,,,,,,,,,,,,,,,,,,,,,,,,2022-02-01,,3.81,,post-market,,,,,,,,,,,,,16.1585,,,,,,,,,,,,
2022-03-31,CB,,,,,,,,,,,,,,,,,,,,,,,,,,,,,,,,,,,,,,0.34,,,3.48,,,,,,,,,,,,,,,,,,,,,,,,,,,,,,,,,,,,,,,,,,,,,,,,,2022-04-26,,3.82,,post-market,,,,,,,,,,,,,9.7701,,,,,,,,,,,,
2022-06-30,CB,,,,,,,,,,,,,,,,,,,,,,,,,,,,,,,,,,,,,,0.58,,,3.62,,,,,,,,,,,,,,,,,,,,,,,,,,,,,,,,,,,,,,,,,,,,,,,,,2022-07-26,,4.2,,post-market,,,,,,,,,,,,,16.0221,,,,,,,,,,,,
2022-09-30,CB,,,,,,,,,,,,,,,,,,,,,,,,,,,,,,,,,,,,,,0.56,,,2.61,,,,,,,,,,,,,,,,,,,,,,,,,,,,,,,,,,,,,,,,,,,,,,,,,2022-10-25,,3.17,,post-market,,,,,,,,,,,,,21.4559,,,,,,,,,,,,
2022-12-31,CB,,,,,,,,,,,,,,,,,,,,,,,,,,,,,,,,,,,,,,-0.2,,,4.25,,,,,,,,,,,,,,,,,,,,,,,,,,,,,,,,,,,,,,,,,,,,,,,,,2023-01-31,,4.05,,post-market,,,,,,,,,,,,,-4.7059,,,,,,,,,,,,
2023-03-31,CB,,,,,,,,,,,,,,,,,,,,,,,,,,,,,,,,,,,,,,-0.05,,,4.46,,,,,,,,,,,,,,,,,,,,,,,,,,,,,,,,,,,,,,,,,,,,,,,,,2023-04-25,,4.41,,post-market,,,,,,,,,,,,,-1.1211,,,,,,,,,,,,
2023-06-30,CB,,,,,,,,,,,,,,,,,,,,,,,,,,,,,,,,,,,,,,0.5,,,4.42,,,,,,,,,,,,,,,,,,,,,,,,,,,,,,,,,,,,,,,,,,,,,,,,,2023-07-25,,4.92,,post-market,,,,,,,,,,,,,11.3122,,,,,,,,,,,,
2023-09-30,CB,,,,,,,,,,,,,,,,,,,,,,,,,,,,,,,,,,,,,,0.53,,,4.42,,,,,,,,,,,,,,,,,,,,,,,,,,,,,,,,,,,,,,,,,,,,,,,,,2023-10-24,,4.95,,post-market,,,,,,,,,,,,,11.991,,,,,,,,,,,,
2023-12-31,CB,,,,,,,,,,,,,,,,,,,,,,,,,,,,,,,,,,,,,,0.42,,,5.12,,,,,,,,,,,,,,,,,,,,,,,,,,,,,,,,,,,,,,,,,,,,,,,,,2024-01-30,,5.54,,post-market,,,,,,,,,,,,,8.2031,,,,,,,,,,,,
2024-03-31,CB,,,,,,,,,,,,,,,,,,,,,,,,,,,,,,,,,,,,,,0.11,,,5.3,,,,,,,,,,,,,,,,,,,,,,,,,,,,,,,,,,,,,,,,,,,,,,,,,2024-04-23,,5.41,,post-market,,,,,,,,,,,,,2.0755,,,,,,,,,,,,
2024-06-30,CB,,,,,,,,,,,,,,,,,,,,,,,,,,,,,,,,,,,,,,0.23,,,5.15,,,,,,,,,,,,,,,,,,,,,,,,,,,,,,,,,,,,,,,,,,,,,,,,,2024-07-23,,5.38,,post-market,,,,,,,,,,,,,4.466,,,,,,,,,,,,
2024-09-30,CB,,,,,,,,,,,,,,,,,,,,,,,,,,,,,,,,,,,,,,0.64,,,5.06,,,,,,,,,,,,,,,,,,,,,,,,,,,,,,,,,,,,,,,,,,,,,,,,,2024-10-29,,5.7,,post-market,,,,,,,,,,,,,12.6482,,,,,,,,,,,,
2024-12-31,CB,,,,,,,,,,,,,,,,,,,,,,,,,,,,,,,,,,,,,,0.57,,,5.45,,,,,,,,,,,,,,,,,,,,,,,,,,,,,,,,,,,,,,,,,,,,,,,,,2025-01-28,,6.02,,post-market,,,,,,,,,,,,,10.4587,,,,,,,,,,,,
2025-03-31,CB,,,,,,,,,,,,,,,,,,,,,,,,,,,,,,,,,,,,,,0.45,,,3.23,,,,,,,,,,,,,,,,,,,,,,,,,,,,,,,,,,,,,,,,,,,,,,,,,2025-04-22,,3.68,,post-market,,,,,,,,,,,,,13.9319,,,,,,,,,,,,
2025-06-30,CB,,,,,,,,,,,,,,,,,,,,,,,,,,,,,,,,,,,,,,0.17,,,5.97,,,,,,,,,,,,,,,,,,,,,,,,,,,,,,,,,,,,,,,,,,,,,,,,,2025-07-22,,6.14,,post-market,,,,,,,,,,,,,2.8476,,,,,,,,,,,,
2025-09-30,CB,,,,,,,,,,,,,,,,,,,,,,,,,,,,,,,,,,,,,,0.7,,,6.29,,,,,,,,,,,,,,,,,,,,,,,,,,,,,,,,,,,,,,,,,,,,,,,,,2025-10-21,,6.99,,post-market,,,,,,,,,,,,,11.1288,,,,,,,,,,,,
2025-12-28,CB,23.92,58842001000.0,13.1,,0.522,182.22,,,,,,,,,,,,,,,,,,,,,,,,,,3.76,0.012,,,,0.226,0.7,,,6.29,,11.75,,17085000000.0,,,,,,,,,,,,,,,,,,,0.256,,,,,,,,,,,,,2.261,1.716,2.124,,,,,,,,0.164,,,2025-10-21,,6.99,,post-market,,,0.0297,0.136,0.091,147.06,,,,,285.16,292.31,11.1288,,,,,,,,,13.1,,314.68,248.87
2025-12-28,CB,23.92,58842001000.0,13.1,,0.522,182.22,,,,,,,,,,,,,,,None,11107000000,11107000000,,,,,,None,149000000,,3.76,0.012,,,,0.226,0.7,4040000000,4189000000,6.29,2025-09-30,11.75,,17085000000.0,5032000000,3894000000,787000000,,,None,197000000,5000000,,None,,,,,2801000000,3107000000,-197000000,None,0.256,,1138000000,3894000000,,,,,None,,,,,2.261,1.716,2.124,,,,,,,,0.164,,,2025-10-21,quarterly,6.99,USD,post-market,None,,0.0297,0.136,0.091,147.06,1138000000,,,,285.16,292.31,11.1288,,,,,,,16139000000,,13.1,,314.68,248.87
2025-12-28,CB,23.92,58842001000.0,13.1,,0.522,182.22,,,,,,,,,,,,,,,None,10410000000,10410000000,,,,,,None,74000000,,3.76,0.012,,,,0.226,0.7,3897000000,3971000000,6.29,2025-06-30,11.75,,17085000000.0,4488000000,3716000000,717000000,,,None,181000000,193000000,,None,,,,,2968000000,2999000000,-181000000,None,0.256,,772000000,3716000000,,,,,None,,,,,2.261,1.716,2.124,,,,,,,,0.164,,,2025-10-21,quarterly,6.99,USD,post-market,None,,0.0297,0.136,0.091,147.06,1125000000,,,,285.16,292.31,11.1288,,,,,,,14898000000,,13.1,,314.68,248.87
2025-12-28,CB,23.92,58842001000.0,13.1,,0.522,182.22,,,,,,,,,,,,,,,None,10528000000,10528000000,,,,,,None,75000000,,3.76,0.012,,,,0.226,0.7,1845000000,1920000000,6.29,2025-03-31,11.75,,17085000000.0,2952000000,1664000000,321000000,,,None,181000000,17000000,,None,,,,,1331000000,1343000000,-181000000,None,0.256,,1288000000,1664000000,,,,,None,,,,,2.261,1.716,2.124,,,,,,,,0.164,,,2025-10-21,quarterly,6.99,USD,post-market,None,,0.0297,0.136,0.091,147.06,1080000000,,,,285.16,292.31,11.1288,,,,,,,13480000000,,13.1,,314.68,248.87
2025-12-28,CB,23.92,58842001000.0,13.1,,0.522,182.22,,,,,,,,,,,,,,,None,9944000000,9944000000,,,,,,None,82000000,,3.76,0.012,,,,0.226,0.7,3308000000,3390000000,6.29,2024-12-31,11.75,,17085000000.0,4236000000,3119000000,479000000,,,None,189000000,22000000,,None,,,,,2575000000,2640000000,-189000000,None,0.256,,1117000000,3119000000,,,,,None,,,,,2.261,1.716,2.124,,,,,,,,0.164,,,2025-10-21,quarterly,6.99,USD,post-market,None,,0.0297,0.136,0.091,147.06,1122000000,,,,285.16,292.31,11.1288,,,,,,,14180000000,,13.1,,314.68,248.87
2025-12-28,CB,23.92,58842001000.0,13.1,,0.522,182.22,,,,,,,,,,,,,,,None,11036000000,11036000000,,,,,,None,81000000,,3.76,0.012,,,,0.226,0.7,3186000000,3267000000,6.29,2024-09-30,11.75,,17085000000.0,4066000000,2994000000,504000000,,,None,192000000,20000000,,None,,,,,2324000000,2490000000,-192000000,None,0.256,,1072000000,2994000000,,,,,None,,,,,2.261,1.716,2.124,,,,,,,,0.164,,,2025-10-21,quarterly,6.99,USD,post-market,None,,0.0297,0.136,0.091,147.06,1094000000,,,,285.16,292.31,11.1288,,,,,,,15102000000,,13.1,,314.68,248.87
2025-12-28,CB,23.92,58842001000.0,13.1,,0.522,182.22,,,,,,,,,,,,,,,None,9905000000,9905000000,,,,,,None,80000000,,3.76,0.012,,,,0.226,0.7,2888000000,2968000000,6.29,2024-06-30,11.75,,17085000000.0,4027000000,2706000000,490000000,,,None,182000000,23000000,,None,,,,,2230000000,2216000000,-182000000,None,0.256,,1321000000,2706000000,,,,,None,,,,,2.261,1.716,2.124,,,,,,,,0.164,,,2025-10-21,quarterly,6.99,USD,post-market,None,,0.0297,0.136,0.091,147.06,1094000000,,,,285.16,292.31,11.1288,,,,,,,13932000000,,13.1,,314.68,248.87
2025-12-28,CB,23.92,58842001000.0,13.1,,0.522,182.22,,,,,,,,,,,,,,,None,9093000000,9093000000,,,,,,None,80000000,,3.76,0.012,,,,0.226,0.7,2814000000,2894000000,6.29,2024-03-31,11.75,,17085000000.0,3812000000,2636000000,342000000,,,None,178000000,15000000,,None,,,,,2143000000,2294000000,-178000000,None,0.256,,1176000000,2636000000,,,,,None,,,,,2.261,1.716,2.124,,,,,,,,0.164,,,2025-10-21,quarterly,6.99,USD,post-market,None,,0.0297,0.136,0.091,147.06,1070000000,,,,285.16,292.31,11.1288,,,,,,,12905000000,,13.1,,314.68,248.87
2025-12-28,CB,23.92,58842001000.0,13.1,,0.522,182.22,,,,,,,,,,,,,,,None,9496000000,9496000000,,,,,,None,84000000,,3.76,0.012,,,,0.226,0.7,2785000000,2869000000,6.29,2023-12-31,11.75,,17085000000.0,3741000000,2612000000,-678000000,,,None,173000000,23000000,,None,,,,,3300000000,3290000000,-173000000,None,0.256,,1129000000,2612000000,,,,,None,,,,,2.261,1.716,2.124,,,,,,,,0.164,,,2025-10-21,quarterly,6.99,USD,post-market,None,,0.0297,0.136,0.091,147.06,1048000000,,,,285.16,292.31,11.1288,,,,,,,13237000000,,13.1,,314.68,248.87
2025-12-28,CB,23.92,58842001000.0,13.1,,0.522,182.22,,,,,,,,,,,,,,,None,10254000000,10254000000,,,,,,None,84000000,,3.76,0.012,,,,0.226,0.7,2627000000,2711000000,6.29,2023-09-30,11.75,,17085000000.0,3667000000,2453000000,413000000,,,None,174000000,193000000,,None,,,,,2043000000,1732000000,-174000000,None,0.256,,1214000000,2453000000,,,,,None,,,,,2.261,1.716,2.124,,,,,,,,0.164,,,2025-10-21,quarterly,6.99,USD,post-market,None,,0.0297,0.136,0.091,147.06,1060000000,,,,285.16,292.31,11.1288,,,,,,,13921000000,,13.1,,314.68,248.87
2025-12-28,CB,23.92,58842001000.0,13.1,,0.522,182.22,,,,,,,,,,,,,,,None,8536000000,8536000000,,,,,,None,70000000,,3.76,0.012,,,,0.226,0.7,2350000000,2420000000,6.29,2023-06-30,11.75,,17085000000.0,3292000000,2185000000,392000000,,,None,165000000,57000000,,None,,,,,1793000000,1593000000,-165000000,None,0.256,,1107000000,2185000000,,,,,None,,,,,2.261,1.716,2.124,,,,,,,,0.164,,,2025-10-21,quarterly,6.99,USD,post-market,None,,0.0297,0.136,0.091,147.06,969000000,,,,285.16,292.31,11.1288,,,,,,,11828000000,,13.1,,314.68,248.87
2025-12-28,CB,23.92,58842001000.0,13.1,,0.522,182.22,,,,,,,,,,,,,,,None,8008000000,8008000000,,,,,,None,72000000,,3.76,0.012,,,,0.226,0.7,2436000000,2508000000,6.29,2023-03-31,11.75,,17085000000.0,3139000000,2276000000,384000000,,,None,160000000,185000000,,None,,,,,1892000000,1530000000,-160000000,None,0.256,,863000000,2276000000,,,,,None,,,,,2.261,1.716,2.124,,,,,,,,0.164,,,2025-10-21,quarterly,6.99,USD,post-market,None,,0.0297,0.136,0.091,147.06,930000000,,,,285.16,292.31,11.1288,,,,,,,11147000000,,13.1,,314.68,248.87
2025-12-28,CB,23.92,58842001000.0,13.1,,0.522,182.22,,,,,,,,,,,,,,,None,8511000000,8511000000,,,,,,None,74000000,,3.76,0.012,,,,0.226,0.7,1808000000,1882000000,6.29,2022-12-31,11.75,,17085000000.0,2989000000,1654000000,342000000,,,None,154000000,154000000,,None,,,,,1312000000,1312000000,-154000000,None,0.256,,1335000000,1654000000,,,,,None,,,,,2.261,1.716,2.124,,,,,,,,0.164,,,2025-10-21,quarterly,6.99,USD,post-market,None,,0.0297,0.136,0.091,147.06,916000000,,,,285.16,292.31,11.1288,,,,,,,11500000000,,13.1,,314.68,248.87
2025-12-28,CB,23.92,58842001000.0,13.1,,0.522,182.22,,,,,,,,,,,,,,,None,9671000000,9671000000,,,,,,None,69000000,,3.76,0.012,,,,0.226,0.7,1227000000,1296000000,6.29,2022-09-30,11.75,,17085000000.0,12082000000,1077000000,265000000,,,None,150000000,150000000,,None,,,,,812000000,812000000,-150000000,None,0.256,,1208000000,1227000000,,,,,None,,,,,2.261,1.716,2.124,,,,,,,,0.164,,,2025-10-21,quarterly,6.99,USD,post-market,None,,0.0297,0.136,0.091,147.06,883000000,,,,285.16,292.31,11.1288,,,,,,,12082000000,,13.1,,314.68,248.87
2025-12-28,CB,23.92,58842001000.0,13.1,,0.522,182.22,,,,,,,,,,,,,,,None,7326000000,7326000000,,,,,,None,71000000,,3.76,0.012,,,,0.226,0.7,1615000000,1686000000,6.29,2022-06-30,11.75,,17085000000.0,2590000000,1481000000,291000000,,,None,134000000,205000000,,None,,,,,1190000000,1417000000,-134000000,None,0.256,,1109000000,1481000000,,,,,-4786000000,,,,,2.261,1.716,2.124,,,,,,,,0.164,,,2025-10-21,quarterly,6.99,USD,post-market,None,,0.0297,0.136,0.091,147.06,818000000,,,,285.16,292.31,11.1288,,,,,,,9916000000,,13.1,,314.68,248.87
2025-12-28,CB,23.92,58842001000.0,13.1,,0.522,182.22,,,,,,,,,,,,,,,None,6607000000,6607000000,,,,,,None,71000000,,3.76,0.012,,,,0.226,0.7,2438000000,2509000000,6.29,2022-03-31,11.75,,17085000000.0,2944000000,2306000000,353000000,,,None,132000000,3000000,,None,,,,,1953000000,1974000000,-132000000,None,0.256,,638000000,2306000000,,,,,-4788000000,,,,,2.261,1.716,2.124,,,,,,,,0.164,,,2025-10-21,quarterly,6.99,USD,post-market,None,,0.0297,0.136,0.091,147.06,778000000,,,,285.16,292.31,11.1288,,,,,,,9551000000,,13.1,,314.68,248.87
2025-12-28,CB,23.92,58842001000.0,13.1,,0.522,182.22,,,,,,,,,,,,,,,None,7265000000,7265000000,,,,,,None,71000000,,3.76,0.012,,,,0.226,0.7,2671000000,2742000000,6.29,2021-12-31,11.75,,17085000000.0,3215000000,2545000000,404000000,,,None,126000000,126000000,,None,,,,,2141000000,2141000000,-126000000,None,0.256,,670000000,2545000000,,,,,-784000000,,,,,2.261,1.716,2.124,,,,,,,,0.164,,,2025-10-21,quarterly,6.99,USD,post-market,None,,0.0297,0.136,0.091,147.06,811000000,,,,285.16,292.31,11.1288,,,,,,,10480000000,,13.1,,314.68,248.87
2025-12-28,CB,23.92,58842001000.0,13.1,,0.522,182.22,,,,,,,,,,,,,,,None,8558000000,8558000000,,,,,,None,71000000,,3.76,0.012,,,,0.226,0.7,2173000000,2244000000,6.29,2021-09-30,11.75,,17085000000.0,2263000000,2051000000,218000000,,,None,122000000,680000000,,None,,,,,1833000000,1833000000,-122000000,None,0.256,,212000000,2051000000,,,,,-564000000,,,,,2.261,1.716,2.124,,,,,,,,0.164,,,2025-10-21,quarterly,6.99,USD,post-market,None,,0.0297,0.136,0.091,147.06,806000000,,,,285.16,292.31,11.1288,,,,,,,10821000000,,13.1,,314.68,248.87
2025-12-28,CB,23.92,58842001000.0,13.1,,0.522,182.22,,,,,,,,,,,,,,,None,6889000000,6889000000,,,,,,None,73000000,,3.76,0.012,,,,0.226,0.7,2704000000,2777000000,6.29,2021-06-30,11.75,,17085000000.0,2790000000,2582000000,317000000,,,None,122000000,122000000,,None,,,,,2265000000,711000000,-122000000,None,0.256,,208000000,2582000000,,,,,706000000,,,,,2.261,1.716,2.124,,,,,,,,0.164,,,2025-10-21,quarterly,6.99,USD,post-market,None,,0.0297,0.136,0.091,147.06,775000000,,,,285.16,292.31,11.1288,,,,,,,9679000000,,13.1,,314.68,248.87
2025-12-28,CB,23.92,58842001000.0,13.1,,0.522,182.22,,,,,,,,,,,,,,,None,6885000000,6885000000,,,,,,None,72000000,,3.76,0.012,,,,0.226,0.7,2760000000,2832000000,6.29,2021-03-31,11.75,,17085000000.0,3090000000,2638000000,338000000,,,None,122000000,2000000,,None,,,,,2300000000,1320000000,-122000000,None,0.256,,452000000,2638000000,,,,,-2293000000,,,,,2.261,1.716,2.124,,,,,,,,0.164,,,2025-10-21,quarterly,6.99,USD,post-market,None,,0.0297,0.136,0.091,147.06,744000000,,,,285.16,292.31,11.1288,,,,,,,9975000000,,13.1,,314.68,248.87
2025-12-28,CB,23.92,58842001000.0,13.1,,0.522,182.22,,,,,,,,,,,,,,,None,6741000000,6741000000,,,,,,None,73000000,,3.76,0.012,,,,0.226,0.7,2878000000,2951000000,6.29,2020-12-31,11.75,,17085000000.0,3157000000,2752000000,334000000,,,None,126000000,126000000,,None,,,,,2418000000,2418000000,-126000000,None,0.256,,405000000,2752000000,,,,,855000000,,,,,2.261,1.716,2.124,,,,,,,,0.164,,,2025-10-21,quarterly,6.99,USD,post-market,None,,0.0297,0.136,0.091,147.06,778000000,,,,285.16,292.31,11.1288,,,,,,,9898000000,,13.1,,314.68,248.87
2025-12-28,CB,23.92,58842001000.0,13.1,,0.522,182.22,,,,,,,,,,,,,,,None,7678000000,7678000000,,,,,,None,72000000,,3.76,0.012,,,,0.226,0.7,1466000000,1538000000,6.29,2020-09-30,11.75,,17085000000.0,1810000000,1336000000,142000000,,,None,130000000,349000000,,None,,,,,1194000000,1194000000,-130000000,None,0.256,,474000000,1336000000,,,,,687000000,,,,,2.261,1.716,2.124,,,,,,,,0.164,,,2025-10-21,quarterly,6.99,USD,post-market,None,,0.0297,0.136,0.091,147.06,733000000,,,,285.16,292.31,11.1288,,,,,,,9488000000,,13.1,,314.68,248.87
2025-12-28,CB,23.92,58842001000.0,13.1,,0.522,182.22,,,,,,,,,,,,,,,None,8393000000,8393000000,,,,,,None,72000000,,3.76,0.012,,,,0.226,0.7,-265000000,-193000000,6.29,2020-06-30,11.75,,17085000000.0,632000000,-393000000,-62000000,,,None,128000000,3000000,,None,,,,,-331000000,-331000000,-128000000,None,0.256,,1025000000,-393000000,,,,,3248000000,,,,,2.261,1.716,2.124,,,,,,,,0.164,,,2025-10-21,quarterly,6.99,USD,post-market,None,,0.0297,0.136,0.091,147.06,727000000,,,,285.16,292.31,11.1288,,,,,,,9025000000,,13.1,,314.68,248.87
2025-12-28,CB,23.92,58842001000.0,13.1,,0.522,182.22,,,,,,,,,,,,,,,None,6229000000,6229000000,,,,,,None,73000000,,3.76,0.012,,,,0.226,0.7,599000000,672000000,6.29,2020-03-31,11.75,,17085000000.0,1412000000,467000000,215000000,,,None,132000000,9000000,,None,,,,,252000000,252000000,-132000000,None,0.256,,945000000,467000000,,,,,-2479000000,,,,,2.261,1.716,2.124,,,,,,,,0.164,,,2025-10-21,quarterly,6.99,USD,post-market,None,,0.0297,0.136,0.091,147.06,741000000,,,,285.16,292.31,11.1288,,,,,,,7641000000,,13.1,,314.68,248.87
2025-12-28,CB,23.92,58842001000.0,13.1,,0.522,182.22,,,,,,,,,,,,,,,None,6632000000,6632000000,,,,,,None,76000000,,3.76,0.012,,,,0.226,0.7,1476000000,1552000000,6.29,2019-12-31,11.75,,17085000000.0,2130000000,1342000000,169000000,,,None,134000000,6000000,,None,,,,,1173000000,1173000000,-134000000,None,0.256,,788000000,1342000000,,,,,-87000000,,,,,2.261,1.716,2.124,,,,,,,,0.164,,,2025-10-21,quarterly,6.99,USD,post-market,None,,0.0297,0.136,0.091,147.06,810000000,,,,285.16,292.31,11.1288,,,,,,,8762000000,,13.1,,314.68,248.87
2025-12-28,CB,23.92,58842001000.0,13.1,,0.522,182.22,,,,,,,,,,,,,,,None,6813000000,6813000000,,,,,,None,76000000,,3.76,0.012,,,,0.226,0.7,1459000000,1535000000,6.29,2019-09-30,11.75,,17085000000.0,2225000000,1321000000,230000000,,,None,138000000,7000000,,None,,,,,1091000000,1091000000,-138000000,None,0.256,,904000000,1321000000,,,,,694000000,,,,,2.261,1.716,2.124,,,,,,,,0.164,,,2025-10-21,quarterly,6.99,USD,post-market,None,,0.0297,0.136,0.091,147.06,752000000,,,,285.16,292.31,11.1288,,,,,,,9038000000,,13.1,,314.68,248.87
2025-12-28,CB,23.92,58842001000.0,13.1,,0.522,182.22,,,,,,,,,,,,,,,None,6420000000,6420000000,,,,,,None,77000000,,3.76,0.012,,,,0.226,0.7,1498000000,1575000000,6.29,2019-06-30,11.75,,17085000000.0,2104000000,1358000000,208000000,,,None,140000000,110000000,,None,,,,,1150000000,1150000000,-140000000,None,0.256,,746000000,1358000000,,,,,1252000000,,,,,2.261,1.716,2.124,,,,,,,,0.164,,,2025-10-21,quarterly,6.99,USD,post-market,None,,0.0297,0.136,0.091,147.06,758000000,,,,285.16,292.31,11.1288,,,,,,,8524000000,,13.1,,314.68,248.87
2025-12-28,CB,23.92,58842001000.0,13.1,,0.522,182.22,,,,,,,,,,,,,,,None,5758000000,5758000000,,,,,,None,76000000,,3.76,0.012,,,,0.226,0.7,1368000000,1444000000,6.29,2019-03-31,11.75,,17085000000.0,2148000000,1228000000,188000000,,,None,140000000,None,,None,,,,,1040000000,1040000000,-140000000,None,0.256,,920000000,1228000000,,,,,1845000000,,,,,2.261,1.716,2.124,,,,,,,,0.164,,,2025-10-21,quarterly,6.99,USD,post-market,None,,0.0297,0.136,0.091,147.06,710000000,,,,285.16,292.31,11.1288,,,,,,,7906000000,,13.1,,314.68,248.87
2025-12-28,CB,23.92,58842001000.0,13.1,,0.522,182.22,,,,,,,,,,,,,,,None,6252000000,6252000000,,,,,,None,86000000,,3.76,0.012,,,,0.226,0.7,667000000,753000000,6.29,2018-12-31,11.75,,17085000000.0,1354000000,514000000,159000000,,,None,153000000,None,,None,,,,,355000000,355000000,None,None,0.256,,840000000,514000000,,,,,-235000000,,,,,2.261,1.716,2.124,,,,,,,,0.164,,,2025-10-21,quarterly,6.99,USD,post-market,0,,0.0297,0.136,0.091,147.06,728000000,,,,285.16,292.31,11.1288,,,,,,,7606000000,,13.1,,314.68,248.87
2025-12-28,CB,23.92,58842001000.0,13.1,,0.522,182.22,,,,,,,,,,,,,,,None,6499000000,6499000000,,,,,,None,83000000,,3.76,0.012,,,,0.226,0.7,1578000000,1661000000,6.29,2018-09-30,11.75,,17085000000.0,2237000000,1414000000,183000000,,,None,164000000,None,,None,,,,,1231000000,1231000000,None,None,0.256,,823000000,1414000000,,,,,-251000000,,,,,2.261,1.716,2.124,,,,,,,,0.164,,,2025-10-21,quarterly,6.99,USD,post-market,0,,0.0297,0.136,0.091,147.06,719000000,,,,285.16,292.31,11.1288,,,,,,,8736000000,,13.1,,314.68,248.87
2025-12-28,CB,23.92,58842001000.0,13.1,,0.522,182.22,,,,,,,,,,,,,,,None,6101000000,6101000000,,,,,,None,85000000,,3.76,0.012,,,,0.226,0.7,1679000000,1764000000,6.29,2018-06-30,11.75,,17085000000.0,2399000000,1512000000,218000000,,,None,167000000,None,,None,,,,,1294000000,1294000000,None,None,0.256,,887000000,1512000000,,,,,-578000000,,,,,2.261,1.716,2.124,,,,,,,,0.164,,,2025-10-21,quarterly,6.99,USD,post-market,0,,0.0297,0.136,0.091,147.06,747000000,,,,285.16,292.31,11.1288,,,,,,,8500000000,,13.1,,314.68,248.87
2025-12-28,CB,23.92,58842001000.0,13.1,,0.522,182.22,,,,,,,,,,,,,,,None,5717000000,5717000000,,,,,,None,85000000,,3.76,0.012,,,,0.226,0.7,1374000000,1459000000,6.29,2018-03-31,11.75,,17085000000.0,2120000000,1217000000,135000000,,,None,157000000,None,,None,,,,,1082000000,1082000000,None,None,0.256,,903000000,1217000000,,,,,-1234000000,,,,,2.261,1.716,2.124,,,,,,,,0.164,,,2025-10-21,quarterly,6.99,USD,post-market,0,,0.0297,0.136,0.091,147.06,692000000,,,,285.16,292.31,11.1288,,,,,,,7837000000,,13.1,,314.68,248.87
2025-12-28,CB,23.92,58842001000.0,13.1,,0.522,182.22,,,,,,,,,,,,,,,None,5895000000,5895000000,,,,,,None,260000000,,3.76,0.012,,,,0.226,0.7,1307000000,1567000000,6.29,2017-12-31,11.75,,17085000000.0,2147000000,1151000000,-382000000,,,None,156000000,None,,None,,,,,1533000000,1533000000,None,None,0.256,,996000000,1151000000,,,,,-301000000,,,,,2.261,1.716,2.124,,,,,,,,0.164,,,2025-10-21,quarterly,6.99,USD,post-market,0,,0.0297,0.136,0.091,147.06,737000000,,,,285.16,292.31,11.1288,,,,,,,8042000000,,13.1,,314.68,248.87
2025-12-28,CB,23.92,58842001000.0,13.1,,0.522,182.22,,,,,,,,,,,,,,,None,7904000000,7904000000,,,,,,None,65000000,,3.76,0.012,,,,0.226,0.7,-5000000,60000000,6.29,2017-09-30,11.75,,17085000000.0,730000000,-155000000,-85000000,,,None,150000000,None,,None,,,,,-70000000,-70000000,None,None,0.256,,885000000,-155000000,,,,,153000000,,,,,2.261,1.716,2.124,,,,,,,,0.164,,,2025-10-21,quarterly,6.99,USD,post-market,0,,0.0297,0.136,0.091,147.06,714000000,,,,285.16,292.31,11.1288,,,,,,,8634000000,,13.1,,314.68,248.87
2025-12-28,CB,23.92,58842001000.0,13.1,,0.522,182.22,,,,,,,,,,,,,,,None,5758000000,5758000000,,,,,,None,65000000,,3.76,0.012,,,,0.226,0.7,1652000000,1717000000,6.29,2017-06-30,11.75,,17085000000.0,2366000000,1505000000,200000000,,,None,147000000,None,,None,,,,,1305000000,1305000000,None,None,0.256,,861000000,1505000000,,,,,459000000,,,,,2.261,1.716,2.124,,,,,,,,0.164,,,2025-10-21,quarterly,6.99,USD,post-market,0,,0.0297,0.136,0.091,147.06,706000000,,,,285.16,292.31,11.1288,,,,,,,8124000000,,13.1,,314.68,248.87
2025-12-28,CB,23.92,58842001000.0,13.1,,0.522,182.22,,,,,,,,,,,,,,,None,5354000000,5354000000,,,,,,None,64000000,,3.76,0.012,,,,0.226,0.7,1375000000,1439000000,6.29,2017-03-31,11.75,,17085000000.0,2186000000,1221000000,128000000,,,None,154000000,None,,None,,,,,1093000000,1093000000,None,None,0.256,,965000000,1221000000,,,,,307000000,,,,,2.261,1.716,2.124,,,,,,,,0.164,,,2025-10-21,quarterly,6.99,USD,post-market,0,,0.0297,0.136,0.091,147.06,676000000,,,,285.16,292.31,11.1288,,,,,,,7540000000,,13.1,,314.68,248.87
2025-12-28,CB,23.92,58842001000.0,13.1,,0.522,182.22,,,,,,,,,,,,,,,None,5433000000,5433000000,,,,,,None,144000000,,3.76,0.012,,,,0.226,0.7,2023000000,2167000000,6.29,2016-12-31,11.75,,17085000000.0,2724000000,1869000000,259000000,,,None,154000000,None,,None,,,,,1610000000,2049000000,None,None,0.256,,855000000,1869000000,,,,,-1229000000,,,,,2.261,1.716,2.124,,,,,,,,0.164,,,2025-10-21,quarterly,6.99,USD,post-market,0,,0.0297,0.136,0.091,147.06,708000000,,,,285.16,292.31,11.1288,,,,,,,8157000000,,13.1,,314.68,248.87
2025-12-28,CB,23.92,58842001000.0,13.1,,0.522,182.22,,,,,,,,,,,,,,,None,5938000000,5938000000,,,,,,None,320000000,,3.76,0.012,,,,0.226,0.7,1789000000,2109000000,6.29,2016-09-30,11.75,,17085000000.0,2611000000,1637000000,277000000,,,None,152000000,None,,None,,,,,1360000000,1360000000,None,None,0.256,,974000000,1637000000,,,,,247000000,,,,,2.261,1.716,2.124,,,,,,,,0.164,,,2025-10-21,quarterly,6.99,USD,post-market,0,,0.0297,0.136,0.091,147.06,772000000,,,,285.16,292.31,11.1288,,,,,,,8549000000,,13.1,,314.68,248.87
2025-12-28,CB,23.92,58842001000.0,13.1,,0.522,182.22,,,,,,,,,,,,,,,None,5960000000,5960000000,,,,,,None,525000000,,3.76,0.012,,,,0.226,0.7,1034000000,1559000000,6.29,2016-06-30,11.75,,17085000000.0,1940000000,881000000,155000000,,,None,153000000,None,,None,,,,,726000000,726000000,None,None,0.256,,1059000000,881000000,,,,,947000000,,,,,2.261,1.716,2.124,,,,,,,,0.164,,,2025-10-21,quarterly,6.99,USD,post-market,0,,0.0297,0.136,0.091,147.06,829000000,,,,285.16,292.31,11.1288,,,,,,,7900000000,,13.1,,314.68,248.87
2025-12-28,CB,23.92,58842001000.0,13.1,,0.522,182.22,,,,,,,,,,,,,,,None,5213000000,5213000000,,,,,,None,570000000,,3.76,0.012,,,,0.226,0.7,709000000,1279000000,6.29,2016-03-31,11.75,,17085000000.0,1661000000,563000000,124000000,,,None,146000000,None,,None,,,,,439000000,439000000,None,None,0.256,,1098000000,563000000,,,,,None,,,,,2.261,1.716,2.124,,,,,,,,0.164,,,2025-10-21,quarterly,6.99,USD,post-market,0,,0.0297,0.136,0.091,147.06,772000000,,,,285.16,292.31,11.1288,,,,,,,6874000000,,13.1,,314.68,248.87
2025-12-28,CB,23.92,58842001000.0,13.1,,0.522,182.22,,,,,,,,,,,,,,,None,3197000000,3197000000,,,,,,None,35000000,,3.76,0.012,,,,0.226,0.7,843000000,878000000,6.29,2015-12-31,11.75,,17085000000.0,1495000000,750000000,67000000,,,None,93000000,None,,None,,,,,683000000,750000000,None,None,0.256,,745000000,750000000,,,,,-584000000,,,,,2.261,1.716,2.124,,,,,,,,0.164,,,2025-10-21,quarterly,6.99,USD,post-market,0,,0.0297,0.136,0.091,147.06,570000000,,,,285.16,292.31,11.1288,,,,,,,4692000000,,13.1,,314.68,248.87
2025-12-28,CB,23.92,58842001000.0,13.1,,0.522,182.22,,,,,,,,,,,,,,,None,3503000000,3503000000,,,,,,None,51000000,,3.76,0.012,,,,0.226,0.7,728000000,779000000,6.29,2015-09-30,11.75,,17085000000.0,1319000000,660000000,132000000,,,None,68000000,None,,None,,,,,528000000,660000000,None,None,0.256,,659000000,660000000,,,,,-321000000,,,,,2.261,1.716,2.124,,,,,,,,0.164,,,2025-10-21,quarterly,6.99,USD,post-market,0,,0.0297,0.136,0.091,147.06,568000000,,,,285.16,292.31,11.1288,,,,,,,4822000000,,13.1,,314.68,248.87
2025-12-28,CB,23.92,58842001000.0,13.1,,0.522,182.22,,,,,,,,,,,,,,,None,3297000000,3297000000,,,,,,None,55000000,,3.76,0.012,,,,0.226,0.7,1156000000,1211000000,6.29,2015-06-30,11.75,,17085000000.0,1757000000,1085000000,143000000,,,None,71000000,None,,None,,,,,942000000,1085000000,None,None,0.256,,672000000,1085000000,,,,,-816000000,,,,,2.261,1.716,2.124,,,,,,,,0.164,,,2025-10-21,quarterly,6.99,USD,post-market,0,,0.0297,0.136,0.091,147.06,578000000,,,,285.16,292.31,11.1288,,,,,,,5054000000,,13.1,,314.68,248.87
2025-12-28,CB,23.92,58842001000.0,13.1,,0.522,182.22,,,,,,,,,,,,,,,None,2971000000,2971000000,,,,,,None,30000000,,3.76,0.012,,,,0.226,0.7,869000000,899000000,6.29,2015-03-31,11.75,,17085000000.0,1429000000,801000000,120000000,,,None,68000000,None,,None,,,,,681000000,801000000,None,None,0.256,,628000000,801000000,,,,,441000000,,,,,2.261,1.716,2.124,,,,,,,,0.164,,,2025-10-21,quarterly,6.99,USD,post-market,0,,0.0297,0.136,0.091,147.06,554000000,,,,285.16,292.31,11.1288,,,,,,,4400000000,,13.1,,314.68,248.87
2025-12-28,CB,23.92,58842001000.0,13.1,,0.522,182.22,,,,,,,,,,,,,,,None,3314000000,3314000000,,,,,,None,30000000,,3.76,0.012,,,,0.226,0.7,854000000,884000000,6.29,2014-12-31,11.75,,17085000000.0,1420000000,787000000,232000000,,,None,67000000,None,,None,,,,,555000000,787000000,None,None,0.256,,633000000,787000000,,,,,87000000,,,,,2.261,1.716,2.124,,,,,,,,0.164,,,2025-10-21,quarterly,6.99,USD,post-market,0,,0.0297,0.136,0.091,147.06,590000000,,,,285.16,292.31,11.1288,,,,,,,4734000000,,13.1,,314.68,248.87
2025-12-28,CB,23.92,58842001000.0,13.1,,0.522,182.22,,,,,,,,,,,,,,,None,3634000000,3634000000,,,,,,None,27000000,,3.76,0.012,,,,0.226,0.7,1031000000,1058000000,6.29,2014-09-30,11.75,,17085000000.0,1560000000,961000000,176000000,,,None,70000000,None,,None,,,,,785000000,961000000,None,None,0.256,,599000000,961000000,,,,,-375000000,,,,,2.261,1.716,2.124,,,,,,,,0.164,,,2025-10-21,quarterly,6.99,USD,post-market,0,,0.0297,0.136,0.091,147.06,554000000,,,,285.16,292.31,11.1288,,,,,,,5194000000,,13.1,,314.68,248.87
2025-12-28,CB,23.92,58842001000.0,13.1,,0.522,182.22,,,,,,,,,,,,,,,None,3290000000,3290000000,,,,,,None,30000000,,3.76,0.012,,,,0.226,0.7,984000000,1014000000,6.29,2014-06-30,11.75,,17085000000.0,1542000000,912000000,133000000,,,None,72000000,None,,None,,,,,779000000,912000000,None,None,0.256,,630000000,912000000,,,,,589000000,,,,,2.261,1.716,2.124,,,,,,,,0.164,,,2025-10-21,quarterly,6.99,USD,post-market,0,,0.0297,0.136,0.091,147.06,566000000,,,,285.16,292.31,11.1288,,,,,,,4832000000,,13.1,,314.68,248.87
2025-12-28,CB,23.92,58842001000.0,13.1,,0.522,182.22,,,,,,,,,,,,,,,None,3003000000,3003000000,,,,,,None,21000000,,3.76,0.012,,,,0.226,0.7,898000000,919000000,6.29,2014-03-31,11.75,,17085000000.0,1410000000,827000000,93000000,,,None,71000000,None,,None,,,,,734000000,827000000,None,None,0.256,,583000000,827000000,,,,,519000000,,,,,2.261,1.716,2.124,,,,,,,,0.164,,,2025-10-21,quarterly,6.99,USD,post-market,0,,0.0297,0.136,0.091,147.06,535000000,,,,285.16,292.31,11.1288,,,,,,,4413000000,,13.1,,314.68,248.87
2025-12-28,CB,23.92,58842001000.0,13.1,,0.522,182.22,,,,,,,,,,,,,,,None,3355000000,3355000000,,,,,,None,27000000,,3.76,0.012,,,,0.226,0.7,1156000000,1183000000,6.29,2013-12-31,11.75,,17085000000.0,1728000000,1086000000,88000000,,,None,70000000,None,,None,,,,,998000000,1086000000,None,None,0.256,,642000000,1086000000,,,,,-192000000,,,,,2.261,1.716,2.124,,,,,,,,0.164,,,2025-10-21,quarterly,6.99,USD,post-market,0,,0.0297,0.136,0.091,147.06,570000000,,,,285.16,292.31,11.1288,,,,,,,5083000000,,13.1,,314.68,248.87
2025-12-28,CB,23.92,58842001000.0,13.1,,0.522,182.22,,,,,,,,,,,,,,,None,3471000000,3471000000,,,,,,None,30000000,,3.76,0.012,,,,0.226,0.7,1143000000,1173000000,6.29,2013-09-30,11.75,,17085000000.0,1715000000,1071000000,155000000,,,None,72000000,None,,None,,,,,916000000,1071000000,None,None,0.256,,644000000,1071000000,,,,,16000000,,,,,2.261,1.716,2.124,,,,,,,,0.164,,,2025-10-21,quarterly,6.99,USD,post-market,0,,0.0297,0.136,0.091,147.06,563000000,,,,285.16,292.31,11.1288,,,,,,,5186000000,,13.1,,314.68,248.87
2025-12-28,CB,23.92,58842001000.0,13.1,,0.522,182.22,,,,,,,,,,,,,,,None,3025000000,3025000000,,,,,,None,23000000,,3.76,0.012,,,,0.226,0.7,1079000000,1102000000,6.29,2013-06-30,11.75,,17085000000.0,1669000000,1006000000,115000000,,,None,73000000,None,,None,,,,,891000000,1006000000,None,None,0.256,,663000000,1006000000,,,,,-1470000000,,,,,2.261,1.716,2.124,,,,,,,,0.164,,,2025-10-21,quarterly,6.99,USD,post-market,0,,0.0297,0.136,0.091,147.06,564000000,,,,285.16,292.31,11.1288,,,,,,,4694000000,,13.1,,314.68,248.87
2025-12-28,CB,23.92,58842001000.0,13.1,,0.522,182.22,,,,,,,,,,,,,,,None,2671000000,2671000000,,,,,,None,15000000,,3.76,0.012,,,,0.226,0.7,1135000000,1150000000,6.29,2013-03-31,11.75,,17085000000.0,1643000000,1075000000,122000000,,,None,60000000,None,,None,,,,,953000000,1075000000,None,None,0.256,,568000000,1075000000,,,,,-116000000,,,,,2.261,1.716,2.124,,,,,,,,0.164,,,2025-10-21,quarterly,6.99,USD,post-market,0,,0.0297,0.136,0.091,147.06,514000000,,,,285.16,292.31,11.1288,,,,,,,4314000000,,13.1,,314.68,248.87
2025-12-28,CB,23.92,58842001000.0,13.1,,0.522,182.22,,,,,,,,,,,,,,,None,2940000000,2940000000,,,,,,None,15000000,,3.76,0.012,,,,0.226,0.7,693000000,693000000,6.29,2012-12-31,11.75,,17085000000.0,1776000000,630000000,-135000000,,,None,63000000,None,,None,,,,,765000000,630000000,None,None,0.256,,1146000000,630000000,,,,,303000000,,,,,2.261,1.716,2.124,,,,,,,,0.164,,,2025-10-21,quarterly,6.99,USD,post-market,0,,0.0297,0.136,0.091,147.06,553000000,,,,285.16,292.31,11.1288,,,,,,,4716000000,,13.1,,314.68,248.87
2025-12-28,CB,23.92,58842001000.0,13.1,,0.522,182.22,,,,,,,,,,,,,,,None,3786000000,3786000000,,,,,,None,12000000,,3.76,0.012,,,,0.226,0.7,850000000,862000000,6.29,2012-09-30,11.75,,17085000000.0,1366000000,787000000,147000000,,,None,63000000,None,,None,,,,,640000000,787000000,None,None,0.256,,579000000,787000000,,,,,731000000,,,,,2.261,1.716,2.124,,,,,,,,0.164,,,2025-10-21,quarterly,6.99,USD,post-market,0,,0.0297,0.136,0.091,147.06,519000000,,,,285.16,292.31,11.1288,,,,,,,5152000000,,13.1,,314.68,248.87
2025-12-28,CB,23.92,58842001000.0,13.1,,0.522,182.22,,,,,,,,,,,,,,,None,2840000000,2840000000,,,,,,None,12000000,,3.76,0.012,,,,0.226,0.7,538000000,550000000,6.29,2012-06-30,11.75,,17085000000.0,1072000000,476000000,148000000,,,None,62000000,None,,None,,,,,328000000,476000000,None,None,0.256,,596000000,476000000,,,,,313000000,,,,,2.261,1.716,2.124,,,,,,,,0.164,,,2025-10-21,quarterly,6.99,USD,post-market,0,,0.0297,0.136,0.091,147.06,514000000,,,,285.16,292.31,11.1288,,,,,,,3912000000,,13.1,,314.68,248.87
2025-12-28,CB,23.92,58842001000.0,13.1,,0.522,182.22,,,,,,,,,,,,,,,None,2533000000,2533000000,,,,,,None,12000000,,3.76,0.012,,,,0.226,0.7,1145000000,1157000000,6.29,2012-03-31,11.75,,17085000000.0,1670000000,1083000000,110000000,,,None,62000000,None,,None,,,,,973000000,1083000000,None,None,0.256,,587000000,1083000000,,,,,3000000,,,,,2.261,1.716,2.124,,,,,,,,0.164,,,2025-10-21,quarterly,6.99,USD,post-market,0,,0.0297,0.136,0.091,147.06,510000000,,,,285.16,292.31,11.1288,,,,,,,4203000000,,13.1,,314.68,248.87
2025-12-28,CB,23.92,58842001000.0,13.1,,0.522,182.22,,,,,,,,,,,,,,,None,3027000000,3027000000,,,,,,None,None,,3.76,0.012,,,,0.226,0.7,872000000,935000000,6.29,2011-12-31,11.75,,17085000000.0,1452000000,872000000,122000000,,,None,63000000,None,,None,,,,,750000000,722000000,None,None,0.256,,580000000,872000000,,,,,-464000000,,,,,2.261,1.716,2.124,,,,,,,,0.164,,,2025-10-21,quarterly,6.99,USD,post-market,0,,0.0297,0.136,0.091,147.06,526000000,,,,285.16,292.31,11.1288,,,,,,,4479000000,,13.1,,314.68,248.87
2025-12-28,CB,23.92,58842001000.0,13.1,,0.522,182.22,,,,,,,,,,,,,,,None,3497000000,3497000000,,,,,,None,None,,3.76,0.012,,,,0.226,0.7,134000000,188000000,6.29,2011-09-30,11.75,,17085000000.0,797000000,126000000,165000000,,,None,62000000,None,,None,,,,,-39000000,134000000,None,None,0.256,,671000000,126000000,,,,,22000000,,,,,2.261,1.716,2.124,,,,,,,,0.164,,,2025-10-21,quarterly,6.99,USD,post-market,0,,0.0297,0.136,0.091,147.06,520000000,,,,285.16,292.31,11.1288,,,,,,,4294000000,,13.1,,314.68,248.87
2025-12-28,CB,23.92,58842001000.0,13.1,,0.522,182.22,,,,,,,,,,,,,,,None,2946000000,2946000000,,,,,,None,None,,3.76,0.012,,,,0.226,0.7,729000000,777000000,6.29,2011-06-30,11.75,,17085000000.0,1307000000,715000000,121000000,,,None,62000000,None,,None,,,,,594000000,910000000,None,None,0.256,,592000000,715000000,,,,,303000000,,,,,2.261,1.716,2.124,,,,,,,,0.164,,,2025-10-21,quarterly,6.99,USD,post-market,0,,0.0297,0.136,0.091,147.06,518000000,,,,285.16,292.31,11.1288,,,,,,,4253000000,,13.1,,314.68,248.87
2025-12-28,CB,23.92,58842001000.0,13.1,,0.522,182.22,,,,,,,,,,,,,,,None,2913000000,2913000000,,,,,,None,None,,3.76,0.012,,,,0.226,0.7,356000000,409000000,6.29,2011-03-31,11.75,,17085000000.0,895000000,346000000,96000000,,,None,63000000,None,,None,,,,,250000000,325000000,None,None,0.256,,549000000,346000000,,,,,66000000,,,,,2.261,1.716,2.124,,,,,,,,0.164,,,2025-10-21,quarterly,6.99,USD,post-market,0,,0.0297,0.136,0.091,147.06,499000000,,,,285.16,292.31,11.1288,,,,,,,3808000000,,13.1,,314.68,248.87
2025-12-28,CB,23.92,58842001000.0,13.1,,0.522,182.22,,,,,,,,,,,,,,,None,2701000000,2701000000,,,,,,None,None,,3.76,0.012,,,,0.226,0.7,1134000000,1196000000,6.29,2010-12-31,11.75,,17085000000.0,1708000000,1134000000,133000000,,,None,62000000,None,,None,,,,,1001000000,-5423000000,None,None,0.256,,574000000,1134000000,,,,,-497000000,,,,,2.261,1.716,2.124,,,,,,,,0.164,,,2025-10-21,quarterly,6.99,USD,post-market,0,,0.0297,0.136,0.091,147.06,502000000,,,,285.16,292.31,11.1288,,,,,,,4409000000,,13.1,,314.68,248.87
2025-12-28,CB,23.92,58842001000.0,13.1,,0.522,182.22,,,,,,,,,,,,,,,None,2587000000,2587000000,,,,,,None,None,,3.76,0.012,,,,0.226,0.7,835000000,893000000,6.29,2010-09-30,11.75,,17085000000.0,1301000000,835000000,160000000,,,None,58000000,None,,None,,,,,675000000,1628000000,None,None,0.256,,466000000,835000000,,,,,953000000,,,,,2.261,1.716,2.124,,,,,,,,0.164,,,2025-10-21,quarterly,6.99,USD,post-market,0,,0.0297,0.136,0.091,147.06,433000000,,,,285.16,292.31,11.1288,,,,,,,3888000000,,13.1,,314.68,248.87
2025-12-28,CB,23.92,58842001000.0,13.1,,0.522,182.22,,,,,,,,,,,,,,,None,2423000000,2423000000,,,,,,None,None,,3.76,0.012,,,,0.226,0.7,819000000,871000000,6.29,2010-06-30,11.75,,17085000000.0,1337000000,819000000,142000000,,,None,52000000,None,,None,,,,,677000000,1164000000,None,None,0.256,,518000000,819000000,,,,,487000000,,,,,2.261,1.716,2.124,,,,,,,,0.164,,,2025-10-21,quarterly,6.99,USD,post-market,0,,0.0297,0.136,0.091,147.06,463000000,,,,285.16,292.31,11.1288,,,,,,,3760000000,,13.1,,314.68,248.87
2025-12-28,CB,23.92,58842001000.0,13.1,,0.522,182.22,,,,,,,,,,,,,,,None,2562000000,2562000000,,,,,,None,None,,3.76,0.012,,,,0.226,0.7,879000000,931000000,6.29,2010-03-31,11.75,,17085000000.0,1387000000,879000000,124000000,,,None,52000000,None,,None,,,,,755000000,7265000000,None,None,0.256,,508000000,879000000,,,,,583000000,,,,,2.261,1.716,2.124,,,,,,,,0.164,,,2025-10-21,quarterly,6.99,USD,post-market,0,,0.0297,0.136,0.091,147.06,460000000,,,,285.16,292.31,11.1288,,,,,,,3949000000,,13.1,,314.68,248.87
2025-12-28,CB,23.92,58842001000.0,13.1,,0.522,182.22,,,,,,,,,,,,,,,None,2528000000,2528000000,,,,,,None,None,,3.76,0.012,,,,0.226,0.7,1161000000,1217000000,6.29,2009-12-31,11.75,,17085000000.0,1744000000,1161000000,208000000,,,None,56000000,None,,None,,,,,953000000,0,None,None,0.256,,583000000,1161000000,,,,,None,,,,,2.261,1.716,2.124,,,,,,,,0.164,,,2025-10-21,quarterly,6.99,USD,post-market,0,,0.0297,0.136,0.091,147.06,486000000,,,,285.16,292.31,11.1288,,,,,,,4272000000,,13.1,,314.68,248.87
2025-12-28,CB,23.92,58842001000.0,13.1,,0.522,182.22,,,,,,,,,,,,,,,None,2531000000,2531000000,,,,,,None,None,,3.76,0.012,,,,0.226,0.7,588000000,648000000,6.29,2009-09-30,11.75,,17085000000.0,1150000000,588000000,94000000,,,None,60000000,None,,None,,,,,494000000,2479000000,None,None,0.256,,562000000,588000000,,,,,1985000000,,,,,2.261,1.716,2.124,,,,,,,,0.164,,,2025-10-21,quarterly,6.99,USD,post-market,0,,0.0297,0.136,0.091,147.06,451000000,,,,285.16,292.31,11.1288,,,,,,,3681000000,,13.1,,314.68,248.87
2025-12-28,CB,23.92,58842001000.0,13.1,,0.522,182.22,,,,,,,,,,,,,,,None,2422000000,2422000000,,,,,,None,None,,3.76,0.012,,,,0.226,0.7,636000000,692000000,6.29,2009-06-30,11.75,,17085000000.0,1125000000,636000000,101000000,,,None,56000000,None,,None,,,,,535000000,1507000000,None,None,0.256,,489000000,636000000,,,,,972000000,,,,,2.261,1.716,2.124,,,,,,,,0.164,,,2025-10-21,quarterly,6.99,USD,post-market,0,,0.0297,0.136,0.091,147.06,454000000,,,,285.16,292.31,11.1288,,,,,,,3547000000,,13.1,,314.68,248.87
2025-12-28,CB,23.92,58842001000.0,13.1,,0.522,182.22,,,,,,,,,,,,,,,None,2396000000,2396000000,,,,,,None,None,,3.76,0.012,,,,0.226,0.7,692000000,745000000,6.29,2009-03-31,11.75,,17085000000.0,1179000000,692000000,125000000,,,None,53000000,None,,None,,,,,567000000,0,None,None,0.256,,487000000,692000000,,,,,None,,,,,2.261,1.716,2.124,,,,,,,,0.164,,,2025-10-21,quarterly,6.99,USD,post-market,0,,0.0297,0.136,0.091,147.06,420000000,,,,285.16,292.31,11.1288,,,,,,,3575000000,,13.1,,314.68,248.87
2025-12-28,CB,23.92,58842001000.0,13.1,,0.522,182.22,,,,,,,,,,,,,,,None,2433000000,2433000000,,,,,,None,None,,3.76,0.012,,,,0.226,0.7,107000000,161000000,6.29,2008-12-31,11.75,,17085000000.0,670000000,107000000,87000000,,,None,54000000,None,,None,,,,,20000000,0,None,None,0.256,,563000000,107000000,,,,,None,,,,,2.261,1.716,2.124,,,,,,,,0.164,,,2025-10-21,quarterly,6.99,USD,post-market,0,,0.0297,0.136,0.091,147.06,444000000,,,,285.16,292.31,11.1288,,,,,,,3103000000,,13.1,,314.68,248.87
2025-12-28,CB,23.92,58842001000.0,13.1,,0.522,182.22,,,,,,,,,,,,,,,None,3041000000,3041000000,,,,,,None,None,,3.76,0.012,,,,0.226,0.7,47000000,115000000,6.29,2008-09-30,11.75,,17085000000.0,578000000,47000000,-7000000,,,None,68000000,None,,None,,,,,54000000,0,None,None,0.256,,531000000,47000000,,,,,None,,,,,2.261,1.716,2.124,,,,,,,,0.164,,,2025-10-21,quarterly,6.99,USD,post-market,0,,0.0297,0.136,0.091,147.06,457000000,,,,285.16,292.31,11.1288,,,,,,,3619000000,,13.1,,314.68,248.87
2025-12-28,CB,23.92,58842001000.0,13.1,,0.522,182.22,,,,,,,,,,,,,,,None,2553000000,2553000000,,,,,,None,None,,3.76,0.012,,,,0.226,0.7,883000000,945000000,6.29,2008-06-30,11.75,,17085000000.0,1281000000,883000000,137000000,,,None,62000000,None,,None,,,,,746000000,0,None,None,0.256,,398000000,883000000,,,,,None,,,,,2.261,1.716,2.124,,,,,,,,0.164,,,2025-10-21,quarterly,6.99,USD,post-market,0,,0.0297,0.136,0.091,147.06,461000000,,,,285.16,292.31,11.1288,,,,,,,3834000000,,13.1,,314.68,248.87
2025-12-28,CB,23.92,58842001000.0,13.1,,0.522,182.22,,,,,,,,,,,,,,,None,2110000000,2110000000,,,,,,None,2000000,,3.76,0.012,,,,0.226,0.7,576000000,578000000,6.29,2008-03-31,11.75,,17085000000.0,966000000,530000000,153000000,,,None,46000000,None,,None,,,,,377000000,0,None,None,0.256,,436000000,530000000,,,,,None,,,,,2.261,1.716,2.124,,,,,,,,0.164,,,2025-10-21,quarterly,6.99,USD,post-market,0,,0.0297,0.136,0.091,147.06,375000000,,,,285.16,292.31,11.1288,,,,,,,3076000000,,13.1,,314.68,248.87
2025-12-28,CB,23.92,58842001000.0,13.1,,0.522,182.22,,,,,,,,,,,,,,,None,2197000000,2197000000,,,,,,None,-1000000,,3.76,0.012,,,,0.226,0.7,756000000,755000000,6.29,2007-12-31,11.75,,17085000000.0,1298000000,713000000,141000000,,,None,43000000,None,,None,,,,,572000000,0,None,None,0.256,,585000000,713000000,,,,,None,,,,,2.261,1.716,2.124,,,,,,,,0.164,,,2025-10-21,quarterly,6.99,USD,post-market,0,,0.0297,0.136,0.091,147.06,385000000,,,,285.16,292.31,11.1288,,,,,,,3495000000,,13.1,,314.68,248.87
2025-12-28,CB,23.92,58842001000.0,13.1,,0.522,182.22,,,,,,,,,,,,,,,None,2412000000,2412000000,,,,,,None,1000000,,3.76,0.012,,,,0.226,0.7,840000000,841000000,6.29,2007-09-30,11.75,,17085000000.0,1230000000,796000000,140000000,,,None,44000000,None,,None,,,,,656000000,0,None,None,0.256,,434000000,796000000,,,,,None,,,,,2.261,1.716,2.124,,,,,,,,0.164,,,2025-10-21,quarterly,6.99,USD,post-market,0,,0.0297,0.136,0.091,147.06,358000000,,,,285.16,292.31,11.1288,,,,,,,3642000000,,13.1,,314.68,248.87
2025-12-28,CB,23.92,58842001000.0,13.1,,0.522,182.22,,,,,,,,,,,,,,,None,2260000000,2260000000,,,,,,None,-4000000,,3.76,0.012,,,,0.226,0.7,856000000,852000000,6.29,2007-06-30,11.75,,17085000000.0,1208000000,814000000,165000000,,,None,42000000,None,,None,,,,,649000000,0,None,None,0.256,,394000000,814000000,,,,,None,,,,,2.261,1.716,2.124,,,,,,,,0.164,,,2025-10-21,quarterly,6.99,USD,post-market,0,,0.0297,0.136,0.091,147.06,356000000,,,,285.16,292.31,11.1288,,,,,,,3468000000,,13.1,,314.68,248.87
2025-12-28,CB,23.92,58842001000.0,13.1,,0.522,182.22,,,,,,,,,,,,,,,None,2313000000,2313000000,,,,,,None,-2000000,,3.76,0.012,,,,0.226,0.7,876000000,874000000,6.29,2007-03-31,11.75,,17085000000.0,1236000000,830000000,129000000,,,None,46000000,None,,None,,,,,701000000,0,None,None,0.256,,406000000,830000000,,,,,None,,,,,2.261,1.716,2.124,,,,,,,,0.164,,,2025-10-21,quarterly,6.99,USD,post-market,0,,0.0297,0.136,0.091,147.06,356000000,,,,285.16,292.31,11.1288,,,,,,,3549000000,,13.1,,314.68,248.87
2025-12-28,CB,23.92,58842001000.0,13.1,,0.522,182.22,,,,,,,,,,,,,,,None,2281000000,2281000000,,,,,,None,-10000000,,3.76,0.012,,,,0.226,0.7,831000000,821000000,6.29,2006-12-31,11.75,,17085000000.0,1188000000,789000000,124000000,,,None,42000000,None,,None,,,,,665000000,0,None,None,0.256,,399000000,789000000,,,,,None,,,,,2.261,1.716,2.124,,,,,,,,0.164,,,2025-10-21,quarterly,6.99,USD,post-market,0,,0.0297,0.136,0.091,147.06,365000000,,,,285.16,292.31,11.1288,,,,,,,3469000000,,13.1,,314.68,248.87
2025-12-28,CB,23.92,58842001000.0,13.1,,0.522,182.22,,,,,,,,,,,,,,,None,2313000000,2313000000,,,,,,None,1000000,,3.76,0.012,,,,0.226,0.7,754000000,755000000,6.29,2006-09-30,11.75,,17085000000.0,1076000000,708000000,130000000,,,None,46000000,None,,None,,,,,578000000,0,None,None,0.256,,368000000,708000000,,,,,None,,,,,2.261,1.716,2.124,,,,,,,,0.164,,,2025-10-21,quarterly,6.99,USD,post-market,0,,0.0297,0.136,0.091,147.06,353000000,,,,285.16,292.31,11.1288,,,,,,,3389000000,,13.1,,314.68,248.87
2025-12-28,CB,23.92,58842001000.0,13.1,,0.522,182.22,,,,,,,,,,,,,,,None,2209000000,2209000000,,,,,,None,3000000,,3.76,0.012,,,,0.226,0.7,752000000,755000000,6.29,2006-06-30,11.75,,17085000000.0,1080000000,707000000,134000000,,,None,45000000,None,,None,,,,,573000000,0,None,None,0.256,,373000000,707000000,,,,,None,,,,,2.261,1.716,2.124,,,,,,,,0.164,,,2025-10-21,quarterly,6.99,USD,post-market,0,,0.0297,0.136,0.091,147.06,340000000,,,,285.16,292.31,11.1288,,,,,,,3289000000,,13.1,,314.68,248.87
2025-12-28,CB,23.92,58842001000.0,13.1,,0.522,182.22,,,,,,,,,,,,,,,None,2126000000,2126000000,,,,,,None,16000000,,3.76,0.012,,,,0.226,0.7,662000000,678000000,6.29,2006-03-31,11.75,,17085000000.0,1055000000,619000000,134000000,,,None,43000000,None,,None,,,,,489000000,0,None,None,0.256,,436000000,619000000,,,,,None,,,,,2.261,1.716,2.124,,,,,,,,0.164,,,2025-10-21,quarterly,6.99,USD,post-market,0,,0.0297,0.136,0.091,147.06,398000000,,,,285.16,292.31,11.1288,,,,,,,3181000000,,13.1,,314.68,248.87
2025-12-28,CB,23.92,58842001000.0,13.1,,0.522,182.22,,,,,,,,,,,,,,,None,2597000000,2597000000,,,,,,None,10000000,,3.76,0.012,,,,0.226,0.7,286000000,296000000,6.29,2005-12-31,11.75,,17085000000.0,591000000,240000000,4000000,,,None,46000000,None,,None,,,,,236000000,0,None,None,0.256,,351000000,240000000,,,,,None,,,,,2.261,1.716,2.124,,,,,,,,0.164,,,2025-10-21,quarterly,6.99,USD,post-market,0,,0.0297,0.136,0.091,147.06,301000000,,,,285.16,292.31,11.1288,,,,,,,3188000000,,13.1,,314.68,248.87
2025-12-28,CB,23.92,58842001000.0,13.1,,0.522,182.22,,,,,,,,,,,,,,,None,3265000000,3265000000,,,,,,None,26000000,,3.76,0.012,,,,0.226,0.7,-54000000,-28000000,6.29,2005-09-30,11.75,,17085000000.0,229000000,-97000000,15000000,,,None,43000000,None,,None,,,,,-112000000,0,None,None,0.256,,326000000,-97000000,,,,,None,,,,,2.261,1.716,2.124,,,,,,,,0.164,,,2025-10-21,quarterly,6.99,USD,post-market,0,,0.0297,0.136,0.091,147.06,308000000,,,,285.16,292.31,11.1288,,,,,,,3494000000,,13.1,,314.68,248.87
2025-12-28,CB,23.92,58842001000.0,13.1,,0.522,182.22,,,,,,,,,,,,,,,None,39978000000,39978000000,,,,,,None,323000000,,3.76,0.012,,,,0.226,0.7,12196000000,12519000000,6.29,2024-12-31,11.75,,17085000000.0,16172000000,11455000000,1815000000,,,None,741000000,80000000,,None,,,,,9272000000,9640000000,-741000000,None,0.256,,4717000000,11455000000,,,,,None,,,,,2.261,1.716,2.124,,,,,,,,0.164,,,2025-10-21,annual,6.99,USD,post-market,None,,0.0297,0.136,0.091,147.06,4380000000,,,,285.16,292.31,11.1288,,,,,,,56150000000,,13.1,,314.68,248.87
2025-12-28,CB,23.92,58842001000.0,13.1,,0.522,182.22,,,,,,,,,,,,,,,None,-505000000,-505000000,,,,,,None,310000000,,3.76,0.012,,,,0.226,0.7,-219000000,91000000,6.29,2023-12-31,11.75,,17085000000.0,49997000000,9526000000,511000000,,,None,672000000,67000000,,None,,,,,9028000000,7103000000,-653000000,None,0.256,,12883000000,9448000000,,,,,None,,,,,2.261,1.716,2.124,,,,,,,,0.164,,,2025-10-21,annual,6.99,USD,post-market,None,,0.0297,0.136,0.091,147.06,4007000000,,,,285.16,292.31,11.1288,,,,,,,49997000000,,13.1,,314.68,248.87
2025-12-28,CB,23.92,58842001000.0,13.1,,0.522,182.22,,,,,,,,,,,,,,,None,32145000000,32145000000,,,,,,None,285000000,,3.76,0.012,,,,0.226,0.7,7055000000,7340000000,6.29,2022-12-31,11.75,,17085000000.0,10830000000,6485000000,1239000000,,,None,570000000,570000000,,None,,,,,5246000000,5313000000,-570000000,None,0.256,,4345000000,6485000000,,,,,None,,,,,2.261,1.716,2.124,,,,,,,,0.164,,,2025-10-21,annual,6.99,USD,post-market,None,,0.0297,0.136,0.091,147.06,3395000000,,,,285.16,292.31,11.1288,,,,,,,42975000000,,13.1,,314.68,248.87
2025-12-28,CB,23.92,58842001000.0,13.1,,0.522,182.22,,,,,,,,,,,,,,,None,29437000000,29437000000,,,,,,None,287000000,,3.76,0.012,,,,0.226,0.7,10286000000,10573000000,6.29,2021-12-31,11.75,,17085000000.0,11333000000,9794000000,1269000000,,,None,492000000,492000000,,None,,,,,8525000000,8539000000,-492000000,None,0.256,,1539000000,9794000000,,,,,-2935000000,,,,,2.261,1.716,2.124,,,,,,,,0.164,,,2025-10-21,annual,6.99,USD,post-market,None,,0.0297,0.136,0.091,147.06,3135000000,,,,285.16,292.31,11.1288,,,,,,,40770000000,,13.1,,314.68,248.87
2025-12-28,CB,23.92,58842001000.0,13.1,,0.522,182.22,,,,,,,,,,,,,,,None,29041000000,29041000000,,,,,,None,290000000,,3.76,0.012,,,,0.226,0.7,4678000000,4968000000,6.29,2020-12-31,11.75,,17085000000.0,7011000000,4162000000,629000000,,,None,516000000,516000000,,None,,,,,3533000000,3533000000,-516000000,None,0.256,,2849000000,4162000000,,,,,2311000000,,,,,2.261,1.716,2.124,,,,,,,,0.164,,,2025-10-21,annual,6.99,USD,post-market,None,,0.0297,0.136,0.091,147.06,2979000000,,,,285.16,292.31,11.1288,,,,,,,36052000000,,13.1,,314.68,248.87
2025-12-28,CB,23.92,58842001000.0,13.1,,0.522,182.22,,,,,,,,,,,,,,,None,25623000000,25623000000,,,,,,None,305000000,,3.76,0.012,,,,0.226,0.7,5801000000,6106000000,6.29,2019-12-31,11.75,,17085000000.0,8607000000,5249000000,795000000,,,None,552000000,25000000,,None,,,,,4454000000,4454000000,-552000000,None,0.256,,3358000000,5249000000,,,,,3704000000,,,,,2.261,1.716,2.124,,,,,,,,0.164,,,2025-10-21,annual,6.99,USD,post-market,None,,0.0297,0.136,0.091,147.06,3030000000,,,,285.16,292.31,11.1288,,,,,,,34230000000,,13.1,,314.68,248.87
2025-12-28,CB,23.92,58842001000.0,13.1,,0.522,182.22,,,,,,,,,,,,,,,None,24569000000,24569000000,,,,,,None,339000000,,3.76,0.012,,,,0.226,0.7,5298000000,5637000000,6.29,2018-12-31,11.75,,17085000000.0,8110000000,4657000000,695000000,,,None,641000000,127000000,,None,,,,,3962000000,3962000000,-641000000,None,0.256,,3453000000,4657000000,,,,,-2298000000,,,,,2.261,1.716,2.124,,,,,,,,0.164,,,2025-10-21,annual,6.99,USD,post-market,0,,0.0297,0.136,0.091,147.06,2886000000,,,,285.16,292.31,11.1288,,,,,,,32679000000,,13.1,,314.68,248.87
2025-12-28,CB,23.92,58842001000.0,13.1,,0.522,182.22,,,,,,,,,,,,,,,None,24911000000,24911000000,,,,,,None,260000000,,3.76,0.012,,,,0.226,0.7,4329000000,4589000000,6.29,2017-12-31,11.75,,17085000000.0,7429000000,3722000000,-139000000,,,None,607000000,189000000,,None,,,,,3861000000,3861000000,-607000000,None,0.256,,3707000000,3722000000,,,,,618000000,,,,,2.261,1.716,2.124,,,,,,,,0.164,,,2025-10-21,annual,6.99,USD,post-market,0,,0.0297,0.136,0.091,147.06,2833000000,,,,285.16,292.31,11.1288,,,,,,,32340000000,,13.1,,314.68,248.87
2025-12-28,CB,23.92,58842001000.0,13.1,,0.522,182.22,,,,,,,,,,,,,,,None,22544000000,22544000000,,,,,,None,1578000000,,3.76,0.012,,,,0.226,0.7,5555000000,7133000000,6.29,2016-12-31,11.75,,17085000000.0,8936000000,4950000000,815000000,,,None,605000000,341000000,,None,,,,,4135000000,4135000000,-605000000,None,0.256,,3986000000,4950000000,,,,,-35000000,,,,,2.261,1.716,2.124,,,,,,,,0.164,,,2025-10-21,annual,6.99,USD,post-market,0,,0.0297,0.136,0.091,147.06,3081000000,,,,285.16,292.31,11.1288,,,,,,,31480000000,,13.1,,314.68,248.87
2025-12-28,CB,23.92,58842001000.0,13.1,,0.522,182.22,,,,,,,,,,,,,,,None,12968000000,12968000000,,,,,,None,171000000,,3.76,0.012,,,,0.226,0.7,3596000000,3767000000,6.29,2015-12-31,11.75,,17085000000.0,6000000000,3296000000,462000000,,,None,300000000,187000000,,None,,,,,2834000000,3296000000,None,None,0.256,,2704000000,3296000000,,,,,-1280000000,,,,,2.261,1.716,2.124,,,,,,,,0.164,,,2025-10-21,annual,6.99,USD,post-market,0,,0.0297,0.136,0.091,147.06,2270000000,,,,285.16,292.31,11.1288,,,,,,,18968000000,,13.1,,314.68,248.87
2025-12-28,CB,23.92,58842001000.0,13.1,,0.522,182.22,,,,,,,,,,,,,,,None,13241000000,13241000000,,,,,,None,108000000,,3.76,0.012,,,,0.226,0.7,3767000000,3767000000,6.29,2014-12-31,11.75,,17085000000.0,5932000000,3487000000,634000000,,,None,280000000,None,,None,,,,,2853000000,3487000000,None,None,0.256,,2445000000,3487000000,,,,,820000000,,,,,2.261,1.716,2.124,,,,,,,,0.164,,,2025-10-21,annual,6.99,USD,post-market,0,,0.0297,0.136,0.091,147.06,2245000000,,,,285.16,292.31,11.1288,,,,,,,19173000000,,13.1,,314.68,248.87
2025-12-28,CB,23.92,58842001000.0,13.1,,0.522,182.22,,,,,,,,,,,,,,,None,12522000000,12522000000,,,,,,None,95000000,,3.76,0.012,,,,0.226,0.7,4513000000,4608000000,6.29,2013-12-31,11.75,,17085000000.0,6755000000,4238000000,480000000,,,None,275000000,None,,None,,,,,3758000000,4238000000,None,None,0.256,,2517000000,4238000000,,,,,-1762000000,,,,,2.261,1.716,2.124,,,,,,,,0.164,,,2025-10-21,annual,6.99,USD,post-market,0,,0.0297,0.136,0.091,147.06,2211000000,,,,285.16,292.31,11.1288,,,,,,,19277000000,,13.1,,314.68,248.87
2025-12-28,CB,23.92,58842001000.0,13.1,,0.522,182.22,,,,,,,,,,,,,,,None,12620000000,12620000000,,,,,,None,51000000,,3.76,0.012,,,,0.226,0.7,3226000000,3277000000,6.29,2012-12-31,11.75,,17085000000.0,5345000000,2976000000,270000000,,,None,250000000,None,,None,,,,,2706000000,2976000000,None,None,0.256,,2369000000,2976000000,,,,,1350000000,,,,,2.261,1.716,2.124,,,,,,,,0.164,,,2025-10-21,annual,6.99,USD,post-market,0,,0.0297,0.136,0.091,147.06,2096000000,,,,285.16,292.31,11.1288,,,,,,,17965000000,,13.1,,314.68,248.87
2025-12-28,CB,23.92,58842001000.0,13.1,,0.522,182.22,,,,,,,,,,,,,,,None,-8719000000,-8719000000,,,,,,None,29000000,,3.76,0.012,,,,0.226,0.7,1614000000,1614000000,6.29,2011-12-31,11.75,,17085000000.0,8115000000,1614000000,394000000,,,None,15000000,None,,None,,,,,1220000000,2091000000,None,None,0.256,,14542000000,1614000000,,,,,-73000000,,,,,2.261,1.716,2.124,,,,,,,,0.164,,,2025-10-21,annual,6.99,USD,post-market,0,,0.0297,0.136,0.091,147.06,2052000000,,,,285.16,292.31,11.1288,,,,,,,8115000000,,13.1,,314.68,248.87
2025-12-28,CB,23.92,58842001000.0,13.1,,0.522,182.22,,,,,,,,,,,,,,,None,12150000000,12150000000,,,,,,None,None,,3.76,0.012,,,,0.226,0.7,3667000000,3667000000,6.29,2010-12-31,11.75,,17085000000.0,16006000000,3667000000,559000000,,,None,224000000,None,,None,,,,,3108000000,4634000000,None,None,0.256,,12144000000,3667000000,,,,,1526000000,,,,,2.261,1.716,2.124,,,,,,,,0.164,,,2025-10-21,annual,6.99,USD,post-market,0,,0.0297,0.136,0.091,147.06,1858000000,,,,285.16,292.31,11.1288,,,,,,,16006000000,,13.1,,314.68,248.87
2025-12-28,CB,23.92,58842001000.0,13.1,,0.522,182.22,,,,,,,,,,,,,,,None,11704000000,11704000000,,,,,,None,None,,3.76,0.012,,,,0.226,0.7,2876000000,2876000000,6.29,2009-12-31,11.75,,17085000000.0,15075000000,3077000000,528000000,,,None,225000000,None,,None,,,,,2549000000,5261000000,None,None,0.256,,11773000000,2876000000,,,,,2712000000,,,,,2.261,1.716,2.124,,,,,,,,0.164,,,2025-10-21,annual,6.99,USD,post-market,0,,0.0297,0.136,0.091,147.06,1811000000,,,,285.16,292.31,11.1288,,,,,,,15075000000,,13.1,,314.68,248.87
2025-12-28,CB,23.92,58842001000.0,13.1,,0.522,182.22,,,,,,,,,,,,,,,None,39000000,39000000,,,,,,None,None,,3.76,0.012,,,,0.226,0.7,1528000000,1528000000,6.29,2008-12-31,11.75,,17085000000.0,13671000000,1567000000,370000000,,,None,230000000,None,,None,,,,,1197000000,None,None,None,0.256,,11835000000,1528000000,,,,,None,,,,,2.261,1.716,2.124,,,,,,,,0.164,,,2025-10-21,annual,6.99,USD,post-market,None,,0.0297,0.136,0.091,147.06,1737000000,,,,285.16,292.31,11.1288,,,,,,,13671000000,,13.1,,314.68,248.87
2025-12-28,CB,23.92,58842001000.0,13.1,,0.522,182.22,,,,,,,,,,,,,,,None,9290000000,9290000000,,,,,,None,-6000000,,3.76,0.012,,,,0.226,0.7,3328000000,3322000000,6.29,2007-12-31,11.75,,17085000000.0,4864000000,3153000000,575000000,,,None,175000000,None,,None,,,,,2578000000,None,None,None,0.256,,1711000000,3153000000,,,,,None,,,,,2.261,1.716,2.124,,,,,,,,0.164,,,2025-10-21,annual,6.99,USD,post-market,None,,0.0297,0.136,0.091,147.06,1455000000,,,,285.16,292.31,11.1288,,,,,,,14154000000,,13.1,,314.68,248.87
2025-12-28,CB,23.92,58842001000.0,13.1,,0.522,182.22,,,,,,,,,,,,,,,None,8908000000,8908000000,,,,,,None,10000000,,3.76,0.012,,,,0.226,0.7,2999000000,3009000000,6.29,2006-12-31,11.75,,17085000000.0,4420000000,2823000000,522000000,,,None,176000000,None,,None,,,,,2305000000,None,None,None,0.256,,1597000000,2823000000,,,,,None,,,,,2.261,1.716,2.124,,,,,,,,0.164,,,2025-10-21,annual,6.99,USD,post-market,None,,0.0297,0.136,0.091,147.06,1456000000,,,,285.16,292.31,11.1288,,,,,,,13328000000,,13.1,,314.68,248.87
2025-12-28,CB,23.92,58842001000.0,13.1,,0.522,182.22,,,,,,,,,,,,,,,None,10377000000,10377000000,,,,,,None,90000000,,3.76,0.012,,,,0.226,0.7,1475000000,1565000000,6.29,2005-12-31,11.75,,17085000000.0,2711000000,1301000000,273000000,,,None,174000000,None,,None,,,,,1028000000,None,None,None,0.256,,1410000000,1301000000,,,,,None,,,,,2.261,1.716,2.124,,,,,,,,0.164,,,2025-10-21,annual,6.99,USD,post-market,None,,0.0297,0.136,0.091,147.06,1261000000,,,,285.16,292.31,11.1288,,,,,,,13088000000,,13.1,,314.68,248.87
2025-12-28,CB,23.92,58842001000.0,13.1,None,0.522,182.22,,None,2241000000,2241000000,,,,,,,,,231000000,403200000,None,10377000000,10377000000,8475000000,None,1499000000,36834000000,None,None,90000000,,3.76,0.012,,,,0.226,0.7,1475000000,1565000000,6.29,2025-09-30,11.75,20237000000,17085000000.0,2711000000,1301000000,273000000,9462000000,9462000000,None,174000000,None,None,None,None,15727000000,None,155814000000,1028000000,None,None,None,0.256,,1410000000,1301000000,-78822000000,-9974000000,None,None,None,,,,,2.261,1.716,2.124,,,,,,,,0.164,,1044000000,2025-10-21,quarterly,6.99,USD,post-market,None,66722000000,0.0297,0.136,0.091,147.06,1261000000,17226000000,1499000000,39747000000,285.16,292.31,11.1288,270210000000,16305000000,1499000000,192399000000,27968000000,190900000000,13088000000,71855000000,13.1,None,314.68,248.87
2025-12-28,CB,23.92,58842001000.0,13.1,None,0.522,182.22,,None,2189000000,2189000000,,,,,,,,,231000000,403800000,None,10377000000,10377000000,9232000000,None,1499000000,36670000000,None,None,90000000,,3.76,0.012,,,,0.226,0.7,1475000000,1565000000,6.29,2025-06-30,11.75,20184000000,17085000000.0,2711000000,1301000000,273000000,9636000000,9636000000,None,174000000,None,None,None,None,13477000000,None,149282000000,1028000000,None,None,None,0.256,,1410000000,1301000000,-77039000000,-10731000000,None,None,None,,,,,2.261,1.716,2.124,,,,,,,,0.164,,1044000000,2025-10-21,quarterly,6.99,USD,post-market,None,63921000000,0.0297,0.136,0.091,147.06,1261000000,14976000000,1499000000,38180000000,285.16,292.31,11.1288,261563000000,16778000000,1499000000,187116000000,28196000000,185617000000,13088000000,69395000000,13.1,None,314.68,248.87
2025-12-28,CB,23.92,58842001000.0,13.1,None,0.522,182.22,,None,1972000000,1972000000,,,,,,,,,231000000,404700000,None,10377000000,10377000000,8446000000,None,0,35640000000,None,None,90000000,,3.76,0.012,,,,0.226,0.7,1475000000,1565000000,6.29,2025-03-31,11.75,19716000000,17085000000.0,2711000000,1301000000,273000000,9497000000,9497000000,None,174000000,None,None,None,None,14508000000,None,143077000000,1028000000,None,None,None,0.256,,1410000000,1301000000,-74498000000,-8446000000,None,None,None,,,,,2.261,1.716,2.124,,,,,,,,0.164,,1052000000,2025-10-21,quarterly,6.99,USD,post-market,None,60953000000,0.0297,0.136,0.091,147.06,1261000000,14508000000,3124000000,36886000000,285.16,292.31,11.1288,251752000000,15358000000,None,180997000000,27877000000,180997000000,13088000000,65726000000,13.1,None,314.68,248.87
2025-12-28,CB,23.92,58842001000.0,13.1,None,0.522,182.22,,None,2288000000,2288000000,,,,,,,,,235000000,427741000,None,10377000000,10377000000,8121000000,None,800000000,34492000000,None,None,90000000,,3.76,0.012,,,,0.226,0.7,1475000000,1565000000,6.29,2024-12-31,11.75,19579000000,17085000000.0,2711000000,1301000000,273000000,9600000000,9600000000,None,174000000,None,None,None,None,14379000000,None,142053000000,1028000000,None,None,None,0.256,,1410000000,1301000000,-73677000000,-8921000000,None,None,None,,,,,2.261,1.716,2.124,,,,,,,,0.164,,3924000000,2025-10-21,quarterly,6.99,USD,post-market,None,61561000000,0.0297,0.136,0.091,147.06,1261000000,15289000000,800000000,36897000000,285.16,292.31,11.1288,246548000000,14426000000,800000000,178154000000,27559000000,178154000000,13088000000,64021000000,13.1,None,314.68,248.87
2025-12-28,CB,23.92,58842001000.0,13.1,None,0.522,182.22,,None,2525000000,2525000000,,,,,,,,,235000000,407878727,None,10377000000,10377000000,8696000000,None,1571000000,35607000000,None,None,90000000,,3.76,0.012,,,,0.226,0.7,1475000000,1565000000,6.29,2024-09-30,11.75,19990000000,17085000000.0,2711000000,1301000000,273000000,10046000000,10046000000,None,174000000,None,-18387000000,None,None,14560000000,None,143068000000,1028000000,None,None,None,0.256,,1410000000,1301000000,-75517000000,-10267000000,None,None,None,,,,,2.261,1.716,2.124,,,,,,,,0.164,,748000000,2025-10-21,quarterly,6.99,USD,post-market,None,58986000000,0.0297,0.136,0.091,147.06,1261000000,16131000000,1571000000,37385000000,285.16,292.31,11.1288,250557000000,20084000000,1571000000,180437000000,28151000000,178866000000,13088000000,65757000000,13.1,None,314.68,248.87
2025-12-28,CB,23.92,58842001000.0,13.1,None,0.522,182.22,,None,2400000000,2400000000,,,,,,,,,235000000,408606667,None,10377000000,10377000000,9126000000,None,1553000000,35575000000,None,None,90000000,,3.76,0.012,,,,0.226,0.7,1475000000,1565000000,6.29,2024-06-30,11.75,19833000000,17085000000.0,2711000000,1301000000,273000000,10053000000,10053000000,None,174000000,None,-71097000000,None,None,13178000000,None,133223000000,1028000000,None,None,None,0.256,,1410000000,1301000000,-71865000000,-10679000000,None,None,None,,,,,2.261,1.716,2.124,,,,,,,,0.164,,None,2025-10-21,quarterly,6.99,USD,post-market,None,56662000000,0.0297,0.136,0.091,147.06,1261000000,14731000000,1553000000,33890000000,285.16,292.31,11.1288,238551000000,2400000000,78553000000,173976000000,236151000000,72030000000,13088000000,61038000000,13.1,None,314.68,248.87
2025-12-28,CB,23.92,58842001000.0,13.1,None,0.522,182.22,,None,2508000000,2508000000,,,,,,,,,241000000,409739635,None,10377000000,10377000000,8505000000,None,2265000000,33372000000,None,None,90000000,,3.76,0.012,,,,0.226,0.7,1475000000,1565000000,6.29,2024-03-31,11.75,19696000000,17085000000.0,2711000000,1301000000,273000000,10326000000,10326000000,None,174000000,None,-69263000000,None,None,13248000000,None,134154000000,1028000000,None,None,None,0.256,,1410000000,1301000000,-69263000000,-10770000000,None,None,None,,,,,2.261,1.716,2.124,,,,,,,,0.164,,None,2025-10-21,quarterly,6.99,USD,post-market,None,56953000000,0.0297,0.136,0.091,147.06,1261000000,15513000000,2265000000,33383000000,285.16,292.31,11.1288,234867000000,2508000000,76732000000,170436000000,232359000000,71082000000,13088000000,60535000000,13.1,None,314.68,248.87
2025-12-28,CB,23.92,58842001000.0,13.1,None,0.522,182.22,,None,2449000000,2449000000,,,,,,,,,241000000,410700000,None,10377000000,10377000000,8302000000,None,1460000000,33611000000,None,None,90000000,,3.76,0.012,,,,0.226,0.7,1475000000,1565000000,6.29,2023-12-31,11.75,19686000000,17085000000.0,2711000000,1301000000,273000000,10449000000,10449000000,None,174000000,None,-15828000000,None,None,13035000000,None,131399000000,1028000000,None,None,None,0.256,,1410000000,1301000000,-67398000000,-9762000000,None,None,None,,,,,2.261,1.716,2.124,,,,,,,,0.164,,None,2025-10-21,quarterly,6.99,USD,post-market,None,54810000000,0.0297,0.136,0.091,147.06,1261000000,14495000000,1460000000,31338000000,285.16,292.31,11.1288,230682000000,2449000000,74230000000,166991000000,228233000000,165531000000,13088000000,59507000000,13.1,None,314.68,248.87
2025-12-28,CB,23.92,58842001000.0,13.1,None,0.522,182.22,,None,2586000000,2586000000,,,,,,,,,63891000000,412600000,None,10377000000,10377000000,16903000000,None,700000000,33657000000,None,None,90000000,,3.76,0.012,,,,0.226,0.7,1475000000,1565000000,6.29,2023-09-30,11.75,19554000000,17085000000.0,2711000000,1301000000,273000000,6844000000,6844000000,None,174000000,None,-46335000000,None,None,14044000000,None,124566000000,1028000000,None,None,None,0.256,,1410000000,1301000000,29453000000,-16903000000,None,None,None,,,,,2.261,1.716,2.124,,,,,,,,0.164,,549000000,2025-10-21,quarterly,6.99,USD,post-market,None,51510000000,0.0297,0.136,0.091,147.06,1261000000,14744000000,700000000,5454000000,285.16,292.31,11.1288,222748000000,19361000000,700000000,165244000000,26586000000,164544000000,13088000000,52373000000,13.1,None,314.68,248.87
2025-12-28,CB,23.92,58842001000.0,13.1,None,0.522,182.22,,None,2285000000,2285000000,,,,,,,,,241000000,415600000,None,10377000000,10377000000,8429000000,None,699000000,32841000000,None,None,90000000,,3.76,0.012,,,,0.226,0.7,1475000000,1565000000,6.29,2023-06-30,11.75,16322000000,17085000000.0,2711000000,1301000000,273000000,8895000000,8895000000,None,174000000,None,-27463000000,None,None,13782000000,None,117619000000,1028000000,None,None,None,0.256,,1410000000,1301000000,-136012000000,-9128000000,None,130695000000,None,,,,,2.261,1.716,2.124,,,,,,,,0.164,,543000000,2025-10-21,quarterly,6.99,USD,post-market,None,49467000000,0.0297,0.136,0.091,147.06,1261000000,14481000000,699000000,100886000000,285.16,292.31,11.1288,205448000000,2285000000,70253000000,152573000000,203163000000,60008000000,13088000000,52875000000,13.1,-3174000000,314.68,248.87
2025-12-28,CB,23.92,58842001000.0,13.1,None,0.522,182.22,,None,2288000000,2288000000,,,,,,,,,61882000000,417900000,None,10377000000,10377000000,14434000000,None,0,30481000000,None,None,90000000,,3.76,0.012,,,,0.226,0.7,1475000000,1565000000,6.29,2023-03-31,11.75,16175000000,17085000000.0,2711000000,1301000000,273000000,5364000000,5364000000,None,174000000,None,60117000000,None,None,14375000000,None,116569000000,1028000000,None,None,None,0.256,,1410000000,1301000000,25018000000,-12592000000,None,126856000000,None,,,,,2.261,1.716,2.124,,,,,,,,0.164,,571000000,2025-10-21,quarterly,6.99,USD,post-market,None,49441000000,0.0297,0.136,0.091,147.06,1261000000,15795000000,1420000000,115616000000,285.16,292.31,11.1288,201415000000,117904000000,1842000000,148428000000,21539000000,146586000000,13088000000,52987000000,13.1,-5341000000,314.68,248.87
2025-12-28,CB,23.92,58842001000.0,13.1,None,0.522,182.22,,None,2012000000,2012000000,,,,,,,,,60733000000,418900000,None,10377000000,10377000000,23382000000,None,475000000,30834000000,None,None,90000000,,3.76,0.012,,,,0.226,0.7,1475000000,1565000000,6.29,2022-12-31,11.75,16287000000,17085000000.0,2711000000,1301000000,273000000,9037000000,9037000000,None,174000000,None,65034000000,None,None,15185000000,None,114492000000,1028000000,None,None,None,0.256,,1410000000,1301000000,25449000000,-23857000000,None,117848000000,None,,,,,2.261,1.716,2.124,,,,,,,,0.164,,607000000,2025-10-21,quarterly,6.99,USD,post-market,None,48334000000,0.0297,0.136,0.091,147.06,1261000000,15660000000,475000000,90180000000,285.16,292.31,11.1288,199124000000,123329000000,23857000000,148584000000,128056000000,23857000000,13088000000,50540000000,13.1,-5113000000,314.68,248.87
2025-12-28,CB,23.92,58842001000.0,13.1,None,0.522,182.22,,None,2128000000,2128000000,,,,,,,,,10346000000,419618956,None,10377000000,10377000000,7829000000,None,1475000000,31904000000,None,None,90000000,,3.76,0.012,,,,0.226,0.7,1475000000,1565000000,6.29,2022-09-30,11.75,16107000000,17085000000.0,2711000000,1301000000,273000000,8707000000,8707000000,None,174000000,None,-26056000000,None,None,15519000000,None,101038000000,1028000000,None,None,None,0.256,,1410000000,1301000000,-122307000000,-9304000000,None,118278000000,None,,,,,2.261,1.716,2.124,,,,,,,,0.164,,458000000,2025-10-21,quarterly,6.99,USD,post-market,None,47022000000,0.0297,0.136,0.091,147.06,1261000000,15519000000,1475000000,88275000000,285.16,292.31,11.1288,198111000000,2128000000,70585000000,150472000000,195983000000,57571000000,13088000000,47639000000,13.1,-4978000000,314.68,248.87
2025-12-28,CB,23.92,58842001000.0,13.1,None,0.522,182.22,,None,7122000000,7122000000,,,,,,,,,10666000000,425418346,None,10377000000,10377000000,7888000000,None,1474000000,30740000000,None,None,90000000,,3.76,0.012,,,,0.226,0.7,1475000000,1565000000,6.29,2022-06-30,11.75,15045000000,17085000000.0,2711000000,1301000000,273000000,5493000000,5493000000,None,174000000,None,54779000000,None,None,14311000000,None,110678000000,1028000000,None,None,None,0.256,,1410000000,1301000000,-123362000000,-9362000000,None,113683000000,None,,,,,2.261,1.716,2.124,,,,,,,,0.164,,433000000,2025-10-21,quarterly,6.99,USD,post-market,None,48363000000,0.0297,0.136,0.091,147.06,1261000000,15785000000,1474000000,85500000000,285.16,292.31,11.1288,195651000000,7122000000,70746000000,143984000000,188529000000,51900000000,13088000000,51667000000,13.1,-6794000000,314.68,248.87
2025-12-28,CB,23.92,58842001000.0,13.1,None,0.522,182.22,,None,1734000000,1734000000,,,,,,,,,10666000000,429790834,None,10377000000,10377000000,7401000000,None,1474000000,29421000000,None,None,90000000,,3.76,0.012,,,,0.226,0.7,1475000000,1565000000,6.29,2022-03-31,11.75,15244000000,17085000000.0,2711000000,1301000000,273000000,5630000000,5630000000,None,174000000,None,68435000000,None,None,14585000000,None,119069000000,1028000000,None,None,None,0.256,,1410000000,1301000000,-124041000000,-8875000000,None,110319000000,None,,,,,2.261,1.716,2.124,,,,,,,,0.164,,437000000,2025-10-21,quarterly,6.99,USD,post-market,None,47148000000,0.0297,0.136,0.091,147.06,1261000000,16059000000,1474000000,92886000000,285.16,292.31,11.1288,197990000000,1734000000,68164000000,141292000000,196256000000,52091000000,13088000000,56698000000,13.1,-5700000000,314.68,248.87
2025-12-28,CB,23.92,58842001000.0,13.1,None,0.522,182.22,,None,1659000000,1659000000,,,,,,,,,10985000000,432800000,None,10377000000,10377000000,7243000000,None,999000000,28901000000,None,None,90000000,,3.76,0.012,,,,0.226,0.7,1475000000,1565000000,6.29,2021-12-31,11.75,15213000000,17085000000.0,2711000000,1301000000,273000000,5691000000,5691000000,None,174000000,None,72150000000,None,None,15169000000,None,123144000000,1028000000,None,None,None,0.256,,1410000000,1301000000,-126814000000,-8242000000,None,108779000000,None,,,,,2.261,1.716,2.124,,,,,,,,0.164,,1045000000,2025-10-21,quarterly,6.99,USD,post-market,None,47365000000,0.0297,0.136,0.091,147.06,1261000000,16168000000,999000000,96254000000,285.16,292.31,11.1288,200054000000,1659000000,67272000000,140340000000,198395000000,54767000000,13088000000,59714000000,13.1,-7464000000,314.68,248.87
2025-12-28,CB,23.92,58842001000.0,13.1,None,0.522,182.22,,None,1620000000,1620000000,,,,,,,,,10985000000,438441638,None,10377000000,10377000000,22574000000,None,None,28371000000,None,None,90000000,,3.76,0.012,,,,0.226,0.7,1475000000,1565000000,6.29,2021-09-30,11.75,15387000000,17085000000.0,2711000000,1301000000,273000000,5823000000,5823000000,None,174000000,None,70664000000,None,None,15131000000,None,122954000000,1028000000,None,None,None,0.256,,1410000000,1301000000,25756000000,-1406000000,None,109226000000,None,,,,,2.261,1.716,2.124,,,,,,,,0.164,,434000000,2025-10-21,quarterly,6.99,USD,post-market,None,45224000000,0.0297,0.136,0.091,147.06,1261000000,16229000000,1406000000,96214000000,285.16,292.31,11.1288,199054000000,126411000000,22574000000,139736000000,135502000000,22574000000,13088000000,59318000000,13.1,-6621000000,314.68,248.87
2025-12-28,CB,23.92,58842001000.0,13.1,None,0.522,182.22,,None,1843000000,1843000000,,,,,,,,,11064000000,447951920,None,10377000000,10377000000,22109000000,None,None,27445000000,None,None,90000000,,3.76,0.012,,,,0.226,0.7,1475000000,1565000000,6.29,2021-06-30,11.75,15506000000,17085000000.0,2711000000,1301000000,273000000,5949000000,5949000000,None,174000000,None,70026000000,None,None,14954000000,None,114896000000,1028000000,None,None,None,0.256,,1410000000,1301000000,26810000000,-1405000000,None,106993000000,None,,,,,2.261,1.716,2.124,,,,,,,,0.164,,429000000,2025-10-21,quarterly,6.99,USD,post-market,None,43902000000,0.0297,0.136,0.091,147.06,1261000000,16359000000,1405000000,96633000000,285.16,292.31,11.1288,197174000000,126124000000,22109000000,137112000000,136351000000,22109000000,13088000000,60062000000,13.1,-5772000000,314.68,248.87
2025-12-28,CB,23.92,58842001000.0,13.1,None,0.522,182.22,,None,1684000000,1684000000,,,,,,,,,11064000000,453335539,None,10377000000,10377000000,6566000000,None,None,26689000000,None,None,90000000,,3.76,0.012,,,,0.226,0.7,1475000000,1565000000,6.29,2021-03-31,11.75,15412000000,17085000000.0,2711000000,1301000000,273000000,6007000000,6007000000,None,174000000,None,None,None,None,14879000000,None,113214000000,1028000000,None,None,None,0.256,,1410000000,1301000000,-123179000000,-6566000000,None,103489000000,None,,,,,2.261,1.716,2.124,,,,,,,,0.164,,448000000,2025-10-21,quarterly,6.99,USD,post-market,None,41637000000,0.0297,0.136,0.091,147.06,1261000000,14879000000,1405000000,94806000000,285.16,292.31,11.1288,191977000000,1684000000,63388000000,132901000000,190293000000,50562000000,13088000000,59076000000,13.1,-3901000000,314.68,248.87
2025-12-28,CB,23.92,58842001000.0,13.1,None,0.522,182.22,,None,1747000000,1747000000,,,,,,,,,11064000000,453300000,None,10377000000,10377000000,6708000000,None,0,26278000000,None,None,90000000,,3.76,0.012,,,,0.226,0.7,1475000000,1565000000,6.29,2020-12-31,11.75,15400000000,17085000000.0,2711000000,1301000000,273000000,6074000000,6074000000,None,174000000,None,None,None,None,14948000000,None,119536000000,1028000000,None,None,None,0.256,,1410000000,1301000000,-123069000000,-6708000000,None,101441000000,None,,,,,2.261,1.716,2.124,,,,,,,,0.164,,1173000000,2025-10-21,quarterly,6.99,USD,post-market,None,39337000000,0.0297,0.136,0.091,147.06,1261000000,14948000000,1555000000,95044000000,285.16,292.31,11.1288,190774000000,1747000000,61890000000,131333000000,189027000000,52708000000,13088000000,59441000000,13.1,-3644000000,314.68,248.87
2025-12-28,CB,23.92,58842001000.0,13.1,None,0.522,182.22,,None,1707000000,1707000000,,,,,,,,,11064000000,453265480,None,10377000000,10377000000,6420000000,None,1300000000,26461000000,None,None,90000000,,3.76,0.012,,,,0.226,0.7,1475000000,1565000000,6.29,2020-09-30,11.75,15254000000,17085000000.0,2711000000,1301000000,273000000,6135000000,6135000000,None,174000000,None,None,None,None,14830000000,None,116909000000,1028000000,None,None,None,0.256,,1410000000,1301000000,-122680000000,-7720000000,None,101354000000,None,,,,,2.261,1.716,2.124,,,,,,,,0.164,,470000000,2025-10-21,quarterly,6.99,USD,post-market,None,36919000000,0.0297,0.136,0.091,147.06,1261000000,16130000000,1300000000,94512000000,285.16,292.31,11.1288,187786000000,1707000000,63219000000,131373000000,186079000000,49521000000,13088000000,56413000000,13.1,-3541000000,314.68,248.87
2025-12-28,CB,23.92,58842001000.0,13.1,None,0.522,182.22,,None,1557000000,1557000000,,,,,,,,,11121000000,451402807,None,10377000000,10377000000,6249000000,None,1300000000,26257000000,None,None,90000000,,3.76,0.012,,,,0.226,0.7,1475000000,1565000000,6.29,2020-06-30,11.75,15184000000,17085000000.0,2711000000,1301000000,273000000,6199000000,6199000000,None,174000000,None,None,None,None,13656000000,None,111722000000,1028000000,None,None,None,0.256,,1410000000,1301000000,-118529000000,-7549000000,None,98473000000,None,,,,,2.261,1.716,2.124,,,,,,,,0.164,,483000000,2025-10-21,quarterly,6.99,USD,post-market,None,35991000000,0.0297,0.136,0.091,147.06,1261000000,14956000000,1300000000,90715000000,285.16,292.31,11.1288,181474000000,1557000000,61282000000,126714000000,179917000000,47303000000,13088000000,54760000000,13.1,-3866000000,314.68,248.87
2025-12-28,CB,23.92,58842001000.0,13.1,None,0.522,182.22,,None,1512000000,1512000000,,,,,,,,,11121000000,454520268,None,10377000000,10377000000,6084000000,None,1300000000,25152000000,None,None,90000000,,3.76,0.012,,,,0.226,0.7,1475000000,1565000000,6.29,2020-03-31,11.75,14971000000,17085000000.0,2711000000,1301000000,273000000,6191000000,6191000000,None,174000000,None,None,None,None,13510000000,None,106123000000,1028000000,None,None,None,0.256,,1410000000,1301000000,-111780000000,-7384000000,None,93591000000,None,,,,,2.261,1.716,2.124,,,,,,,,0.164,,509000000,2025-10-21,quarterly,6.99,USD,post-market,None,36331000000,0.0297,0.136,0.091,147.06,1261000000,14810000000,1300000000,85116000000,285.16,292.31,11.1288,173127000000,1512000000,57450000000,120930000000,171615000000,45816000000,13088000000,52197000000,13.1,-3872000000,314.68,248.87
2025-12-28,CB,23.92,58842001000.0,13.1,None,0.522,182.22,,None,1537000000,1537000000,,,,,,,,,11121000000,455900000,None,10377000000,10377000000,17957000000,None,1299000000,25538000000,None,None,90000000,,3.76,0.012,,,,0.226,0.7,1475000000,1565000000,6.29,2019-12-31,11.75,15296000000,17085000000.0,2711000000,1301000000,273000000,6369000000,6369000000,None,174000000,None,None,None,None,13867000000,None,111433000000,1028000000,None,None,None,0.256,,1410000000,1301000000,16916000000,17320000000,None,93869000000,None,,,,,2.261,1.716,2.124,,,,,,,,0.164,,1351000000,2025-10-21,quarterly,6.99,USD,post-market,None,36142000000,0.0297,0.136,0.091,147.06,1261000000,15166000000,1299000000,89779000000,285.16,292.31,11.1288,176943000000,117051000000,19256000000,121612000000,126169000000,14363000000,13088000000,55331000000,13.1,-3754000000,314.68,248.87
2025-12-28,CB,23.92,58842001000.0,13.1,None,0.522,182.22,,None,1478000000,1478000000,,,,,,,,,11121000000,458150369,None,10377000000,10377000000,18508000000,None,10000000,25930000000,None,None,90000000,,3.76,0.012,,,,0.226,0.7,1475000000,1565000000,6.29,2019-09-30,11.75,15230000000,17085000000.0,2711000000,1301000000,273000000,6422000000,6422000000,None,174000000,None,88078000000,None,None,13593000000,None,109099000000,1028000000,None,None,None,0.256,,1410000000,1301000000,-100770000000,88465000000,None,94040000000,None,,,,,2.261,1.716,2.124,,,,,,,,0.164,,577000000,2025-10-21,quarterly,6.99,USD,post-market,None,34969000000,0.0297,0.136,0.091,147.06,1261000000,13603000000,10000000,87879000000,285.16,292.31,11.1288,175148000000,14716000000,106983000000,120576000000,160432000000,13593000000,13088000000,54572000000,13.1,-3504000000,314.68,248.87
2025-12-28,CB,23.92,58842001000.0,13.1,None,0.522,182.22,,None,1270000000,1270000000,,,,,,,,,53663000000,460169692,None,10377000000,10377000000,19426000000,None,9000000,26380000000,None,None,90000000,,3.76,0.012,,,,0.226,0.7,1475000000,1565000000,6.29,2019-06-30,11.75,15300000000,17085000000.0,2711000000,1301000000,273000000,21846000000,21846000000,None,174000000,None,201000000,None,None,13679000000,None,107639000000,1028000000,None,None,None,0.256,,1410000000,1301000000,-19454000000,89016000000,None,94690000000,None,,,,,2.261,1.716,2.124,,,,,,,,0.164,,601000000,2025-10-21,quarterly,6.99,USD,post-market,None,33878000000,0.0297,0.136,0.091,147.06,1261000000,13688000000,9000000,86218000000,285.16,292.31,11.1288,174516000000,94615000000,107035000000,120714000000,79901000000,13679000000,13088000000,53802000000,13.1,-3093000000,314.68,248.87
2025-12-28,CB,23.92,58842001000.0,13.1,None,0.522,182.22,,None,1271000000,1271000000,,,,,,,,,53125000000,461536940,None,10377000000,10377000000,19098000000,None,509000000,25963000000,None,None,90000000,,3.76,0.012,,,,0.226,0.7,1475000000,1565000000,6.29,2019-03-31,11.75,21419000000,17085000000.0,2711000000,1301000000,273000000,289000000,289000000,None,174000000,None,203000000,None,None,12379000000,None,104838000000,1028000000,None,None,None,0.256,,1410000000,1301000000,-97003000000,88425000000,None,94353000000,None,,,,,2.261,1.716,2.124,,,,,,,,0.164,,608000000,2025-10-21,quarterly,6.99,USD,post-market,None,32728000000,0.0297,0.136,0.091,147.06,1261000000,12888000000,509000000,83741000000,285.16,292.31,11.1288,171347000000,14175000000,106613000000,118992000000,157172000000,12379000000,13088000000,52355000000,13.1,-2775000000,314.68,248.87
2025-12-28,CB,23.92,58842001000.0,13.1,None,0.522,182.22,,None,1247000000,1247000000,,,,,,,,,52760000000,463420222,None,10377000000,10377000000,18327000000,None,624000000,26068000000,None,None,90000000,,3.76,0.012,,,,0.226,0.7,1475000000,1565000000,6.29,2018-12-31,11.75,15271000000,17085000000.0,2711000000,1301000000,273000000,21709000000,21709000000,None,174000000,None,202000000,None,None,12395000000,None,102529000000,1028000000,None,None,None,0.256,,1410000000,1301000000,3287000000,87646000000,None,93779000000,None,,,,,2.261,1.716,2.124,,,,,,,,0.164,,730000000,2025-10-21,quarterly,6.99,USD,post-market,None,31700000000,0.0297,0.136,0.091,147.06,1261000000,12904000000,509000000,81486000000,285.16,292.31,11.1288,167771000000,112290000000,105064000000,117459000000,55481000000,12395000000,13088000000,50312000000,13.1,-2618000000,314.68,248.87
2025-12-28,CB,23.92,58842001000.0,13.1,None,0.522,182.22,,None,1053000000,1053000000,,,,,,,,,53093000000,466016498,None,10377000000,10377000000,17070000000,None,500000000,25281000000,None,None,90000000,,3.76,0.012,,,,0.226,0.7,1475000000,1565000000,6.29,2018-09-30,11.75,15332000000,17085000000.0,2711000000,1301000000,273000000,21769000000,21769000000,None,174000000,None,206000000,None,None,12457000000,None,102676000000,1028000000,None,None,None,0.256,,1410000000,1301000000,-93147000000,88137000000,None,94087000000,None,,,,,2.261,1.716,2.124,,,,,,,,0.164,,0,2025-10-21,quarterly,6.99,USD,post-market,None,31491000000,0.0297,0.136,0.091,147.06,1261000000,12957000000,500000000,81332000000,285.16,292.31,11.1288,167684000000,14725000000,104293000000,116750000000,152959000000,12457000000,13088000000,50934000000,13.1,-2372000000,314.68,248.87
2025-12-28,CB,23.92,58842001000.0,13.1,None,0.522,182.22,,None,1000000000,1000000000,,,,,,,,,52491000000,468380324,None,10377000000,10377000000,16794000000,None,600000000,25133000000,None,None,90000000,,3.76,0.012,,,,0.226,0.7,1475000000,1565000000,6.29,2018-06-30,11.75,15476000000,17085000000.0,2711000000,1301000000,273000000,22070000000,22070000000,None,174000000,None,204000000,None,None,12492000000,None,102731000000,1028000000,None,None,None,0.256,,1410000000,1301000000,-92959000000,88090000000,None,94212000000,None,,,,,2.261,1.716,2.124,,,,,,,,0.164,,0,2025-10-21,quarterly,6.99,USD,post-market,None,30260000000,0.0297,0.136,0.091,147.06,1261000000,13092000000,600000000,81134000000,285.16,292.31,11.1288,167534000000,14512000000,104071000000,116563000000,153022000000,12492000000,13088000000,50971000000,13.1,-2040000000,314.68,248.87
2025-12-28,CB,23.92,58842001000.0,13.1,None,0.522,182.22,,None,1988000000,1988000000,,,,,,,,,51789000000,469473591,None,10377000000,10377000000,16178000000,None,1669000000,24552000000,None,None,90000000,,3.76,0.012,,,,0.226,0.7,1475000000,1565000000,6.29,2018-03-31,11.75,15686000000,17085000000.0,2711000000,1301000000,273000000,22444000000,22444000000,None,174000000,None,181000000,None,None,13094000000,None,103664000000,1028000000,None,None,None,0.256,,1410000000,1301000000,-94274000000,87965000000,None,93645000000,None,,,,,2.261,1.716,2.124,,,,,,,,0.164,,0,2025-10-21,quarterly,6.99,USD,post-market,None,28965000000,0.0297,0.136,0.091,147.06,1261000000,14763000000,1669000000,81985000000,285.16,292.31,11.1288,168781000000,14432000000,104400000000,117494000000,154349000000,13094000000,13088000000,51287000000,13.1,-1727000000,314.68,248.87
2025-12-28,CB,23.92,58842001000.0,13.1,None,0.522,182.22,,None,728000000,728000000,,,,,,,,,50629000000,469484754,None,10377000000,10377000000,16821000000,None,1013000000,24368000000,None,None,90000000,,3.76,0.012,,,,0.226,0.7,1475000000,1565000000,6.29,2017-12-31,11.75,15541000000,17085000000.0,2711000000,1301000000,273000000,22380000000,22380000000,None,174000000,None,184000000,None,None,11864000000,None,104015000000,1028000000,None,None,None,0.256,,1410000000,1301000000,4726000000,87560000000,None,92729000000,None,,,,,2.261,1.716,2.124,,,,,,,,0.164,,1300000000,2025-10-21,quarterly,6.99,USD,post-market,None,27474000000,0.0297,0.136,0.091,147.06,1261000000,12877000000,1013000000,82500000000,285.16,292.31,11.1288,167022000000,112506000000,103986000000,115850000000,54516000000,11864000000,13088000000,51172000000,13.1,-1944000000,314.68,248.87
2025-12-28,CB,23.92,58842001000.0,13.1,None,0.522,182.22,,None,1088000000,1088000000,,,,,,,,,49402000000,466370784,None,10377000000,10377000000,16249000000,None,1020000000,24350000000,None,None,90000000,,3.76,0.012,,,,0.226,0.7,1475000000,1565000000,6.29,2017-09-30,11.75,15707000000,17085000000.0,2711000000,1301000000,273000000,22604000000,22604000000,None,174000000,None,193000000,None,None,11867000000,None,103987000000,1028000000,None,None,None,0.256,,1410000000,1301000000,-98678000000,89220000000,None,93908000000,None,,,,,2.261,1.716,2.124,,,,,,,,0.164,,0,2025-10-21,quarterly,6.99,USD,post-market,None,25941000000,0.0297,0.136,0.091,147.06,1261000000,12887000000,1020000000,86677000000,285.16,292.31,11.1288,167419000000,13630000000,105240000000,116948000000,153948000000,11867000000,13088000000,50471000000,13.1,-1877000000,314.68,248.87
2025-12-28,CB,23.92,58842001000.0,13.1,None,0.522,182.22,,None,1297000000,1297000000,,,,,,,,,49979000000,471853937,None,10377000000,10377000000,16201000000,None,2330000000,23020000000,None,None,90000000,,3.76,0.012,,,,0.226,0.7,1475000000,1565000000,6.29,2017-06-30,11.75,15434000000,17085000000.0,2711000000,1301000000,273000000,22350000000,22350000000,None,174000000,None,198000000,None,None,11975000000,None,101771000000,1028000000,None,None,None,0.256,,1410000000,1301000000,-95201000000,84949000000,None,89668000000,None,,,,,2.261,1.716,2.124,,,,,,,,0.164,,0,2025-10-21,quarterly,6.99,USD,post-market,None,26011000000,0.0297,0.136,0.091,147.06,1261000000,12897000000,922000000,84296000000,285.16,292.31,11.1288,162988000000,13610000000,100664000000,112639000000,149378000000,11975000000,13088000000,50349000000,13.1,-1675000000,314.68,248.87
2025-12-28,CB,23.92,58842001000.0,13.1,None,0.522,182.22,,None,1063000000,1063000000,,,,,,,,,49224000000,472731690,None,10377000000,10377000000,16274000000,None,1704000000,22649000000,None,None,90000000,,3.76,0.012,,,,0.226,0.7,1475000000,1565000000,6.29,2017-03-31,11.75,22061000000,17085000000.0,2711000000,1301000000,273000000,345000000,345000000,None,174000000,None,187000000,None,None,12608000000,None,101054000000,1028000000,None,None,None,0.256,,1410000000,1301000000,-94762000000,83965000000,None,88795000000,None,,,,,2.261,1.716,2.124,,,,,,,,0.164,,0,2025-10-21,quarterly,6.99,USD,post-market,None,24706000000,0.0297,0.136,0.091,147.06,1261000000,12908000000,300000000,83586000000,285.16,292.31,11.1288,160967000000,12723000000,99135000000,111743000000,148244000000,12608000000,13088000000,49224000000,13.1,-1398000000,314.68,248.87
2025-12-28,CB,23.92,58842001000.0,13.1,None,0.522,182.22,,None,985000000,985000000,,,,,,,,,48589000000,471613230,None,10377000000,10377000000,15657000000,None,500000000,22547000000,None,None,90000000,,3.76,0.012,,,,0.226,0.7,1475000000,1565000000,6.29,2016-12-31,11.75,22095000000,17085000000.0,2711000000,1301000000,273000000,355000000,355000000,None,174000000,None,182000000,None,None,12918000000,None,100678000000,1028000000,None,None,None,0.256,,1410000000,1301000000,2218000000,83839000000,None,88488000000,None,,,,,2.261,1.716,2.124,,,,,,,,0.164,,1200000000,2025-10-21,quarterly,6.99,USD,post-market,None,23613000000,0.0297,0.136,0.091,147.06,1261000000,13418000000,500000000,83117000000,285.16,292.31,11.1288,159786000000,109049000000,98593000000,111511000000,50737000000,12918000000,13088000000,48275000000,13.1,-1480000000,314.68,248.87
2025-12-28,CB,23.92,58842001000.0,13.1,None,0.522,182.22,,None,870000000,870000000,,,,,,,,,47175000000,471396362,None,10377000000,10377000000,16039000000,None,15976000000,21941000000,None,None,90000000,,3.76,0.012,,,,0.226,0.7,1475000000,1565000000,6.29,2016-09-30,11.75,15481000000,17085000000.0,2711000000,1301000000,273000000,22840000000,22840000000,None,174000000,None,195000000,None,None,12929000000,None,102616000000,1028000000,None,None,None,0.256,,1410000000,1301000000,-95001000000,85376000000,None,88843000000,None,,,,,2.261,1.716,2.124,,,,,,,,0.164,,0,2025-10-21,quarterly,6.99,USD,post-market,None,22003000000,0.0297,0.136,0.091,147.06,1261000000,13429000000,500000000,84906000000,285.16,292.31,11.1288,161810000000,12911000000,100509000000,113438000000,148899000000,12929000000,13088000000,48372000000,13.1,-1550000000,314.68,248.87
2025-12-28,CB,23.92,58842001000.0,13.1,None,0.522,182.22,,None,1011000000,1011000000,,,,,,,,,46045000000,471157297,None,10377000000,10377000000,15963000000,None,1905000000,21767000000,None,None,90000000,,3.76,0.012,,,,0.226,0.7,1475000000,1565000000,6.29,2016-06-30,11.75,15525000000,17085000000.0,2711000000,1301000000,273000000,23304000000,23304000000,None,174000000,None,199000000,None,None,12939000000,None,101423000000,1028000000,None,None,None,0.256,,1410000000,1301000000,-93385000000,84980000000,None,88515000000,None,,,,,2.261,1.716,2.124,,,,,,,,0.164,,0,2025-10-21,quarterly,6.99,USD,post-market,None,20643000000,0.0297,0.136,0.091,147.06,1261000000,13439000000,500000000,83582000000,285.16,292.31,11.1288,160203000000,13174000000,100038000000,112977000000,147029000000,12939000000,13088000000,47226000000,13.1,-1577000000,314.68,248.87
2025-12-28,CB,23.92,58842001000.0,13.1,None,0.522,182.22,,None,1091000000,1091000000,,,,,,,,,45530000000,450009742,None,10377000000,10377000000,15186000000,None,1903000000,20583000000,None,None,90000000,,3.76,0.012,,,,0.226,0.7,1475000000,1565000000,6.29,2016-03-31,11.75,15404000000,17085000000.0,2711000000,1301000000,273000000,23749000000,23749000000,None,174000000,None,185000000,None,None,12944000000,None,99131000000,1028000000,None,None,None,0.256,,1410000000,1301000000,3590000000,83520000000,None,87111000000,None,,,,,2.261,1.716,2.124,,,,,,,,0.164,,0,2025-10-21,quarterly,6.99,USD,post-market,None,19917000000,0.0297,0.136,0.091,147.06,1261000000,13444000000,500000000,80920000000,285.16,292.31,11.1288,156644000000,106369000000,97803000000,110747000000,50275000000,12944000000,13088000000,45897000000,13.1,-1648000000,314.68,248.87
2025-12-28,CB,23.92,58842001000.0,13.1,None,0.522,182.22,,None,1775000000,1775000000,,,,,,,,,7833000000,446739586,None,10377000000,10377000000,10475000000,None,12147000000,16896000000,None,None,90000000,,3.76,0.012,,,,0.226,0.7,1475000000,1565000000,6.29,2015-12-31,11.75,4796000000,17085000000.0,2711000000,1301000000,273000000,6078000000,6078000000,None,174000000,None,0,None,None,9756000000,None,67417000000,1028000000,None,None,None,0.256,,1410000000,1301000000,645000000,53000000000,None,57270000000,None,,,,,2.261,1.716,2.124,,,,,,,,0.164,,928000000,2025-10-21,quarterly,6.99,USD,post-market,None,19478000000,0.0297,0.136,0.091,147.06,1261000000,21903000000,12147000000,54033000000,285.16,292.31,11.1288,102366000000,73349000000,63475000000,73231000000,29017000000,9696000000,13088000000,29135000000,13.1,-1922000000,314.68,248.87
2025-12-28,CB,23.92,58842001000.0,13.1,None,0.522,182.22,,None,1038000000,1038000000,,,,,,,,,29319000000,327173420,None,10377000000,10377000000,10202000000,None,None,16521000000,None,None,90000000,,3.76,0.012,,,,0.226,0.7,1475000000,1565000000,6.29,2015-09-30,11.75,0,17085000000.0,2711000000,1301000000,273000000,6123000000,6123000000,None,174000000,None,194000000,None,None,4466000000,None,63568000000,1028000000,None,None,None,0.256,,1410000000,1301000000,873000000,51862000000,None,56087000000,None,,,,,2.261,1.716,2.124,,,,,,,,0.164,,0,2025-10-21,quarterly,6.99,USD,post-market,None,18795000000,0.0297,0.136,0.091,147.06,1261000000,6569000000,2103000000,50086000000,285.16,292.31,11.1288,97760000000,68712000000,64167000000,68633000000,29048000000,4466000000,13088000000,29127000000,13.1,-1974000000,314.68,248.87
2025-12-28,CB,23.92,58842001000.0,13.1,None,0.522,182.22,,None,790000000,790000000,,,,,,,,,28948000000,328685758,None,10377000000,10377000000,10692000000,None,None,17532000000,None,None,90000000,,3.76,0.012,,,,0.226,0.7,1475000000,1565000000,6.29,2015-06-30,11.75,0,17085000000.0,2711000000,1301000000,273000000,6403000000,6403000000,None,174000000,None,203000000,None,None,4466000000,None,64437000000,1028000000,None,None,None,0.256,,1410000000,1301000000,524000000,53025000000,None,57627000000,None,,,,,2.261,1.716,2.124,,,,,,,,0.164,,0,2025-10-21,quarterly,6.99,USD,post-market,None,18267000000,0.0297,0.136,0.091,147.06,1261000000,6568000000,2102000000,50763000000,285.16,292.31,11.1288,99840000000,69812000000,65819000000,70285000000,30028000000,4466000000,13088000000,29555000000,13.1,-1999000000,314.68,248.87
2025-12-28,CB,23.92,58842001000.0,13.1,None,0.522,182.22,,None,948000000,948000000,,,,,,,,,28550000000,331692720,None,10377000000,10377000000,10392000000,None,None,16614000000,None,None,90000000,,3.76,0.012,,,,0.226,0.7,1475000000,1565000000,6.29,2015-03-31,11.75,0,17085000000.0,2711000000,1301000000,273000000,5956000000,5956000000,None,174000000,None,215000000,None,None,4466000000,None,65014000000,1028000000,None,None,None,0.256,,1410000000,1301000000,-855000000,51286000000,None,55484000000,None,,,,,2.261,1.716,2.124,,,,,,,,0.164,,0,2025-10-21,quarterly,6.99,USD,post-market,None,17325000000,0.0297,0.136,0.091,147.06,1261000000,7018000000,2552000000,52946000000,285.16,292.31,11.1288,98398000000,69868000000,64230000000,68696000000,28530000000,4466000000,13088000000,29702000000,13.1,-1645000000,314.68,248.87
2025-12-28,CB,23.92,58842001000.0,13.1,None,0.522,182.22,,None,655000000,655000000,,,,,,,,,8055000000,328212376,None,10377000000,10377000000,9821000000,None,7549000000,17635000000,None,None,90000000,,3.76,0.012,,,,0.226,0.7,1475000000,1565000000,6.29,2014-12-31,11.75,4904000000,17085000000.0,2711000000,1301000000,273000000,6190000000,6190000000,None,174000000,None,0,None,None,3666000000,None,63960000000,1028000000,None,None,None,0.256,,1410000000,1301000000,-1022000000,52622000000,None,56717000000,None,,,,,2.261,1.716,2.124,,,,,,,,0.164,,0,2025-10-21,quarterly,6.99,USD,post-market,None,16644000000,0.0297,0.136,0.091,147.06,1261000000,6218000000,2552000000,51717000000,285.16,292.31,11.1288,98248000000,68985000000,64995000000,68661000000,29263000000,3666000000,13088000000,29587000000,13.1,-1448000000,314.68,248.87
2025-12-28,CB,23.92,58842001000.0,13.1,None,0.522,182.22,,None,806000000,806000000,,,,,,,,,28409000000,337673980,None,10377000000,10377000000,9633000000,None,None,16134000000,None,None,90000000,,3.76,0.012,,,,0.226,0.7,1475000000,1565000000,6.29,2014-09-30,11.75,0,17085000000.0,2711000000,1301000000,273000000,5916000000,5916000000,None,174000000,None,228000000,None,None,4366000000,None,64316000000,1028000000,None,None,None,0.256,,1410000000,1301000000,-13926000000,51690000000,None,55494000000,None,,,,,2.261,1.716,2.124,,,,,,,,0.164,,0,2025-10-21,quarterly,6.99,USD,post-market,None,16089000000,0.0297,0.136,0.091,147.06,1261000000,6217000000,1851000000,51901000000,285.16,292.31,11.1288,97557000000,55143000000,63174000000,67540000000,42414000000,4366000000,13088000000,30017000000,13.1,-1057000000,314.68,248.87
2025-12-28,CB,23.92,58842001000.0,13.1,None,0.522,182.22,,None,594000000,594000000,,,,,,,,,28230000000,341132587,None,10377000000,10377000000,9213000000,None,None,16084000000,None,None,90000000,,3.76,0.012,,,,0.226,0.7,1475000000,1565000000,6.29,2014-06-30,11.75,0,17085000000.0,2711000000,1301000000,273000000,6036000000,6036000000,None,174000000,None,234000000,None,None,4366000000,None,64646000000,1028000000,None,None,None,0.256,,1410000000,1301000000,-13110000000,51692000000,None,55486000000,None,,,,,2.261,1.716,2.124,,,,,,,,0.164,,0,2025-10-21,quarterly,6.99,USD,post-market,None,15304000000,0.0297,0.136,0.091,147.06,1261000000,6217000000,1851000000,53709000000,285.16,292.31,11.1288,97447000000,57511000000,62756000000,67122000000,39936000000,4366000000,13088000000,30325000000,13.1,-630000000,314.68,248.87
2025-12-28,CB,23.92,58842001000.0,13.1,None,0.522,182.22,,None,847000000,847000000,,,,,,,,,27843000000,342040736,None,10377000000,10377000000,8952000000,None,None,15516000000,None,None,90000000,,3.76,0.012,,,,0.226,0.7,1475000000,1565000000,6.29,2014-03-31,11.75,0,17085000000.0,2711000000,1301000000,273000000,5899000000,5899000000,None,174000000,None,222000000,None,None,4117000000,None,63064000000,1028000000,None,None,None,0.256,,1410000000,1301000000,-13503000000,50840000000,None,54574000000,None,,,,,2.261,1.716,2.124,,,,,,,,0.164,,0,2025-10-21,quarterly,6.99,USD,post-market,None,14525000000,0.0297,0.136,0.091,147.06,1261000000,6018000000,1901000000,52137000000,285.16,292.31,11.1288,95179000000,55219000000,61693000000,65810000000,39960000000,4117000000,13088000000,29369000000,13.1,-443000000,314.68,248.87
2025-12-28,CB,23.92,58842001000.0,13.1,None,0.522,182.22,,None,579000000,579000000,,,,,,,,,8899000000,338869562,None,10377000000,10377000000,8438000000,None,7650000000,16471000000,None,None,90000000,,3.76,0.012,,,,0.226,0.7,1475000000,1565000000,6.29,2013-12-31,11.75,4603000000,17085000000.0,2711000000,1301000000,273000000,5940000000,5940000000,None,174000000,None,0,None,None,4116000000,None,61954000000,1028000000,None,None,None,0.256,,1410000000,1301000000,-13208000000,51230000000,None,54858000000,None,,,,,2.261,1.716,2.124,,,,,,,,0.164,,0,2025-10-21,quarterly,6.99,USD,post-market,None,13791000000,0.0297,0.136,0.091,147.06,1261000000,6017000000,1901000000,51017000000,285.16,292.31,11.1288,94510000000,54859000000,61569000000,65685000000,39651000000,4116000000,13088000000,28825000000,13.1,-255000000,314.68,248.87
2025-12-28,CB,23.92,58842001000.0,13.1,None,0.522,182.22,,None,768000000,768000000,,,,,,,,,26844000000,343817737,None,10377000000,10377000000,8556000000,None,None,16566000000,None,None,90000000,,3.76,0.012,,,,0.226,0.7,1475000000,1565000000,6.29,2013-09-30,11.75,0,17085000000.0,2711000000,1301000000,273000000,6019000000,6019000000,None,174000000,None,237000000,None,None,4116000000,None,61373000000,1028000000,None,None,None,0.256,,1410000000,1301000000,-13488000000,51804000000,None,55419000000,None,,,,,2.261,1.716,2.124,,,,,,,,0.164,,0,2025-10-21,quarterly,6.99,USD,post-market,None,12793000000,0.0297,0.136,0.091,147.06,1261000000,6018000000,1902000000,50303000000,285.16,292.31,11.1288,94584000000,54386000000,62250000000,66366000000,40198000000,4116000000,13088000000,28218000000,13.1,-222000000,314.68,248.87
2025-12-28,CB,23.92,58842001000.0,13.1,None,0.522,182.22,,None,679000000,679000000,,,,,,,,,26035000000,344101265,None,10377000000,10377000000,9015000000,None,None,16464000000,None,None,90000000,,3.76,0.012,,,,0.226,0.7,1475000000,1565000000,6.29,2013-06-30,11.75,0,17085000000.0,2711000000,1301000000,273000000,5955000000,5955000000,None,174000000,None,240000000,None,None,4116000000,None,60678000000,1028000000,None,None,None,0.256,,1410000000,1301000000,-14107000000,51700000000,None,54985000000,None,,,,,2.261,1.716,2.124,,,,,,,,0.164,,0,2025-10-21,quarterly,6.99,USD,post-market,None,11877000000,0.0297,0.136,0.091,147.06,1261000000,6017000000,1901000000,49441000000,285.16,292.31,11.1288,93688000000,52717000000,62586000000,66393000000,40971000000,3807000000,13088000000,27295000000,13.1,-219000000,314.68,248.87
2025-12-28,CB,23.92,58842001000.0,13.1,None,0.522,182.22,,None,855000000,855000000,,,,,,,,,25292000000,343906368,None,10377000000,10377000000,9146000000,None,None,15684000000,None,None,90000000,,3.76,0.012,,,,0.226,0.7,1475000000,1565000000,6.29,2013-03-31,11.75,0,17085000000.0,2711000000,1301000000,273000000,5492000000,5492000000,None,174000000,None,231000000,None,None,4616000000,None,62353000000,1028000000,None,None,None,0.256,,1410000000,1301000000,-14654000000,50707000000,None,53757000000,None,,,,,2.261,1.716,2.124,,,,,,,,0.164,,0,2025-10-21,quarterly,6.99,USD,post-market,None,10986000000,0.0297,0.136,0.091,147.06,1261000000,6018000000,1402000000,50840000000,285.16,292.31,11.1288,93461000000,52956000000,61212000000,65519000000,40505000000,4307000000,13088000000,27942000000,13.1,-212000000,314.68,248.87
2025-12-28,CB,23.92,58842001000.0,13.1,None,0.522,182.22,,None,615000000,615000000,,,,,,,,,24644000000,343741899,None,10377000000,10377000000,8869000000,None,None,16225000000,None,None,90000000,,3.76,0.012,,,,0.226,0.7,1475000000,1565000000,6.29,2012-12-31,11.75,4319000000,17085000000.0,2711000000,1301000000,273000000,5589000000,5589000000,None,174000000,None,241000000,None,None,3669000000,None,61270000000,1028000000,None,None,None,0.256,,1410000000,1301000000,-14547000000,51404000000,None,54547000000,None,,,,,2.261,1.716,2.124,,,,,,,,0.164,,0,2025-10-21,quarterly,6.99,USD,post-market,None,10033000000,0.0297,0.136,0.091,147.06,1261000000,5070000000,1401000000,49534000000,285.16,292.31,11.1288,92545000000,52068000000,61654000000,65014000000,40477000000,3360000000,13088000000,27531000000,13.1,-159000000,314.68,248.87
2025-12-28,CB,23.92,58842001000.0,13.1,None,0.522,182.22,,None,690000000,690000000,,,,,,,,,9759000000,342872713,None,10377000000,10377000000,4181000000,None,None,5288000000,None,None,90000000,,3.76,0.012,,,,0.226,0.7,1475000000,1565000000,6.29,2012-09-30,11.75,0,17085000000.0,2711000000,1301000000,273000000,4990000000,4990000000,None,174000000,None,0,None,None,3669000000,None,60735000000,1028000000,None,None,None,0.256,,1410000000,1301000000,44075000000,58335000000,None,55978000000,None,,,,,2.261,1.716,2.124,,,,,,,,0.164,,0,2025-10-21,quarterly,6.99,USD,post-market,None,9268000000,0.0297,0.136,0.091,147.06,1261000000,5071000000,1402000000,2429000000,285.16,292.31,11.1288,93508000000,52482000000,63185000000,66545000000,41026000000,3360000000,13088000000,26963000000,13.1,-187000000,314.68,248.87
2025-12-28,CB,23.92,58842001000.0,13.1,None,0.522,182.22,,None,617000000,617000000,,,,,,,,,9927000000,342674038,None,10377000000,10377000000,4182000000,None,None,4985000000,None,None,90000000,,3.76,0.012,,,,0.226,0.7,1475000000,1565000000,6.29,2012-06-30,11.75,0,17085000000.0,2711000000,1301000000,273000000,4826000000,4826000000,None,174000000,None,0,None,None,3669000000,None,58562000000,1028000000,None,None,None,0.256,,1410000000,1301000000,42126000000,55996000000,None,54760000000,None,,,,,2.261,1.716,2.124,,,,,,,,0.164,,0,2025-10-21,quarterly,6.99,USD,post-market,None,8628000000,0.0297,0.136,0.091,147.06,1261000000,5070000000,1401000000,2260000000,285.16,292.31,11.1288,90701000000,49988000000,61579000000,64939000000,40713000000,3360000000,13088000000,25762000000,13.1,-206000000,314.68,248.87
2025-12-28,CB,23.92,58842001000.0,13.1,None,0.522,182.22,,None,715000000,715000000,,,,,,,,,10095000000,341690982,None,10377000000,10377000000,4023000000,None,None,4487000000,None,None,90000000,,3.76,0.012,,,,0.226,0.7,1475000000,1565000000,6.29,2012-03-31,11.75,0,17085000000.0,2711000000,1301000000,273000000,4860000000,4860000000,None,174000000,None,0,None,None,3360000000,None,56792000000,1028000000,None,None,None,0.256,,1410000000,1301000000,13324000000,489000000,None,37247000000,None,,,,,2.261,1.716,2.124,,,,,,,,0.164,,0,2025-10-21,quarterly,6.99,USD,post-market,None,8300000000,0.0297,0.136,0.091,147.06,1261000000,4891000000,1531000000,2099000000,285.16,292.31,11.1288,89749000000,61994000000,1732000000,64318000000,27755000000,62586000000,13088000000,25431000000,13.1,-227000000,314.68,248.87
2025-12-28,CB,23.92,58842001000.0,13.1,None,0.522,182.22,,None,614000000,614000000,,,,,,,,,10095000000,338567341,None,10377000000,10377000000,3542000000,None,None,17025000000,None,None,90000000,,3.76,0.012,,,,0.226,0.7,1475000000,1565000000,6.29,2011-12-31,11.75,4180000000,17085000000.0,2711000000,1301000000,273000000,4831000000,4831000000,None,174000000,None,0,None,None,3360000000,None,41967000000,1028000000,None,None,None,0.256,,1410000000,1301000000,-1230000000,26791000000,None,37477000000,None,,,,,2.261,1.716,2.124,,,,,,,,0.164,,0,2025-10-21,quarterly,6.99,USD,post-market,None,7511000000,0.0297,0.136,0.091,147.06,1261000000,4611000000,1251000000,44268000000,285.16,292.31,11.1288,87505000000,60677000000,31743000000,62989000000,26828000000,61579000000,13088000000,24516000000,13.1,-327000000,314.68,248.87
2025-12-28,CB,23.92,58842001000.0,13.1,None,0.522,182.22,,None,766000000,766000000,,,,,,,,,10095000000,340900000,None,10377000000,10377000000,3492000000,None,None,5403000000,None,None,90000000,,3.76,0.012,,,,0.226,0.7,1475000000,1565000000,6.29,2011-09-30,11.75,0,17085000000.0,2711000000,1301000000,273000000,4817000000,4817000000,None,174000000,None,0,None,None,3669000000,None,56433000000,1028000000,None,None,None,0.256,,1410000000,1301000000,53123000000,56868000000,None,54881000000,None,,,,,2.261,1.716,2.124,,,,,,,,0.164,,0,2025-10-21,quarterly,6.99,USD,post-market,None,6761000000,0.0297,0.136,0.091,147.06,1261000000,4919000000,1250000000,2376000000,285.16,292.31,11.1288,88720000000,61668000000,61610000000,64970000000,27052000000,3360000000,13088000000,23750000000,13.1,-350000000,314.68,248.87
2025-12-28,CB,23.92,58842001000.0,13.1,None,0.522,182.22,,None,833000000,833000000,,,,,,,,,10098000000,341688968,None,10377000000,10377000000,3785000000,None,None,4923000000,None,None,90000000,,3.76,0.012,,,,0.226,0.7,1475000000,1565000000,6.29,2011-06-30,11.75,0,17085000000.0,2711000000,1301000000,273000000,4858000000,4858000000,None,174000000,None,0,None,None,3669000000,None,56080000000,1028000000,None,None,None,0.256,,1410000000,1301000000,52809000000,56178000000,None,56343000000,None,,,,,2.261,1.716,2.124,,,,,,,,0.164,,0,2025-10-21,quarterly,6.99,USD,post-market,None,6792000000,0.0297,0.136,0.091,147.06,1261000000,5069000000,1400000000,2380000000,285.16,292.31,11.1288,89254000000,60945000000,61781000000,65141000000,28309000000,3360000000,13088000000,24113000000,13.1,-250000000,314.68,248.87
2025-12-28,CB,23.92,58842001000.0,13.1,None,0.522,182.22,,None,1115000000,1115000000,,,,,,,,,10075000000,339661199,None,10377000000,10377000000,3277000000,None,None,4102000000,None,None,90000000,,3.76,0.012,,,,0.226,0.7,1475000000,1565000000,6.29,2011-03-31,11.75,0,17085000000.0,2711000000,1301000000,273000000,4729000000,4729000000,None,174000000,None,0,None,None,3667000000,None,53622000000,1028000000,None,None,None,0.256,,1410000000,1301000000,50364000000,54195000000,None,53973000000,None,,,,,2.261,1.716,2.124,,,,,,,,0.164,,0,2025-10-21,quarterly,6.99,USD,post-market,None,6185000000,0.0297,0.136,0.091,147.06,1261000000,5068000000,1401000000,2375000000,285.16,292.31,11.1288,86220000000,57956000000,59486000000,62844000000,28264000000,3358000000,13088000000,23376000000,13.1,-251000000,314.68,248.87
2025-12-28,CB,23.92,58842001000.0,13.1,None,0.522,182.22,,None,772000000,772000000,,,,,,,,,10161000000,337088217,None,10377000000,10377000000,3282000000,None,None,4233000000,None,None,90000000,,3.76,0.012,,,,0.226,0.7,1475000000,1565000000,6.29,2010-12-31,11.75,4030000000,17085000000.0,2711000000,1301000000,273000000,5390000000,5390000000,None,174000000,None,0,None,None,3667000000,None,52288000000,1028000000,None,None,None,0.256,,1410000000,1301000000,49424000000,52441000000,None,52048000000,None,,,,,2.261,1.716,2.124,,,,,,,,0.164,,0,2025-10-21,quarterly,6.99,USD,post-market,None,5926000000,0.0297,0.136,0.091,147.06,1261000000,4967000000,1300000000,1983000000,285.16,292.31,11.1288,83355000000,56412000000,57023000000,60381000000,26943000000,3358000000,13088000000,22974000000,13.1,-330000000,314.68,248.87
2025-12-28,CB,23.92,58842001000.0,13.1,None,0.522,182.22,,None,487000000,487000000,,,,,,,,,10264000000,341900000,None,10377000000,10377000000,3454000000,None,None,3694000000,None,None,90000000,,3.76,0.012,,,,0.226,0.7,1475000000,1565000000,6.29,2010-09-30,11.75,0,17085000000.0,2711000000,1301000000,273000000,3694000000,3694000000,None,174000000,None,0,None,None,3158000000,None,52020000000,1028000000,None,None,None,0.256,,1410000000,1301000000,9868000000,260000000,None,52776000000,None,,,,,2.261,1.716,2.124,,,,,,,,0.164,,0,2025-10-21,quarterly,6.99,USD,post-market,None,4925000000,0.0297,0.136,0.091,147.06,1261000000,3313000000,155000000,41103000000,285.16,292.31,11.1288,82388000000,55152000000,415000000,59543000000,27236000000,59128000000,13088000000,22845000000,13.1,-33000000,314.68,248.87
2025-12-28,CB,23.92,58842001000.0,13.1,None,0.522,182.22,,None,668000000,668000000,,,,,,,,,10365000000,341200000,None,10377000000,10377000000,3331000000,None,None,3958000000,None,None,90000000,,3.76,0.012,,,,0.226,0.7,1475000000,1565000000,6.29,2010-06-30,11.75,0,17085000000.0,2711000000,1301000000,273000000,3836000000,3836000000,None,174000000,None,2097000000,None,None,3158000000,None,49504000000,1028000000,None,None,None,0.256,,1410000000,1301000000,30144000000,138000000,None,52334000000,None,,,,,2.261,1.716,2.124,,,,,,,,0.164,,0,2025-10-21,quarterly,6.99,USD,post-market,None,4250000000,0.0297,0.136,0.091,147.06,1261000000,3305000000,147000000,2097000000,285.16,292.31,11.1288,80160000000,76324000000,317000000,58750000000,3836000000,58433000000,13088000000,21410000000,13.1,-29000000,314.68,248.87
2025-12-28,CB,23.92,58842001000.0,13.1,None,0.522,182.22,,None,726000000,726000000,,,,,,,,,10470000000,339900000,None,10377000000,10377000000,3147000000,None,None,3685000000,None,None,90000000,,3.76,0.012,,,,0.226,0.7,1475000000,1565000000,6.29,2010-03-31,11.75,0,17085000000.0,2711000000,1301000000,273000000,3883000000,3883000000,None,174000000,None,2052000000,None,None,3158000000,None,48710000000,1028000000,None,None,None,0.256,,1410000000,1301000000,30471000000,100000000,None,52613000000,None,,,,,2.261,1.716,2.124,,,,,,,,0.164,,0,2025-10-21,quarterly,6.99,USD,post-market,None,3573000000,0.0297,0.136,0.091,147.06,1261000000,3308000000,150000000,2052000000,285.16,292.31,11.1288,79329000000,75446000000,373000000,58693000000,3883000000,58320000000,13088000000,20636000000,13.1,-27000000,314.68,248.87
2025-12-28,CB,23.92,58842001000.0,13.1,None,0.522,182.22,,None,669000000,669000000,,,,,,,,,10503000000,338610718,None,10377000000,10377000000,3295000000,None,None,3671000000,None,None,90000000,,3.76,0.012,,,,0.226,0.7,1475000000,1565000000,6.29,2009-12-31,11.75,3814000000,17085000000.0,2711000000,1301000000,273000000,3931000000,3931000000,None,174000000,None,0,None,None,3158000000,None,47450000000,1028000000,None,None,None,0.256,,1410000000,1301000000,68042000000,-3567000000,None,52541000000,None,,,,,2.261,1.716,2.124,,,,,,,,0.164,,0,2025-10-21,quarterly,6.99,USD,post-market,None,2818000000,0.0297,0.136,0.091,147.06,1261000000,3319000000,161000000,1667000000,285.16,292.31,11.1288,77980000000,74049000000,272000000,58313000000,3931000000,14460000000,13088000000,19667000000,13.1,-3000000,314.68,248.87
2025-12-28,CB,23.92,58842001000.0,13.1,None,0.522,182.22,,None,742000000,742000000,,,,,,,,,10606000000,338400000,None,10377000000,10377000000,3083000000,None,None,3626000000,None,None,90000000,,3.76,0.012,,,,0.226,0.7,1475000000,1565000000,6.29,2009-09-30,11.75,0,17085000000.0,2711000000,1301000000,273000000,3772000000,3772000000,None,174000000,None,1853000000,None,None,3321000000,None,46916000000,1028000000,None,None,None,0.256,,1410000000,1301000000,31122000000,162000000,None,52772000000,None,,,,,2.261,1.716,2.124,,,,,,,,0.164,,0,2025-10-21,quarterly,6.99,USD,post-market,None,1865000000,0.0297,0.136,0.091,147.06,1261000000,3521000000,200000000,1853000000,285.16,292.31,11.1288,77821000000,74049000000,356000000,59088000000,3772000000,58732000000,13088000000,18733000000,13.1,-4000000,314.68,248.87
2025-12-28,CB,23.92,58842001000.0,13.1,None,0.522,182.22,,None,654000000,654000000,,,,,,,,,10704000000,337508296,None,10377000000,10377000000,3075000000,None,None,4016000000,None,None,90000000,,3.76,0.012,,,,0.226,0.7,1475000000,1565000000,6.29,2009-06-30,11.75,0,17085000000.0,2711000000,1301000000,273000000,3756000000,3756000000,None,174000000,None,0,None,None,3322000000,None,44021000000,1028000000,None,None,None,0.256,,1410000000,1301000000,31532000000,199000000,None,52318000000,None,,,,,2.261,1.716,2.124,,,,,,,,0.164,,0,2025-10-21,quarterly,6.99,USD,post-market,None,1397000000,0.0297,0.136,0.091,147.06,1261000000,3538000000,216000000,2081000000,285.16,292.31,11.1288,75655000000,71899000000,331000000,59094000000,3756000000,58763000000,13088000000,16561000000,13.1,-2000000,314.68,248.87
2025-12-28,CB,23.92,58842001000.0,13.1,None,0.522,182.22,,None,844000000,844000000,,,,,,,,,10808000000,336115564,None,10377000000,10377000000,2981000000,None,None,3853000000,None,None,90000000,,3.76,0.012,,,,0.226,0.7,1475000000,1565000000,6.29,2009-03-31,11.75,None,17085000000.0,2711000000,1301000000,273000000,3735000000,3735000000,None,174000000,None,None,None,None,3111000000,None,None,1028000000,None,None,None,0.256,,1410000000,1301000000,33340000000,168000000,None,None,None,,,,,2.261,1.716,2.124,,,,,,,,0.164,,None,2025-10-21,quarterly,6.99,USD,post-market,None,641000000,0.0297,0.136,0.091,147.06,1261000000,3268000000,466000000,3909000000,285.16,292.31,11.1288,73127000000,69392000000,631000000,58409000000,3735000000,57778000000,13088000000,14718000000,13.1,-1000000,314.68,248.87
2025-12-28,CB,23.92,58842001000.0,13.1,None,0.522,182.22,,None,867000000,867000000,,,,,,,,,10827000000,335474828,None,10377000000,10377000000,2841000000,None,None,3453000000,None,None,90000000,,3.76,0.012,,,,0.226,0.7,1475000000,1565000000,6.29,2008-12-31,11.75,3622000000,17085000000.0,2711000000,1301000000,273000000,3747000000,3747000000,None,174000000,None,None,None,None,3115000000,None,None,1028000000,None,None,None,0.256,,1410000000,1301000000,60640000000,-3450000000,None,None,None,,,,,2.261,1.716,2.124,,,,,,,,0.164,,None,2025-10-21,quarterly,6.99,USD,post-market,None,74000000,0.0297,0.136,0.091,147.06,1261000000,3277000000,471000000,3350000000,285.16,292.31,11.1288,72057000000,68310000000,609000000,57611000000,3747000000,13610000000,13088000000,14446000000,13.1,-3000000,314.68,248.87
2025-12-28,CB,23.92,58842001000.0,13.1,None,0.522,182.22,,None,479000000,479000000,,,,,,,,,10913000000,333000000,None,10377000000,10377000000,2754000000,None,None,3510000000,None,None,90000000,,3.76,0.012,,,,0.226,0.7,1475000000,1565000000,6.29,2008-09-30,11.75,None,17085000000.0,2711000000,1301000000,273000000,3817000000,3817000000,None,174000000,None,3025000000,None,None,3311000000,None,None,1028000000,None,None,None,0.256,,1410000000,1301000000,26634000000,346000000,None,None,None,,,,,2.261,1.716,2.124,,,,,,,,0.164,,None,2025-10-21,quarterly,6.99,USD,post-market,None,54000000,0.0297,0.136,0.091,147.06,1261000000,3335000000,333000000,3014000000,285.16,292.31,11.1288,75155000000,8773000000,333000000,59799000000,3817000000,59466000000,13088000000,15356000000,13.1,-3000000,314.68,248.87
2025-12-28,CB,23.92,58842001000.0,13.1,None,0.522,182.22,,None,582000000,582000000,,,,,,,,,10934000000,335480745,None,10377000000,10377000000,4766000000,None,None,4086000000,None,None,90000000,,3.76,0.012,,,,0.226,0.7,1475000000,1565000000,6.29,2008-06-30,11.75,None,17085000000.0,2711000000,1301000000,273000000,3612000000,3612000000,None,174000000,None,None,None,None,3317000000,None,None,1028000000,None,None,None,0.256,,1410000000,1301000000,34626000000,-28000000,None,None,None,,,,,2.261,1.716,2.124,,,,,,,,0.164,,None,2025-10-21,quarterly,6.99,USD,post-market,None,None,0.0297,0.136,0.091,147.06,1261000000,4058000000,1050000000,3137000000,285.16,292.31,11.1288,77776000000,74164000000,1078000000,61449000000,3612000000,60371000000,13088000000,16327000000,13.1,None,314.68,248.87
2025-12-28,CB,23.92,58842001000.0,13.1,None,0.522,182.22,,None,511000000,511000000,,,,,,,,,14000000,333044594,None,10377000000,10377000000,8393000000,None,None,17717000000,None,None,90000000,,3.76,0.012,,,,0.226,0.7,1475000000,1565000000,6.29,2008-03-31,11.75,2763000000,17085000000.0,2711000000,1301000000,273000000,2763000000,2763000000,None,174000000,None,None,None,None,2423000000,None,None,1028000000,None,None,None,0.256,,1410000000,1301000000,48133000000,164000000,None,None,None,,,,,2.261,1.716,2.124,,,,,,,,0.164,,None,2025-10-21,quarterly,6.99,USD,post-market,None,9358000000,0.0297,0.136,0.091,147.06,1261000000,3455000000,1341000000,32619000000,285.16,292.31,11.1288,73919000000,71156000000,1539000000,57184000000,2763000000,55645000000,13088000000,16735000000,13.1,None,314.68,248.87
2025-12-28,CB,23.92,58842001000.0,13.1,None,0.522,182.22,,None,510000000,510000000,,,,,,,,,14000000,336607143,None,10377000000,10377000000,2843000000,None,None,3540000000,None,None,90000000,,3.76,0.012,,,,0.226,0.7,1475000000,1565000000,6.29,2007-12-31,11.75,2731000000,17085000000.0,2711000000,1301000000,273000000,2868000000,2868000000,None,174000000,None,None,None,None,2120000000,None,None,1028000000,None,None,None,0.256,,1410000000,1301000000,62678000000,240000000,None,None,None,,,,,2.261,1.716,2.124,,,,,,,,0.164,,None,2025-10-21,quarterly,6.99,USD,post-market,None,9080000000,0.0297,0.136,0.091,147.06,1261000000,2183000000,372000000,2631000000,285.16,292.31,11.1288,72090000000,69359000000,483000000,55413000000,2731000000,54930000000,13088000000,16677000000,13.1,None,314.68,248.87
2025-12-28,CB,23.92,58842001000.0,13.1,None,0.522,182.22,,None,506000000,506000000,,,,,,,,,14000000,330621041,None,10377000000,10377000000,8989000000,None,None,17542000000,None,None,90000000,,3.76,0.012,,,,0.226,0.7,1475000000,1565000000,6.29,2007-09-30,11.75,2731000000,17085000000.0,2711000000,1301000000,273000000,2731000000,2731000000,None,174000000,None,None,None,None,2377000000,None,None,1028000000,None,None,None,0.256,,1410000000,1301000000,48235000000,181000000,None,None,None,,,,,2.261,1.716,2.124,,,,,,,,0.164,,None,2025-10-21,quarterly,6.99,USD,post-market,None,8609000000,0.0297,0.136,0.091,147.06,1261000000,2155000000,87000000,32632000000,285.16,292.31,11.1288,71954000000,69223000000,261000000,55919000000,2731000000,55658000000,13088000000,16035000000,13.1,None,314.68,248.87
2025-12-28,CB,23.92,58842001000.0,13.1,None,0.522,182.22,,None,621000000,621000000,,,,,,,,,14000000,330073211,None,10377000000,10377000000,9203000000,None,None,18004000000,None,None,90000000,,3.76,0.012,,,,0.226,0.7,1475000000,1565000000,6.29,2007-06-30,11.75,2731000000,17085000000.0,2711000000,1301000000,273000000,2731000000,2731000000,None,174000000,None,None,None,None,2372000000,None,None,1028000000,None,None,None,0.256,,1410000000,1301000000,46745000000,195000000,None,None,None,,,,,2.261,1.716,2.124,,,,,,,,0.164,,None,2025-10-21,quarterly,6.99,USD,post-market,None,8053000000,0.0297,0.136,0.091,147.06,1261000000,2148000000,85000000,30591000000,285.16,292.31,11.1288,71020000000,68289000000,253000000,55836000000,2731000000,55583000000,13088000000,15184000000,13.1,None,314.68,248.87
2025-12-28,CB,23.92,58842001000.0,13.1,None,0.522,182.22,,None,639000000,639000000,,,,,,,,,14000000,333809524,None,10377000000,10377000000,8003000000,None,None,18063000000,None,None,90000000,,3.76,0.012,,,,0.226,0.7,1475000000,1565000000,6.29,2007-03-31,11.75,2731000000,17085000000.0,2711000000,1301000000,273000000,2731000000,2731000000,None,174000000,None,None,None,None,2370000000,None,None,1028000000,None,None,None,0.256,,1410000000,1301000000,45683000000,62000000,None,None,None,,,,,2.261,1.716,2.124,,,,,,,,0.164,,None,2025-10-21,quarterly,6.99,USD,post-market,None,7504000000,0.0297,0.136,0.091,147.06,1261000000,2642000000,581000000,29934000000,285.16,292.31,11.1288,69774000000,67043000000,846000000,54815000000,2731000000,53969000000,13088000000,14959000000,13.1,None,314.68,248.87
2025-12-28,CB,23.92,58842001000.0,13.1,None,0.522,182.22,,None,565000000,565000000,,,,,,,,,14000000,329107981,None,10377000000,10377000000,7447000000,None,None,18160000000,None,None,90000000,,3.76,0.012,,,,0.226,0.7,1475000000,1565000000,6.29,2006-12-31,11.75,2731000000,17085000000.0,2711000000,1301000000,273000000,2731000000,2731000000,None,174000000,None,None,None,None,1869000000,None,None,1028000000,None,None,None,0.256,,1410000000,1301000000,43223000000,179000000,None,None,None,,,,,2.261,1.716,2.124,,,,,,,,0.164,,None,2025-10-21,quarterly,6.99,USD,post-market,None,6906000000,0.0297,0.136,0.091,147.06,1261000000,2138000000,578000000,2456000000,285.16,292.31,11.1288,67135000000,64404000000,734000000,52857000000,2731000000,52123000000,13088000000,14278000000,13.1,None,314.68,248.87
2025-12-28,CB,23.92,58842001000.0,13.1,None,0.522,182.22,,None,544000000,544000000,,,,,,,,,13000000,334104046,None,10377000000,10377000000,7078000000,None,None,18614000000,None,None,90000000,,3.76,0.012,,,,0.226,0.7,1475000000,1565000000,6.29,2006-09-30,11.75,2655000000,17085000000.0,2711000000,1301000000,273000000,2655000000,2655000000,None,174000000,None,None,None,None,1941000000,None,None,1028000000,None,None,None,0.256,,1410000000,1301000000,41611000000,180000000,None,None,None,,,,,2.261,1.716,2.124,,,,,,,,0.164,,None,2025-10-21,quarterly,6.99,USD,post-market,None,6334000000,0.0297,0.136,0.091,147.06,1261000000,2132000000,500000000,3009000000,285.16,292.31,11.1288,66433000000,63778000000,666000000,52922000000,2655000000,52256000000,13088000000,13511000000,13.1,None,314.68,248.87
2025-12-28,CB,23.92,58842001000.0,13.1,None,0.522,182.22,,None,552000000,552000000,,,,,,,,,13000000,333139535,None,10377000000,10377000000,6373000000,None,None,19389000000,None,None,90000000,,3.76,0.012,,,,0.226,0.7,1475000000,1565000000,6.29,2006-06-30,11.75,2703000000,17085000000.0,2711000000,1301000000,273000000,2703000000,2703000000,None,174000000,None,None,None,None,1929000000,None,None,1028000000,None,None,None,0.256,,1410000000,1301000000,39621000000,210000000,None,None,None,,,,,2.261,1.716,2.124,,,,,,,,0.164,,None,2025-10-21,quarterly,6.99,USD,post-market,None,5849000000,0.0297,0.136,0.091,147.06,1261000000,2420000000,800000000,3125000000,285.16,292.31,11.1288,65390000000,62687000000,938000000,52924000000,2703000000,51986000000,13088000000,12466000000,13.1,None,314.68,248.87
2025-12-28,CB,23.92,58842001000.0,13.1,None,0.522,182.22,,None,398000000,398000000,,,,,,,,,13000000,334931507,None,10377000000,10377000000,6922000000,None,None,19483000000,None,None,90000000,,3.76,0.012,,,,0.226,0.7,1475000000,1565000000,6.29,2006-03-31,11.75,2703000000,17085000000.0,2711000000,1301000000,273000000,2703000000,2703000000,None,174000000,None,None,None,None,2121000000,None,None,1028000000,None,None,None,0.256,,1410000000,1301000000,39811000000,139000000,None,None,None,,,,,2.261,1.716,2.124,,,,,,,,0.164,,None,2025-10-21,quarterly,6.99,USD,post-market,None,5369000000,0.0297,0.136,0.091,147.06,1261000000,2112000000,300000000,2452000000,285.16,292.31,11.1288,64847000000,62144000000,479000000,52690000000,2703000000,52211000000,13088000000,12157000000,13.1,None,314.68,248.87
2025-12-28,CB,23.92,58842001000.0,13.1,None,0.522,182.22,,None,512000000,512000000,,,,,,,,,13000000,328187919,None,10377000000,10377000000,6050000000,None,None,18806000000,None,None,90000000,,3.76,0.012,,,,0.226,0.7,1475000000,1565000000,6.29,2005-12-31,11.75,2703000000,17085000000.0,2711000000,1301000000,273000000,2703000000,2703000000,None,174000000,None,None,None,None,2120000000,None,None,1028000000,None,None,None,0.256,,1410000000,1301000000,38120000000,350000000,None,None,None,,,,,2.261,1.716,2.124,,,,,,,,0.164,,None,2025-10-21,quarterly,6.99,USD,post-market,None,4965000000,0.0297,0.136,0.091,147.06,1261000000,2111000000,300000000,2299000000,285.16,292.31,11.1288,62440000000,59737000000,300000000,50628000000,2703000000,3922000000,13088000000,11812000000,13.1,None,314.68,248.87
2025-12-28,CB,23.92,58842001000.0,13.1,None,0.522,182.22,,None,409000000,409000000,,,,,,,,,12000000,260465116,None,10377000000,10377000000,5937000000,None,None,19372000000,None,None,90000000,,3.76,0.012,,,,0.226,0.7,1475000000,1565000000,6.29,2005-09-30,11.75,2703000000,17085000000.0,2711000000,1301000000,273000000,2703000000,2703000000,None,174000000,None,None,None,None,1976000000,None,None,1028000000,None,None,None,0.256,,1410000000,1301000000,35849000000,331000000,None,None,None,,,,,2.261,1.716,2.124,,,,,,,,0.164,,None,2025-10-21,quarterly,6.99,USD,post-market,None,4815000000,0.0297,0.136,0.091,147.06,1261000000,2010000000,446000000,2212000000,285.16,292.31,11.1288,60545000000,57842000000,446000000,50316000000,2703000000,49870000000,13088000000,10229000000,13.1,None,314.68,248.87
2025-12-28,CB,23.92,58842001000.0,13.1,None,0.522,182.22,,None,2288000000,2288000000,,,,,,,,,235000000,411905820,None,10377000000,10377000000,8121000000,None,800000000,34492000000,None,None,90000000,,3.76,0.012,,,,0.226,0.7,1475000000,1565000000,6.29,2024-12-31,11.75,19579000000,17085000000.0,2711000000,1301000000,273000000,9600000000,9600000000,None,174000000,None,None,None,None,14379000000,None,142053000000,1028000000,None,None,None,0.256,,1410000000,1301000000,-73677000000,-8921000000,None,None,None,,,,,2.261,1.716,2.124,,,,,,,,0.164,,3924000000,2025-10-21,annual,6.99,USD,post-market,None,61561000000,0.0297,0.136,0.091,147.06,1261000000,15289000000,800000000,36897000000,285.16,292.31,11.1288,246548000000,14426000000,800000000,178154000000,27559000000,177354000000,13088000000,64021000000,13.1,None,314.68,248.87
2025-12-28,CB,23.92,58842001000.0,13.1,None,0.522,182.22,,None,2449000000,2449000000,,,,,,,,,241000000,414202568,None,10377000000,10377000000,8302000000,None,1460000000,33611000000,None,None,90000000,,3.76,0.012,,,,0.226,0.7,1475000000,1565000000,6.29,2023-12-31,11.75,19686000000,17085000000.0,2711000000,1301000000,273000000,10449000000,10449000000,None,174000000,None,-61276000000,None,None,13035000000,None,131399000000,1028000000,None,None,None,0.256,,1410000000,1301000000,-67398000000,-9762000000,None,None,None,,,,,2.261,1.716,2.124,,,,,,,,0.164,,3684000000,2025-10-21,annual,6.99,USD,post-market,None,54810000000,0.0297,0.136,0.091,147.06,1261000000,14495000000,1460000000,31338000000,285.16,292.31,11.1288,230682000000,21151000000,1460000000,166991000000,179564000000,165531000000,13088000000,59507000000,13.1,None,314.68,248.87
2025-12-28,CB,23.92,58842001000.0,13.1,None,0.522,182.22,,None,2012000000,2012000000,,,,,,,,,60733000000,423527444,None,10377000000,10377000000,23382000000,None,475000000,30834000000,None,None,90000000,,3.76,0.012,,,,0.226,0.7,1475000000,1565000000,6.29,2022-12-31,11.75,16287000000,17085000000.0,2711000000,1301000000,273000000,9037000000,9037000000,None,174000000,None,65034000000,None,None,15185000000,None,114492000000,1028000000,None,None,None,0.256,,1410000000,1301000000,25449000000,-23857000000,None,117848000000,None,,,,,2.261,1.716,2.124,,,,,,,,0.164,,3007000000,2025-10-21,annual,6.99,USD,post-market,None,48334000000,0.0297,0.136,0.091,147.06,1261000000,15660000000,475000000,90180000000,285.16,292.31,11.1288,199124000000,123329000000,23857000000,148584000000,128056000000,23857000000,13088000000,50540000000,13.1,-5113000000,314.68,248.87
2025-12-28,CB,23.92,58842001000.0,13.1,None,0.522,182.22,,None,1659000000,1659000000,,,,,,,,,10985000000,443200000,None,10377000000,10377000000,7243000000,None,999000000,28901000000,None,None,90000000,,3.76,0.012,,,,0.226,0.7,1475000000,1565000000,6.29,2021-12-31,11.75,15213000000,17085000000.0,2711000000,1301000000,273000000,5691000000,5691000000,None,174000000,None,-24317000000,None,None,15169000000,None,123144000000,1028000000,None,None,None,0.256,,1410000000,1301000000,-126814000000,-8242000000,None,108779000000,None,,,,,2.261,1.716,2.124,,,,,,,,0.164,,1045000000,2025-10-21,annual,6.99,USD,post-market,None,47365000000,0.0297,0.136,0.091,147.06,1261000000,16168000000,999000000,96254000000,285.16,292.31,11.1288,200054000000,1659000000,67272000000,140340000000,198395000000,54767000000,13088000000,59714000000,13.1,-7464000000,314.68,248.87
2025-12-28,CB,23.92,58842001000.0,13.1,None,0.522,182.22,,None,1747000000,1747000000,,,,,,,,,11064000000,453441512,None,10377000000,10377000000,20760000000,None,0,26072000000,None,None,90000000,,3.76,0.012,,,,0.226,0.7,1475000000,1565000000,6.29,2020-12-31,11.75,15400000000,17085000000.0,2711000000,1301000000,273000000,6074000000,6074000000,None,174000000,None,-25363000000,None,None,14948000000,None,119536000000,1028000000,None,None,None,0.256,,1410000000,1301000000,25363000000,-20760000000,None,101441000000,None,,,,,2.261,1.716,2.124,,,,,,,,0.164,,1173000000,2025-10-21,annual,6.99,USD,post-market,None,39337000000,0.0297,0.136,0.091,147.06,1261000000,16503000000,1555000000,95044000000,285.16,292.31,11.1288,190774000000,27819000000,20760000000,131333000000,134748000000,15840000000,13088000000,59441000000,13.1,-3644000000,314.68,248.87
2025-12-28,CB,23.92,58842001000.0,13.1,None,0.522,182.22,,None,1537000000,1537000000,,,,,,,,,11121000000,458914663,None,10377000000,10377000000,17957000000,None,1299000000,25538000000,None,None,90000000,,3.76,0.012,,,,0.226,0.7,1475000000,1565000000,6.29,2019-12-31,11.75,15296000000,17085000000.0,2711000000,1301000000,273000000,6369000000,6369000000,None,174000000,None,-22606000000,None,None,13867000000,None,111433000000,1028000000,None,None,None,0.256,,1410000000,1301000000,22606000000,-19256000000,None,93869000000,None,,,,,2.261,1.716,2.124,,,,,,,,0.164,,1351000000,2025-10-21,annual,6.99,USD,post-market,None,36142000000,0.0297,0.136,0.091,147.06,1261000000,15166000000,1299000000,89779000000,285.16,292.31,11.1288,176943000000,27075000000,19256000000,121612000000,125863000000,14363000000,13088000000,55331000000,13.1,-3754000000,314.68,248.87
2025-12-28,CB,23.92,58842001000.0,13.1,None,0.522,182.22,,None,1247000000,1247000000,,,,,,,,,52760000000,466802348,None,10377000000,10377000000,18327000000,None,509000000,26068000000,None,None,90000000,,3.76,0.012,,,,0.226,0.7,1475000000,1565000000,6.29,2018-12-31,11.75,15271000000,17085000000.0,2711000000,1301000000,273000000,21709000000,21709000000,None,174000000,None,202000000,None,None,12395000000,None,102529000000,1028000000,None,None,None,0.256,,1410000000,1301000000,3287000000,87646000000,None,93779000000,None,,,,,2.261,1.716,2.124,,,,,,,,0.164,,1700000000,2025-10-21,annual,6.99,USD,post-market,None,31700000000,0.0297,0.136,0.091,147.06,1261000000,12904000000,509000000,81486000000,285.16,292.31,11.1288,167771000000,112290000000,105064000000,117459000000,55481000000,12395000000,13088000000,50312000000,13.1,-2618000000,314.68,248.87
2025-12-28,CB,23.92,58842001000.0,13.1,None,0.522,182.22,,None,728000000,728000000,,,,,,,,,50629000000,471196901,None,10377000000,10377000000,16821000000,None,1013000000,24368000000,None,None,90000000,,3.76,0.012,,,,0.226,0.7,1475000000,1565000000,6.29,2017-12-31,11.75,15541000000,17085000000.0,2711000000,1301000000,273000000,22380000000,22380000000,None,174000000,None,184000000,None,None,11864000000,None,104015000000,1028000000,None,None,None,0.256,,1410000000,1301000000,4726000000,87560000000,None,92729000000,None,,,,,2.261,1.716,2.124,,,,,,,,0.164,,1300000000,2025-10-21,annual,6.99,USD,post-market,None,27474000000,0.0297,0.136,0.091,147.06,1261000000,12877000000,1013000000,82500000000,285.16,292.31,11.1288,167022000000,112506000000,103986000000,115850000000,54516000000,11864000000,13088000000,51172000000,13.1,-1944000000,314.68,248.87
2025-12-28,CB,23.92,58842001000.0,13.1,None,0.522,182.22,,None,985000000,985000000,,,,,,,,,48589000000,465949399,None,10377000000,10377000000,15657000000,None,500000000,22547000000,None,None,90000000,,3.76,0.012,,,,0.226,0.7,1475000000,1565000000,6.29,2016-12-31,11.75,22095000000,17085000000.0,2711000000,1301000000,273000000,355000000,355000000,None,174000000,None,182000000,None,None,12918000000,None,100678000000,1028000000,None,None,None,0.256,,1410000000,1301000000,2218000000,83839000000,None,88488000000,None,,,,,2.261,1.716,2.124,,,,,,,,0.164,,1200000000,2025-10-21,annual,6.99,USD,post-market,None,23613000000,0.0297,0.136,0.091,147.06,1261000000,13418000000,500000000,83117000000,285.16,292.31,11.1288,159786000000,109049000000,98593000000,111511000000,50737000000,12918000000,13088000000,48275000000,13.1,-1480000000,314.68,248.87
2025-12-28,CB,23.92,58842001000.0,13.1,None,0.522,182.22,,None,1775000000,1775000000,,,,,,,,,29870000000,328835378,None,10377000000,10377000000,11879000000,None,12147000000,16709000000,None,None,90000000,,3.76,0.012,,,,0.226,0.7,1475000000,1565000000,6.29,2015-12-31,11.75,4796000000,17085000000.0,2711000000,1301000000,273000000,6078000000,6078000000,None,174000000,None,187000000,None,None,9756000000,None,67417000000,1028000000,None,None,None,0.256,,1410000000,1301000000,645000000,51596000000,None,57270000000,None,,,,,2.261,1.716,2.124,,,,,,,,0.164,,938000000,2025-10-21,annual,6.99,USD,post-market,None,19478000000,0.0297,0.136,0.091,147.06,1261000000,21903000000,12147000000,54033000000,285.16,292.31,11.1288,102366000000,73349000000,63475000000,73231000000,29017000000,9696000000,13088000000,29135000000,13.1,-1922000000,314.68,248.87
2025-12-28,CB,23.92,58842001000.0,13.1,None,0.522,182.22,,None,655000000,655000000,,,,,,,,,28396000000,338986287,None,10377000000,10377000000,9821000000,None,7549000000,17418000000,None,None,90000000,,3.76,0.012,,,,0.226,0.7,1475000000,1565000000,6.29,2014-12-31,11.75,4904000000,17085000000.0,2711000000,1301000000,273000000,6190000000,6190000000,None,174000000,None,217000000,None,None,3666000000,None,63960000000,1028000000,None,None,None,0.256,,1410000000,1301000000,-1022000000,52622000000,None,56717000000,None,,,,,2.261,1.716,2.124,,,,,,,,0.164,,0,2025-10-21,annual,6.99,USD,post-market,None,16644000000,0.0297,0.136,0.091,147.06,1261000000,6218000000,2552000000,51717000000,285.16,292.31,11.1288,98248000000,68985000000,64995000000,68661000000,29263000000,3666000000,13088000000,29587000000,13.1,-1448000000,314.68,248.87
2025-12-28,CB,23.92,58842001000.0,13.1,None,0.522,182.22,,None,579000000,579000000,,,,,,,,,27673000000,344147575,None,10377000000,10377000000,8438000000,None,7650000000,16253000000,None,None,90000000,,3.76,0.012,,,,0.226,0.7,1475000000,1565000000,6.29,2013-12-31,11.75,4603000000,17085000000.0,2711000000,1301000000,273000000,5940000000,5940000000,None,174000000,None,218000000,None,None,4116000000,None,61954000000,1028000000,None,None,None,0.256,,1410000000,1301000000,-13208000000,51230000000,None,54858000000,None,,,,,2.261,1.716,2.124,,,,,,,,0.164,,0,2025-10-21,annual,6.99,USD,post-market,None,13791000000,0.0297,0.136,0.091,147.06,1261000000,6017000000,1901000000,51017000000,285.16,292.31,11.1288,94510000000,54859000000,61569000000,65685000000,39651000000,4116000000,13088000000,28825000000,13.1,-255000000,314.68,248.87
2025-12-28,CB,23.92,58842001000.0,13.1,None,0.522,182.22,,None,615000000,615000000,,,,,,,,,24644000000,342746950,None,10377000000,10377000000,8869000000,None,None,16225000000,None,None,90000000,,3.76,0.012,,,,0.226,0.7,1475000000,1565000000,6.29,2012-12-31,11.75,4319000000,17085000000.0,2711000000,1301000000,273000000,5589000000,5589000000,None,174000000,None,241000000,None,None,3669000000,None,61270000000,1028000000,None,None,None,0.256,,1410000000,1301000000,-14547000000,51404000000,None,54547000000,None,,,,,2.261,1.716,2.124,,,,,,,,0.164,,0,2025-10-21,annual,6.99,USD,post-market,None,10033000000,0.0297,0.136,0.091,147.06,1261000000,5070000000,1401000000,49534000000,285.16,292.31,11.1288,92545000000,52068000000,61654000000,65014000000,40477000000,3360000000,13088000000,27531000000,13.1,-159000000,314.68,248.87
2025-12-28,CB,23.92,58842001000.0,13.1,None,0.522,182.22,,None,614000000,614000000,,,,,,,,,10095000000,340780224,None,10377000000,10377000000,3542000000,None,None,17025000000,None,None,90000000,,3.76,0.012,,,,0.226,0.7,1475000000,1565000000,6.29,2011-12-31,11.75,4831000000,17085000000.0,2711000000,1301000000,273000000,4831000000,4831000000,None,174000000,None,0,None,None,3360000000,None,41967000000,1028000000,None,None,None,0.256,,1410000000,1301000000,-1230000000,26791000000,None,37477000000,None,,,,,2.261,1.716,2.124,,,,,,,,0.164,,0,2025-10-21,annual,6.99,USD,post-market,None,7511000000,0.0297,0.136,0.091,147.06,1261000000,4611000000,1251000000,44268000000,285.16,292.31,11.1288,87505000000,60677000000,31743000000,50431000000,26828000000,61579000000,13088000000,24516000000,13.1,-327000000,314.68,248.87
2025-12-28,CB,23.92,58842001000.0,13.1,None,0.522,182.22,,None,772000000,772000000,,,,,,,,,10161000000,341246387,None,10377000000,10377000000,3282000000,None,None,4233000000,None,None,90000000,,3.76,0.012,,,,0.226,0.7,1475000000,1565000000,6.29,2010-12-31,11.75,4664000000,17085000000.0,2711000000,1301000000,273000000,4664000000,4664000000,None,174000000,None,0,None,None,3667000000,None,52288000000,1028000000,None,None,None,0.256,,1410000000,1301000000,49424000000,52441000000,None,52048000000,None,,,,,2.261,1.716,2.124,,,,,,,,0.164,,0,2025-10-21,annual,6.99,USD,post-market,None,5926000000,0.0297,0.136,0.091,147.06,1261000000,4967000000,1300000000,1983000000,285.16,292.31,11.1288,83355000000,56412000000,57023000000,60381000000,26943000000,3358000000,13088000000,22974000000,13.1,-330000000,314.68,248.87
2025-12-28,CB,23.92,58842001000.0,13.1,None,0.522,182.22,,None,669000000,669000000,,,,,,,,,10503000000,337500000,None,10377000000,10377000000,3295000000,None,None,3671000000,None,None,90000000,,3.76,0.012,,,,0.226,0.7,1475000000,1565000000,6.29,2009-12-31,11.75,3931000000,17085000000.0,2711000000,1301000000,273000000,3931000000,3931000000,None,174000000,None,1667000000,None,None,3158000000,None,47450000000,1028000000,None,None,None,0.256,,1410000000,1301000000,68042000000,-3295000000,None,52541000000,None,,,,,2.261,1.716,2.124,,,,,,,,0.164,,0,2025-10-21,annual,6.99,USD,post-market,None,2818000000,0.0297,0.136,0.091,147.06,1261000000,3319000000,161000000,1667000000,285.16,292.31,11.1288,77980000000,74049000000,272000000,58313000000,3931000000,14460000000,13088000000,19667000000,13.1,-3000000,314.68,248.87
2025-12-28,CB,23.92,58842001000.0,13.1,None,0.522,182.22,,None,867000000,867000000,,,,,,,,,10827000000,332500000,None,10377000000,10377000000,2841000000,None,None,3453000000,None,None,90000000,,3.76,0.012,,,,0.226,0.7,1475000000,1565000000,6.29,2008-12-31,11.75,3747000000,17085000000.0,2711000000,1301000000,273000000,3747000000,3747000000,None,174000000,None,3350000000,None,None,3115000000,None,None,1028000000,None,None,None,0.256,,1410000000,1301000000,60640000000,-2841000000,None,None,None,,,,,2.261,1.716,2.124,,,,,,,,0.164,,None,2025-10-21,annual,6.99,USD,post-market,None,74000000,0.0297,0.136,0.091,147.06,1261000000,3277000000,471000000,3350000000,285.16,292.31,11.1288,72057000000,68310000000,609000000,57611000000,3747000000,13610000000,13088000000,14446000000,13.1,-3000000,314.68,248.87
2025-12-28,CB,23.92,58842001000.0,13.1,None,0.522,182.22,,None,510000000,510000000,,,,,,,,,14000000,336553525,None,10377000000,10377000000,2843000000,None,None,3540000000,None,None,90000000,,3.76,0.012,,,,0.226,0.7,1475000000,1565000000,6.29,2007-12-31,11.75,2731000000,17085000000.0,2711000000,1301000000,273000000,2731000000,2731000000,None,174000000,None,None,None,None,2120000000,None,None,1028000000,None,None,None,0.256,,1410000000,1301000000,62678000000,-2843000000,None,None,None,,,,,2.261,1.716,2.124,,,,,,,,0.164,,None,2025-10-21,annual,6.99,USD,post-market,None,9080000000,0.0297,0.136,0.091,147.06,1261000000,2183000000,372000000,2631000000,285.16,292.31,11.1288,72090000000,69359000000,483000000,55413000000,2731000000,54930000000,13088000000,16677000000,13.1,None,314.68,248.87
2025-12-28,CB,23.92,58842001000.0,13.1,None,0.522,182.22,,None,565000000,565000000,,,,,,,,,14000000,333574530,None,10377000000,10377000000,7447000000,None,None,18160000000,None,None,90000000,,3.76,0.012,,,,0.226,0.7,1475000000,1565000000,6.29,2006-12-31,11.75,2731000000,17085000000.0,2711000000,1301000000,273000000,2731000000,2731000000,None,174000000,None,None,None,None,1869000000,None,None,1028000000,None,None,None,0.256,,1410000000,1301000000,43223000000,179000000,None,None,None,,,,,2.261,1.716,2.124,,,,,,,,0.164,,None,2025-10-21,annual,6.99,USD,post-market,None,6906000000,0.0297,0.136,0.091,147.06,1261000000,2138000000,578000000,2456000000,285.16,292.31,11.1288,67135000000,64404000000,8360000000,52857000000,2731000000,52123000000,13088000000,14278000000,13.1,None,314.68,248.87
2025-12-28,CB,23.92,58842001000.0,13.1,None,0.522,182.22,,None,512000000,512000000,,,,,,,,,13000000,310574018,None,10377000000,10377000000,6050000000,None,None,18806000000,None,None,90000000,,3.76,0.012,,,,0.226,0.7,1475000000,1565000000,6.29,2005-12-31,11.75,2703000000,17085000000.0,2711000000,1301000000,273000000,2703000000,2703000000,None,174000000,None,None,None,None,2120000000,None,None,1028000000,None,None,None,0.256,,1410000000,1301000000,38120000000,350000000,None,None,None,,,,,2.261,1.716,2.124,,,,,,,,0.164,,None,2025-10-21,annual,6.99,USD,post-market,None,4965000000,0.0297,0.136,0.091,147.06,1261000000,2111000000,300000000,2299000000,285.16,292.31,11.1288,62440000000,59737000000,6700000000,50628000000,2703000000,3922000000,13088000000,11812000000,13.1,None,314.68,248.87
2025-12-28,CB,23.92,58842001000.0,13.1,None,0.522,182.22,0,None,512000000,512000000,1698000000,-5303000000,None,None,None,None,None,None,13000000,310574018,None,10377000000,10377000000,6050000000,None,None,18806000000,None,None,90000000,75000000,3.76,0.012,390000000,390000000,None,0.226,0.7,1475000000,1565000000,6.29,2025-09-30,11.75,2703000000,17085000000.0,2711000000,1301000000,273000000,2703000000,2703000000,None,174000000,None,None,None,None,2120000000,None,None,3107000000,None,None,None,0.256,3639000000,1410000000,1301000000,38120000000,350000000,None,None,None,None,None,None,None,2.261,1.716,2.124,None,None,None,None,None,-1086000000,None,0.164,None,None,2025-10-21,quarterly,6.99,USD,post-market,None,4965000000,0.0297,0.136,0.091,147.06,1261000000,2111000000,300000000,2299000000,285.16,292.31,11.1288,62440000000,59737000000,6700000000,50628000000,2703000000,3922000000,13088000000,11812000000,13.1,None,314.68,248.87
2025-12-28,CB,23.92,58842001000.0,13.1,None,0.522,182.22,0,None,512000000,512000000,-762000000,-2827000000,None,None,None,None,None,None,13000000,310574018,None,10377000000,10377000000,6050000000,None,None,18806000000,None,None,90000000,74000000,3.76,0.012,365000000,365000000,None,0.226,0.7,1475000000,1565000000,6.29,2025-06-30,11.75,2703000000,17085000000.0,2711000000,1301000000,273000000,2703000000,2703000000,None,174000000,None,None,None,None,2120000000,None,None,2999000000,None,None,None,0.256,3551000000,1410000000,1301000000,38120000000,350000000,None,None,None,None,None,None,None,2.261,1.716,2.124,None,None,None,None,None,-746000000,None,0.164,None,None,2025-10-21,quarterly,6.99,USD,post-market,None,4965000000,0.0297,0.136,0.091,147.06,1261000000,2111000000,300000000,2299000000,285.16,292.31,11.1288,62440000000,59737000000,6700000000,50628000000,2703000000,3922000000,13088000000,11812000000,13.1,None,314.68,248.87
2025-12-28,CB,23.92,58842001000.0,13.1,None,0.522,182.22,0,None,512000000,512000000,-1125000000,-798000000,None,None,None,None,None,None,13000000,310574018,None,10377000000,10377000000,6050000000,None,None,18806000000,None,None,90000000,75000000,3.76,0.012,366000000,366000000,None,0.226,0.7,1475000000,1565000000,6.29,2025-03-31,11.75,2703000000,17085000000.0,2711000000,1301000000,273000000,2703000000,2703000000,None,174000000,None,None,None,None,2120000000,None,None,1343000000,None,None,None,0.256,1566000000,1410000000,1301000000,38120000000,350000000,None,None,None,None,None,None,None,2.261,1.716,2.124,None,None,None,None,None,-691000000,None,0.164,None,None,2025-10-21,quarterly,6.99,USD,post-market,None,4965000000,0.0297,0.136,0.091,147.06,1261000000,2111000000,300000000,2299000000,285.16,292.31,11.1288,62440000000,59737000000,6700000000,50628000000,2703000000,3922000000,13088000000,11812000000,13.1,None,314.68,248.87
2025-12-28,CB,23.92,58842001000.0,13.1,None,0.522,182.22,0,None,512000000,512000000,-2119000000,-2474000000,None,None,None,None,None,None,13000000,310574018,None,10377000000,10377000000,6050000000,None,None,18806000000,None,None,90000000,82000000,3.76,0.012,367000000,367000000,None,0.226,0.7,1475000000,1565000000,6.29,2024-12-31,11.75,2703000000,17085000000.0,2711000000,1301000000,273000000,2703000000,2703000000,None,174000000,None,None,None,None,2120000000,None,None,2640000000,None,None,None,0.256,4565000000,1410000000,1301000000,38120000000,350000000,None,None,None,None,None,None,None,2.261,1.716,2.124,None,None,None,None,None,-450000000,None,0.164,None,None,2025-10-21,quarterly,6.99,USD,post-market,None,4965000000,0.0297,0.136,0.091,147.06,1261000000,2111000000,300000000,2299000000,285.16,292.31,11.1288,62440000000,59737000000,6700000000,50628000000,2703000000,3922000000,13088000000,11812000000,13.1,None,314.68,248.87
2025-12-28,CB,23.92,58842001000.0,13.1,None,0.522,182.22,0,None,512000000,512000000,1122000000,-5383000000,None,None,None,None,None,None,13000000,310574018,None,10377000000,10377000000,6050000000,None,None,18806000000,None,None,90000000,81000000,3.76,0.012,371000000,371000000,None,0.226,0.7,1475000000,1565000000,6.29,2024-09-30,11.75,2703000000,17085000000.0,2711000000,1301000000,273000000,2703000000,2703000000,None,174000000,None,None,None,None,2120000000,None,None,2490000000,None,None,None,0.256,4318000000,1410000000,1301000000,38120000000,350000000,None,None,None,None,None,None,None,2.261,1.716,2.124,None,None,None,None,None,-295000000,None,0.164,None,None,2025-10-21,quarterly,6.99,USD,post-market,None,4965000000,0.0297,0.136,0.091,147.06,1261000000,2111000000,300000000,2299000000,285.16,292.31,11.1288,62440000000,59737000000,6700000000,50628000000,2703000000,3922000000,13088000000,11812000000,13.1,None,314.68,248.87
2025-12-28,CB,23.92,58842001000.0,13.1,None,0.522,182.22,0,None,512000000,512000000,-1746000000,-2320000000,None,None,None,None,None,None,13000000,310574018,None,10377000000,10377000000,6050000000,None,None,18806000000,None,None,90000000,80000000,3.76,0.012,349000000,349000000,None,0.226,0.7,1475000000,1565000000,6.29,2024-06-30,11.75,2703000000,17085000000.0,2711000000,1301000000,273000000,2703000000,2703000000,None,174000000,None,None,None,None,2120000000,None,None,2216000000,None,None,None,0.256,4079000000,1410000000,1301000000,38120000000,350000000,None,None,None,None,None,None,None,2.261,1.716,2.124,None,None,None,None,None,-652000000,None,0.164,None,None,2025-10-21,quarterly,6.99,USD,post-market,None,4965000000,0.0297,0.136,0.091,147.06,1261000000,2111000000,300000000,2299000000,285.16,292.31,11.1288,62440000000,59737000000,6700000000,50628000000,2703000000,3922000000,13088000000,11812000000,13.1,None,314.68,248.87
2025-12-28,CB,23.92,58842001000.0,13.1,None,0.522,182.22,0,None,512000000,512000000,562000000,-3746000000,None,None,None,None,None,None,13000000,310574018,None,10377000000,10377000000,6050000000,None,None,18806000000,None,None,90000000,80000000,3.76,0.012,349000000,349000000,None,0.226,0.7,1475000000,1565000000,6.29,2024-03-31,11.75,2703000000,17085000000.0,2711000000,1301000000,273000000,2703000000,2703000000,None,174000000,None,None,None,None,2120000000,None,None,2294000000,None,None,None,0.256,3220000000,1410000000,1301000000,38120000000,350000000,None,None,None,None,None,None,None,2.261,1.716,2.124,None,None,None,None,None,-404000000,None,0.164,None,None,2025-10-21,quarterly,6.99,USD,post-market,None,4965000000,0.0297,0.136,0.091,147.06,1261000000,2111000000,300000000,2299000000,285.16,292.31,11.1288,62440000000,59737000000,6700000000,50628000000,2703000000,3922000000,13088000000,11812000000,13.1,None,314.68,248.87
2025-12-28,CB,23.92,58842001000.0,13.1,None,0.522,182.22,0,None,512000000,512000000,-1164000000,-2214000000,None,None,None,None,None,None,13000000,310574018,None,10377000000,10377000000,6050000000,None,None,18806000000,None,None,90000000,84000000,3.76,0.012,350000000,350000000,None,0.226,0.7,1475000000,1565000000,6.29,2023-12-31,11.75,2703000000,17085000000.0,2711000000,1301000000,273000000,2703000000,2703000000,None,174000000,None,None,None,None,2120000000,None,None,3290000000,None,None,None,0.256,3186000000,1410000000,1301000000,38120000000,350000000,None,None,None,None,None,None,None,2.261,1.716,2.124,None,None,None,None,None,-563000000,None,0.164,None,None,2025-10-21,quarterly,6.99,USD,post-market,None,4965000000,0.0297,0.136,0.091,147.06,1261000000,2111000000,300000000,2299000000,285.16,292.31,11.1288,62440000000,59737000000,6700000000,50628000000,2703000000,3922000000,13088000000,11812000000,13.1,None,314.68,248.87
2025-12-28,CB,23.92,58842001000.0,13.1,None,0.522,182.22,370000000,None,512000000,512000000,-1013000000,-5434000000,None,None,None,None,None,None,13000000,310574018,None,10377000000,10377000000,6050000000,None,None,18806000000,None,None,90000000,84000000,3.76,0.012,356000000,356000000,None,0.226,0.7,1475000000,1565000000,6.29,2023-09-30,11.75,2703000000,17085000000.0,2711000000,1301000000,273000000,2703000000,2703000000,None,174000000,None,None,None,None,2120000000,None,None,2043000000,None,None,None,0.256,4680000000,1410000000,1301000000,38120000000,350000000,None,None,None,None,None,None,None,2.261,1.716,2.124,None,None,None,None,None,-584000000,None,0.164,None,None,2025-10-21,quarterly,6.99,USD,post-market,None,4965000000,0.0297,0.136,0.091,147.06,1261000000,2111000000,300000000,2299000000,285.16,292.31,11.1288,62440000000,59737000000,6700000000,50628000000,2703000000,3922000000,13088000000,11812000000,13.1,None,314.68,248.87
2025-12-28,CB,23.92,58842001000.0,13.1,None,0.522,182.22,295000000,None,512000000,512000000,-888000000,-1692000000,-65000000,None,None,None,None,-1809000000,13000000,310574018,None,10377000000,10377000000,6050000000,None,None,18806000000,None,None,90000000,70000000,3.76,0.012,343000000,343000000,None,0.226,0.7,1475000000,1565000000,6.29,2023-06-30,11.75,2703000000,17085000000.0,2711000000,1301000000,273000000,2703000000,2703000000,None,174000000,None,None,None,None,2120000000,None,None,1793000000,None,None,None,0.256,2515000000,1410000000,1301000000,38120000000,350000000,None,None,None,None,None,None,None,2.261,1.716,2.124,None,None,None,None,None,-722000000,None,0.164,None,None,2025-10-21,quarterly,6.99,USD,post-market,None,4965000000,0.0297,0.136,0.091,147.06,1261000000,2111000000,300000000,2299000000,285.16,292.31,11.1288,62440000000,59737000000,6700000000,50628000000,2703000000,3922000000,13088000000,11812000000,13.1,None,314.68,248.87
2025-12-28,CB,23.92,58842001000.0,13.1,None,0.522,182.22,0,None,512000000,512000000,-1424000000,-570000000,257000000,None,None,None,None,220000000,13000000,310574018,None,10377000000,10377000000,6050000000,None,None,18806000000,None,None,90000000,72000000,3.76,0.012,345000000,345000000,None,0.226,0.7,1475000000,1565000000,6.29,2023-03-31,11.75,2703000000,17085000000.0,2711000000,1301000000,273000000,2703000000,2703000000,None,174000000,None,None,None,None,2120000000,None,None,1892000000,None,None,None,0.256,2251000000,1410000000,1301000000,38120000000,350000000,None,None,None,None,None,None,None,2.261,1.716,2.124,None,None,None,None,None,-545000000,None,0.164,None,None,2025-10-21,quarterly,6.99,USD,post-market,None,4965000000,0.0297,0.136,0.091,147.06,1261000000,2111000000,300000000,2299000000,285.16,292.31,11.1288,62440000000,59737000000,6700000000,50628000000,2703000000,3922000000,13088000000,11812000000,13.1,None,314.68,248.87
2025-12-28,CB,23.92,58842001000.0,13.1,None,0.522,182.22,0,None,512000000,512000000,-2405000000,-452000000,-206000000,None,None,None,None,1165000000,13000000,310574018,None,10377000000,10377000000,6050000000,None,None,18806000000,None,None,90000000,74000000,3.76,0.012,345000000,345000000,None,0.226,0.7,1475000000,1565000000,6.29,2022-12-31,11.75,2703000000,17085000000.0,2711000000,1301000000,273000000,2703000000,2703000000,None,174000000,None,None,None,None,2120000000,None,None,1312000000,None,None,None,0.256,2651000000,1410000000,1301000000,38120000000,350000000,None,None,None,None,None,None,None,2.261,1.716,2.124,None,None,None,None,None,-111000000,None,0.164,None,None,2025-10-21,quarterly,6.99,USD,post-market,None,4965000000,0.0297,0.136,0.091,147.06,1261000000,2111000000,300000000,2299000000,285.16,292.31,11.1288,62440000000,59737000000,6700000000,50628000000,2703000000,3922000000,13088000000,11812000000,13.1,None,314.68,248.87
2025-12-28,CB,23.92,58842001000.0,13.1,None,0.522,182.22,0,None,512000000,512000000,-2005000000,-6327000000,-4898000000,None,None,None,None,-1427000000,13000000,310574018,None,10377000000,10377000000,6050000000,None,None,18806000000,None,None,90000000,69000000,3.76,0.012,349000000,349000000,None,0.226,0.7,1475000000,1565000000,6.29,2022-09-30,11.75,2703000000,17085000000.0,2711000000,1301000000,273000000,2703000000,2703000000,None,174000000,None,None,None,None,2120000000,None,None,792000000,None,None,None,0.256,3434000000,1410000000,1301000000,38120000000,350000000,None,None,None,None,None,None,None,2.261,1.716,2.124,None,None,None,None,None,-656000000,None,0.164,None,None,2025-10-21,quarterly,6.99,USD,post-market,None,4965000000,0.0297,0.136,0.091,147.06,1261000000,2111000000,300000000,2299000000,285.16,292.31,11.1288,62440000000,59737000000,6700000000,50628000000,2703000000,3922000000,13088000000,11812000000,13.1,None,314.68,248.87
2025-12-28,CB,23.92,58842001000.0,13.1,None,0.522,182.22,0,None,512000000,512000000,581000000,2120000000,5423000000,None,None,None,None,-1629000000,13000000,310574018,None,10377000000,10377000000,6050000000,None,None,18806000000,None,None,90000000,71000000,3.76,0.012,340000000,340000000,None,0.226,0.7,1475000000,1565000000,6.29,2022-06-30,11.75,2703000000,17085000000.0,2711000000,1301000000,273000000,2703000000,2703000000,None,174000000,None,None,None,None,2120000000,None,None,1190000000,None,None,None,0.256,2722000000,1410000000,1301000000,38120000000,350000000,None,None,None,None,None,None,None,2.261,1.716,2.124,None,None,None,None,None,-1126000000,None,0.164,None,None,2025-10-21,quarterly,6.99,USD,post-market,None,4965000000,0.0297,0.136,0.091,147.06,1261000000,2111000000,300000000,2299000000,285.16,292.31,11.1288,62440000000,59737000000,6700000000,50628000000,2703000000,3922000000,13088000000,11812000000,13.1,None,314.68,248.87
2025-12-28,CB,23.92,58842001000.0,13.1,None,0.522,182.22,0,None,512000000,512000000,-1306000000,-995000000,143000000,None,None,None,None,-581000000,13000000,310574018,None,10377000000,10377000000,6050000000,None,None,18806000000,None,None,90000000,71000000,3.76,0.012,341000000,341000000,None,0.226,0.7,1475000000,1565000000,6.29,2022-03-31,11.75,2703000000,17085000000.0,2711000000,1301000000,273000000,2703000000,2703000000,None,174000000,None,None,None,None,2120000000,None,None,1953000000,None,None,None,0.256,2444000000,1410000000,1301000000,38120000000,350000000,None,None,None,None,None,None,None,2.261,1.716,2.124,None,None,None,None,None,-1001000000,None,0.164,None,None,2025-10-21,quarterly,6.99,USD,post-market,None,4965000000,0.0297,0.136,0.091,147.06,1261000000,2111000000,300000000,2299000000,285.16,292.31,11.1288,62440000000,59737000000,6700000000,50628000000,2703000000,3922000000,13088000000,11812000000,13.1,None,314.68,248.87
2025-12-28,CB,23.92,58842001000.0,13.1,None,0.522,182.22,530000000,None,512000000,512000000,396000000,-2908000000,-18000000,-106000000,None,None,None,1344000000,13000000,310574018,None,10377000000,10377000000,6050000000,None,None,18806000000,None,None,90000000,71000000,3.76,0.012,345000000,345000000,None,0.226,0.7,1475000000,1565000000,6.29,2021-12-31,11.75,2703000000,17085000000.0,2711000000,1301000000,273000000,2703000000,2703000000,None,174000000,None,None,None,None,2120000000,None,None,2141000000,None,None,None,0.256,2600000000,1410000000,1301000000,38120000000,350000000,None,None,None,None,None,None,None,2.261,1.716,2.124,None,None,None,None,None,-920000000,None,0.164,None,None,2025-10-21,quarterly,6.99,USD,post-market,None,4965000000,0.0297,0.136,0.091,147.06,1261000000,2111000000,300000000,2299000000,285.16,292.31,11.1288,62440000000,59737000000,6700000000,50628000000,2703000000,3922000000,13088000000,11812000000,13.1,None,314.68,248.87
2025-12-28,CB,23.92,58842001000.0,13.1,None,0.522,182.22,251000000,None,512000000,512000000,-1783000000,-1726000000,-187000000,None,None,None,None,-1101000000,13000000,310574018,None,10377000000,10377000000,6050000000,None,None,18806000000,None,None,90000000,71000000,3.76,0.012,353000000,353000000,None,0.226,0.7,1475000000,1565000000,6.29,2021-09-30,11.75,2703000000,17085000000.0,2711000000,1301000000,273000000,2703000000,2703000000,None,174000000,None,None,None,None,2120000000,None,None,1833000000,None,None,None,0.256,3322000000,1410000000,1301000000,38120000000,350000000,None,None,None,None,None,None,None,2.261,1.716,2.124,None,None,None,None,None,-1501000000,None,0.164,None,None,2025-10-21,quarterly,6.99,USD,post-market,None,4965000000,0.0297,0.136,0.091,147.06,1261000000,2111000000,300000000,2299000000,285.16,292.31,11.1288,62440000000,59737000000,6700000000,50628000000,2703000000,3922000000,13088000000,11812000000,13.1,None,314.68,248.87
2025-12-28,CB,23.92,58842001000.0,13.1,None,0.522,182.22,434000000,None,512000000,512000000,-2210000000,-773000000,139000000,None,None,None,None,-728000000,13000000,310574018,None,10377000000,10377000000,6050000000,None,None,18806000000,None,None,90000000,73000000,3.76,0.012,351000000,351000000,None,0.226,0.7,1475000000,1565000000,6.29,2021-06-30,11.75,2703000000,17085000000.0,2711000000,1301000000,273000000,2703000000,2703000000,None,174000000,None,None,None,None,2120000000,None,None,2265000000,None,None,None,0.256,3122000000,1410000000,1301000000,38120000000,350000000,None,None,None,None,None,None,None,2.261,1.716,2.124,None,None,None,None,None,-1921000000,None,0.164,None,None,2025-10-21,quarterly,6.99,USD,post-market,None,4965000000,0.0297,0.136,0.091,147.06,1261000000,2111000000,300000000,2299000000,285.16,292.31,11.1288,62440000000,59737000000,6700000000,50628000000,2703000000,3922000000,13088000000,11812000000,13.1,None,314.68,248.87
2025-12-28,CB,23.92,58842001000.0,13.1,None,0.522,182.22,206000000,None,512000000,512000000,-812000000,-1252000000,41000000,None,None,None,None,-499000000,13000000,310574018,None,10377000000,10377000000,6050000000,None,None,18806000000,None,None,90000000,72000000,3.76,0.012,352000000,352000000,None,0.226,0.7,1475000000,1565000000,6.29,2021-03-31,11.75,2703000000,17085000000.0,2711000000,1301000000,273000000,2703000000,2703000000,None,174000000,None,None,None,None,2120000000,None,None,2300000000,None,None,None,0.256,2105000000,1410000000,1301000000,38120000000,350000000,None,None,None,None,None,None,None,2.261,1.716,2.124,None,None,None,None,None,-519000000,None,0.164,None,None,2025-10-21,quarterly,6.99,USD,post-market,None,4965000000,0.0297,0.136,0.091,147.06,1261000000,2111000000,300000000,2299000000,285.16,292.31,11.1288,62440000000,59737000000,6700000000,50628000000,2703000000,3922000000,13088000000,11812000000,13.1,None,314.68,248.87
2025-12-28,CB,23.92,58842001000.0,13.1,None,0.522,182.22,319000000,None,512000000,512000000,-1848000000,-792000000,-88000000,8000000,None,None,None,706000000,13000000,310574018,None,10377000000,10377000000,6050000000,None,None,18806000000,None,None,90000000,73000000,3.76,0.012,353000000,353000000,None,0.226,0.7,1475000000,1565000000,6.29,2020-12-31,11.75,2703000000,17085000000.0,2711000000,1301000000,273000000,2703000000,2703000000,None,174000000,None,None,None,None,2120000000,None,None,2418000000,None,None,None,0.256,2544000000,1410000000,1301000000,38120000000,350000000,None,None,None,None,None,None,None,2.261,1.716,2.124,None,None,None,None,None,-190000000,None,0.164,None,None,2025-10-21,quarterly,6.99,USD,post-market,None,4965000000,0.0297,0.136,0.091,147.06,1261000000,2111000000,300000000,2299000000,285.16,292.31,11.1288,62440000000,59737000000,6700000000,50628000000,2703000000,3922000000,13088000000,11812000000,13.1,None,314.68,248.87
2025-12-28,CB,23.92,58842001000.0,13.1,None,0.522,182.22,145000000,None,512000000,512000000,664000000,-4035000000,173000000,None,None,None,None,-104000000,13000000,310574018,None,10377000000,10377000000,6050000000,None,None,18806000000,None,None,90000000,72000000,3.76,0.012,357000000,357000000,None,0.226,0.7,1475000000,1565000000,6.29,2020-09-30,11.75,2703000000,17085000000.0,2711000000,1301000000,273000000,2703000000,2703000000,None,174000000,None,None,None,None,2120000000,None,None,1194000000,None,None,None,0.256,3544000000,1410000000,1301000000,38120000000,350000000,None,None,None,None,None,None,None,2.261,1.716,2.124,None,None,None,None,None,-333000000,None,0.164,None,None,2025-10-21,quarterly,6.99,USD,post-market,None,4965000000,0.0297,0.136,0.091,147.06,1261000000,2111000000,300000000,2299000000,285.16,292.31,11.1288,62440000000,59737000000,6700000000,50628000000,2703000000,3922000000,13088000000,11812000000,13.1,None,314.68,248.87
2025-12-28,CB,23.92,58842001000.0,13.1,None,0.522,182.22,232000000,None,512000000,512000000,-253000000,-1684000000,48000000,None,None,None,None,-826000000,13000000,310574018,None,10377000000,10377000000,6050000000,None,None,18806000000,None,None,90000000,72000000,3.76,0.012,339000000,339000000,None,0.226,0.7,1475000000,1565000000,6.29,2020-06-30,11.75,2703000000,17085000000.0,2711000000,1301000000,273000000,2703000000,2703000000,None,174000000,None,None,None,None,2120000000,None,None,-331000000,None,None,None,0.256,1985000000,1410000000,1301000000,38120000000,350000000,None,None,None,None,None,None,None,2.261,1.716,2.124,None,None,None,None,None,-10000000,None,0.164,None,None,2025-10-21,quarterly,6.99,USD,post-market,None,4965000000,0.0297,0.136,0.091,147.06,1261000000,2111000000,300000000,2299000000,285.16,292.31,11.1288,62440000000,59737000000,6700000000,50628000000,2703000000,3922000000,13088000000,11812000000,13.1,None,314.68,248.87
2025-12-28,CB,23.92,58842001000.0,13.1,None,0.522,182.22,211000000,None,512000000,512000000,-645000000,-1010000000,57000000,None,None,None,None,110000000,13000000,310574018,None,10377000000,10377000000,6050000000,None,None,18806000000,None,None,90000000,73000000,3.76,0.012,339000000,339000000,None,0.226,0.7,1475000000,1565000000,6.29,2020-03-31,11.75,2703000000,17085000000.0,2711000000,1301000000,273000000,2703000000,2703000000,None,174000000,None,None,None,None,2120000000,None,None,252000000,None,None,None,0.256,1712000000,1410000000,1301000000,38120000000,350000000,None,None,None,None,None,None,None,2.261,1.716,2.124,None,None,None,None,None,-323000000,None,0.164,None,None,2025-10-21,quarterly,6.99,USD,post-market,None,4965000000,0.0297,0.136,0.091,147.06,1261000000,2111000000,300000000,2299000000,285.16,292.31,11.1288,62440000000,59737000000,6700000000,50628000000,2703000000,3922000000,13088000000,11812000000,13.1,None,314.68,248.87
2025-12-28,CB,23.92,58842001000.0,13.1,None,0.522,182.22,973000000,None,512000000,512000000,973000000,-2344000000,78000000,20000000,None,None,None,-325000000,13000000,310574018,None,10377000000,10377000000,6050000000,None,None,18806000000,None,None,90000000,76000000,3.76,0.012,340000000,340000000,None,0.226,0.7,1475000000,1565000000,6.29,2019-12-31,11.75,2703000000,17085000000.0,2711000000,1301000000,273000000,2703000000,2703000000,None,174000000,None,None,None,None,2120000000,None,None,1173000000,None,None,None,0.256,1429000000,1410000000,1301000000,38120000000,350000000,None,None,None,None,None,None,None,2.261,1.716,2.124,None,None,None,None,None,-327000000,None,0.164,None,None,2025-10-21,quarterly,6.99,USD,post-market,None,4965000000,0.0297,0.136,0.091,147.06,1261000000,2111000000,300000000,2299000000,285.16,292.31,11.1288,62440000000,59737000000,6700000000,50628000000,2703000000,3922000000,13088000000,11812000000,13.1,None,314.68,248.87
2025-12-28,CB,23.92,58842001000.0,13.1,None,0.522,182.22,193000000,None,512000000,512000000,-693000000,-1274000000,238000000,None,None,None,None,333000000,13000000,310574018,None,10377000000,10377000000,6050000000,None,None,18806000000,None,None,90000000,76000000,3.76,0.012,343000000,343000000,None,0.226,0.7,1475000000,1565000000,6.29,2019-09-30,11.75,2703000000,17085000000.0,2711000000,1301000000,273000000,2703000000,2703000000,None,174000000,None,None,None,None,2120000000,None,None,1091000000,None,None,None,0.256,2205000000,1410000000,1301000000,38120000000,350000000,None,None,None,None,None,None,None,2.261,1.716,2.124,None,None,None,None,None,-462000000,None,0.164,None,None,2025-10-21,quarterly,6.99,USD,post-market,None,4965000000,0.0297,0.136,0.091,147.06,1261000000,2111000000,300000000,2299000000,285.16,292.31,11.1288,62440000000,59737000000,6700000000,50628000000,2703000000,3922000000,13088000000,11812000000,13.1,None,314.68,248.87
2025-12-28,CB,23.92,58842001000.0,13.1,None,0.522,182.22,412000000,None,512000000,512000000,199000000,-1614000000,-29000000,None,None,None,None,-459000000,13000000,310574018,None,10377000000,10377000000,6050000000,None,None,18806000000,None,None,90000000,77000000,3.76,0.012,335000000,335000000,None,0.226,0.7,1475000000,1565000000,6.29,2019-06-30,11.75,2703000000,17085000000.0,2711000000,1301000000,273000000,2703000000,2703000000,None,174000000,None,None,None,None,2120000000,None,None,1150000000,None,None,None,0.256,1386000000,1410000000,1301000000,38120000000,350000000,None,None,None,None,None,None,None,2.261,1.716,2.124,None,None,None,None,None,-374000000,None,0.164,None,None,2025-10-21,quarterly,6.99,USD,post-market,None,4965000000,0.0297,0.136,0.091,147.06,1261000000,2111000000,300000000,2299000000,285.16,292.31,11.1288,62440000000,59737000000,6700000000,50628000000,2703000000,3922000000,13088000000,11812000000,13.1,None,314.68,248.87
2025-12-28,CB,23.92,58842001000.0,13.1,None,0.522,182.22,368000000,None,512000000,512000000,-630000000,-673000000,19000000,None,None,None,None,181000000,13000000,310574018,None,10377000000,10377000000,6050000000,None,None,18806000000,None,None,90000000,76000000,3.76,0.012,336000000,336000000,None,0.226,0.7,1475000000,1565000000,6.29,2019-03-31,11.75,2703000000,17085000000.0,2711000000,1301000000,273000000,2703000000,2703000000,None,174000000,None,None,None,None,2120000000,None,None,1040000000,None,None,None,0.256,1322000000,1410000000,1301000000,38120000000,350000000,None,None,None,None,None,None,None,2.261,1.716,2.124,None,None,None,None,None,-367000000,None,0.164,None,None,2025-10-21,quarterly,6.99,USD,post-market,None,4965000000,0.0297,0.136,0.091,147.06,1261000000,2111000000,300000000,2299000000,285.16,292.31,11.1288,62440000000,59737000000,6700000000,50628000000,2703000000,3922000000,13088000000,11812000000,13.1,None,314.68,248.87
2025-12-28,CB,23.92,58842001000.0,13.1,None,0.522,182.22,743000000,None,512000000,512000000,-567000000,-808000000,143000000,-65000000,None,None,None,222000000,13000000,310574018,None,10377000000,10377000000,6050000000,None,None,18806000000,None,None,90000000,86000000,3.76,0.012,336000000,336000000,None,0.226,0.7,1475000000,1565000000,6.29,2018-12-31,11.75,2703000000,17085000000.0,2711000000,1301000000,273000000,2703000000,2703000000,None,174000000,None,None,None,None,2120000000,None,None,355000000,None,None,None,0.256,1583000000,1410000000,1301000000,38120000000,350000000,None,None,None,None,None,None,None,2.261,1.716,2.124,None,None,None,None,None,-312000000,None,0.164,None,None,2025-10-21,quarterly,6.99,USD,post-market,None,4965000000,0.0297,0.136,0.091,147.06,1261000000,2111000000,300000000,2299000000,285.16,292.31,11.1288,62440000000,59737000000,6700000000,50628000000,2703000000,3922000000,13088000000,11812000000,13.1,None,314.68,248.87
2025-12-28,CB,23.92,58842001000.0,13.1,None,0.522,182.22,330000000,None,512000000,512000000,-775000000,-867000000,58000000,None,0,None,None,131000000,13000000,310574018,None,10377000000,10377000000,6050000000,None,None,18806000000,None,None,90000000,83000000,3.76,0.012,340000000,340000000,None,0.226,0.7,1475000000,1565000000,6.29,2018-09-30,11.75,2703000000,17085000000.0,2711000000,1301000000,273000000,2703000000,2703000000,None,174000000,None,None,None,None,2120000000,None,None,1231000000,None,None,None,0.256,1700000000,1410000000,1301000000,38120000000,350000000,None,None,None,None,None,None,None,2.261,1.716,2.124,None,None,None,None,None,-385000000,None,0.164,None,None,2025-10-21,quarterly,6.99,USD,post-market,None,4965000000,0.0297,0.136,0.091,147.06,1261000000,2111000000,300000000,2299000000,285.16,292.31,11.1288,62440000000,59737000000,6700000000,50628000000,2703000000,3922000000,13088000000,11812000000,13.1,None,314.68,248.87
2025-12-28,CB,23.92,58842001000.0,13.1,None,0.522,182.22,212000000,None,512000000,512000000,-2216000000,-379000000,-949000000,None,0,None,None,-1118000000,13000000,310574018,None,10377000000,10377000000,6050000000,None,None,18806000000,None,None,90000000,85000000,3.76,0.012,331000000,331000000,None,0.226,0.7,1475000000,1565000000,6.29,2018-06-30,11.75,2703000000,17085000000.0,2711000000,1301000000,273000000,2703000000,2703000000,None,174000000,None,None,None,None,2120000000,None,None,1294000000,None,None,None,0.256,1646000000,1410000000,1301000000,38120000000,350000000,None,None,None,None,None,None,None,2.261,1.716,2.124,None,None,None,None,None,-318000000,None,0.164,None,None,2025-10-21,quarterly,6.99,USD,post-market,None,4965000000,0.0297,0.136,0.091,147.06,1261000000,2111000000,300000000,2299000000,285.16,292.31,11.1288,62440000000,59737000000,6700000000,50628000000,2703000000,3922000000,13088000000,11812000000,13.1,None,314.68,248.87
2025-12-28,CB,23.92,58842001000.0,13.1,None,0.522,182.22,201000000,None,512000000,512000000,1567000000,-881000000,1237000000,None,0,None,None,-216000000,13000000,310574018,None,10377000000,10377000000,6050000000,None,None,18806000000,None,None,90000000,85000000,3.76,0.012,330000000,330000000,None,0.226,0.7,1475000000,1565000000,6.29,2018-03-31,11.75,2703000000,17085000000.0,2711000000,1301000000,273000000,2703000000,2703000000,None,174000000,None,None,None,None,2120000000,None,None,1082000000,None,None,None,0.256,551000000,1410000000,1301000000,38120000000,350000000,None,None,None,None,None,None,None,2.261,1.716,2.124,None,None,None,None,None,-29000000,None,0.164,None,None,2025-10-21,quarterly,6.99,USD,post-market,None,4965000000,0.0297,0.136,0.091,147.06,1261000000,2111000000,300000000,2299000000,285.16,292.31,11.1288,62440000000,59737000000,6700000000,50628000000,2703000000,3922000000,13088000000,11812000000,13.1,None,314.68,248.87
2025-12-28,CB,23.92,58842001000.0,13.1,None,0.522,182.22,0,None,512000000,512000000,-349000000,-1099000000,-360000000,-4000000,0,None,None,28000000,13000000,310574018,None,10377000000,10377000000,6050000000,None,None,18806000000,None,None,90000000,260000000,3.76,0.012,330000000,330000000,None,0.226,0.7,1475000000,1565000000,6.29,2017-12-31,11.75,2703000000,17085000000.0,2711000000,1301000000,273000000,2703000000,2703000000,None,174000000,None,None,None,None,2120000000,None,None,1533000000,None,None,None,0.256,1092000000,1410000000,1301000000,38120000000,350000000,None,None,None,None,None,None,None,2.261,1.716,2.124,None,None,None,None,None,-94000000,None,0.164,None,None,2025-10-21,quarterly,6.99,USD,post-market,None,4965000000,0.0297,0.136,0.091,147.06,1261000000,2111000000,300000000,2299000000,285.16,292.31,11.1288,62440000000,59737000000,6700000000,50628000000,2703000000,3922000000,13088000000,11812000000,13.1,None,314.68,248.87
2025-12-28,CB,23.92,58842001000.0,13.1,None,0.522,182.22,0,None,512000000,512000000,-527000000,-1464000000,-209000000,-6000000,0,None,None,361000000,13000000,310574018,None,10377000000,10377000000,6050000000,None,None,18806000000,None,None,90000000,65000000,3.76,0.012,332000000,332000000,None,0.226,0.7,1475000000,1565000000,6.29,2017-09-30,11.75,2703000000,17085000000.0,2711000000,1301000000,273000000,2703000000,2703000000,None,174000000,None,None,None,None,2120000000,None,None,-70000000,None,None,None,0.256,1771000000,1410000000,1301000000,38120000000,350000000,None,None,None,None,None,None,None,2.261,1.716,2.124,None,None,None,None,None,-232000000,None,0.164,None,None,2025-10-21,quarterly,6.99,USD,post-market,None,4965000000,0.0297,0.136,0.091,147.06,1261000000,2111000000,300000000,2299000000,285.16,292.31,11.1288,62440000000,59737000000,6700000000,50628000000,2703000000,3922000000,13088000000,11812000000,13.1,None,314.68,248.87
2025-12-28,CB,23.92,58842001000.0,13.1,None,0.522,182.22,0,None,512000000,512000000,-585000000,189000000,234000000,28000000,0,None,None,-663000000,13000000,310574018,None,10377000000,10377000000,6050000000,None,None,18806000000,None,None,90000000,65000000,3.76,0.012,322000000,322000000,None,0.226,0.7,1475000000,1565000000,6.29,2017-06-30,11.75,2703000000,17085000000.0,2711000000,1301000000,273000000,2703000000,2703000000,None,174000000,None,None,None,None,2120000000,None,None,1305000000,None,None,None,0.256,627000000,1410000000,1301000000,38120000000,350000000,None,None,None,None,None,None,None,2.261,1.716,2.124,None,None,None,None,None,-347000000,None,0.164,None,None,2025-10-21,quarterly,6.99,USD,post-market,None,4965000000,0.0297,0.136,0.091,147.06,1261000000,2111000000,300000000,2299000000,285.16,292.31,11.1288,62440000000,59737000000,6700000000,50628000000,2703000000,3922000000,13088000000,11812000000,13.1,None,314.68,248.87
2025-12-28,CB,23.92,58842001000.0,13.1,None,0.522,182.22,0,None,512000000,512000000,-858000000,-66000000,78000000,-17000000,0,None,None,-51000000,13000000,310574018,None,10377000000,10377000000,6050000000,None,None,18806000000,None,None,90000000,64000000,3.76,0.012,324000000,324000000,None,0.226,0.7,1475000000,1565000000,6.29,2017-03-31,11.75,2703000000,17085000000.0,2711000000,1301000000,273000000,2703000000,2703000000,None,174000000,None,None,None,None,2120000000,None,None,1093000000,None,None,None,0.256,1013000000,1410000000,1301000000,38120000000,350000000,None,None,None,None,None,None,None,2.261,1.716,2.124,None,None,None,None,None,-128000000,None,0.164,None,None,2025-10-21,quarterly,6.99,USD,post-market,None,4965000000,0.0297,0.136,0.091,147.06,1261000000,2111000000,300000000,2299000000,285.16,292.31,11.1288,62440000000,59737000000,6700000000,50628000000,2703000000,3922000000,13088000000,11812000000,13.1,None,314.68,248.87
2025-12-28,CB,23.92,58842001000.0,13.1,None,0.522,182.22,0,None,512000000,512000000,-232000000,-1041000000,115000000,-67000000,0,None,None,-430000000,13000000,310574018,None,10377000000,10377000000,6050000000,None,None,18806000000,None,None,90000000,144000000,3.76,0.012,322000000,322000000,None,0.226,0.7,1475000000,1565000000,6.29,2016-12-31,11.75,2703000000,17085000000.0,2711000000,1301000000,273000000,2703000000,2703000000,None,174000000,None,None,None,None,2120000000,None,None,1610000000,None,None,None,0.256,1455000000,1410000000,1301000000,38120000000,350000000,None,None,None,None,None,None,None,2.261,1.716,2.124,None,None,None,None,None,50000000,None,0.164,None,None,2025-10-21,quarterly,6.99,USD,post-market,None,4965000000,0.0297,0.136,0.091,147.06,1261000000,2111000000,300000000,2299000000,285.16,292.31,11.1288,62440000000,59737000000,6700000000,50628000000,2703000000,3922000000,13088000000,11812000000,13.1,None,314.68,248.87
2025-12-28,CB,23.92,58842001000.0,13.1,None,0.522,182.22,0,None,512000000,512000000,-241000000,-1602000000,-141000000,18000000,0,None,None,58000000,13000000,310574018,None,10377000000,10377000000,6050000000,None,None,18806000000,None,None,90000000,320000000,3.76,0.012,321000000,321000000,None,0.226,0.7,1475000000,1565000000,6.29,2016-09-30,11.75,2703000000,17085000000.0,2711000000,1301000000,273000000,2703000000,2703000000,None,174000000,None,None,None,None,2120000000,None,None,1360000000,None,None,None,0.256,1684000000,1410000000,1301000000,38120000000,350000000,None,None,None,None,None,None,None,2.261,1.716,2.124,None,None,None,None,None,25000000,None,0.164,None,None,2025-10-21,quarterly,6.99,USD,post-market,None,4965000000,0.0297,0.136,0.091,147.06,1261000000,2111000000,300000000,2299000000,285.16,292.31,11.1288,62440000000,59737000000,6700000000,50628000000,2703000000,3922000000,13088000000,11812000000,13.1,None,314.68,248.87
2025-12-28,CB,23.92,58842001000.0,13.1,None,0.522,182.22,0,None,512000000,512000000,-167000000,-1057000000,-80000000,11000000,0,None,None,-841000000,13000000,310574018,None,10377000000,10377000000,6050000000,None,None,18806000000,None,None,90000000,525000000,3.76,0.012,312000000,312000000,None,0.226,0.7,1475000000,1565000000,6.29,2016-06-30,11.75,2703000000,17085000000.0,2711000000,1301000000,273000000,2703000000,2703000000,None,174000000,None,None,None,None,2120000000,None,None,726000000,None,None,None,0.256,1133000000,1410000000,1301000000,38120000000,350000000,None,None,None,None,None,None,None,2.261,1.716,2.124,None,None,None,None,None,41000000,None,0.164,None,None,2025-10-21,quarterly,6.99,USD,post-market,None,4965000000,0.0297,0.136,0.091,147.06,1261000000,2111000000,300000000,2299000000,285.16,292.31,11.1288,62440000000,59737000000,6700000000,50628000000,2703000000,3922000000,13088000000,11812000000,13.1,None,314.68,248.87
2025-12-28,CB,23.92,58842001000.0,13.1,None,0.522,182.22,0,None,512000000,512000000,-102000000,-1615000000,-684000000,13000000,0,None,None,615000000,13000000,310574018,None,10377000000,10377000000,6050000000,None,None,18806000000,None,None,90000000,570000000,3.76,0.012,218000000,218000000,None,0.226,0.7,1475000000,1565000000,6.29,2016-03-31,11.75,2703000000,17085000000.0,2711000000,1301000000,273000000,2703000000,2703000000,None,174000000,None,None,None,None,2120000000,None,None,439000000,None,None,None,0.256,1020000000,1410000000,1301000000,38120000000,350000000,None,None,None,None,None,None,None,2.261,1.716,2.124,None,None,None,None,None,51000000,None,0.164,None,None,2025-10-21,quarterly,6.99,USD,post-market,None,4965000000,0.0297,0.136,0.091,147.06,1261000000,2111000000,300000000,2299000000,285.16,292.31,11.1288,62440000000,59737000000,6700000000,50628000000,2703000000,3922000000,13088000000,11812000000,13.1,None,314.68,248.87
2025-12-28,CB,23.92,58842001000.0,13.1,None,0.522,182.22,0,None,512000000,512000000,4472000000,-4869000000,737000000,-31000000,0,None,None,-98000000,13000000,310574018,None,10377000000,10377000000,6050000000,None,None,18806000000,None,None,90000000,35000000,3.76,0.012,218000000,218000000,None,0.226,0.7,1475000000,1565000000,6.29,2015-12-31,11.75,2703000000,17085000000.0,2711000000,1301000000,273000000,2703000000,2703000000,None,174000000,None,None,None,None,2120000000,None,None,683000000,None,None,None,0.256,1165000000,1410000000,1301000000,38120000000,350000000,None,None,None,None,None,None,None,2.261,1.716,2.124,None,None,None,None,None,42000000,None,0.164,None,None,2025-10-21,quarterly,6.99,USD,post-market,None,4965000000,0.0297,0.136,0.091,147.06,1261000000,2111000000,300000000,2299000000,285.16,292.31,11.1288,62440000000,59737000000,6700000000,50628000000,2703000000,3922000000,13088000000,11812000000,13.1,None,314.68,248.87
2025-12-28,CB,23.92,58842001000.0,13.1,None,0.522,182.22,0,None,512000000,512000000,-118000000,-405000000,248000000,-37000000,0,None,None,426000000,13000000,310574018,None,10377000000,10377000000,6050000000,None,None,18806000000,None,None,90000000,51000000,3.76,0.012,217000000,217000000,None,0.226,0.7,1475000000,1565000000,6.29,2015-09-30,11.75,2703000000,17085000000.0,2711000000,1301000000,273000000,2703000000,2703000000,None,174000000,None,None,None,None,2120000000,None,None,528000000,None,None,None,0.256,808000000,1410000000,1301000000,38120000000,350000000,None,None,None,None,None,None,None,2.261,1.716,2.124,None,None,None,None,None,-8000000,None,0.164,None,None,2025-10-21,quarterly,6.99,USD,post-market,None,4965000000,0.0297,0.136,0.091,147.06,1261000000,2111000000,300000000,2299000000,285.16,292.31,11.1288,62440000000,59737000000,6700000000,50628000000,2703000000,3922000000,13088000000,11812000000,13.1,None,314.68,248.87
2025-12-28,CB,23.92,58842001000.0,13.1,None,0.522,182.22,0,None,512000000,512000000,-992000000,-1020000000,-158000000,18000000,0,None,None,-801000000,13000000,310574018,None,10377000000,10377000000,6050000000,None,None,18806000000,None,None,90000000,55000000,3.76,0.012,213000000,213000000,None,0.226,0.7,1475000000,1565000000,6.29,2015-06-30,11.75,2703000000,17085000000.0,2711000000,1301000000,273000000,2703000000,2703000000,None,174000000,None,None,None,None,2120000000,None,None,942000000,None,None,None,0.256,816000000,1410000000,1301000000,38120000000,350000000,None,None,None,None,None,None,None,2.261,1.716,2.124,None,None,None,None,None,-403000000,None,0.164,None,None,2025-10-21,quarterly,6.99,USD,post-market,None,4965000000,0.0297,0.136,0.091,147.06,1261000000,2111000000,300000000,2299000000,285.16,292.31,11.1288,62440000000,59737000000,6700000000,50628000000,2703000000,3922000000,13088000000,11812000000,13.1,None,314.68,248.87
2025-12-28,CB,23.92,58842001000.0,13.1,None,0.522,182.22,0,None,512000000,512000000,333000000,-1020000000,293000000,-95000000,0,None,None,208000000,13000000,310574018,None,10377000000,10377000000,6050000000,None,None,18806000000,None,None,90000000,30000000,3.76,0.012,214000000,214000000,None,0.226,0.7,1475000000,1565000000,6.29,2015-03-31,11.75,2703000000,17085000000.0,2711000000,1301000000,273000000,2703000000,2703000000,None,174000000,None,None,None,None,2120000000,None,None,681000000,None,None,None,0.256,1075000000,1410000000,1301000000,38120000000,350000000,None,None,None,None,None,None,None,2.261,1.716,2.124,None,None,None,None,None,-347000000,None,0.164,None,None,2025-10-21,quarterly,6.99,USD,post-market,None,4965000000,0.0297,0.136,0.091,147.06,1261000000,2111000000,300000000,2299000000,285.16,292.31,11.1288,62440000000,59737000000,6700000000,50628000000,2703000000,3922000000,13088000000,11812000000,13.1,None,314.68,248.87
2025-12-28,CB,23.92,58842001000.0,13.1,None,0.522,182.22,0,None,512000000,512000000,-537000000,-816000000,-151000000,-72000000,0,None,None,-326000000,13000000,310574018,None,10377000000,10377000000,6050000000,None,None,18806000000,None,None,90000000,30000000,3.76,0.012,216000000,216000000,None,0.226,0.7,1475000000,1565000000,6.29,2014-12-31,11.75,2703000000,17085000000.0,2711000000,1301000000,273000000,2703000000,2703000000,None,174000000,None,None,None,None,2120000000,None,None,555000000,None,None,None,0.256,1274000000,1410000000,1301000000,38120000000,350000000,None,None,None,None,None,None,None,2.261,1.716,2.124,None,None,None,None,None,-422000000,None,0.164,None,None,2025-10-21,quarterly,6.99,USD,post-market,None,4965000000,0.0297,0.136,0.091,147.06,1261000000,2111000000,300000000,2299000000,285.16,292.31,11.1288,62440000000,59737000000,6700000000,50628000000,2703000000,3922000000,13088000000,11812000000,13.1,None,314.68,248.87
2025-12-28,CB,23.92,58842001000.0,13.1,None,0.522,182.22,0,None,512000000,512000000,-615000000,-229000000,212000000,-70000000,0,None,None,183000000,13000000,310574018,None,10377000000,10377000000,6050000000,None,None,18806000000,None,None,90000000,27000000,3.76,0.012,218000000,218000000,None,0.226,0.7,1475000000,1565000000,6.29,2014-09-30,11.75,2703000000,17085000000.0,2711000000,1301000000,273000000,2703000000,2703000000,None,174000000,None,None,None,None,2120000000,None,None,785000000,None,None,None,0.256,1126000000,1410000000,1301000000,38120000000,350000000,None,None,None,None,None,None,None,2.261,1.716,2.124,None,None,None,None,None,-450000000,None,0.164,None,None,2025-10-21,quarterly,6.99,USD,post-market,None,4965000000,0.0297,0.136,0.091,147.06,1261000000,2111000000,300000000,2299000000,285.16,292.31,11.1288,62440000000,59737000000,6700000000,50628000000,2703000000,3922000000,13088000000,11812000000,13.1,None,314.68,248.87
2025-12-28,CB,23.92,58842001000.0,13.1,None,0.522,182.22,0,None,512000000,512000000,-153000000,-956000000,-253000000,10000000,0,None,None,-627000000,13000000,310574018,None,10377000000,10377000000,6050000000,None,None,18806000000,None,None,90000000,30000000,3.76,0.012,214000000,214000000,None,0.226,0.7,1475000000,1565000000,6.29,2014-06-30,11.75,2703000000,17085000000.0,2711000000,1301000000,273000000,2703000000,2703000000,None,174000000,None,None,None,None,2120000000,None,None,779000000,None,None,None,0.256,846000000,1410000000,1301000000,38120000000,350000000,None,None,None,None,None,None,None,2.261,1.716,2.124,None,None,None,None,None,-222000000,None,0.164,None,None,2025-10-21,quarterly,6.99,USD,post-market,None,4965000000,0.0297,0.136,0.091,147.06,1261000000,2111000000,300000000,2299000000,285.16,292.31,11.1288,62440000000,59737000000,6700000000,50628000000,2703000000,3922000000,13088000000,11812000000,13.1,None,314.68,248.87
2025-12-28,CB,23.92,58842001000.0,13.1,None,0.522,182.22,0,None,512000000,512000000,-472000000,-503000000,268000000,-7000000,0,None,None,212000000,13000000,310574018,None,10377000000,10377000000,6050000000,None,None,18806000000,None,None,90000000,21000000,3.76,0.012,214000000,214000000,None,0.226,0.7,1475000000,1565000000,6.29,2014-03-31,11.75,2703000000,17085000000.0,2711000000,1301000000,273000000,2703000000,2703000000,None,174000000,None,None,None,None,2120000000,None,None,734000000,None,None,None,0.256,1250000000,1410000000,1301000000,38120000000,350000000,None,None,None,None,None,None,None,2.261,1.716,2.124,None,None,None,None,None,-335000000,None,0.164,None,None,2025-10-21,quarterly,6.99,USD,post-market,None,4965000000,0.0297,0.136,0.091,147.06,1261000000,2111000000,300000000,2299000000,285.16,292.31,11.1288,62440000000,59737000000,6700000000,50628000000,2703000000,3922000000,13088000000,11812000000,13.1,None,314.68,248.87
2025-12-28,CB,23.92,58842001000.0,13.1,None,0.522,182.22,0,None,512000000,512000000,-161000000,-1303000000,-189000000,-11000000,0,None,None,71000000,13000000,310574018,None,10377000000,10377000000,6050000000,None,None,18806000000,None,None,90000000,27000000,3.76,0.012,174000000,174000000,None,0.226,0.7,1475000000,1565000000,6.29,2013-12-31,11.75,2703000000,17085000000.0,2711000000,1301000000,273000000,2703000000,2703000000,None,174000000,None,None,None,None,2120000000,None,None,998000000,None,None,None,0.256,1286000000,1410000000,1301000000,38120000000,350000000,None,None,None,None,None,None,None,2.261,1.716,2.124,None,None,None,None,None,-54000000,None,0.164,None,None,2025-10-21,quarterly,6.99,USD,post-market,None,4965000000,0.0297,0.136,0.091,147.06,1261000000,2111000000,300000000,2299000000,285.16,292.31,11.1288,62440000000,59737000000,6700000000,50628000000,2703000000,3922000000,13088000000,11812000000,13.1,None,314.68,248.87
2025-12-28,CB,23.92,58842001000.0,13.1,None,0.522,182.22,0,None,512000000,512000000,-106000000,-763000000,89000000,30000000,0,None,None,64000000,13000000,310574018,None,10377000000,10377000000,6050000000,None,None,18806000000,None,None,90000000,30000000,3.76,0.012,174000000,174000000,None,0.226,0.7,1475000000,1565000000,6.29,2013-09-30,11.75,2703000000,17085000000.0,2711000000,1301000000,273000000,2703000000,2703000000,None,174000000,None,None,None,None,2120000000,None,None,916000000,None,None,None,0.256,928000000,1410000000,1301000000,38120000000,350000000,None,None,None,None,None,None,None,2.261,1.716,2.124,None,None,None,None,None,-21000000,None,0.164,None,None,2025-10-21,quarterly,6.99,USD,post-market,None,4965000000,0.0297,0.136,0.091,147.06,1261000000,2111000000,300000000,2299000000,285.16,292.31,11.1288,62440000000,59737000000,6700000000,50628000000,2703000000,3922000000,13088000000,11812000000,13.1,None,314.68,248.87
2025-12-28,CB,23.92,58842001000.0,13.1,None,0.522,182.22,0,None,512000000,512000000,-155000000,-910000000,-176000000,-6000000,0,None,None,-687000000,13000000,310574018,None,10377000000,10377000000,6050000000,None,None,18806000000,None,None,90000000,23000000,3.76,0.012,167000000,167000000,None,0.226,0.7,1475000000,1565000000,6.29,2013-06-30,11.75,2703000000,17085000000.0,2711000000,1301000000,273000000,2703000000,2703000000,None,174000000,None,None,None,None,2120000000,None,None,891000000,None,None,None,0.256,895000000,1410000000,1301000000,38120000000,350000000,None,None,None,None,None,None,None,2.261,1.716,2.124,None,None,None,None,None,-58000000,None,0.164,None,None,2025-10-21,quarterly,6.99,USD,post-market,None,4965000000,0.0297,0.136,0.091,147.06,1261000000,2111000000,300000000,2299000000,285.16,292.31,11.1288,62440000000,59737000000,6700000000,50628000000,2703000000,3922000000,13088000000,11812000000,13.1,None,314.68,248.87
2025-12-28,CB,23.92,58842001000.0,13.1,None,0.522,182.22,0,None,512000000,512000000,813000000,-1466000000,240000000,-20000000,0,None,None,-103000000,13000000,310574018,None,10377000000,10377000000,6050000000,None,None,18806000000,None,None,90000000,15000000,3.76,0.012,2000000,2000000,None,0.226,0.7,1475000000,1565000000,6.29,2013-03-31,11.75,2703000000,17085000000.0,2711000000,1301000000,273000000,2703000000,2703000000,None,174000000,None,None,None,None,2120000000,None,None,953000000,None,None,None,0.256,913000000,1410000000,1301000000,38120000000,350000000,None,None,None,None,None,None,None,2.261,1.716,2.124,None,None,None,None,None,-154000000,None,0.164,None,None,2025-10-21,quarterly,6.99,USD,post-market,None,4965000000,0.0297,0.136,0.091,147.06,1261000000,2111000000,300000000,2299000000,285.16,292.31,11.1288,62440000000,59737000000,6700000000,50628000000,2703000000,3922000000,13088000000,11812000000,13.1,None,314.68,248.87
2025-12-28,CB,23.92,58842001000.0,13.1,None,0.522,182.22,0,None,512000000,512000000,-279000000,-757000000,-75000000,-9000000,0,None,None,1155000000,13000000,310574018,None,10377000000,10377000000,6050000000,None,None,18806000000,None,None,90000000,15000000,3.76,0.012,331000000,331000000,None,0.226,0.7,1475000000,1565000000,6.29,2012-12-31,11.75,2703000000,17085000000.0,2711000000,1301000000,273000000,2703000000,2703000000,None,174000000,None,None,None,None,2120000000,None,None,765000000,None,None,None,0.256,970000000,1410000000,1301000000,38120000000,350000000,None,None,None,None,None,None,None,2.261,1.716,2.124,None,None,None,None,None,53000000,None,0.164,None,None,2025-10-21,quarterly,6.99,USD,post-market,None,4965000000,0.0297,0.136,0.091,147.06,1261000000,2111000000,300000000,2299000000,285.16,292.31,11.1288,62440000000,59737000000,6700000000,50628000000,2703000000,3922000000,13088000000,11812000000,13.1,None,314.68,248.87
2025-12-28,CB,23.92,58842001000.0,13.1,None,0.522,182.22,0,None,512000000,512000000,-148000000,-1432000000,73000000,11000000,0,None,None,-109000000,13000000,310574018,None,10377000000,10377000000,6050000000,None,None,18806000000,None,None,90000000,58000000,3.76,0.012,166000000,166000000,None,0.226,0.7,1475000000,1565000000,6.29,2012-09-30,11.75,2703000000,17085000000.0,2711000000,1301000000,273000000,2703000000,2703000000,None,174000000,None,None,None,None,2120000000,None,None,640000000,None,None,None,0.256,1642000000,1410000000,1301000000,38120000000,350000000,None,None,None,None,None,None,None,2.261,1.716,2.124,None,None,None,None,None,18000000,None,0.164,None,None,2025-10-21,quarterly,6.99,USD,post-market,None,4965000000,0.0297,0.136,0.091,147.06,1261000000,2111000000,300000000,2299000000,285.16,292.31,11.1288,62440000000,59737000000,6700000000,50628000000,2703000000,3922000000,13088000000,11812000000,13.1,None,314.68,248.87
2025-12-28,CB,23.92,58842001000.0,13.1,None,0.522,182.22,0,None,512000000,512000000,-262000000,-635000000,-98000000,-12000000,0,None,None,-892000000,13000000,310574018,None,10377000000,10377000000,6050000000,None,None,18806000000,None,None,90000000,58000000,3.76,0.012,159000000,159000000,None,0.226,0.7,1475000000,1565000000,6.29,2012-06-30,11.75,2703000000,17085000000.0,2711000000,1301000000,273000000,2703000000,2703000000,None,174000000,None,None,None,None,2120000000,None,None,328000000,None,None,None,0.256,811000000,1410000000,1301000000,38120000000,350000000,None,None,None,None,None,None,None,2.261,1.716,2.124,None,None,None,None,None,33000000,None,0.164,None,None,2025-10-21,quarterly,6.99,USD,post-market,None,4965000000,0.0297,0.136,0.091,147.06,1261000000,2111000000,300000000,2299000000,285.16,292.31,11.1288,62440000000,59737000000,6700000000,50628000000,2703000000,3922000000,13088000000,11812000000,13.1,None,314.68,248.87
2025-12-28,CB,23.92,58842001000.0,13.1,None,0.522,182.22,0,None,512000000,512000000,139000000,-615000000,101000000,5000000,0,None,None,58000000,13000000,310574018,None,10377000000,10377000000,6050000000,None,None,18806000000,None,None,90000000,45000000,3.76,0.012,159000000,159000000,None,0.226,0.7,1475000000,1565000000,6.29,2012-03-31,11.75,2703000000,17085000000.0,2711000000,1301000000,273000000,2703000000,2703000000,None,174000000,None,None,None,None,2120000000,None,None,973000000,None,None,None,0.256,572000000,1410000000,1301000000,38120000000,350000000,None,None,None,None,None,None,None,2.261,1.716,2.124,None,None,None,None,None,-11000000,None,0.164,None,None,2025-10-21,quarterly,6.99,USD,post-market,None,4965000000,0.0297,0.136,0.091,147.06,1261000000,2111000000,300000000,2299000000,285.16,292.31,11.1288,62440000000,59737000000,6700000000,50628000000,2703000000,3922000000,13088000000,11812000000,13.1,None,314.68,248.87
2025-12-28,CB,23.92,58842001000.0,13.1,None,0.522,182.22,986000000,None,512000000,512000000,-87000000,-506000000,-152000000,-31000000,0,None,None,1372000000,13000000,310574018,None,10377000000,10377000000,6050000000,None,None,18806000000,None,None,90000000,-133000000,3.76,0.012,117000000,117000000,None,0.226,0.7,1475000000,1565000000,6.29,2011-12-31,11.75,2703000000,17085000000.0,2711000000,1301000000,273000000,2703000000,2703000000,None,174000000,None,None,None,None,2120000000,None,None,750000000,None,None,None,0.256,472000000,1410000000,1301000000,38120000000,350000000,None,None,None,None,None,None,None,2.261,1.716,2.124,None,None,None,None,None,-27000000,None,0.164,None,None,2025-10-21,quarterly,6.99,USD,post-market,None,4965000000,0.0297,0.136,0.091,147.06,1261000000,2111000000,300000000,2299000000,285.16,292.31,11.1288,62440000000,59737000000,6700000000,50628000000,2703000000,3922000000,13088000000,11812000000,13.1,None,314.68,248.87
2025-12-28,CB,23.92,58842001000.0,13.1,None,0.522,182.22,0,None,512000000,512000000,-363000000,-631000000,-67000000,-8000000,0,None,None,-421000000,13000000,310574018,None,10377000000,10377000000,6050000000,None,None,18806000000,None,None,90000000,42000000,3.76,0.012,119000000,119000000,None,0.226,0.7,1475000000,1565000000,6.29,2011-09-30,11.75,2703000000,17085000000.0,2711000000,1301000000,273000000,2703000000,2703000000,None,174000000,None,None,None,None,2120000000,None,None,-39000000,None,None,None,0.256,935000000,1410000000,1301000000,38120000000,350000000,None,None,None,None,None,None,None,2.261,1.716,2.124,None,None,None,None,None,-100000000,None,0.164,None,None,2025-10-21,quarterly,6.99,USD,post-market,None,4965000000,0.0297,0.136,0.091,147.06,1261000000,2111000000,300000000,2299000000,285.16,292.31,11.1288,62440000000,59737000000,6700000000,50628000000,2703000000,3922000000,13088000000,11812000000,13.1,None,314.68,248.87
2025-12-28,CB,23.92,58842001000.0,13.1,None,0.522,182.22,0,None,512000000,512000000,-78000000,-1268000000,-282000000,4000000,0,None,None,-971000000,13000000,310574018,None,10377000000,10377000000,6050000000,None,None,18806000000,None,None,90000000,34000000,3.76,0.012,111000000,111000000,None,0.226,0.7,1475000000,1565000000,6.29,2011-06-30,11.75,2703000000,17085000000.0,2711000000,1301000000,273000000,2703000000,2703000000,None,174000000,None,None,None,None,2120000000,None,None,594000000,None,None,None,0.256,1060000000,1410000000,1301000000,38120000000,350000000,None,None,None,None,None,None,None,2.261,1.716,2.124,None,None,None,None,None,-43000000,None,0.164,None,None,2025-10-21,quarterly,6.99,USD,post-market,None,4965000000,0.0297,0.136,0.091,147.06,1261000000,2111000000,300000000,2299000000,285.16,292.31,11.1288,62440000000,59737000000,6700000000,50628000000,2703000000,3922000000,13088000000,11812000000,13.1,None,314.68,248.87
2025-12-28,CB,23.92,58842001000.0,13.1,None,0.522,182.22,0,None,512000000,512000000,-37000000,-631000000,343000000,8000000,0,None,None,237000000,13000000,310574018,None,10377000000,10377000000,6050000000,None,None,18806000000,None,None,90000000,29000000,3.76,0.012,112000000,112000000,None,0.226,0.7,1475000000,1565000000,6.29,2011-03-31,11.75,2703000000,17085000000.0,2711000000,1301000000,273000000,2703000000,2703000000,None,174000000,None,None,None,None,2120000000,None,None,250000000,None,None,None,0.256,1003000000,1410000000,1301000000,38120000000,350000000,None,None,None,None,None,None,None,2.261,1.716,2.124,None,None,None,None,None,-68000000,None,0.164,None,None,2025-10-21,quarterly,6.99,USD,post-market,None,4965000000,0.0297,0.136,0.091,147.06,1261000000,2111000000,300000000,2299000000,285.16,292.31,11.1288,62440000000,59737000000,6700000000,50628000000,2703000000,3922000000,13088000000,11812000000,13.1,None,314.68,248.87
2025-12-28,CB,23.92,58842001000.0,13.1,None,0.522,182.22,0,None,512000000,512000000,1014000000,-1513000000,285000000,13000000,0,None,None,192000000,13000000,310574018,None,10377000000,10377000000,6050000000,None,None,18806000000,None,None,90000000,42000000,3.76,0.012,112000000,112000000,None,0.226,0.7,1475000000,1565000000,6.29,2010-12-31,11.75,2703000000,17085000000.0,2711000000,1301000000,273000000,2703000000,2703000000,None,174000000,None,None,None,None,2120000000,None,None,1001000000,None,None,None,0.256,771000000,1410000000,1301000000,38120000000,350000000,None,None,None,None,None,None,None,2.261,1.716,2.124,None,None,None,None,None,-213000000,None,0.164,None,None,2025-10-21,quarterly,6.99,USD,post-market,None,4965000000,0.0297,0.136,0.091,147.06,1261000000,2111000000,300000000,2299000000,285.16,292.31,11.1288,62440000000,59737000000,6700000000,50628000000,2703000000,3922000000,13088000000,11812000000,13.1,None,314.68,248.87
2025-12-28,CB,23.92,58842001000.0,13.1,None,0.522,182.22,0,None,512000000,512000000,-91000000,-1201000000,-181000000,27000000,0,None,None,572000000,13000000,310574018,None,10377000000,10377000000,6050000000,None,None,18806000000,None,None,90000000,42000000,3.76,0.012,113000000,113000000,None,0.226,0.7,1475000000,1565000000,6.29,2010-09-30,11.75,2703000000,17085000000.0,2711000000,1301000000,273000000,2703000000,2703000000,None,174000000,None,None,None,None,2120000000,None,None,675000000,None,None,None,0.256,1084000000,1410000000,1301000000,38120000000,350000000,None,None,None,None,None,None,None,2.261,1.716,2.124,None,None,None,None,None,22000000,None,0.164,None,None,2025-10-21,quarterly,6.99,USD,post-market,None,4965000000,0.0297,0.136,0.091,147.06,1261000000,2111000000,300000000,2299000000,285.16,292.31,11.1288,62440000000,59737000000,6700000000,50628000000,2703000000,3922000000,13088000000,11812000000,13.1,None,314.68,248.87
2025-12-28,CB,23.92,58842001000.0,13.1,None,0.522,182.22,0,None,512000000,512000000,-98000000,-801000000,-58000000,-27000000,0,None,None,-662000000,13000000,310574018,None,10377000000,10377000000,6050000000,None,None,18806000000,None,None,90000000,31000000,3.76,0.012,105000000,105000000,None,0.226,0.7,1475000000,1565000000,6.29,2010-06-30,11.75,2703000000,17085000000.0,2711000000,1301000000,273000000,2703000000,2703000000,None,174000000,None,None,None,None,2120000000,None,None,677000000,None,None,None,0.256,868000000,1410000000,1301000000,38120000000,350000000,None,None,None,None,None,None,None,2.261,1.716,2.124,None,None,None,None,None,12000000,None,0.164,None,None,2025-10-21,quarterly,6.99,USD,post-market,None,4965000000,0.0297,0.136,0.091,147.06,1261000000,2111000000,300000000,2299000000,285.16,292.31,11.1288,62440000000,59737000000,6700000000,50628000000,2703000000,3922000000,13088000000,11812000000,13.1,None,314.68,248.87
2025-12-28,CB,23.92,58842001000.0,13.1,None,0.522,182.22,0,None,512000000,512000000,-93000000,-666000000,57000000,-7000000,0,None,None,-65000000,13000000,310574018,None,10377000000,10377000000,6050000000,None,None,18806000000,None,None,90000000,30000000,3.76,0.012,105000000,105000000,None,0.226,0.7,1475000000,1565000000,6.29,2010-03-31,11.75,2703000000,17085000000.0,2711000000,1301000000,273000000,2703000000,2703000000,None,174000000,None,None,None,None,2120000000,None,None,755000000,None,None,None,0.256,823000000,1410000000,1301000000,38120000000,350000000,None,None,None,None,None,None,None,2.261,1.716,2.124,None,None,None,None,None,7000000,None,0.164,None,None,2025-10-21,quarterly,6.99,USD,post-market,None,4965000000,0.0297,0.136,0.091,147.06,1261000000,2111000000,300000000,2299000000,285.16,292.31,11.1288,62440000000,59737000000,6700000000,50628000000,2703000000,3922000000,13088000000,11812000000,13.1,None,314.68,248.87
2025-12-28,CB,23.92,58842001000.0,13.1,None,0.522,182.22,0,None,512000000,512000000,-291000000,-787000000,None,None,0,None,None,None,13000000,310574018,None,10377000000,10377000000,6050000000,None,None,18806000000,None,None,90000000,0,3.76,0.012,105000000,105000000,None,0.226,0.7,1475000000,1565000000,6.29,2009-12-31,11.75,2703000000,17085000000.0,2711000000,1301000000,273000000,2703000000,2703000000,None,174000000,None,None,None,None,2120000000,None,None,953000000,None,None,None,0.256,1003000000,1410000000,1301000000,38120000000,350000000,None,None,None,None,None,None,None,2.261,1.716,2.124,None,None,None,None,None,0,None,0.164,None,None,2025-10-21,quarterly,6.99,USD,post-market,None,4965000000,0.0297,0.136,0.091,147.06,1261000000,2111000000,300000000,2299000000,285.16,292.31,11.1288,62440000000,59737000000,6700000000,50628000000,2703000000,3922000000,13088000000,11812000000,13.1,None,314.68,248.87
2025-12-28,CB,23.92,58842001000.0,13.1,None,0.522,182.22,0,None,512000000,512000000,-115000000,-822000000,None,None,0,None,None,None,13000000,310574018,None,10377000000,10377000000,6050000000,None,None,18806000000,None,None,90000000,0,3.76,0.012,104000000,104000000,None,0.226,0.7,1475000000,1565000000,6.29,2009-09-30,11.75,2703000000,17085000000.0,2711000000,1301000000,273000000,2703000000,2703000000,None,174000000,None,None,None,None,2120000000,None,None,494000000,None,None,None,0.256,1010000000,1410000000,1301000000,38120000000,350000000,None,None,None,None,None,None,None,2.261,1.716,2.124,None,None,None,None,None,0,None,0.164,None,None,2025-10-21,quarterly,6.99,USD,post-market,None,4965000000,0.0297,0.136,0.091,147.06,1261000000,2111000000,300000000,2299000000,285.16,292.31,11.1288,62440000000,59737000000,6700000000,50628000000,2703000000,3922000000,13088000000,11812000000,13.1,None,314.68,248.87
2025-12-28,CB,23.92,58842001000.0,13.1,None,0.522,182.22,0,None,512000000,512000000,170000000,-1119000000,None,None,0,None,None,None,13000000,310574018,None,10377000000,10377000000,6050000000,None,None,18806000000,None,None,90000000,0,3.76,0.012,88000000,88000000,None,0.226,0.7,1475000000,1565000000,6.29,2009-06-30,11.75,2703000000,17085000000.0,2711000000,1301000000,273000000,2703000000,2703000000,None,174000000,None,None,None,None,2120000000,None,None,535000000,None,None,None,0.256,760000000,1410000000,1301000000,38120000000,350000000,None,None,None,None,None,None,None,2.261,1.716,2.124,None,None,None,None,None,0,None,0.164,None,None,2025-10-21,quarterly,6.99,USD,post-market,None,4965000000,0.0297,0.136,0.091,147.06,1261000000,2111000000,300000000,2299000000,285.16,292.31,11.1288,62440000000,59737000000,6700000000,50628000000,2703000000,3922000000,13088000000,11812000000,13.1,None,314.68,248.87
2025-12-28,CB,23.92,58842001000.0,13.1,None,0.522,182.22,0,None,512000000,512000000,-85000000,-496000000,None,None,None,None,None,None,13000000,310574018,None,10377000000,10377000000,6050000000,None,None,18806000000,None,None,90000000,2000000,3.76,0.012,91000000,91000000,None,0.226,0.7,1475000000,1565000000,6.29,2009-03-31,11.75,2703000000,17085000000.0,2711000000,1301000000,273000000,2703000000,2703000000,None,174000000,None,None,None,None,2120000000,None,None,567000000,None,None,None,0.256,562000000,1410000000,1301000000,38120000000,350000000,None,None,None,None,None,None,None,2.261,1.716,2.124,None,None,None,None,None,None,None,0.164,None,None,2025-10-21,quarterly,6.99,USD,post-market,None,4965000000,0.0297,0.136,0.091,147.06,1261000000,2111000000,300000000,2299000000,285.16,292.31,11.1288,62440000000,59737000000,6700000000,50628000000,2703000000,3922000000,13088000000,11812000000,13.1,None,314.68,248.87
2025-12-28,CB,23.92,58842001000.0,13.1,None,0.522,182.22,0,None,512000000,512000000,-69000000,-584000000,None,None,None,None,None,None,13000000,310574018,None,10377000000,10377000000,6050000000,None,None,18806000000,None,None,90000000,None,3.76,0.012,86000000,86000000,None,0.226,0.7,1475000000,1565000000,6.29,2008-12-31,11.75,2703000000,17085000000.0,2711000000,1301000000,273000000,2703000000,2703000000,None,174000000,None,None,None,None,2120000000,None,None,20000000,None,None,None,0.256,961000000,1410000000,1301000000,38120000000,350000000,None,None,None,None,None,None,None,2.261,1.716,2.124,None,None,None,None,None,None,None,0.164,None,None,2025-10-21,quarterly,6.99,USD,post-market,None,4965000000,0.0297,0.136,0.091,147.06,1261000000,2111000000,300000000,2299000000,285.16,292.31,11.1288,62440000000,59737000000,6700000000,50628000000,2703000000,3922000000,13088000000,11812000000,13.1,None,314.68,248.87
2025-12-28,CB,23.92,58842001000.0,13.1,None,0.522,182.22,0,None,512000000,512000000,-795000000,-336000000,None,None,None,None,None,None,13000000,310574018,None,10377000000,10377000000,6050000000,None,None,18806000000,None,None,90000000,None,3.76,0.012,98000000,98000000,None,0.226,0.7,1475000000,1565000000,6.29,2008-09-30,11.75,2703000000,17085000000.0,2711000000,1301000000,273000000,2703000000,2703000000,None,174000000,None,None,None,None,2120000000,None,None,54000000,None,None,None,0.256,1058000000,1410000000,1301000000,38120000000,350000000,None,None,None,None,None,None,None,2.261,1.716,2.124,None,None,None,None,None,None,None,0.164,None,None,2025-10-21,quarterly,6.99,USD,post-market,None,4965000000,0.0297,0.136,0.091,147.06,1261000000,2111000000,300000000,2299000000,285.16,292.31,11.1288,62440000000,59737000000,6700000000,50628000000,2703000000,3922000000,13088000000,11812000000,13.1,None,314.68,248.87
2025-12-28,CB,23.92,58842001000.0,13.1,None,0.522,182.22,0,None,512000000,512000000,-46000000,-947000000,None,None,None,None,None,None,13000000,310574018,None,10377000000,10377000000,6050000000,None,None,18806000000,None,None,90000000,None,3.76,0.012,102000000,102000000,None,0.226,0.7,1475000000,1565000000,6.29,2008-06-30,11.75,2703000000,17085000000.0,2711000000,1301000000,273000000,2703000000,2703000000,None,174000000,None,None,None,None,2120000000,None,None,746000000,None,None,None,0.256,1067000000,1410000000,1301000000,38120000000,350000000,None,None,None,None,None,None,None,2.261,1.716,2.124,None,None,None,None,None,None,None,0.164,None,None,2025-10-21,quarterly,6.99,USD,post-market,None,4965000000,0.0297,0.136,0.091,147.06,1261000000,2111000000,300000000,2299000000,285.16,292.31,11.1288,62440000000,59737000000,6700000000,50628000000,2703000000,3922000000,13088000000,11812000000,13.1,None,314.68,248.87
2025-12-28,CB,23.92,58842001000.0,13.1,None,0.522,182.22,0,None,512000000,512000000,1224000000,-2257000000,None,None,None,None,None,None,13000000,310574018,None,10377000000,10377000000,6050000000,None,None,18806000000,None,None,90000000,2000000,3.76,0.012,100000000,100000000,None,0.226,0.7,1475000000,1565000000,6.29,2008-03-31,11.75,2703000000,17085000000.0,2711000000,1301000000,273000000,2703000000,2703000000,None,174000000,None,None,None,None,2120000000,None,None,377000000,None,None,None,0.256,1015000000,1410000000,1301000000,38120000000,350000000,None,None,None,None,None,None,None,2.261,1.716,2.124,None,None,None,None,None,None,None,0.164,None,None,2025-10-21,quarterly,6.99,USD,post-market,None,4965000000,0.0297,0.136,0.091,147.06,1261000000,2111000000,300000000,2299000000,285.16,292.31,11.1288,62440000000,59737000000,6700000000,50628000000,2703000000,3922000000,13088000000,11812000000,13.1,None,314.68,248.87
2025-12-28,CB,23.92,58842001000.0,13.1,None,0.522,182.22,0,None,512000000,512000000,-30000000,-798000000,None,None,None,None,None,None,13000000,310574018,None,10377000000,10377000000,6050000000,None,None,18806000000,None,None,90000000,-1000000,3.76,0.012,100000000,100000000,None,0.226,0.7,1475000000,1565000000,6.29,2007-12-31,11.75,2703000000,17085000000.0,2711000000,1301000000,273000000,2703000000,2703000000,None,174000000,None,None,None,None,2120000000,None,None,572000000,None,None,None,0.256,823000000,1410000000,1301000000,38120000000,350000000,None,None,None,None,None,None,None,2.261,1.716,2.124,None,None,None,None,None,None,None,0.164,None,None,2025-10-21,quarterly,6.99,USD,post-market,None,4965000000,0.0297,0.136,0.091,147.06,1261000000,2111000000,300000000,2299000000,285.16,292.31,11.1288,62440000000,59737000000,6700000000,50628000000,2703000000,3922000000,13088000000,11812000000,13.1,None,314.68,248.87
2025-12-28,CB,23.92,58842001000.0,13.1,None,0.522,182.22,0,None,512000000,512000000,-84000000,-1530000000,None,None,None,None,None,None,13000000,310574018,None,10377000000,10377000000,6050000000,None,None,18806000000,None,None,90000000,1000000,3.76,0.012,101000000,101000000,None,0.226,0.7,1475000000,1565000000,6.29,2007-09-30,11.75,2703000000,17085000000.0,2711000000,1301000000,273000000,2703000000,2703000000,None,174000000,None,None,None,None,2120000000,None,None,656000000,None,None,None,0.256,1484000000,1410000000,1301000000,38120000000,350000000,None,None,None,None,None,None,None,2.261,1.716,2.124,None,None,None,None,None,None,None,0.164,None,None,2025-10-21,quarterly,6.99,USD,post-market,None,4965000000,0.0297,0.136,0.091,147.06,1261000000,2111000000,300000000,2299000000,285.16,292.31,11.1288,62440000000,59737000000,6700000000,50628000000,2703000000,3922000000,13088000000,11812000000,13.1,None,314.68,248.87
2025-12-28,CB,23.92,58842001000.0,13.1,None,0.522,182.22,0,None,512000000,512000000,-563000000,-612000000,None,None,None,None,None,None,13000000,310574018,None,10377000000,10377000000,6050000000,None,None,18806000000,None,None,90000000,-4000000,3.76,0.012,93000000,93000000,None,0.226,0.7,1475000000,1565000000,6.29,2007-06-30,11.75,2703000000,17085000000.0,2711000000,1301000000,273000000,2703000000,2703000000,None,174000000,None,None,None,None,2120000000,None,None,649000000,None,None,None,0.256,1158000000,1410000000,1301000000,38120000000,350000000,None,None,None,None,None,None,None,2.261,1.716,2.124,None,None,None,None,None,None,None,0.164,None,None,2025-10-21,quarterly,6.99,USD,post-market,None,4965000000,0.0297,0.136,0.091,147.06,1261000000,2111000000,300000000,2299000000,285.16,292.31,11.1288,62440000000,59737000000,6700000000,50628000000,2703000000,3922000000,13088000000,11812000000,13.1,None,314.68,248.87
2025-12-28,CB,23.92,58842001000.0,13.1,None,0.522,182.22,0,None,512000000,512000000,424000000,-1590000000,None,None,None,None,None,None,13000000,310574018,None,10377000000,10377000000,6050000000,None,None,18806000000,None,None,90000000,-2000000,3.76,0.012,92000000,92000000,None,0.226,0.7,1475000000,1565000000,6.29,2007-03-31,11.75,2703000000,17085000000.0,2711000000,1301000000,273000000,2703000000,2703000000,None,174000000,None,None,None,None,2120000000,None,None,701000000,None,None,None,0.256,1236000000,1410000000,1301000000,38120000000,350000000,None,None,None,None,None,None,None,2.261,1.716,2.124,None,None,None,None,None,None,None,0.164,None,None,2025-10-21,quarterly,6.99,USD,post-market,None,4965000000,0.0297,0.136,0.091,147.06,1261000000,2111000000,300000000,2299000000,285.16,292.31,11.1288,62440000000,59737000000,6700000000,50628000000,2703000000,3922000000,13088000000,11812000000,13.1,None,314.68,248.87
2025-12-28,CB,23.92,58842001000.0,13.1,None,0.522,182.22,0,None,512000000,512000000,-77000000,-696000000,None,None,None,None,None,None,13000000,310574018,None,10377000000,10377000000,6050000000,None,None,18806000000,None,None,90000000,-10000000,3.76,0.012,94000000,94000000,None,0.226,0.7,1475000000,1565000000,6.29,2006-12-31,11.75,2703000000,17085000000.0,2711000000,1301000000,273000000,2703000000,2703000000,None,174000000,None,None,None,None,2120000000,None,None,665000000,None,None,None,0.256,804000000,1410000000,1301000000,38120000000,350000000,None,None,None,None,None,None,None,2.261,1.716,2.124,None,None,None,None,None,None,None,0.164,None,None,2025-10-21,quarterly,6.99,USD,post-market,None,4965000000,0.0297,0.136,0.091,147.06,1261000000,2111000000,300000000,2299000000,285.16,292.31,11.1288,62440000000,59737000000,6700000000,50628000000,2703000000,3922000000,13088000000,11812000000,13.1,None,314.68,248.87
2025-12-28,CB,23.92,58842001000.0,13.1,None,0.522,182.22,0,None,512000000,512000000,-372000000,-976000000,None,None,None,None,None,None,13000000,310574018,None,10377000000,10377000000,6050000000,None,None,18806000000,None,None,90000000,1000000,3.76,0.012,93000000,93000000,None,0.226,0.7,1475000000,1565000000,6.29,2006-09-30,11.75,2703000000,17085000000.0,2711000000,1301000000,273000000,2703000000,2703000000,None,174000000,None,None,None,None,2120000000,None,None,578000000,None,None,None,0.256,1333000000,1410000000,1301000000,38120000000,350000000,None,None,None,None,None,None,None,2.261,1.716,2.124,None,None,None,None,None,None,None,0.164,None,None,2025-10-21,quarterly,6.99,USD,post-market,None,4965000000,0.0297,0.136,0.091,147.06,1261000000,2111000000,300000000,2299000000,285.16,292.31,11.1288,62440000000,59737000000,6700000000,50628000000,2703000000,3922000000,13088000000,11812000000,13.1,None,314.68,248.87
2025-12-28,CB,23.92,58842001000.0,13.1,None,0.522,182.22,0,None,512000000,512000000,223000000,-952000000,None,None,None,None,None,None,13000000,310574018,None,10377000000,10377000000,6050000000,None,None,18806000000,None,None,90000000,3000000,3.76,0.012,86000000,86000000,None,0.226,0.7,1475000000,1565000000,6.29,2006-06-30,11.75,2703000000,17085000000.0,2711000000,1301000000,273000000,2703000000,2703000000,None,174000000,None,None,None,None,2120000000,None,None,573000000,None,None,None,0.256,882000000,1410000000,1301000000,38120000000,350000000,None,None,None,None,None,None,None,2.261,1.716,2.124,None,None,None,None,None,None,None,0.164,None,None,2025-10-21,quarterly,6.99,USD,post-market,None,4965000000,0.0297,0.136,0.091,147.06,1261000000,2111000000,300000000,2299000000,285.16,292.31,11.1288,62440000000,59737000000,6700000000,50628000000,2703000000,3922000000,13088000000,11812000000,13.1,None,314.68,248.87
2025-12-28,CB,23.92,58842001000.0,13.1,None,0.522,182.22,0,None,512000000,512000000,-58000000,-1146000000,None,None,None,None,None,None,13000000,310574018,None,10377000000,10377000000,6050000000,None,None,18806000000,None,None,90000000,16000000,3.76,0.012,84000000,84000000,None,0.226,0.7,1475000000,1565000000,6.29,2006-03-31,11.75,2703000000,17085000000.0,2711000000,1301000000,273000000,2703000000,2703000000,None,174000000,None,None,None,None,2120000000,None,None,489000000,None,None,None,0.256,1086000000,1410000000,1301000000,38120000000,350000000,None,None,None,None,None,None,None,2.261,1.716,2.124,None,None,None,None,None,None,None,0.164,None,None,2025-10-21,quarterly,6.99,USD,post-market,None,4965000000,0.0297,0.136,0.091,147.06,1261000000,2111000000,300000000,2299000000,285.16,292.31,11.1288,62440000000,59737000000,6700000000,50628000000,2703000000,3922000000,13088000000,11812000000,13.1,None,314.68,248.87
2025-12-28,CB,23.92,58842001000.0,13.1,None,0.522,182.22,0,None,512000000,512000000,1446000000,-2147000000,None,None,None,None,None,None,13000000,310574018,None,10377000000,10377000000,6050000000,None,None,18806000000,None,None,90000000,10000000,3.76,0.012,78000000,78000000,None,0.226,0.7,1475000000,1565000000,6.29,2005-12-31,11.75,2703000000,17085000000.0,2711000000,1301000000,273000000,2703000000,2703000000,None,174000000,None,None,None,None,2120000000,None,None,236000000,None,None,None,0.256,809000000,1410000000,1301000000,38120000000,350000000,None,None,None,None,None,None,None,2.261,1.716,2.124,None,None,None,None,None,None,None,0.164,None,None,2025-10-21,quarterly,6.99,USD,post-market,None,4965000000,0.0297,0.136,0.091,147.06,1261000000,2111000000,300000000,2299000000,285.16,292.31,11.1288,62440000000,59737000000,6700000000,50628000000,2703000000,3922000000,13088000000,11812000000,13.1,None,314.68,248.87
2025-12-28,CB,23.92,58842001000.0,13.1,None,0.522,182.22,0,None,512000000,512000000,-41000000,-1390000000,None,None,None,None,None,None,13000000,310574018,None,10377000000,10377000000,6050000000,None,None,18806000000,None,None,90000000,26000000,3.76,0.012,78000000,78000000,None,0.226,0.7,1475000000,1565000000,6.29,2005-09-30,11.75,2703000000,17085000000.0,2711000000,1301000000,273000000,2703000000,2703000000,None,174000000,None,None,None,None,2120000000,None,None,-112000000,None,None,None,0.256,1193000000,1410000000,1301000000,38120000000,350000000,None,None,None,None,None,None,None,2.261,1.716,2.124,None,None,None,None,None,None,None,0.164,None,None,2025-10-21,quarterly,6.99,USD,post-market,None,4965000000,0.0297,0.136,0.091,147.06,1261000000,2111000000,300000000,2299000000,285.16,292.31,11.1288,62440000000,59737000000,6700000000,50628000000,2703000000,3922000000,13088000000,11812000000,13.1,None,314.68,248.87
2025-12-28,CB,23.92,58842001000.0,13.1,None,0.522,182.22,0,None,512000000,512000000,-2181000000,-13923000000,None,None,None,None,None,None,13000000,310574018,None,10377000000,10377000000,6050000000,None,None,18806000000,None,None,90000000,323000000,3.76,0.012,1436000000,1436000000,None,0.226,0.7,1475000000,1565000000,6.29,2024-12-31,11.75,2703000000,17085000000.0,2711000000,1301000000,273000000,2703000000,2703000000,None,174000000,None,None,None,None,2120000000,None,None,9640000000,None,None,None,0.256,16182000000,1410000000,1301000000,38120000000,350000000,None,None,None,None,None,None,None,2.261,1.716,2.124,None,None,None,None,None,-1801000000,None,0.164,None,None,2025-10-21,annual,6.99,USD,post-market,None,4965000000,0.0297,0.136,0.091,147.06,1261000000,2111000000,300000000,2299000000,285.16,292.31,11.1288,62440000000,59737000000,6700000000,50628000000,2703000000,3922000000,13088000000,11812000000,13.1,None,314.68,248.87
2025-12-28,CB,23.92,58842001000.0,13.1,None,0.522,182.22,0,None,512000000,512000000,-4489000000,-7648000000,None,None,7171000000,None,None,None,13000000,310574018,None,10377000000,10377000000,6050000000,None,None,18806000000,None,None,90000000,310000000,3.76,0.012,1394000000,1394000000,None,0.226,0.7,1475000000,1565000000,6.29,2023-12-31,11.75,2703000000,17085000000.0,2711000000,1301000000,273000000,2703000000,2703000000,None,174000000,None,None,None,None,2120000000,None,None,9015000000,None,None,None,0.256,12632000000,1410000000,1301000000,38120000000,350000000,None,None,None,None,None,None,None,2.261,1.716,2.124,None,None,None,None,None,-2411000000,None,0.164,None,None,2025-10-21,annual,6.99,USD,post-market,None,4965000000,0.0297,0.136,0.091,147.06,1261000000,2111000000,300000000,2299000000,285.16,292.31,11.1288,62440000000,59737000000,6700000000,50628000000,2703000000,3922000000,13088000000,11812000000,13.1,None,314.68,248.87
2025-12-28,CB,23.92,58842001000.0,13.1,None,0.522,182.22,0,None,512000000,512000000,-5127000000,-5654000000,462000000,None,None,None,None,-2472000000,13000000,310574018,None,10377000000,10377000000,6050000000,None,None,18806000000,None,None,90000000,285000000,3.76,0.012,1375000000,1375000000,None,0.226,0.7,1475000000,1565000000,6.29,2022-12-31,11.75,2703000000,17085000000.0,2711000000,1301000000,273000000,2703000000,2703000000,None,174000000,None,None,None,None,2120000000,None,None,5313000000,None,None,None,0.256,11243000000,1410000000,1301000000,38120000000,350000000,None,None,None,None,None,None,None,2.261,1.716,2.124,None,None,None,None,None,-2894000000,None,0.164,None,None,2025-10-21,annual,6.99,USD,post-market,None,4965000000,0.0297,0.136,0.091,147.06,1261000000,2111000000,300000000,2299000000,285.16,292.31,11.1288,62440000000,59737000000,6700000000,50628000000,2703000000,3922000000,13088000000,11812000000,13.1,None,314.68,248.87
2025-12-28,CB,23.92,58842001000.0,13.1,None,0.522,182.22,1421000000,None,512000000,512000000,-4409000000,-6659000000,-25000000,-106000000,None,None,None,-984000000,13000000,310574018,None,10377000000,10377000000,6050000000,None,None,18806000000,None,None,90000000,287000000,3.76,0.012,1401000000,1401000000,None,0.226,0.7,1475000000,1565000000,6.29,2021-12-31,11.75,2703000000,17085000000.0,2711000000,1301000000,273000000,2703000000,2703000000,None,174000000,None,None,None,None,2120000000,None,None,8539000000,None,None,None,0.256,11149000000,1410000000,1301000000,38120000000,350000000,None,None,None,None,None,None,None,2.261,1.716,2.124,None,None,None,None,None,-4861000000,None,0.164,None,None,2025-10-21,annual,6.99,USD,post-market,None,4965000000,0.0297,0.136,0.091,147.06,1261000000,2111000000,300000000,2299000000,285.16,292.31,11.1288,62440000000,59737000000,6700000000,50628000000,2703000000,3922000000,13088000000,11812000000,13.1,None,314.68,248.87
2025-12-28,CB,23.92,58842001000.0,13.1,None,0.522,182.22,907000000,None,512000000,512000000,-2082000000,-7521000000,190000000,8000000,None,None,None,-114000000,13000000,310574018,None,10377000000,10377000000,6050000000,None,None,18806000000,None,None,90000000,290000000,3.76,0.012,1388000000,1388000000,None,0.226,0.7,1475000000,1565000000,6.29,2020-12-31,11.75,2703000000,17085000000.0,2711000000,1301000000,273000000,2703000000,2703000000,None,174000000,None,None,None,None,2120000000,None,None,3533000000,None,None,None,0.256,9785000000,1410000000,1301000000,38120000000,350000000,None,None,None,None,None,None,None,2.261,1.716,2.124,None,None,None,None,None,-523000000,None,0.164,None,None,2025-10-21,annual,6.99,USD,post-market,None,4965000000,0.0297,0.136,0.091,147.06,1261000000,2111000000,300000000,2299000000,285.16,292.31,11.1288,62440000000,59737000000,6700000000,50628000000,2703000000,3922000000,13088000000,11812000000,13.1,None,314.68,248.87
2025-12-28,CB,23.92,58842001000.0,13.1,None,0.522,182.22,1390000000,None,512000000,512000000,-151000000,-5905000000,306000000,20000000,None,None,None,-270000000,13000000,310574018,None,10377000000,10377000000,6050000000,None,None,18806000000,None,None,90000000,305000000,3.76,0.012,1354000000,1354000000,None,0.226,0.7,1475000000,1565000000,6.29,2019-12-31,11.75,2703000000,17085000000.0,2711000000,1301000000,273000000,2703000000,2703000000,None,174000000,None,None,None,None,2120000000,None,None,4454000000,None,None,None,0.256,6342000000,1410000000,1301000000,38120000000,350000000,None,None,None,None,None,None,None,2.261,1.716,2.124,None,None,None,None,None,-1530000000,None,0.164,None,None,2025-10-21,annual,6.99,USD,post-market,None,4965000000,0.0297,0.136,0.091,147.06,1261000000,2111000000,300000000,2299000000,285.16,292.31,11.1288,62440000000,59737000000,6700000000,50628000000,2703000000,3922000000,13088000000,11812000000,13.1,None,314.68,248.87
2025-12-28,CB,23.92,58842001000.0,13.1,None,0.522,182.22,980000000,None,512000000,512000000,-1991000000,-2935000000,489000000,-65000000,None,None,None,-981000000,13000000,310574018,None,10377000000,10377000000,6050000000,None,None,18806000000,None,None,90000000,339000000,3.76,0.012,1337000000,1337000000,None,0.226,0.7,1475000000,1565000000,6.29,2018-12-31,11.75,2703000000,17085000000.0,2711000000,1301000000,273000000,2703000000,2703000000,None,174000000,None,None,None,None,2120000000,None,None,3962000000,None,None,None,0.256,5480000000,1410000000,1301000000,38120000000,350000000,None,None,None,None,None,None,None,2.261,1.716,2.124,None,None,None,None,None,-1044000000,None,0.164,None,None,2025-10-21,annual,6.99,USD,post-market,None,4965000000,0.0297,0.136,0.091,147.06,1261000000,2111000000,300000000,2299000000,285.16,292.31,11.1288,62440000000,59737000000,6700000000,50628000000,2703000000,3922000000,13088000000,11812000000,13.1,None,314.68,248.87
2025-12-28,CB,23.92,58842001000.0,13.1,None,0.522,182.22,0,None,512000000,512000000,-2319000000,-2422000000,-257000000,1000000,0,None,None,-325000000,13000000,310574018,None,10377000000,10377000000,6050000000,None,None,18806000000,None,None,90000000,260000000,3.76,0.012,1308000000,1308000000,None,0.226,0.7,1475000000,1565000000,6.29,2017-12-31,11.75,2703000000,17085000000.0,2711000000,1301000000,273000000,2703000000,2703000000,None,174000000,None,None,None,None,2120000000,None,None,3861000000,None,None,None,0.256,4503000000,1410000000,1301000000,38120000000,350000000,None,None,None,None,None,None,None,2.261,1.716,2.124,None,None,None,None,None,-801000000,None,0.164,None,None,2025-10-21,annual,6.99,USD,post-market,None,4965000000,0.0297,0.136,0.091,147.06,1261000000,2111000000,300000000,2299000000,285.16,292.31,11.1288,62440000000,59737000000,6700000000,50628000000,2703000000,3922000000,13088000000,11812000000,13.1,None,314.68,248.87
2025-12-28,CB,23.92,58842001000.0,13.1,None,0.522,182.22,0,None,512000000,512000000,-742000000,-5322000000,-790000000,-25000000,0,None,None,-598000000,13000000,310574018,None,10377000000,10377000000,6050000000,None,None,18806000000,None,None,90000000,1578000000,3.76,0.012,1173000000,1173000000,None,0.226,0.7,1475000000,1565000000,6.29,2016-12-31,11.75,2703000000,17085000000.0,2711000000,1301000000,273000000,2703000000,2703000000,None,174000000,None,None,None,None,2120000000,None,None,4135000000,None,None,None,0.256,5292000000,1410000000,1301000000,38120000000,350000000,None,None,None,None,None,None,None,2.261,1.716,2.124,None,None,None,None,None,167000000,None,0.164,None,None,2025-10-21,annual,6.99,USD,post-market,None,4965000000,0.0297,0.136,0.091,147.06,1261000000,2111000000,300000000,2299000000,285.16,292.31,11.1288,62440000000,59737000000,6700000000,50628000000,2703000000,3922000000,13088000000,11812000000,13.1,None,314.68,248.87
2025-12-28,CB,23.92,58842001000.0,13.1,None,0.522,182.22,0,None,512000000,512000000,3695000000,-6294000000,1120000000,-145000000,0,None,None,-265000000,13000000,310574018,None,10377000000,10377000000,6050000000,None,None,18806000000,None,None,90000000,171000000,3.76,0.012,862000000,862000000,None,0.226,0.7,1475000000,1565000000,6.29,2015-12-31,11.75,2703000000,17085000000.0,2711000000,1301000000,273000000,2703000000,2703000000,None,174000000,None,None,None,None,2120000000,None,None,2834000000,None,None,None,0.256,3864000000,1410000000,1301000000,38120000000,350000000,None,None,None,None,None,None,None,2.261,1.716,2.124,None,None,None,None,None,-758000000,None,0.164,None,None,2025-10-21,annual,6.99,USD,post-market,None,4965000000,0.0297,0.136,0.091,147.06,1261000000,2111000000,300000000,2299000000,285.16,292.31,11.1288,62440000000,59737000000,6700000000,50628000000,2703000000,3922000000,13088000000,11812000000,13.1,None,314.68,248.87
2025-12-28,CB,23.92,58842001000.0,13.1,None,0.522,182.22,0,None,512000000,512000000,-1777000000,-2504000000,76000000,-139000000,0,None,None,-558000000,13000000,310574018,None,10377000000,10377000000,6050000000,None,None,18806000000,None,None,90000000,108000000,3.76,0.012,862000000,862000000,None,0.226,0.7,1475000000,1565000000,6.29,2014-12-31,11.75,2703000000,17085000000.0,2711000000,1301000000,273000000,2703000000,2703000000,None,174000000,None,None,None,None,2120000000,None,None,2853000000,None,None,None,0.256,4496000000,1410000000,1301000000,38120000000,350000000,None,None,None,None,None,None,None,2.261,1.716,2.124,None,None,None,None,None,-1429000000,None,0.164,None,None,2025-10-21,annual,6.99,USD,post-market,None,4965000000,0.0297,0.136,0.091,147.06,1261000000,2111000000,300000000,2299000000,285.16,292.31,11.1288,62440000000,59737000000,6700000000,50628000000,2703000000,3922000000,13088000000,11812000000,13.1,None,314.68,248.87
2025-12-28,CB,23.92,58842001000.0,13.1,None,0.522,182.22,0,None,512000000,512000000,391000000,-4442000000,-36000000,-7000000,0,None,None,-655000000,13000000,310574018,None,10377000000,10377000000,6050000000,None,None,18806000000,None,None,90000000,95000000,3.76,0.012,517000000,517000000,None,0.226,0.7,1475000000,1565000000,6.29,2013-12-31,11.75,2703000000,17085000000.0,2711000000,1301000000,273000000,2703000000,2703000000,None,174000000,None,None,None,None,2120000000,None,None,3758000000,None,None,None,0.256,4022000000,1410000000,1301000000,38120000000,350000000,None,None,None,None,None,None,None,2.261,1.716,2.124,None,None,None,None,None,-287000000,None,0.164,None,None,2025-10-21,annual,6.99,USD,post-market,None,4965000000,0.0297,0.136,0.091,147.06,1261000000,2111000000,300000000,2299000000,285.16,292.31,11.1288,62440000000,59737000000,6700000000,50628000000,2703000000,3922000000,13088000000,11812000000,13.1,None,314.68,248.87
2025-12-28,CB,23.92,58842001000.0,13.1,None,0.522,182.22,0,None,512000000,512000000,-550000000,-3439000000,1000000,-5000000,0,None,None,212000000,13000000,310574018,None,10377000000,10377000000,6050000000,None,None,18806000000,None,None,90000000,51000000,3.76,0.012,815000000,815000000,None,0.226,0.7,1475000000,1565000000,6.29,2012-12-31,11.75,2703000000,17085000000.0,2711000000,1301000000,273000000,2703000000,2703000000,None,174000000,None,None,None,None,2120000000,None,None,2706000000,None,None,None,0.256,3995000000,1410000000,1301000000,38120000000,350000000,None,None,None,None,None,None,None,2.261,1.716,2.124,None,None,None,None,None,-11000000,None,0.164,None,None,2025-10-21,annual,6.99,USD,post-market,None,4965000000,0.0297,0.136,0.091,147.06,1261000000,2111000000,300000000,2299000000,285.16,292.31,11.1288,62440000000,59737000000,6700000000,50628000000,2703000000,3922000000,13088000000,11812000000,13.1,None,314.68,248.87
2025-12-28,CB,23.92,58842001000.0,13.1,None,0.522,182.22,0,None,512000000,512000000,-565000000,-3036000000,-158000000,-27000000,0,None,None,217000000,13000000,310574018,None,10377000000,10377000000,6050000000,None,None,18806000000,None,None,90000000,814000000,3.76,0.012,459000000,459000000,None,0.226,0.7,1475000000,1565000000,6.29,2011-12-31,11.75,2703000000,17085000000.0,2711000000,1301000000,273000000,2703000000,2703000000,None,174000000,None,None,None,None,2120000000,None,None,1540000000,None,None,None,0.256,3470000000,1410000000,1301000000,38120000000,350000000,None,None,None,None,None,None,None,2.261,1.716,2.124,None,None,None,None,None,-195000000,None,0.164,None,None,2025-10-21,annual,6.99,USD,post-market,None,4965000000,0.0297,0.136,0.091,147.06,1261000000,2111000000,300000000,2299000000,285.16,292.31,11.1288,62440000000,59737000000,6700000000,50628000000,2703000000,3922000000,13088000000,11812000000,13.1,None,314.68,248.87
2025-12-28,CB,23.92,58842001000.0,13.1,None,0.522,182.22,0,None,512000000,512000000,732000000,-4181000000,103000000,6000000,0,None,None,37000000,13000000,310574018,None,10377000000,10377000000,6050000000,None,None,18806000000,None,None,90000000,145000000,3.76,0.012,435000000,435000000,None,0.226,0.7,1475000000,1565000000,6.29,2010-12-31,11.75,2703000000,17085000000.0,2711000000,1301000000,273000000,2703000000,2703000000,None,174000000,None,None,None,None,2120000000,None,None,3108000000,None,None,None,0.256,3546000000,1410000000,1301000000,38120000000,350000000,None,None,None,None,None,None,None,2.261,1.716,2.124,None,None,None,None,None,-235000000,None,0.164,None,None,2025-10-21,annual,6.99,USD,post-market,None,4965000000,0.0297,0.136,0.091,147.06,1261000000,2111000000,300000000,2299000000,285.16,292.31,11.1288,62440000000,59737000000,6700000000,50628000000,2703000000,3922000000,13088000000,11812000000,13.1,None,314.68,248.87
2025-12-28,CB,23.92,58842001000.0,13.1,None,0.522,182.22,0,None,512000000,512000000,-321000000,-3224000000,-198000000,12000000,0,None,None,-95000000,13000000,310574018,None,10377000000,10377000000,6050000000,None,None,18806000000,None,None,90000000,53000000,3.76,0.012,388000000,388000000,None,0.226,0.7,1475000000,1565000000,6.29,2009-12-31,11.75,2703000000,17085000000.0,2711000000,1301000000,273000000,2703000000,2703000000,None,174000000,None,None,None,None,2120000000,None,None,2549000000,None,None,None,0.256,3335000000,1410000000,1301000000,38120000000,350000000,None,None,None,None,None,None,None,2.261,1.716,2.124,None,None,None,None,None,515000000,None,0.164,None,None,2025-10-21,annual,6.99,USD,post-market,None,4965000000,0.0297,0.136,0.091,147.06,1261000000,2111000000,300000000,2299000000,285.16,292.31,11.1288,62440000000,59737000000,6700000000,50628000000,2703000000,3922000000,13088000000,11812000000,13.1,None,314.68,248.87
2025-12-28,CB,23.92,58842001000.0,13.1,None,0.522,182.22,0,None,512000000,512000000,314000000,-4124000000,None,None,None,None,None,None,13000000,310574018,None,10377000000,10377000000,6050000000,None,None,18806000000,None,None,90000000,None,3.76,0.012,386000000,386000000,None,0.226,0.7,1475000000,1565000000,6.29,2008-12-31,11.75,2703000000,17085000000.0,2711000000,1301000000,273000000,2703000000,2703000000,None,174000000,None,None,None,None,2120000000,None,None,1197000000,None,None,None,0.256,4101000000,1410000000,1301000000,38120000000,350000000,None,None,None,None,None,None,None,2.261,1.716,2.124,None,None,None,None,None,-575000000,None,0.164,None,None,2025-10-21,annual,6.99,USD,post-market,None,4965000000,0.0297,0.136,0.091,147.06,1261000000,2111000000,300000000,2299000000,285.16,292.31,11.1288,62440000000,59737000000,6700000000,50628000000,2703000000,3922000000,13088000000,11812000000,13.1,None,314.68,248.87
2025-12-28,CB,23.92,58842001000.0,13.1,None,0.522,182.22,0,None,512000000,512000000,-253000000,-4530000000,None,None,None,None,None,None,13000000,310574018,None,10377000000,10377000000,6050000000,None,None,18806000000,None,None,90000000,-6000000,3.76,0.012,386000000,386000000,None,0.226,0.7,1475000000,1565000000,6.29,2007-12-31,11.75,2703000000,17085000000.0,2711000000,1301000000,273000000,2703000000,2703000000,None,174000000,None,None,None,None,2120000000,None,None,2578000000,None,None,None,0.256,4701000000,1410000000,1301000000,38120000000,350000000,None,None,None,None,None,None,None,2.261,1.716,2.124,None,None,None,None,None,None,None,0.164,None,None,2025-10-21,annual,6.99,USD,post-market,None,4965000000,0.0297,0.136,0.091,147.06,1261000000,2111000000,300000000,2299000000,285.16,292.31,11.1288,62440000000,59737000000,6700000000,50628000000,2703000000,3922000000,13088000000,11812000000,13.1,None,314.68,248.87
2025-12-28,CB,23.92,58842001000.0,13.1,None,0.522,182.22,0,None,512000000,512000000,-284000000,-3770000000,None,None,None,None,None,None,13000000,310574018,None,10377000000,10377000000,6050000000,None,None,18806000000,None,None,90000000,10000000,3.76,0.012,357000000,357000000,None,0.226,0.7,1475000000,1565000000,6.29,2006-12-31,11.75,2703000000,17085000000.0,2711000000,1301000000,273000000,2703000000,2703000000,None,174000000,None,None,None,None,2120000000,None,None,2305000000,None,None,None,0.256,4105000000,1410000000,1301000000,38120000000,350000000,None,None,None,None,None,None,None,2.261,1.716,2.124,None,None,None,None,None,None,None,0.164,None,None,2025-10-21,annual,6.99,USD,post-market,None,4965000000,0.0297,0.136,0.091,147.06,1261000000,2111000000,300000000,2299000000,285.16,292.31,11.1288,62440000000,59737000000,6700000000,50628000000,2703000000,3922000000,13088000000,11812000000,13.1,None,314.68,248.87
2025-12-28,CB,23.92,58842001000.0,13.1,None,0.522,182.22,0,None,512000000,512000000,1328000000,-5593000000,None,None,None,None,None,None,13000000,310574018,None,10377000000,10377000000,6050000000,None,None,18806000000,None,None,90000000,90000000,3.76,0.012,298000000,298000000,None,0.226,0.7,1475000000,1565000000,6.29,2005-12-31,11.75,2703000000,17085000000.0,2711000000,1301000000,273000000,2703000000,2703000000,None,174000000,None,None,None,None,2120000000,None,None,1028000000,None,None,None,0.256,4308000000,1410000000,1301000000,38120000000,350000000,None,None,None,None,None,None,None,2.261,1.716,2.124,None,None,None,None,None,365000000,None,0.164,None,None,2025-10-21,annual,6.99,USD,post-market,None,4965000000,0.0297,0.136,0.091,147.06,1261000000,2111000000,300000000,2299000000,285.16,292.31,11.1288,62440000000,59737000000,6700000000,50628000000,2703000000,3922000000,13088000000,11812000000,13.1,None,314.68,248.87
