date,symbol,eps,revenue_ttm,pe_ratio,accumulateddepreciationamortizationppe,beta,book_value,capitalexpenditures,capitalleaseobligations,cashandcashequivalentsatcarryingvalue,cashandshortterminvestments,cashflowfromfinancing,cashflowfrominvestment,changeincashandcashequivalents,changeinexchangerate,changeininventory,changeinoperatingassets,changeinoperatingliabilities,changeinreceivables,commonstock,commonstocksharesoutstanding,comprehensiveincomenetoftax,costofgoodsandservicessold,costofrevenue,currentaccountspayable,currentdebt,currentlongtermdebt,currentnetreceivables,deferredrevenue,depreciation,depreciationandamortization,depreciationdepletionandamortization,dividend_per_share,dividend_yield,dividendpayout,dividendpayoutcommonstock,dividendpayoutpreferredstock,earnings_growth_yoy,earnings_surprise,ebit,ebitda,estimated_eps,fiscaldateending,forward_pe,goodwill,gross_profit_ttm,grossprofit,incomebeforetax,incometaxexpense,intangibleassets,intangibleassetsexcludinggoodwill,interestanddebtexpense,interestexpense,interestincome,inventory,investmentincomenet,investments,longtermdebt,longtermdebtnoncurrent,longterminvestments,netincome,netincomefromcontinuingoperations,netinterestincome,noninterestincome,operating_margin_ttm,operatingcashflow,operatingexpenses,operatingincome,othercurrentassets,othercurrentliabilities,othernoncurrentassets,othernoncurrentliabilities,othernonoperatingincome,paymentsforoperatingactivities,paymentsforrepurchaseofcommonstock,paymentsforrepurchaseofequity,paymentsforrepurchaseofpreferredstock,peg_ratio,price_to_book,price_to_sales_ttm,proceedsfromissuanceofcommonstock,proceedsfromissuanceoflongtermdebtandcapitalsecuritiesnet,proceedsfromissuanceofpreferredstock,proceedsfromoperatingactivities,proceedsfromrepaymentsofshorttermdebt,proceedsfromrepurchaseofequity,proceedsfromsaleoftreasurystock,profit_margin,profitloss,propertyplantequipment,report_date,report_type,reported_eps,reportedcurrency,reporttime,researchanddevelopment,retainedearnings,return_on_assets_ttm,return_on_equity_ttm,revenue_growth_yoy,revenue_per_share_ttm,sellinggeneralandadministrative,shortlongtermdebttotal,shorttermdebt,shortterminvestments,sma_200,sma_50,surprise_pct,totalassets,totalcurrentassets,totalcurrentliabilities,totalliabilities,totalnoncurrentassets,totalnoncurrentliabilities,totalrevenue,totalshareholderequity,trailing_pe,treasurystock,week_52_high,week_52_low
2010-06-30,CBOE,,,,,,,,,,,,,,,,,,,,,,,,,,,,,,,,,,,,,,0.0,,,0.28,,,,,,,,,,,,,,,,,,,,,,,,,,,,,,,,,,,,,,,,,,,,,,,,,2010-08-05,,0.28,,post-market,,,,,,,,,,,,,0.0,,,,,,,,,,,,
2010-09-30,CBOE,,,,,,,,,,,,,,,,,,,,,,,,,,,,,,,,,,,,,,-0.02,,,0.22,,,,,,,,,,,,,,,,,,,,,,,,,,,,,,,,,,,,,,,,,,,,,,,,,2010-11-04,,0.2,,pre-market,,,,,,,,,,,,,-9.0909,,,,,,,,,,,,
2010-12-31,CBOE,,,,,,,,,,,,,,,,,,,,,,,,,,,,,,,,,,,,,,0.01,,,0.29,,,,,,,,,,,,,,,,,,,,,,,,,,,,,,,,,,,,,,,,,,,,,,,,,2011-02-10,,0.3,,pre-market,,,,,,,,,,,,,3.4483,,,,,,,,,,,,
2011-03-31,CBOE,,,,,,,,,,,,,,,,,,,,,,,,,,,,,,,,,,,,,,0.02,,,0.34,,,,,,,,,,,,,,,,,,,,,,,,,,,,,,,,,,,,,,,,,,,,,,,,,2011-05-05,,0.36,,pre-market,,,,,,,,,,,,,5.8824,,,,,,,,,,,,
2011-06-30,CBOE,,,,,,,,,,,,,,,,,,,,,,,,,,,,,,,,,,,,,,0.03,,,0.33,,,,,,,,,,,,,,,,,,,,,,,,,,,,,,,,,,,,,,,,,,,,,,,,,2011-08-04,,0.36,,pre-market,,,,,,,,,,,,,9.0909,,,,,,,,,,,,
2011-09-30,CBOE,,,,,,,,,,,,,,,,,,,,,,,,,,,,,,,,,,,,,,0.04,,,0.46,,,,,,,,,,,,,,,,,,,,,,,,,,,,,,,,,,,,,,,,,,,,,,,,,2011-11-03,,0.5,,post-market,,,,,,,,,,,,,8.6957,,,,,,,,,,,,
2011-12-31,CBOE,,,,,,,,,,,,,,,,,,,,,,,,,,,,,,,,,,,,,,0.02,,,0.35,,,,,,,,,,,,,,,,,,,,,,,,,,,,,,,,,,,,,,,,,,,,,,,,,2012-02-09,,0.37,,pre-market,,,,,,,,,,,,,5.7143,,,,,,,,,,,,
2012-03-31,CBOE,,,,,,,,,,,,,,,,,,,,,,,,,,,,,,,,,,,,,,0.0,,,0.37,,,,,,,,,,,,,,,,,,,,,,,,,,,,,,,,,,,,,,,,,,,,,,,,,2012-05-01,,0.37,,post-market,,,,,,,,,,,,,0.0,,,,,,,,,,,,
2012-06-30,CBOE,,,,,,,,,,,,,,,,,,,,,,,,,,,,,,,,,,,,,,0.03,,,0.41,,,,,,,,,,,,,,,,,,,,,,,,,,,,,,,,,,,,,,,,,,,,,,,,,2012-08-02,,0.44,,pre-market,,,,,,,,,,,,,7.3171,,,,,,,,,,,,
2012-09-30,CBOE,,,,,,,,,,,,,,,,,,,,,,,,,,,,,,,,,,,,,,0.04,,,0.39,,,,,,,,,,,,,,,,,,,,,,,,,,,,,,,,,,,,,,,,,,,,,,,,,2012-11-01,,0.43,,pre-market,,,,,,,,,,,,,10.2564,,,,,,,,,,,,
2012-12-31,CBOE,,,,,,,,,,,,,,,,,,,,,,,,,,,,,,,,,,,,,,0.03,,,0.42,,,,,,,,,,,,,,,,,,,,,,,,,,,,,,,,,,,,,,,,,,,,,,,,,2013-02-08,,0.45,,pre-market,,,,,,,,,,,,,7.1429,,,,,,,,,,,,
2013-03-31,CBOE,,,,,,,,,,,,,,,,,,,,,,,,,,,,,,,,,,,,,,0.03,,,0.47,,,,,,,,,,,,,,,,,,,,,,,,,,,,,,,,,,,,,,,,,,,,,,,,,2013-05-03,,0.5,,pre-market,,,,,,,,,,,,,6.383,,,,,,,,,,,,
2013-06-30,CBOE,,,,,,,,,,,,,,,,,,,,,,,,,,,,,,,,,,,,,,0.03,,,0.51,,,,,,,,,,,,,,,,,,,,,,,,,,,,,,,,,,,,,,,,,,,,,,,,,2013-08-02,,0.54,,pre-market,,,,,,,,,,,,,5.8824,,,,,,,,,,,,
2013-09-30,CBOE,,,,,,,,,,,,,,,,,,,,,,,,,,,,,,,,,,,,,,0.02,,,0.45,,,,,,,,,,,,,,,,,,,,,,,,,,,,,,,,,,,,,,,,,,,,,,,,,2013-11-01,,0.47,,pre-market,,,,,,,,,,,,,4.4444,,,,,,,,,,,,
2013-12-31,CBOE,,,,,,,,,,,,,,,,,,,,,,,,,,,,,,,,,,,,,,0.04,,,0.48,,,,,,,,,,,,,,,,,,,,,,,,,,,,,,,,,,,,,,,,,,,,,,,,,2014-02-07,,0.52,,pre-market,,,,,,,,,,,,,8.3333,,,,,,,,,,,,
2014-03-31,CBOE,,,,,,,,,,,,,,,,,,,,,,,,,,,,,,,,,,,,,,0.02,,,0.56,,,,,,,,,,,,,,,,,,,,,,,,,,,,,,,,,,,,,,,,,,,,,,,,,2014-05-06,,0.58,,pre-market,,,,,,,,,,,,,3.5714,,,,,,,,,,,,
2014-06-30,CBOE,,,,,,,,,,,,,,,,,,,,,,,,,,,,,,,,,,,,,,0.0,,,0.5,,,,,,,,,,,,,,,,,,,,,,,,,,,,,,,,,,,,,,,,,,,,,,,,,2014-08-01,,0.5,,pre-market,,,,,,,,,,,,,0.0,,,,,,,,,,,,
2014-09-30,CBOE,,,,,,,,,,,,,,,,,,,,,,,,,,,,,,,,,,,,,,0.03,,,0.54,,,,,,,,,,,,,,,,,,,,,,,,,,,,,,,,,,,,,,,,,,,,,,,,,2014-10-31,,0.57,,pre-market,,,,,,,,,,,,,5.5556,,,,,,,,,,,,
2014-12-31,CBOE,,,,,,,,,,,,,,,,,,,,,,,,,,,,,,,,,,,,,,-0.02,,,0.66,,,,,,,,,,,,,,,,,,,,,,,,,,,,,,,,,,,,,,,,,,,,,,,,,2015-02-06,,0.64,,pre-market,,,,,,,,,,,,,-3.0303,,,,,,,,,,,,
2015-03-31,CBOE,,,,,,,,,,,,,,,,,,,,,,,,,,,,,,,,,,,,,,0.03,,,0.47,,,,,,,,,,,,,,,,,,,,,,,,,,,,,,,,,,,,,,,,,,,,,,,,,2015-05-01,,0.5,,pre-market,,,,,,,,,,,,,6.383,,,,,,,,,,,,
2015-06-30,CBOE,,,,,,,,,,,,,,,,,,,,,,,,,,,,,,,,,,,,,,0.04,,,0.5,,,,,,,,,,,,,,,,,,,,,,,,,,,,,,,,,,,,,,,,,,,,,,,,,2015-07-31,,0.54,,pre-market,,,,,,,,,,,,,8.0,,,,,,,,,,,,
2015-09-30,CBOE,,,,,,,,,,,,,,,,,,,,,,,,,,,,,,,,,,,,,,0.03,,,0.73,,,,,,,,,,,,,,,,,,,,,,,,,,,,,,,,,,,,,,,,,,,,,,,,,2015-10-30,,0.76,,pre-market,,,,,,,,,,,,,4.1096,,,,,,,,,,,,
2015-12-31,CBOE,,,,,,,,,,,,,,,,,,,,,,,,,,,,,,,,,,,,,,0.04,,,0.55,,,,,,,,,,,,,,,,,,,,,,,,,,,,,,,,,,,,,,,,,,,,,,,,,2016-02-03,,0.59,,pre-market,,,,,,,,,,,,,7.2727,,,,,,,,,,,,
2016-03-31,CBOE,,,,,,,,,,,,,,,,,,,,,,,,,,,,,,,,,,,,,,-0.01,,,0.62,,,,,,,,,,,,,,,,,,,,,,,,,,,,,,,,,,,,,,,,,,,,,,,,,2016-04-29,,0.61,,pre-market,,,,,,,,,,,,,-1.6129,,,,,,,,,,,,
2016-06-30,CBOE,,,,,,,,,,,,,,,,,,,,,,,,,,,,,,,,,,,,,,-0.01,,,0.6,,,,,,,,,,,,,,,,,,,,,,,,,,,,,,,,,,,,,,,,,,,,,,,,,2016-07-29,,0.59,,pre-market,,,,,,,,,,,,,-1.6667,,,,,,,,,,,,
2016-09-30,CBOE,,,,,,,,,,,,,,,,,,,,,,,,,,,,,,,,,,,,,,0.02,,,0.56,,,,,,,,,,,,,,,,,,,,,,,,,,,,,,,,,,,,,,,,,,,,,,,,,2016-10-28,,0.58,,pre-market,,,,,,,,,,,,,3.5714,,,,,,,,,,,,
2016-12-31,CBOE,,,,,,,,,,,,,,,,,,,,,,,,,,,,,,,,,,,,,,0.03,,,0.6,,,,,,,,,,,,,,,,,,,,,,,,,,,,,,,,,,,,,,,,,,,,,,,,,2017-02-06,,0.63,,post-market,,,,,,,,,,,,,5.0,,,,,,,,,,,,
2017-03-31,CBOE,,,,,,,,,,,,,,,,,,,,,,,,,,,,,,,,,,,,,,0.09,,,0.69,,,,,,,,,,,,,,,,,,,,,,,,,,,,,,,,,,,,,,,,,,,,,,,,,2017-05-09,,0.78,,pre-market,,,,,,,,,,,,,13.0435,,,,,,,,,,,,
2017-06-30,CBOE,,,,,,,,,,,,,,,,,,,,,,,,,,,,,,,,,,,,,,0.01,,,0.86,,,,,,,,,,,,,,,,,,,,,,,,,,,,,,,,,,,,,,,,,,,,,,,,,2017-08-04,,0.87,,pre-market,,,,,,,,,,,,,1.1628,,,,,,,,,,,,
2017-09-30,CBOE,,,,,,,,,,,,,,,,,,,,,,,,,,,,,,,,,,,,,,0.01,,,0.88,,,,,,,,,,,,,,,,,,,,,,,,,,,,,,,,,,,,,,,,,,,,,,,,,2017-11-07,,0.89,,pre-market,,,,,,,,,,,,,1.1364,,,,,,,,,,,,
2017-12-31,CBOE,,,,,,,,,,,,,,,,,,,,,,,,,,,,,,,,,,,,,,-0.01,,,0.88,,,,,,,,,,,,,,,,,,,,,,,,,,,,,,,,,,,,,,,,,,,,,,,,,2018-02-09,,0.87,,pre-market,,,,,,,,,,,,,-1.1364,,,,,,,,,,,,
2018-03-31,CBOE,,,,,,,,,,,,,,,,,,,,,,,,,,,,,,,,,,,,,,0.1,,,1.28,,,,,,,,,,,,,,,,,,,,,,,,,,,,,,,,,,,,,,,,,,,,,,,,,2018-05-04,,1.38,,pre-market,,,,,,,,,,,,,7.8125,,,,,,,,,,,,
2018-06-30,CBOE,,,,,,,,,,,,,,,,,,,,,,,,,,,,,,,,,,,,,,0.02,,,1.03,,,,,,,,,,,,,,,,,,,,,,,,,,,,,,,,,,,,,,,,,,,,,,,,,2018-08-03,,1.05,,pre-market,,,,,,,,,,,,,1.9417,,,,,,,,,,,,
2018-09-30,CBOE,,,,,,,,,,,,,,,,,,,,,,,,,,,,,,,,,,,,,,0.04,,,1.02,,,,,,,,,,,,,,,,,,,,,,,,,,,,,,,,,,,,,,,,,,,,,,,,,2018-11-02,,1.06,,pre-market,,,,,,,,,,,,,3.9216,,,,,,,,,,,,
2018-12-31,CBOE,,,,,,,,,,,,,,,,,,,,,,,,,,,,,,,,,,,,,,0.17,,,1.37,,,,,,,,,,,,,,,,,,,,,,,,,,,,,,,,,,,,,,,,,,,,,,,,,2019-02-08,,1.54,,pre-market,,,,,,,,,,,,,12.4088,,,,,,,,,,,,
2019-03-31,CBOE,,,,,,,,,,,,,,,,,,,,,,,,,,,,,,,,,,,,,,0.12,,,0.99,,,,,,,,,,,,,,,,,,,,,,,,,,,,,,,,,,,,,,,,,,,,,,,,,2019-05-03,,1.11,,pre-market,,,,,,,,,,,,,12.1212,,,,,,,,,,,,
2019-06-30,CBOE,,,,,,,,,,,,,,,,,,,,,,,,,,,,,,,,,,,,,,0.06,,,1.07,,,,,,,,,,,,,,,,,,,,,,,,,,,,,,,,,,,,,,,,,,,,,,,,,2019-08-02,,1.13,,pre-market,,,,,,,,,,,,,5.6075,,,,,,,,,,,,
2019-09-30,CBOE,,,,,,,,,,,,,,,,,,,,,,,,,,,,,,,,,,,,,,0.14,,,1.15,,,,,,,,,,,,,,,,,,,,,,,,,,,,,,,,,,,,,,,,,,,,,,,,,2019-11-01,,1.29,,pre-market,,,,,,,,,,,,,12.1739,,,,,,,,,,,,
2019-12-31,CBOE,,,,,,,,,,,,,,,,,,,,,,,,,,,,,,,,,,,,,,0.08,,,1.13,,,,,,,,,,,,,,,,,,,,,,,,,,,,,,,,,,,,,,,,,,,,,,,,,2020-02-07,,1.21,,pre-market,,,,,,,,,,,,,7.0796,,,,,,,,,,,,
2020-03-31,CBOE,,,,,,,,,,,,,,,,,,,,,,,,,,,,,,,,,,,,,,0.11,,,1.54,,,,,,,,,,,,,,,,,,,,,,,,,,,,,,,,,,,,,,,,,,,,,,,,,2020-05-01,,1.65,,pre-market,,,,,,,,,,,,,7.1429,,,,,,,,,,,,
2020-06-30,CBOE,,,,,,,,,,,,,,,,,,,,,,,,,,,,,,,,,,,,,,0.07,,,1.24,,,,,,,,,,,,,,,,,,,,,,,,,,,,,,,,,,,,,,,,,,,,,,,,,2020-07-31,,1.31,,pre-market,,,,,,,,,,,,,5.6452,,,,,,,,,,,,
2020-09-30,CBOE,,,,,,,,,,,,,,,,,,,,,,,,,,,,,,,,,,,,,,0.04,,,1.07,,,,,,,,,,,,,,,,,,,,,,,,,,,,,,,,,,,,,,,,,,,,,,,,,2020-10-30,,1.11,,pre-market,,,,,,,,,,,,,3.7383,,,,,,,,,,,,
2020-12-31,CBOE,,,,,,,,,,,,,,,,,,,,,,,,,,,,,,,,,,,,,,-0.02,,,1.23,,,,,,,,,,,,,,,,,,,,,,,,,,,,,,,,,,,,,,,,,,,,,,,,,2021-02-05,,1.21,,pre-market,,,,,,,,,,,,,-1.626,,,,,,,,,,,,
2021-03-31,CBOE,,,,,,,,,,,,,,,,,,,,,,,,,,,,,,,,,,,,,,0.13,,,1.4,,,,,,,,,,,,,,,,,,,,,,,,,,,,,,,,,,,,,,,,,,,,,,,,,2021-04-30,,1.53,,pre-market,,,,,,,,,,,,,9.2857,,,,,,,,,,,,
2021-06-30,CBOE,,,,,,,,,,,,,,,,,,,,,,,,,,,,,,,,,,,,,,0.02,,,1.36,,,,,,,,,,,,,,,,,,,,,,,,,,,,,,,,,,,,,,,,,,,,,,,,,2021-07-30,,1.38,,pre-market,,,,,,,,,,,,,1.4706,,,,,,,,,,,,
2021-09-30,CBOE,,,,,,,,,,,,,,,,,,,,,,,,,,,,,,,,,,,,,,0.01,,,1.44,,,,,,,,,,,,,,,,,,,,,,,,,,,,,,,,,,,,,,,,,,,,,,,,,2021-10-29,,1.45,,pre-market,,,,,,,,,,,,,0.6944,,,,,,,,,,,,
2021-12-31,CBOE,,,,,,,,,,,,,,,,,,,,,,,,,,,,,,,,,,,,,,0.16,,,1.54,,,,,,,,,,,,,,,,,,,,,,,,,,,,,,,,,,,,,,,,,,,,,,,,,2022-02-04,,1.7,,pre-market,,,,,,,,,,,,,10.3896,,,,,,,,,,,,
2022-03-31,CBOE,,,,,,,,,,,,,,,,,,,,,,,,,,,,,,,,,,,,,,0.05,,,1.68,,,,,,,,,,,,,,,,,,,,,,,,,,,,,,,,,,,,,,,,,,,,,,,,,2022-04-29,,1.73,,pre-market,,,,,,,,,,,,,2.9762,,,,,,,,,,,,
2022-06-30,CBOE,,,,,,,,,,,,,,,,,,,,,,,,,,,,,,,,,,,,,,-0.02,,,1.69,,,,,,,,,,,,,,,,,,,,,,,,,,,,,,,,,,,,,,,,,,,,,,,,,2022-07-29,,1.67,,pre-market,,,,,,,,,,,,,-1.1834,,,,,,,,,,,,
2022-09-30,CBOE,,,,,,,,,,,,,,,,,,,,,,,,,,,,,,,,,,,,,,0.09,,,1.65,,,,,,,,,,,,,,,,,,,,,,,,,,,,,,,,,,,,,,,,,,,,,,,,,2022-11-04,,1.74,,pre-market,,,,,,,,,,,,,5.4545,,,,,,,,,,,,
2022-12-31,CBOE,,,,,,,,,,,,,,,,,,,,,,,,,,,,,,,,,,,,,,0.04,,,1.76,,,,,,,,,,,,,,,,,,,,,,,,,,,,,,,,,,,,,,,,,,,,,,,,,2023-02-03,,1.8,,pre-market,,,,,,,,,,,,,2.2727,,,,,,,,,,,,
2023-03-31,CBOE,,,,,,,,,,,,,,,,,,,,,,,,,,,,,,,,,,,,,,0.03,,,1.87,,,,,,,,,,,,,,,,,,,,,,,,,,,,,,,,,,,,,,,,,,,,,,,,,2023-05-05,,1.9,,pre-market,,,,,,,,,,,,,1.6043,,,,,,,,,,,,
2023-06-30,CBOE,,,,,,,,,,,,,,,,,,,,,,,,,,,,,,,,,,,,,,0.01,,,1.77,,,,,,,,,,,,,,,,,,,,,,,,,,,,,,,,,,,,,,,,,,,,,,,,,2023-08-04,,1.78,,pre-market,,,,,,,,,,,,,0.565,,,,,,,,,,,,
2023-09-30,CBOE,,,,,,,,,,,,,,,,,,,,,,,,,,,,,,,,,,,,,,0.2,,,1.86,,,,,,,,,,,,,,,,,,,,,,,,,,,,,,,,,,,,,,,,,,,,,,,,,2023-11-03,,2.06,,pre-market,,,,,,,,,,,,,10.7527,,,,,,,,,,,,
2023-12-31,CBOE,,,,,,,,,,,,,,,,,,,,,,,,,,,,,,,,,,,,,,0.03,,,2.03,,,,,,,,,,,,,,,,,,,,,,,,,,,,,,,,,,,,,,,,,,,,,,,,,2024-02-02,,2.06,,pre-market,,,,,,,,,,,,,1.4778,,,,,,,,,,,,
2024-03-31,CBOE,,,,,,,,,,,,,,,,,,,,,,,,,,,,,,,,,,,,,,0.11,,,2.04,,,,,,,,,,,,,,,,,,,,,,,,,,,,,,,,,,,,,,,,,,,,,,,,,2024-05-03,,2.15,,pre-market,,,,,,,,,,,,,5.3922,,,,,,,,,,,,
2024-06-30,CBOE,,,,,,,,,,,,,,,,,,,,,,,,,,,,,,,,,,,,,,0.05,,,2.1,,,,,,,,,,,,,,,,,,,,,,,,,,,,,,,,,,,,,,,,,,,,,,,,,2024-08-02,,2.15,,pre-market,,,,,,,,,,,,,2.381,,,,,,,,,,,,
2024-09-30,CBOE,,,,,,,,,,,,,,,,,,,,,,,,,,,,,,,,,,,,,,0.03,,,2.19,,,,,,,,,,,,,,,,,,,,,,,,,,,,,,,,,,,,,,,,,,,,,,,,,2024-11-01,,2.22,,pre-market,,,,,,,,,,,,,1.3699,,,,,,,,,,,,
2024-12-31,CBOE,,,,,,,,,,,,,,,,,,,,,,,,,,,,,,,,,,,,,,-0.02,,,2.12,,,,,,,,,,,,,,,,,,,,,,,,,,,,,,,,,,,,,,,,,,,,,,,,,2025-02-07,,2.1,,pre-market,,,,,,,,,,,,,-0.9434,,,,,,,,,,,,
2025-03-31,CBOE,,,,,,,,,,,,,,,,,,,,,,,,,,,,,,,,,,,,,,0.14,,,2.36,,,,,,,,,,,,,,,,,,,,,,,,,,,,,,,,,,,,,,,,,,,,,,,,,2025-05-02,,2.5,,pre-market,,,,,,,,,,,,,5.9322,,,,,,,,,,,,
2025-06-30,CBOE,,,,,,,,,,,,,,,,,,,,,,,,,,,,,,,,,,,,,,-0.07,,,2.3,,,,,,,,,,,,,,,,,,,,,,,,,,,,,,,,,,,,,,,,,,,,,,,,,2025-08-01,,2.23,,pre-market,,,,,,,,,,,,,-3.0435,,,,,,,,,,,,
2025-09-30,CBOE,,,,,,,,,,,,,,,,,,,,,,,,,,,,,,,,,,,,,,0.51,,,2.34,,,,,,,,,,,,,,,,,,,,,,,,,,,,,,,,,,,,,,,,,,,,,,,,,2025-10-31,,2.85,,pre-market,,,,,,,,,,,,,21.7949,,,,,,,,,,,,
2025-12-28,CBOE,9.3,4617800000.0,27.54,,0.353,46.69,,,,,,,,,,,,,,,,,,,,,,,,,,2.61,0.0102,,,,0.377,0.51,,,2.34,,24.94,,2282500000.0,,,,,,,,,,,,,,,,,,,0.329,,,,,,,,,,,,,2.136,5.49,5.8,,,,,,,,0.213,,,2025-10-31,,2.85,,pre-market,,,0.0973,0.216,0.081,44.09,,,,,235.84,250.14,21.7949,,,,,,,,,27.54,,262.25,185.13
2025-12-28,CBOE,9.3,4617800000.0,27.54,,0.353,46.69,,,,,,,,,,,,,,,None,594400000,594400000,,,,,,None,30900000,,2.61,0.0102,,,,0.377,0.51,375000000,405900000,2.34,2025-09-30,24.94,,2282500000.0,547300000,430100000,129300000,,,None,13300000,14300000,,None,,,,,299300000,300800000,1000000,None,0.329,,172300000,375000000,,,,,None,,,,,2.136,5.49,5.8,,,,,,,,0.213,,,2025-10-31,quarterly,2.85,USD,pre-market,None,,0.0973,0.216,0.081,44.09,21600000,,,,235.84,250.14,21.7949,,,,,,,1141700000,,27.54,,262.25,185.13
2025-12-28,CBOE,9.3,4617800000.0,27.54,,0.353,46.69,,,,,,,,,,,,,,,None,586200000,586200000,,,,,,None,29900000,,2.61,0.0102,,,,0.377,0.51,347500000,377400000,2.34,2025-06-30,24.94,,2282500000.0,587300000,334600000,99500000,,,None,12900000,11300000,,None,,,,,235100000,235100000,-1600000,None,0.329,,248200000,339100000,,,,,None,,,,,2.136,5.49,5.8,,,,,,,,0.213,,,2025-10-31,quarterly,2.85,USD,pre-market,None,,0.0973,0.216,0.081,44.09,152700000,,,,235.84,250.14,21.7949,,,,,,,1173500000,,27.54,,262.25,185.13
2025-12-28,CBOE,9.3,4617800000.0,27.54,,0.353,46.69,,,,,,,,,,,,,,,None,629800000,629800000,,,,,,None,30300000,,2.61,0.0102,,,,0.377,0.51,363000000,393300000,2.34,2025-03-31,24.94,,2282500000.0,565200000,350200000,99600000,,,None,12800000,8400000,,None,,,,,250600000,250600000,-4400000,None,0.329,,211300000,353900000,,,,,None,,,,,2.136,5.49,5.8,,,,,,,,0.213,,,2025-10-31,quarterly,2.85,USD,pre-market,None,,0.0973,0.216,0.081,44.09,143200000,,,,235.84,250.14,21.7949,,,,,,,1195000000,,27.54,,262.25,185.13
2025-12-28,CBOE,9.3,4617800000.0,27.54,,0.353,46.69,,,,,,,,,,,,,,,None,583100000,583100000,,,,,,None,32100000,,2.61,0.0102,,,,0.377,0.51,292600000,324700000,2.34,2024-12-31,24.94,,2282500000.0,524500000,279700000,83200000,,,None,12900000,7200000,,None,,,,,196500000,196500000,-5700000,None,0.329,,226000000,298500000,,,,,None,,,,,2.136,5.49,5.8,,,,,,,,0.213,,,2025-10-31,quarterly,2.85,USD,pre-market,None,,0.0973,0.216,0.081,44.09,137500000,,,,235.84,250.14,21.7949,,,,,,,1107600000,,27.54,,262.25,185.13
2025-12-28,CBOE,9.3,4617800000.0,27.54,,0.353,46.69,,,,,,,,,,,,,,,None,523700000,523700000,,,,,,None,31800000,,2.61,0.0102,,,,0.377,0.51,321800000,353600000,2.34,2024-09-30,24.94,,2282500000.0,532000000,309000000,90500000,,,None,12800000,11400000,,None,,,,,218500000,218500000,-1400000,None,0.329,,224600000,307400000,,,,,None,,,,,2.136,5.49,5.8,,,,,,,,0.213,,,2025-10-31,quarterly,2.85,USD,pre-market,None,,0.0973,0.216,0.081,44.09,141000000,,,,235.84,250.14,21.7949,,,,,,,1055700000,,27.54,,262.25,185.13
2025-12-28,CBOE,9.3,4617800000.0,27.54,,0.353,46.69,,,,,,,,,,,,,,,None,460200000,460200000,,,,,,None,31800000,,2.61,0.0102,,,,0.377,0.51,215800000,247600000,2.34,2024-06-30,24.94,,2282500000.0,513800000,203000000,62600000,,,None,12800000,4600000,,None,,,,,140400000,140400000,-8200000,None,0.329,,303700000,210100000,,,,,None,,,,,2.136,5.49,5.8,,,,,,,,0.213,,,2025-10-31,quarterly,2.85,USD,pre-market,None,,0.0973,0.216,0.081,44.09,141900000,,,,235.84,250.14,21.7949,,,,,,,974000000,,27.54,,262.25,185.13
2025-12-28,CBOE,9.3,4617800000.0,27.54,,0.353,46.69,,,,,,,,,,,,,,,None,455100000,455100000,,,,,,None,37300000,,2.61,0.0102,,,,0.377,0.51,305100000,342400000,2.34,2024-03-31,24.94,,2282500000.0,502100000,292100000,82600000,,,None,13000000,4100000,,None,,,,,209500000,209500000,-8900000,None,0.329,,219700000,282400000,,,,,None,,,,,2.136,5.49,5.8,,,,,,,,0.213,,,2025-10-31,quarterly,2.85,USD,pre-market,None,,0.0973,0.216,0.081,44.09,143300000,,,,235.84,250.14,21.7949,,,,,,,957200000,,27.54,,262.25,185.13
2025-12-28,CBOE,9.3,4617800000.0,27.54,,0.353,46.69,,,,,,,,,,,,,,,None,469700000,469700000,,,,,,None,38000000,,2.61,0.0102,,,,0.377,0.51,300700000,338700000,2.34,2023-12-31,24.94,,2282500000.0,499000000,287500000,75500000,,,None,13200000,3700000,,None,,,,,212000000,212000000,-9500000,None,0.329,,205000000,294000000,,,,,None,,,,,2.136,5.49,5.8,,,,,,,,0.213,,,2025-10-31,quarterly,2.85,USD,pre-market,None,,0.0973,0.216,0.081,44.09,136100000,,,,235.84,250.14,21.7949,,,,,,,968700000,,27.54,,262.25,185.13
2025-12-28,CBOE,9.3,4617800000.0,27.54,,0.353,46.69,,,,,,,,,,,,,,,None,428300000,428300000,,,,,,None,38800000,,2.61,0.0102,,,,0.377,0.51,285500000,324300000,2.34,2023-09-30,24.94,,2282500000.0,480500000,270100000,61900000,,,None,15400000,3500000,,None,,,,,208200000,208200000,-11900000,None,0.329,,209300000,271200000,,,,,None,,,,,2.136,5.49,5.8,,,,,,,,0.213,,,2025-10-31,quarterly,2.85,USD,pre-market,None,,0.0973,0.216,0.081,44.09,120500000,,,,235.84,250.14,21.7949,,,,,,,908800000,,27.54,,262.25,185.13
2025-12-28,CBOE,9.3,4617800000.0,27.54,,0.353,46.69,,,,,,,,,,,,,,,None,440700000,440700000,,,,,,None,39800000,,2.61,0.0102,,,,0.377,0.51,258500000,298300000,2.34,2023-06-30,24.94,,2282500000.0,467100000,241800000,74000000,,,None,16700000,2800000,,None,,,,,167800000,167800000,-13900000,None,0.329,,222300000,244800000,,,,,10900000,,,,,2.136,5.49,5.8,,,,,,,,0.213,,,2025-10-31,quarterly,2.85,USD,pre-market,None,,0.0973,0.216,0.081,44.09,126900000,,,,235.84,250.14,21.7949,,,,,,,907800000,,27.54,,262.25,185.13
2025-12-28,CBOE,9.3,4617800000.0,27.54,,0.353,46.69,,,,,,,,,,,,,,,None,516800000,516800000,,,,,,None,41400000,,2.61,0.0102,,,,0.377,0.51,265300000,306700000,2.34,2023-03-31,24.94,,2282500000.0,471400000,248200000,74800000,,,None,17100000,2000000,,None,,,,,173400000,173400000,-15100000,None,0.329,,223500000,247900000,,,,,15400000,,,,,2.136,5.49,5.8,,,,,,,,0.213,,,2025-10-31,quarterly,2.85,USD,pre-market,None,,0.0973,0.216,0.081,44.09,141900000,,,,235.84,250.14,21.7949,,,,,,,988200000,,27.54,,262.25,185.13
2025-12-28,CBOE,9.3,4617800000.0,27.54,,0.353,46.69,,,,,,,,,,,,,,,None,547600000,547600000,,,,,,None,44700000,,2.61,0.0102,,,,0.377,0.51,252900000,297600000,2.34,2022-12-31,24.94,,2282500000.0,457100000,235800000,76100000,,,None,17100000,1400000,,None,,,,,159700000,159700000,-15700000,None,0.329,,206600000,250500000,,,,,1000000,,,,,2.136,5.49,5.8,,,,,,,,0.213,,,2025-10-31,quarterly,2.85,USD,pre-market,None,,0.0973,0.216,0.081,44.09,118400000,,,,235.84,250.14,21.7949,,,,,,,1004700000,,27.54,,262.25,185.13
2025-12-28,CBOE,9.3,4617800000.0,27.54,,0.353,46.69,,,,,,,,,,,,,,,None,551100000,551100000,,,,,,None,41000000,,2.61,0.0102,,,,0.377,0.51,245100000,286100000,2.34,2022-09-30,24.94,,2282500000.0,442400000,229000000,78800000,,,None,16100000,800000,,None,,,,,149600000,150200000,-15300000,None,0.329,,205600000,236800000,,,,,7500000,,,,,2.136,5.49,5.8,,,,,,,,0.213,,,2025-10-31,quarterly,2.85,USD,pre-market,None,,0.0973,0.216,0.081,44.09,122400000,,,,235.84,250.14,21.7949,,,,,,,993500000,,27.54,,262.25,185.13
2025-12-28,CBOE,9.3,4617800000.0,27.54,,0.353,46.69,,,,,,,,,,,,,,,None,561700000,561700000,,,,,,None,40200000,,2.61,0.0102,,,,0.377,0.51,-241700000,-201500000,2.34,2022-06-30,24.94,,2282500000.0,424100000,-256800000,-72300000,,,None,15100000,500000,,None,,,,,-184500000,-184500000,-14600000,None,0.329,,661500000,-237400000,,,,,-4800000,,,,,2.136,5.49,5.8,,,,,,,,0.213,,,2025-10-31,quarterly,2.85,USD,pre-market,None,,0.0973,0.216,0.081,44.09,110300000,,,,235.84,250.14,21.7949,,,,,,,985800000,,27.54,,262.25,185.13
2025-12-28,CBOE,9.3,4617800000.0,27.54,,0.353,46.69,,,,,,,,,,,,,,,None,556400000,556400000,,,,,,None,40900000,,2.61,0.0102,,,,0.377,0.51,236600000,277500000,2.34,2022-03-31,24.94,,2282500000.0,418100000,224900000,115300000,,,None,11700000,900000,,None,,,,,109200000,109600000,-10800000,None,0.329,,178400000,239700000,,,,,-4000000,,,,,2.136,5.49,5.8,,,,,,,,0.213,,,2025-10-31,quarterly,2.85,USD,pre-market,None,,0.0973,0.216,0.081,44.09,107400000,,,,235.84,250.14,21.7949,,,,,,,974500000,,27.54,,262.25,185.13
2025-12-28,CBOE,9.3,4617800000.0,27.54,,0.353,46.69,,,,,,,,,,,,,,,None,475900000,475900000,,,,,,None,42000000,,2.61,0.0102,,,,0.377,0.51,221700000,263700000,2.34,2021-12-31,24.94,,2282500000.0,390500000,210200000,44300000,,,None,11500000,400000,,None,,,,,165300000,165900000,-11100000,None,0.329,,169900000,220600000,,,,,700000,,,,,2.136,5.49,5.8,,,,,,,,0.213,,,2025-10-31,quarterly,2.85,USD,pre-market,None,,0.0973,0.216,0.081,44.09,96200000,,,,235.84,250.14,21.7949,,,,,,,866400000,,27.54,,262.25,185.13
2025-12-28,CBOE,9.3,4617800000.0,27.54,,0.353,46.69,,,,,,,,,,,,,,,None,447300000,447300000,,,,,,None,42800000,,2.61,0.0102,,,,0.377,0.51,185500000,228300000,2.34,2021-09-30,24.94,,2282500000.0,369500000,173800000,53400000,,,None,11700000,0,,None,,,,,120000000,120400000,-11700000,None,0.329,,178800000,190700000,,,,,-5200000,,,,,2.136,5.49,5.8,,,,,,,,0.213,,,2025-10-31,quarterly,2.85,USD,pre-market,None,,0.0973,0.216,0.081,44.09,98000000,,,,235.84,250.14,21.7949,,,,,,,816800000,,27.54,,262.25,185.13
2025-12-28,CBOE,9.3,4617800000.0,27.54,,0.353,46.69,,,,,,,,,,,,,,,None,450200000,450200000,,,,,,None,40600000,,2.61,0.0102,,,,0.377,0.51,191600000,232200000,2.34,2021-06-30,24.94,,2282500000.0,350600000,179200000,73700000,,,None,12400000,100000,,None,,,,,105200000,105500000,-12300000,None,0.329,,160600000,190000000,,,,,1500000,,,,,2.136,5.49,5.8,,,,,,,,0.213,,,2025-10-31,quarterly,2.85,USD,pre-market,None,,0.0973,0.216,0.081,44.09,90100000,,,,235.84,250.14,21.7949,,,,,,,800800000,,27.54,,262.25,185.13
2025-12-28,CBOE,9.3,4617800000.0,27.54,,0.353,46.69,,,,,,,,,,,,,,,None,645300000,645300000,,,,,,None,42000000,,2.61,0.0102,,,,0.377,0.51,205300000,247300000,2.34,2021-03-31,24.94,,2282500000.0,365500000,192900000,55700000,,,None,12400000,100000,,None,,,,,136800000,137200000,-12300000,None,0.329,,160900000,204600000,,,,,600000,,,,,2.136,5.49,5.8,,,,,,,,0.213,,,2025-10-31,quarterly,2.85,USD,pre-market,None,,0.0973,0.216,0.081,44.09,87900000,,,,235.84,250.14,21.7949,,,,,,,1010800000,,27.54,,262.25,185.13
2025-12-28,CBOE,9.3,4617800000.0,27.54,,0.353,46.69,,,,,,,,,,,,,,,None,537100000,537100000,,,,,,None,40500000,,2.61,0.0102,,,,0.377,0.51,133200000,173700000,2.34,2020-12-31,24.94,,2282500000.0,307100000,122900000,35600000,,,None,13500000,200000,,None,,,,,87100000,87300000,-13500000,None,0.329,,172300000,134800000,,,,,1600000,,,,,2.136,5.49,5.8,,,,,,,,0.213,,,2025-10-31,quarterly,2.85,USD,pre-market,None,,0.0973,0.216,0.081,44.09,75100000,,,,235.84,250.14,21.7949,,,,,,,844200000,,27.54,,262.25,185.13
2025-12-28,CBOE,9.3,4617800000.0,27.54,,0.353,46.69,,,,,,,,,,,,,,,None,500700000,500700000,,,,,,None,39500000,,2.61,0.0102,,,,0.377,0.51,173000000,212500000,2.34,2020-09-30,24.94,,2282500000.0,292000000,163400000,53500000,,,None,9600000,100000,,None,,,,,109600000,109900000,-9500000,None,0.329,,152700000,139300000,,,,,33600000,,,,,2.136,5.49,5.8,,,,,,,,0.213,,,2025-10-31,quarterly,2.85,USD,pre-market,None,,0.0973,0.216,0.081,44.09,75000000,,,,235.84,250.14,21.7949,,,,,,,792700000,,27.54,,262.25,185.13
2025-12-28,CBOE,9.3,4617800000.0,27.54,,0.353,46.69,,,,,,,,,,,,,,,None,571800000,571800000,,,,,,None,38000000,,2.61,0.0102,,,,0.377,0.51,164000000,202000000,2.34,2020-06-30,24.94,,2282500000.0,296900000,156600000,43000000,,,None,7400000,100000,,None,,,,,113300000,113600000,-7300000,None,0.329,,135200000,161700000,,,,,2200000,,,,,2.136,5.49,5.8,,,,,,,,0.213,,,2025-10-31,quarterly,2.85,USD,pre-market,None,,0.0973,0.216,0.081,44.09,67200000,,,,235.84,250.14,21.7949,,,,,,,868700000,,27.54,,262.25,185.13
2025-12-28,CBOE,9.3,4617800000.0,27.54,,0.353,46.69,,,,,,,,,,,,,,,None,563200000,563200000,,,,,,None,40500000,,2.61,0.0102,,,,0.377,0.51,225500000,266000000,2.34,2020-03-31,24.94,,2282500000.0,358300000,217500000,60100000,,,None,8000000,700000,,None,,,,,157000000,157400000,-7300000,None,0.329,,131900000,226400000,,,,,-1600000,,,,,2.136,5.49,5.8,,,,,,,,0.213,,,2025-10-31,quarterly,2.85,USD,pre-market,None,,0.0973,0.216,0.081,44.09,68200000,,,,235.84,250.14,21.7949,,,,,,,921500000,,27.54,,262.25,185.13
2025-12-28,CBOE,9.3,4617800000.0,27.54,,0.353,46.69,,,,,,,,,,,,,,,None,318300000,318300000,,,,,,None,42800000,,2.61,0.0102,,,,0.377,0.51,121900000,164700000,2.34,2019-12-31,24.94,,2282500000.0,280300000,114200000,27900000,,,None,7800000,300000,,None,,,,,86100000,85200000,-7800000,None,0.329,,161100000,119200000,,,,,2800000,,,,,2.136,5.49,5.8,,,,,,,,0.213,,,2025-10-31,quarterly,2.85,USD,pre-market,None,,0.0973,0.216,0.081,44.09,64400000,,,,235.84,250.14,21.7949,,,,,,,598600000,,27.54,,262.25,185.13
2025-12-28,CBOE,9.3,4617800000.0,27.54,,0.353,46.69,,,,,,,,,,,,,,,None,381400000,381400000,,,,,,None,42900000,,2.61,0.0102,,,,0.377,0.51,149700000,192600000,2.34,2019-09-30,24.94,,2282500000.0,294000000,140900000,35000000,,,None,8800000,600000,,None,,,,,105500000,105900000,-8200000,None,0.329,,146600000,147400000,,,,,1700000,,,,,2.136,5.49,5.8,,,,,,,,0.213,,,2025-10-31,quarterly,2.85,USD,pre-market,None,,0.0973,0.216,0.081,44.09,67200000,,,,235.84,250.14,21.7949,,,,,,,675400000,,27.54,,262.25,185.13
2025-12-28,CBOE,9.3,4617800000.0,27.54,,0.353,46.69,,,,,,,,,,,,,,,None,337400000,337400000,,,,,,None,43700000,,2.61,0.0102,,,,0.377,0.51,129600000,173300000,2.34,2019-06-30,24.94,,2282500000.0,283200000,119600000,35100000,,,None,10000000,500000,,None,,,,,87600000,84500000,-10000000,None,0.329,,158000000,125200000,,,,,4400000,,,,,2.136,5.49,5.8,,,,,,,,0.213,,,2025-10-31,quarterly,2.85,USD,pre-market,None,,0.0973,0.216,0.081,44.09,71400000,,,,235.84,250.14,21.7949,,,,,,,620600000,,27.54,,262.25,185.13
2025-12-28,CBOE,9.3,4617800000.0,27.54,,0.353,46.69,,,,,,,,,,,,,,,None,322100000,322100000,,,,,,None,47200000,,2.61,0.0102,,,,0.377,0.51,137800000,185000000,2.34,2019-03-31,24.94,,2282500000.0,280500000,127800000,32600000,,,None,10000000,500000,,None,,,,,94600000,95200000,-9900000,None,0.329,,134000000,146500000,,,,,-8800000,,,,,2.136,5.49,5.8,,,,,,,,0.213,,,2025-10-31,quarterly,2.85,USD,pre-market,None,,0.0973,0.216,0.081,44.09,64300000,,,,235.84,250.14,21.7949,,,,,,,602600000,,27.54,,262.25,185.13
2025-12-28,CBOE,9.3,4617800000.0,27.54,,0.353,46.69,,,,,,,,,,,,,,,None,413300000,413300000,,,,,,None,49100000,,2.61,0.0102,,,,0.377,0.51,184000000,233100000,2.34,2018-12-31,24.94,,2282500000.0,334400000,175600000,37300000,,,None,9700000,None,,None,,,,,137400000,138400000,None,None,0.329,,157900000,176500000,,,,,8900000,,,,,2.136,5.49,5.8,,,,,,,,0.213,,,2025-10-31,quarterly,2.85,USD,pre-market,0,,0.0973,0.216,0.081,44.09,77100000,,,,235.84,250.14,21.7949,,,,,,,747700000,,27.54,,262.25,185.13
2025-12-28,CBOE,9.3,4617800000.0,27.54,,0.353,46.69,,,,,,,,,,,,,,,None,305400000,305400000,,,,,,None,50300000,,2.61,0.0102,,,,0.377,0.51,126800000,177100000,2.34,2018-09-30,24.94,,2282500000.0,270500000,116300000,30600000,,,None,9600000,None,,None,,,,,85000000,85700000,None,None,0.329,,144400000,126100000,,,,,-200000,,,,,2.136,5.49,5.8,,,,,,,,0.213,,,2025-10-31,quarterly,2.85,USD,pre-market,0,,0.0973,0.216,0.081,44.09,68400000,,,,235.84,250.14,21.7949,,,,,,,575900000,,27.54,,262.25,185.13
2025-12-28,CBOE,9.3,4617800000.0,27.54,,0.353,46.69,,,,,,,,,,,,,,,None,384000000,384000000,,,,,,None,50400000,,2.61,0.0102,,,,0.377,0.51,129500000,179900000,2.34,2018-06-30,24.94,,2282500000.0,283500000,119800000,36800000,,,None,9700000,None,,None,,,,,82400000,83000000,None,None,0.329,,154400000,129100000,,,,,None,,,,,2.136,5.49,5.8,,,,,,,,0.213,,,2025-10-31,quarterly,2.85,USD,pre-market,0,,0.0973,0.216,0.081,44.09,74700000,,,,235.84,250.14,21.7949,,,,,,,667500000,,27.54,,262.25,185.13
2025-12-28,CBOE,9.3,4617800000.0,27.54,,0.353,46.69,,,,,,,,,,,,,,,None,449200000,449200000,,,,,,None,54200000,,2.61,0.0102,,,,0.377,0.51,169000000,223200000,2.34,2018-03-31,24.94,,2282500000.0,328500000,159400000,41300000,,,None,9600000,None,,None,,,,,117300000,118100000,None,None,0.329,,160800000,167700000,,,,,1300000,,,,,2.136,5.49,5.8,,,,,,,,0.213,,,2025-10-31,quarterly,2.85,USD,pre-market,0,,0.0973,0.216,0.081,44.09,76900000,,,,235.84,250.14,21.7949,,,,,,,777700000,,27.54,,262.25,185.13
2025-12-28,CBOE,9.3,4617800000.0,27.54,,0.353,46.69,,,,,,,,,,,,,,,None,355100000,355100000,,,,,,None,55900000,,2.61,0.0102,,,,0.377,0.51,114100000,170000000,2.34,2017-12-31,24.94,,2282500000.0,265600000,104100000,-153000000,,,None,10400000,None,,None,,,,,254600000,257100000,None,None,0.329,,156900000,108700000,,,,,5800000,,,,,2.136,5.49,5.8,,,,,,,,0.213,,,2025-10-31,quarterly,2.85,USD,pre-market,0,,0.0973,0.216,0.081,44.09,70300000,,,,235.84,250.14,21.7949,,,,,,,620700000,,27.54,,262.25,185.13
2025-12-28,CBOE,9.3,4617800000.0,27.54,,0.353,46.69,,,,,,,,,,,,,,,None,341700000,341700000,,,,,,None,55400000,,2.61,0.0102,,,,0.377,0.51,116700000,172100000,2.34,2017-09-30,24.94,,2282500000.0,269700000,105900000,45600000,,,None,10800000,None,,None,,,,,59700000,60300000,None,None,0.329,,150400000,119300000,,,,,-2900000,,,,,2.136,5.49,5.8,,,,,,,,0.213,,,2025-10-31,quarterly,2.85,USD,pre-market,0,,0.0973,0.216,0.081,44.09,68000000,,,,235.84,250.14,21.7949,,,,,,,611400000,,27.54,,262.25,185.13
2025-12-28,CBOE,9.3,4617800000.0,27.54,,0.353,46.69,,,,,,,,,,,,,,,None,373900000,373900000,,,,,,None,55800000,,2.61,0.0102,,,,0.377,0.51,117200000,173000000,2.34,2017-06-30,24.94,,2282500000.0,266900000,106100000,38100000,,,None,11100000,None,,None,,,,,67300000,68000000,None,None,0.329,,149100000,117800000,,,,,800000,,,,,2.136,5.49,5.8,,,,,,,,0.213,,,2025-10-31,quarterly,2.85,USD,pre-market,0,,0.0973,0.216,0.081,44.09,66900000,,,,235.84,250.14,21.7949,,,,,,,640800000,,27.54,,262.25,185.13
2025-12-28,CBOE,9.3,4617800000.0,27.54,,0.353,46.69,,,,,,,,,,,,,,,None,162800000,162800000,,,,,,None,25100000,,2.61,0.0102,,,,0.377,0.51,25900000,51000000,2.34,2017-03-31,24.94,,2282500000.0,193400000,18300000,3100000,,,None,7900000,None,,None,,,,,15100000,15200000,None,None,0.329,,167300000,26100000,,,,,100000,,,,,2.136,5.49,5.8,,,,,,,,0.213,,,2025-10-31,quarterly,2.85,USD,pre-market,0,,0.0973,0.216,0.081,44.09,62200000,,,,235.84,250.14,21.7949,,,,,,,356200000,,27.54,,262.25,185.13
2025-12-28,CBOE,9.3,4617800000.0,27.54,,0.353,46.69,,,,,,,,,,,,,,,None,20104000,20104000,,,,,,None,10087000,,2.61,0.0102,,,,0.377,0.51,80502000,90589000,2.34,2016-12-31,24.94,,2282500000.0,154976000,74986000,29825000,,,None,5515000,None,,None,,,,,44971000,45162000,None,None,0.329,,79874000,75102000,,,,,-115000,,,,,2.136,5.49,5.8,,,,,,,,0.213,,,2025-10-31,quarterly,2.85,USD,pre-market,0,,0.0973,0.216,0.081,44.09,57957000,,,,235.84,250.14,21.7949,,,,,,,163241000,,27.54,,262.25,185.13
2025-12-28,CBOE,9.3,4617800000.0,27.54,,0.353,46.69,,,,,,,,,,,,,,,None,32500000,32500000,,,,,,None,10200000,,2.61,0.0102,,,,0.377,0.51,67600000,77800000,2.34,2016-09-30,24.94,,2282500000.0,136200000,67336000,26885000,,,None,200000,None,,None,,,,,40300000,40451000,None,None,0.329,,70400000,65800000,,,,,1686000,,,,,2.136,5.49,5.8,,,,,,,,0.213,,,2025-10-31,quarterly,2.85,USD,pre-market,0,,0.0973,0.216,0.081,44.09,41000000,,,,235.84,250.14,21.7949,,,,,,,156207000,,27.54,,262.25,185.13
2025-12-28,CBOE,9.3,4617800000.0,27.54,,0.353,46.69,,,,,,,,,,,,,,,None,29000000,29000000,,,,,,None,12300000,,2.61,0.0102,,,,0.377,0.51,83800000,96100000,2.34,2016-06-30,24.94,,2282500000.0,144100000,83814000,32883000,,,None,28000,None,,None,,,,,50700000,50931000,None,None,0.329,,66100000,78000000,,,,,5847000,,,,,2.136,5.49,5.8,,,,,,,,0.213,,,2025-10-31,quarterly,2.85,USD,pre-market,0,,0.0973,0.216,0.081,44.09,43200000,,,,235.84,250.14,21.7949,,,,,,,163329000,,27.54,,262.25,185.13
2025-12-28,CBOE,9.3,4617800000.0,27.54,,0.353,46.69,,,,,,,,,,,,,,,None,27400000,27400000,,,,,,None,11900000,,2.61,0.0102,,,,0.377,0.51,80500000,92400000,2.34,2016-03-31,24.94,,2282500000.0,143100000,80467000,31291000,,,None,27000,None,,None,,,,,49200000,49176000,None,None,0.329,,63600000,79500000,,,,,986000,,,,,2.136,5.49,5.8,,,,,,,,0.213,,,2025-10-31,quarterly,2.85,USD,pre-market,0,,0.0973,0.216,0.081,44.09,40700000,,,,235.84,250.14,21.7949,,,,,,,162330000,,27.54,,262.25,185.13
2025-12-28,CBOE,9.3,4617800000.0,27.54,,0.353,46.69,,,,,,,,,,,,,,,None,17830000,17830000,,,,,,None,12225000,,2.61,0.0102,,,,0.377,0.51,79691000,91916000,2.34,2015-12-31,24.94,,2282500000.0,138116000,79664000,29262000,,,None,27000,None,,None,,,,,50180000,50403000,None,None,0.329,,62222000,75894000,,,,,3770000,,,,,2.136,5.49,5.8,,,,,,,,0.213,,,2025-10-31,quarterly,2.85,USD,pre-market,0,,0.0973,0.216,0.081,44.09,39664000,,,,235.84,250.14,21.7949,,,,,,,155946000,,27.54,,262.25,185.13
2025-12-28,CBOE,9.3,4617800000.0,27.54,,0.353,46.69,,,,,,,,,,,,,,,None,21840000,21840000,,,,,,None,12417000,,2.61,0.0102,,,,0.377,0.51,101467000,113884000,2.34,2015-09-30,24.94,,2282500000.0,165195000,101451000,33935000,,,None,16000,None,,None,,,,,67219000,67516000,None,None,0.329,,64085000,101110000,,,,,341000,,,,,2.136,5.49,5.8,,,,,,,,0.213,,,2025-10-31,quarterly,2.85,USD,pre-market,0,,0.0973,0.216,0.081,44.09,42202000,,,,235.84,250.14,21.7949,,,,,,,187035000,,27.54,,262.25,185.13
2025-12-28,CBOE,9.3,4617800000.0,27.54,,0.353,46.69,,,,,,,,,,,,,,,None,16755000,16755000,,,,,,None,11300000,,2.61,0.0102,,,,0.377,0.51,73631000,84931000,2.34,2015-06-30,24.94,,2282500000.0,131970000,73631000,28786000,,,None,0,None,,None,,,,,44646000,44845000,None,None,0.329,,58600000,73370000,,,,,261000,,,,,2.136,5.49,5.8,,,,,,,,0.213,,,2025-10-31,quarterly,2.85,USD,pre-market,0,,0.0973,0.216,0.081,44.09,36730000,,,,235.84,250.14,21.7949,,,,,,,148725000,,27.54,,262.25,185.13
2025-12-28,CBOE,9.3,4617800000.0,27.54,,0.353,46.69,,,,,,,,,,,,,,,None,14150000,14150000,,,,,,None,10413000,,2.61,0.0102,,,,0.377,0.51,69277000,79690000,2.34,2015-03-31,24.94,,2282500000.0,128689000,69277000,27018000,,,None,0,None,,None,,,,,42079000,42259000,None,None,0.329,,59136000,69553000,,,,,-276000,,,,,2.136,5.49,5.8,,,,,,,,0.213,,,2025-10-31,quarterly,2.85,USD,pre-market,0,,0.0973,0.216,0.081,44.09,37389000,,,,235.84,250.14,21.7949,,,,,,,142839000,,27.54,,262.25,185.13
2025-12-28,CBOE,9.3,4617800000.0,27.54,,0.353,46.69,,,,,,,,,,,,,,,None,19266000,19266000,,,,,,None,11080000,,2.61,0.0102,,,,0.377,0.51,86962000,98042000,2.34,2014-12-31,24.94,,2282500000.0,147222000,83945000,34603000,,,None,5700000,None,,None,,,,,49119000,49343000,None,None,0.329,,60260000,86962000,,,,,-3017000,,,,,2.136,5.49,5.8,,,,,,,,0.213,,,2025-10-31,quarterly,2.85,USD,pre-market,0,,0.0973,0.216,0.081,44.09,29356000,,,,235.84,250.14,21.7949,,,,,,,166487000,,27.54,,262.25,185.13
2025-12-28,CBOE,9.3,4617800000.0,27.54,,0.353,46.69,,,,,,,,,,,,,,,None,16235000,16235000,,,,,,None,10372000,,2.61,0.0102,,,,0.377,0.51,74813000,85185000,2.34,2014-09-30,24.94,,2282500000.0,132675000,74813000,26447000,,,None,0,None,,None,,,,,48146000,48366000,None,None,0.329,,57591000,75084000,,,,,-271000,,,,,2.136,5.49,5.8,,,,,,,,0.213,,,2025-10-31,quarterly,2.85,USD,pre-market,0,,0.0973,0.216,0.081,44.09,36902000,,,,235.84,250.14,21.7949,,,,,,,148910000,,27.54,,262.25,185.13
2025-12-28,CBOE,9.3,4617800000.0,27.54,,0.353,46.69,,,,,,,,,,,,,,,None,14707000,14707000,,,,,,None,9926000,,2.61,0.0102,,,,0.377,0.51,69716000,79642000,2.34,2014-06-30,24.94,,2282500000.0,129235000,69395000,26414000,,,None,0,None,,None,,,,,42598000,42981000,None,None,0.329,,59519000,69716000,,,,,-321000,,,,,2.136,5.49,5.8,,,,,,,,0.213,,,2025-10-31,quarterly,2.85,USD,pre-market,0,,0.0973,0.216,0.081,44.09,38161000,,,,235.84,250.14,21.7949,,,,,,,143942000,,27.54,,262.25,185.13
2025-12-28,CBOE,9.3,4617800000.0,27.54,,0.353,46.69,,,,,,,,,,,,,,,None,15902000,15902000,,,,,,None,8622000,,2.61,0.0102,,,,0.377,0.51,82038000,90660000,2.34,2014-03-31,24.94,,2282500000.0,141983000,81543000,32519000,,,None,0,None,,None,,,,,48528000,49024000,None,None,0.329,,59945000,82038000,,,,,-495000,,,,,2.136,5.49,5.8,,,,,,,,0.213,,,2025-10-31,quarterly,2.85,USD,pre-market,0,,0.0973,0.216,0.081,44.09,40752000,,,,235.84,250.14,21.7949,,,,,,,157885000,,27.54,,262.25,185.13
2025-12-28,CBOE,9.3,4617800000.0,27.54,,0.353,46.69,,,,,,,,,,,,,,,None,15045000,15045000,,,,,,None,9136000,,2.61,0.0102,,,,0.377,0.51,70441000,79577000,2.34,2013-12-31,24.94,,2282500000.0,126785000,72153000,26043000,,,None,0,None,,None,,,,,45643000,46109000,None,None,0.329,,54186000,72599000,,,,,-447000,,,,,2.136,5.49,5.8,,,,,,,,0.213,,,2025-10-31,quarterly,2.85,USD,pre-market,0,,0.0973,0.216,0.081,44.09,28058000,,,,235.84,250.14,21.7949,,,,,,,141830000,,27.54,,262.25,185.13
2025-12-28,CBOE,9.3,4617800000.0,27.54,,0.353,46.69,,,,,,,,,,,,,,,None,13844000,13844000,,,,,,None,8504000,,2.61,0.0102,,,,0.377,0.51,68427000,76931000,2.34,2013-09-30,24.94,,2282500000.0,122899000,67910000,26554000,,,None,0,None,,None,,,,,40955000,41356000,None,None,0.329,,54472000,68427000,,,,,-517000,,,,,2.136,5.49,5.8,,,,,,,,0.213,,,2025-10-31,quarterly,2.85,USD,pre-market,0,,0.0973,0.216,0.081,44.09,27951000,,,,235.84,250.14,21.7949,,,,,,,136743000,,27.54,,262.25,185.13
2025-12-28,CBOE,9.3,4617800000.0,27.54,,0.353,46.69,,,,,,,,,,,,,,,None,14518000,14518000,,,,,,None,8651000,,2.61,0.0102,,,,0.377,0.51,75358000,84009000,2.34,2013-06-30,24.94,,2282500000.0,136254000,74885000,28724000,,,None,0,None,,None,,,,,45477000,46161000,None,None,0.329,,60896000,75358000,,,,,-473000,,,,,2.136,5.49,5.8,,,,,,,,0.213,,,2025-10-31,quarterly,2.85,USD,pre-market,0,,0.0973,0.216,0.081,44.09,31237000,,,,235.84,250.14,21.7949,,,,,,,150772000,,27.54,,262.25,185.13
2025-12-28,CBOE,9.3,4617800000.0,27.54,,0.353,46.69,,,,,,,,,,,,,,,None,13169000,13169000,,,,,,None,8311000,,2.61,0.0102,,,,0.377,0.51,69430000,77741000,2.34,2013-03-31,24.94,,2282500000.0,129536000,68709000,26336000,,,None,0,None,,None,,,,,41789000,42373000,None,None,0.329,,60106000,69430000,,,,,-721000,,,,,2.136,5.49,5.8,,,,,,,,0.213,,,2025-10-31,quarterly,2.85,USD,pre-market,0,,0.0973,0.216,0.081,44.09,30837000,,,,235.84,250.14,21.7949,,,,,,,142705000,,27.54,,262.25,185.13
2025-12-28,CBOE,9.3,4617800000.0,27.54,,0.353,46.69,,,,,,,,,,,,,,,None,46135000,46135000,,,,,,None,6233000,,2.61,0.0102,,,,0.377,0.51,59398000,65631000,2.34,2012-12-31,24.94,,2282500000.0,83942000,59399000,19674000,,,None,89000,None,,None,,,,,39273000,39724000,None,None,0.329,,24191000,59751000,,,,,-355000,,,,,2.136,5.49,5.8,,,,,,,,0.213,,,2025-10-31,quarterly,2.85,USD,pre-market,0,,0.0973,0.216,0.081,44.09,65525000,,,,235.84,250.14,21.7949,,,,,,,130077000,,27.54,,262.25,185.13
2025-12-28,CBOE,9.3,4617800000.0,27.54,,0.353,46.69,,,,,,,,,,,,,,,None,11304000,11304000,,,,,,None,8656000,,2.61,0.0102,,,,0.377,0.51,60861000,69517000,2.34,2012-09-30,24.94,,2282500000.0,117015000,60534000,14776000,,,None,0,None,,None,,,,,45243000,45758000,None,None,0.329,,56154000,60861000,,,,,-327000,,,,,2.136,5.49,5.8,,,,,,,,0.213,,,2025-10-31,quarterly,2.85,USD,pre-market,0,,0.0973,0.216,0.081,44.09,27166000,,,,235.84,250.14,21.7949,,,,,,,128319000,,27.54,,262.25,185.13
2025-12-28,CBOE,9.3,4617800000.0,27.54,,0.353,46.69,,,,,,,,,,,,,,,None,12001000,12001000,,,,,,None,8342000,,2.61,0.0102,,,,0.377,0.51,66069000,74411000,2.34,2012-06-30,24.94,,2282500000.0,120548000,65658000,27162000,,,None,0,None,,None,,,,,37903000,38496000,None,None,0.329,,54479000,66069000,,,,,-411000,,,,,2.136,5.49,5.8,,,,,,,,0.213,,,2025-10-31,quarterly,2.85,USD,pre-market,0,,0.0973,0.216,0.081,44.09,25300000,,,,235.84,250.14,21.7949,,,,,,,132549000,,27.54,,262.25,185.13
2025-12-28,CBOE,9.3,4617800000.0,27.54,,0.353,46.69,,,,,,,,,,,,,,,None,11191000,11191000,,,,,,None,8342000,,2.61,0.0102,,,,0.377,0.51,57415000,65757000,2.34,2012-03-31,24.94,,2282500000.0,110201000,56962000,23545000,,,None,0,None,,None,,,,,32863000,33417000,None,None,0.329,,52786000,57415000,,,,,-453000,,,,,2.136,5.49,5.8,,,,,,,,0.213,,,2025-10-31,quarterly,2.85,USD,pre-market,0,,0.0973,0.216,0.081,44.09,25290000,,,,235.84,250.14,21.7949,,,,,,,121392000,,27.54,,262.25,185.13
2025-12-28,CBOE,9.3,4617800000.0,27.54,,0.353,46.69,,,,,,,,,,,,,,,None,60022000,60022000,,,,,,None,7529000,,2.61,0.0102,,,,0.377,0.51,52543000,60072000,2.34,2011-12-31,24.94,,2282500000.0,120209000,52337000,20530000,,,None,206000,None,,None,,,,,31277000,0,None,None,0.329,,67528000,52681000,,,,,None,,,,,2.136,5.49,5.8,,,,,,,,0.213,,,2025-10-31,quarterly,2.85,USD,pre-market,0,,0.0973,0.216,0.081,44.09,58745000,,,,235.84,250.14,21.7949,,,,,,,120209000,,27.54,,262.25,185.13
2025-12-28,CBOE,9.3,4617800000.0,27.54,,0.353,46.69,,,,,,,,,,,,,,,None,59743000,59743000,,,,,,None,8918000,,2.61,0.0102,,,,0.377,0.51,74791000,83709000,2.34,2011-09-30,24.94,,2282500000.0,143604000,74565000,33238000,,,None,226000,None,,None,,,,,40597000,41327000,None,None,0.329,,68638000,74966000,,,,,-401000,,,,,2.136,5.49,5.8,,,,,,,,0.213,,,2025-10-31,quarterly,2.85,USD,pre-market,0,,0.0973,0.216,0.081,44.09,54616000,,,,235.84,250.14,21.7949,,,,,,,143604000,,27.54,,262.25,185.13
2025-12-28,CBOE,9.3,4617800000.0,27.54,,0.353,46.69,,,,,,,,,,,,,,,None,54842000,54842000,,,,,,None,9019000,,2.61,0.0102,,,,0.377,0.51,56513000,65532000,2.34,2011-06-30,24.94,,2282500000.0,120290000,56290000,22889000,,,None,223000,None,,None,,,,,32609000,33401000,None,None,0.329,,63838000,56452000,,,,,-162000,,,,,2.136,5.49,5.8,,,,,,,,0.213,,,2025-10-31,quarterly,2.85,USD,pre-market,0,,0.0973,0.216,0.081,44.09,50740000,,,,235.84,250.14,21.7949,,,,,,,120290000,,27.54,,262.25,185.13
2025-12-28,CBOE,9.3,4617800000.0,27.54,,0.353,46.69,,,,,,,,,,,,,,,None,57811000,57811000,,,,,,None,8718000,,2.61,0.0102,,,,0.377,0.51,57117000,65835000,2.34,2011-03-31,24.94,,2282500000.0,124042000,56892000,24021000,,,None,225000,None,,None,,,,,32089000,0,None,None,0.329,,66507000,57535000,,,,,None,,,,,2.136,5.49,5.8,,,,,,,,0.213,,,2025-10-31,quarterly,2.85,USD,pre-market,0,,0.0973,0.216,0.081,44.09,51066000,,,,235.84,250.14,21.7949,,,,,,,124042000,,27.54,,262.25,185.13
2025-12-28,CBOE,9.3,4617800000.0,27.54,,0.353,46.69,,,,,,,,,,,,,,,None,57347000,57347000,,,,,,None,8207000,,2.61,0.0102,,,,0.377,0.51,50181000,58388000,2.34,2010-12-31,24.94,,2282500000.0,117391000,49956000,18579000,,,None,225000,None,,None,,,,,31377000,0,None,None,0.329,,65537000,51854000,,,,,None,,,,,2.136,5.49,5.8,,,,,,,,0.213,,,2025-10-31,quarterly,2.85,USD,pre-market,0,,0.0973,0.216,0.081,44.09,56280000,,,,235.84,250.14,21.7949,,,,,,,117391000,,27.54,,262.25,185.13
2025-12-28,CBOE,9.3,4617800000.0,27.54,,0.353,46.69,,,,,,,,,,,,,,,None,63983000,63983000,,,,,,None,7117000,,2.61,0.0102,,,,0.377,0.51,34923000,42040000,2.34,2010-09-30,24.94,,2282500000.0,106015000,34698000,14244000,,,None,225000,None,,None,,,,,20020000,0,None,None,0.329,,71082000,34933000,,,,,None,,,,,2.136,5.49,5.8,,,,,,,,0.213,,,2025-10-31,quarterly,2.85,USD,pre-market,0,,0.0973,0.216,0.081,44.09,63202000,,,,235.84,250.14,21.7949,,,,,,,106015000,,27.54,,262.25,185.13
2025-12-28,CBOE,9.3,4617800000.0,27.54,,0.353,46.69,,,,,,,,,,,,,,,None,63491000,63491000,,,,,,None,7318000,,2.61,0.0102,,,,0.377,0.51,41792000,49110000,2.34,2010-06-30,24.94,,2282500000.0,112618000,41568000,16678000,,,None,224000,None,,None,,,,,24779000,0,None,None,0.329,,70792000,41826000,,,,,None,,,,,2.136,5.49,5.8,,,,,,,,0.213,,,2025-10-31,quarterly,2.85,USD,pre-market,0,,0.0973,0.216,0.081,44.09,61218000,,,,235.84,250.14,21.7949,,,,,,,112618000,,27.54,,262.25,185.13
2025-12-28,CBOE,9.3,4617800000.0,27.54,,0.353,46.69,,,,,,,,,,,,,,,None,55051000,55051000,,,,,,None,7318000,,2.61,0.0102,,,,0.377,0.51,38624000,45942000,2.34,2010-03-31,24.94,,2282500000.0,101081000,38402000,15726000,,,None,222000,None,,None,,,,,22676000,0,None,None,0.329,,62352000,38729000,,,,,None,,,,,2.136,5.49,5.8,,,,,,,,0.213,,,2025-10-31,quarterly,2.85,USD,pre-market,0,,0.0973,0.216,0.081,44.09,54306000,,,,235.84,250.14,21.7949,,,,,,,101081000,,27.54,,262.25,185.13
2025-12-28,CBOE,9.3,4617800000.0,27.54,,0.353,46.69,,,,,,,,,,,,,,,None,55207000,55207000,,,,,,None,6874000,,2.61,0.0102,,,,0.377,0.51,56792000,63666000,2.34,2009-12-31,24.94,,2282500000.0,120833000,56572000,21668000,,,None,220000,None,,None,,,,,34904000,0,None,None,0.329,,64152000,56681000,,,,,None,,,,,2.136,5.49,5.8,,,,,,,,0.213,,,2025-10-31,quarterly,2.85,USD,pre-market,0,,0.0973,0.216,0.081,44.09,55876000,,,,235.84,250.14,21.7949,,,,,,,120833000,,27.54,,262.25,185.13
2025-12-28,CBOE,9.3,4617800000.0,27.54,,0.353,46.69,,,,,,,,,,,,,,,None,58312000,58312000,,,,,,None,6900000,,2.61,0.0102,,,,0.377,0.51,32996000,39896000,2.34,2009-09-30,24.94,,2282500000.0,98199000,32776000,13616000,,,None,220000,None,,None,,,,,19160000,0,None,None,0.329,,65197000,33002000,,,,,None,,,,,2.136,5.49,5.8,,,,,,,,0.213,,,2025-10-31,quarterly,2.85,USD,pre-market,0,,0.0973,0.216,0.081,44.09,57272000,,,,235.84,250.14,21.7949,,,,,,,98199000,,27.54,,262.25,185.13
2025-12-28,CBOE,9.3,4617800000.0,27.54,,0.353,46.69,,,,,,,,,,,,,,,None,54517000,54517000,,,,,,None,7044000,,2.61,0.0102,,,,0.377,0.51,47711000,54755000,2.34,2009-06-30,24.94,,2282500000.0,108985000,47493000,19384000,,,None,218000,None,,None,,,,,28109000,0,None,None,0.329,,61403000,47582000,,,,,None,,,,,2.136,5.49,5.8,,,,,,,,0.213,,,2025-10-31,quarterly,2.85,USD,pre-market,0,,0.0973,0.216,0.081,44.09,53501000,,,,235.84,250.14,21.7949,,,,,,,108985000,,27.54,,262.25,185.13
2025-12-28,CBOE,9.3,4617800000.0,27.54,,0.353,46.69,,,,,,,,,,,,,,,None,50863000,50863000,,,,,,None,6907000,,2.61,0.0102,,,,0.377,0.51,40606000,47513000,2.34,2009-03-31,24.94,,2282500000.0,98067000,40389000,16111000,,,None,217000,None,,None,,,,,24278000,0,None,None,0.329,,57747000,40320000,,,,,None,,,,,2.136,5.49,5.8,,,,,,,,0.213,,,2025-10-31,quarterly,2.85,USD,pre-market,0,,0.0973,0.216,0.081,44.09,48703000,,,,235.84,250.14,21.7949,,,,,,,98067000,,27.54,,262.25,185.13
2025-12-28,CBOE,9.3,4617800000.0,27.54,,0.353,46.69,,,,,,,,,,,,,,,None,2022100000,2022100000,,,,,,None,133000000,,2.61,0.0102,,,,0.377,0.51,1135300000,1268300000,2.34,2024-12-31,24.94,,2282500000.0,2072400000,1083800000,318900000,,,None,51500000,27300000,,None,,,,,764900000,764900000,-24200000,None,0.329,,974000000,1098400000,,,,,None,,,,,2.136,5.49,5.8,,,,,,,,0.213,,,2025-10-31,annual,2.85,USD,pre-market,None,,0.0973,0.216,0.081,44.09,557200000,,,,235.84,250.14,21.7949,,,,,,,4094500000,,27.54,,262.25,185.13
2025-12-28,CBOE,9.3,4617800000.0,27.54,,0.353,46.69,,,,,,,,,,,,,,,None,1855500000,1855500000,,,,,,None,158000000,,2.61,0.0102,,,,0.377,0.51,1110000000,1268000000,2.34,2023-12-31,24.94,,2282500000.0,1918000000,1047600000,286200000,,,None,62400000,9700000,,None,,,,,761400000,709100000,-56600000,None,0.329,,860100000,1057900000,,,,,None,,,,,2.136,5.49,5.8,,,,,,,,0.213,,,2025-10-31,annual,2.85,USD,pre-market,0.28,,0.0973,0.216,0.081,44.09,517800000,,,,235.84,250.14,21.7949,,,,,,,3773500000,,27.54,,262.25,185.13
2025-12-28,CBOE,9.3,4617800000.0,27.54,,0.353,46.69,,,,,,,,,,,,,,,None,2216800000,2216800000,,,,,,None,166800000,,2.61,0.0102,,,,0.377,0.51,492900000,659700000,2.34,2022-12-31,24.94,,2282500000.0,1741700000,432900000,197900000,,,None,60000000,3600000,,None,,,,,235000000,235000000,-56400000,None,0.329,,1252100000,489600000,,,,,-300000,,,,,2.136,5.49,5.8,,,,,,,,0.213,,,2025-10-31,annual,2.85,USD,pre-market,0.11,,0.0973,0.216,0.081,44.09,452000000,,,,235.84,250.14,21.7949,,,,,,,3958500000,,27.54,,262.25,185.13
2025-12-28,CBOE,9.3,4617800000.0,27.54,,0.353,46.69,,,,,,,,,,,,,,,None,2018700000,2018700000,,,,,,None,167400000,,2.61,0.0102,,,,0.377,0.51,804100000,971500000,2.34,2021-12-31,24.94,,2282500000.0,1476100000,756100000,227100000,,,None,48000000,600000,,None,,,,,529000000,529000000,-47400000,None,0.329,,670200000,805900000,,,,,-2400000,,,,,2.136,5.49,5.8,,,,,,,,0.213,,,2025-10-31,annual,2.85,USD,pre-market,0.22,,0.0973,0.216,0.081,44.09,372200000,,,,235.84,250.14,21.7949,,,,,,,3494800000,,27.54,,262.25,185.13
2025-12-28,CBOE,9.3,4617800000.0,27.54,,0.353,46.69,,,,,,,,,,,,,,,None,2172800000,2172800000,,,,,,None,158500000,,2.61,0.0102,,,,0.377,0.51,699100000,857600000,2.34,2020-12-31,24.94,,2282500000.0,1254300000,660400000,192200000,,,None,38700000,1100000,,None,,,,,468200000,468200000,-37600000,None,0.329,,592100000,662200000,,,,,35800000,,,,,2.136,5.49,5.8,,,,,,,,0.213,,,2025-10-31,annual,2.85,USD,pre-market,0.19,,0.0973,0.216,0.081,44.09,285500000,,,,235.84,250.14,21.7949,,,,,,,3427100000,,27.54,,262.25,185.13
2025-12-28,CBOE,9.3,4617800000.0,27.54,,0.353,46.69,,,,,,,,,,,,,,,None,1359200000,1359200000,,,,,,None,176600000,,2.61,0.0102,,,,0.377,0.51,539200000,715800000,2.34,2019-12-31,24.94,,2282500000.0,1136900000,501400000,130600000,,,None,37800000,1900000,,None,,,,,374900000,370800000,-35900000,None,0.329,,599700000,537200000,,,,,100000,,,,,2.136,5.49,5.8,,,,,,,,0.213,,,2025-10-31,annual,2.85,USD,pre-market,0.20,,0.0973,0.216,0.081,44.09,267300000,,,,235.84,250.14,21.7949,,,,,,,2496100000,,27.54,,262.25,185.13
2025-12-28,CBOE,9.3,4617800000.0,27.54,,0.353,46.69,,,,,,,,,,,,,,,None,1551900000,1551900000,,,,,,None,204000000,,2.61,0.0102,,,,0.377,0.51,609200000,813200000,2.34,2018-12-31,24.94,,2282500000.0,1216900000,571200000,146000000,,,None,38200000,2300000,,None,,,,,426500000,425200000,-38200000,None,0.329,,617500000,599400000,,,,,10000000,,,,,2.136,5.49,5.8,,,,,,,,0.213,,,2025-10-31,annual,2.85,USD,pre-market,0.21,,0.0973,0.216,0.081,44.09,297100000,,,,235.84,250.14,21.7949,,,,,,,2768800000,,27.54,,262.25,185.13
2025-12-28,CBOE,9.3,4617800000.0,27.54,,0.353,46.69,,,,,,,,,,,,,,,None,1233500000,1233500000,,,,,,None,192200000,,2.61,0.0102,,,,0.377,0.51,374000000,566200000,2.34,2017-12-31,24.94,,2282500000.0,995600000,334400000,-66200000,,,None,41300000,1300000,,None,,,,,401700000,400600000,-41300000,None,0.329,,623700000,371900000,,,,,3800000,,,,,2.136,5.49,5.8,,,,,,,,0.213,,,2025-10-31,annual,2.85,USD,pre-market,0.15,,0.0973,0.216,0.081,44.09,267400000,,,,235.84,250.14,21.7949,,,,,,,2229100000,,27.54,,262.25,185.13
2025-12-28,CBOE,9.3,4617800000.0,27.54,,0.353,46.69,,,,,,,,,,,,,,,None,136700000,136700000,,,,,,None,44400000,,2.61,0.0102,,,,0.377,0.51,312300000,356700000,2.34,2016-12-31,24.94,,2282500000.0,566400000,306604000,120884000,,,None,5747000,None,,None,,,,,186820000,185720000,-5747000,None,0.329,,268200000,298200000,,,,,8404000,,,,,2.136,5.49,5.8,,,,,,,,0.213,,,2025-10-31,annual,2.85,USD,pre-market,0.47,,0.0973,0.216,0.081,44.09,166300000,,,,235.84,250.14,21.7949,,,,,,,645106000,,27.54,,262.25,185.13
2025-12-28,CBOE,9.3,4617800000.0,27.54,,0.353,46.69,,,,,,,,,,,,,,,None,102100000,102100000,,,,,,None,46300000,,2.61,0.0102,,,,0.377,0.51,324000000,370300000,2.34,2015-12-31,24.94,,2282500000.0,561700000,324024000,119001000,,,None,43000,None,,None,,,,,205023000,205023000,None,None,0.329,,241800000,319900000,,,,,4096000,,,,,2.136,5.49,5.8,,,,,,,,0.213,,,2025-10-31,annual,2.85,USD,pre-market,0,,0.0973,0.216,0.081,44.09,156000000,,,,235.84,250.14,21.7949,,,,,,,634545000,,27.54,,262.25,185.13
2025-12-28,CBOE,9.3,4617800000.0,27.54,,0.353,46.69,,,,,,,,,,,,,,,None,66110000,66110000,,,,,,None,40000000,,2.61,0.0102,,,,0.377,0.51,309697000,349697000,2.34,2014-12-31,24.94,,2282500000.0,551115000,309697000,119983000,,,None,0,None,,None,,,,,189714000,189714000,None,None,0.329,,237314000,313801000,,,,,-4104000,,,,,2.136,5.49,5.8,,,,,,,,0.213,,,2025-10-31,annual,2.85,USD,pre-market,0,,0.0973,0.216,0.081,44.09,153710000,,,,235.84,250.14,21.7949,,,,,,,617225000,,27.54,,262.25,185.13
2025-12-28,CBOE,9.3,4617800000.0,27.54,,0.353,46.69,,,,,,,,,,,,,,,None,56576000,56576000,,,,,,None,34602000,,2.61,0.0102,,,,0.377,0.51,285814000,320416000,2.34,2013-12-31,24.94,,2282500000.0,515474000,283656000,107657000,,,None,0,None,,None,,,,,175999000,175999000,None,None,0.329,,229660000,285814000,,,,,-2158000,,,,,2.136,5.49,5.8,,,,,,,,0.213,,,2025-10-31,annual,2.85,USD,pre-market,0,,0.0973,0.216,0.081,44.09,152556000,,,,235.84,250.14,21.7949,,,,,,,572050000,,27.54,,262.25,185.13
2025-12-28,CBOE,9.3,4617800000.0,27.54,,0.353,46.69,,,,,,,,,,,,,,,None,46135000,46135000,,,,,,None,31573000,,2.61,0.0102,,,,0.377,0.51,244097000,275670000,2.34,2012-12-31,24.94,,2282500000.0,466203000,242551000,85156000,,,None,0,None,,None,,,,,157395000,157395000,None,None,0.329,,222106000,244097000,,,,,-1546000,,,,,2.136,5.49,5.8,,,,,,,,0.213,,,2025-10-31,annual,2.85,USD,pre-market,0,,0.0973,0.216,0.081,44.09,104196000,,,,235.84,250.14,21.7949,,,,,,,512338000,,27.54,,262.25,185.13
2025-12-28,CBOE,9.3,4617800000.0,27.54,,0.353,46.69,,,,,,,,,,,,,,,None,47822000,47822000,,,,,,None,34184000,,2.61,0.0102,,,,0.377,0.51,240963000,275147000,2.34,2011-12-31,24.94,,2282500000.0,460322000,240084000,100678000,,,None,879000,None,,None,,,,,139406000,139406000,None,None,0.329,,218690000,241632000,,,,,-1548000,,,,,2.136,5.49,5.8,,,,,,,,0.213,,,2025-10-31,annual,2.85,USD,pre-market,0,,0.0973,0.216,0.081,44.09,104454000,,,,235.84,250.14,21.7949,,,,,,,508144000,,27.54,,262.25,185.13
2025-12-28,CBOE,9.3,4617800000.0,27.54,,0.353,46.69,,,,,,,,,,,,,,,None,41353000,41353000,,,,,,None,29960000,,2.61,0.0102,,,,0.377,0.51,165519000,195479000,2.34,2010-12-31,24.94,,2282500000.0,395751000,164623000,65227000,,,None,896000,None,,None,,,,,99396000,None,None,None,0.329,,228410000,167341000,,,,,None,,,,,2.136,5.49,5.8,,,,,,,,0.213,,,2025-10-31,annual,2.85,USD,pre-market,None,,0.0973,0.216,0.081,44.09,106243000,,,,235.84,250.14,21.7949,,,,,,,437104000,,27.54,,262.25,185.13
2025-12-28,CBOE,9.3,4617800000.0,27.54,,0.353,46.69,,,,,,,,,,,,,,,None,218899000,218899000,,,,,,None,27725000,,2.61,0.0102,,,,0.377,0.51,178105000,205830000,2.34,2009-12-31,24.94,,2282500000.0,426082000,177230000,70779000,,,None,875000,None,,None,,,,,106451000,None,None,None,0.329,,248497000,177585000,,,,,None,,,,,2.136,5.49,5.8,,,,,,,,0.213,,,2025-10-31,annual,2.85,USD,pre-market,None,,0.0973,0.216,0.081,44.09,215351000,,,,235.84,250.14,21.7949,,,,,,,426082000,,27.54,,262.25,185.13
2025-12-28,CBOE,9.3,4617800000.0,27.54,,0.353,46.69,,,,,,,,,,,,,,,None,None,None,,,,,,None,25656000,,2.61,0.0102,,,,0.377,0.51,193426000,219082000,2.34,2008-12-31,24.94,,2282500000.0,416783000,193407000,78119000,,,None,19000,None,,None,,,,,115288000,None,None,None,0.329,,229473000,187310000,,,,,None,,,,,2.136,5.49,5.8,,,,,,,,0.213,,,2025-10-31,annual,2.85,USD,pre-market,None,,0.0973,0.216,0.081,44.09,196959000,,,,235.84,250.14,21.7949,,,,,,,416783000,,27.54,,262.25,185.13
2025-12-28,CBOE,9.3,4617800000.0,27.54,None,0.353,46.69,,152300000,1496700000,1496700000,,,,,,,,,1000000,104900000,None,None,None,14700000,None,None,471000000,None,None,25656000,,2.61,0.0102,,,,0.377,0.51,193426000,219082000,2.34,2025-09-30,24.94,3146900000,2282500000.0,416783000,193407000,78119000,1385400000,1385400000,None,19000,None,None,None,None,1442400000,None,430200000,115288000,None,None,None,0.329,,229473000,187310000,1740100000,2118900000,None,38200000,None,,,,,2.136,5.49,5.8,,,,,,,,0.213,,None,2025-10-31,quarterly,2.85,USD,pre-market,None,3394100000,0.0973,0.216,0.081,44.09,196959000,1594700000,25100000,34200000,235.84,250.14,21.7949,9068600000,3742000000,2178700000,4183700000,5326600000,2005000000,416783000,4884900000,27.54,None,262.25,185.13
2025-12-28,CBOE,9.3,4617800000.0,27.54,None,0.353,46.69,,158800000,1256300000,1256300000,,,,,,,,,1000000,105000000,None,None,None,22600000,None,None,484900000,None,None,25656000,,2.61,0.0102,,,,0.377,0.51,193426000,219082000,2.34,2025-06-30,24.94,3155900000,2282500000.0,416783000,193407000,78119000,1410600000,1410600000,None,19000,None,None,None,None,1442000000,None,379600000,115288000,None,None,None,0.329,,229473000,187310000,1794100000,2198300000,None,33100000,None,,,,,2.136,5.49,5.8,,,,,,,,0.213,,None,2025-10-31,quarterly,2.85,USD,pre-market,None,3168900000,0.0973,0.216,0.081,44.09,196959000,1600800000,25000000,207600000,235.84,250.14,21.7949,9048300000,3742900000,2386600000,4383200000,5305400000,1996600000,416783000,4665100000,27.54,None,262.25,185.13
2025-12-28,CBOE,9.3,4617800000.0,27.54,None,0.353,46.69,,162100000,1047200000,1047200000,,,,,,,,,1000000,105100000,None,None,None,15100000,None,None,494400000,None,None,25656000,,2.61,0.0102,,,,0.377,0.51,193426000,219082000,2.34,2025-03-31,24.94,3132000000,2282500000.0,416783000,193407000,78119000,1367800000,1367800000,None,19000,None,None,None,None,1441500000,None,383300000,115288000,None,None,None,0.329,,229473000,187310000,1714400000,2037500000,None,30800000,None,,,,,2.136,5.49,5.8,,,,,,,,0.213,,None,2025-10-31,quarterly,2.85,USD,pre-market,None,3000100000,0.0973,0.216,0.081,44.09,196959000,1603600000,24100000,105900000,235.84,250.14,21.7949,8667300000,3361900000,2097900000,4215200000,5305400000,2117300000,416783000,4452100000,27.54,None,262.25,185.13
2025-12-28,CBOE,9.3,4617800000.0,27.54,None,0.353,46.69,,158300000,920300000,920300000,,,,,,,,,1000000,105100000,None,None,None,17900000,None,None,518400000,None,None,25656000,,2.61,0.0102,,,,0.377,0.51,193426000,219082000,2.34,2024-12-31,24.94,3124200000,2282500000.0,416783000,193407000,78119000,1423700000,1423700000,None,19000,None,None,None,None,1441000000,None,383700000,115288000,None,None,None,0.329,,229473000,187310000,930100000,1349300000,None,43100000,None,,,,,2.136,5.49,5.8,,,,,,,,0.213,,None,2025-10-31,quarterly,2.85,USD,pre-market,None,2815900000,0.0973,0.216,0.081,44.09,196959000,1599300000,19900000,110300000,235.84,250.14,21.7949,7789100000,2479100000,1395200000,3509500000,5310000000,2114300000,416783000,4279600000,27.54,None,262.25,185.13
2025-12-28,CBOE,9.3,4617800000.0,27.54,None,0.353,46.69,,164300000,763200000,763200000,,,,,,,,,1100000,105100000,None,None,None,17300000,None,None,423300000,None,None,25656000,,2.61,0.0102,,,,0.377,0.51,193426000,219082000,2.34,2024-09-30,24.94,3150500000,2282500000.0,416783000,193407000,78119000,1424700000,1424700000,None,19000,None,None,None,None,1440600000,None,358100000,115288000,None,None,None,0.329,,229473000,187310000,2092100000,2344800000,None,45100000,None,,,,,2.136,5.49,5.8,,,,,,,,0.213,,None,2025-10-31,quarterly,2.85,USD,pre-market,None,2910600000,0.0973,0.216,0.081,44.09,196959000,1604900000,20400000,39400000,235.84,250.14,21.7949,8711500000,3318000000,2389800000,4503200000,5393500000,2113400000,416783000,4208300000,27.54,None,262.25,185.13
2025-12-28,CBOE,9.3,4617800000.0,27.54,None,0.353,46.69,,147900000,614600000,614600000,,,,,,,,,1100000,105900000,None,None,None,24700000,None,None,407600000,None,None,25656000,,2.61,0.0102,,,,0.377,0.51,193426000,219082000,2.34,2024-06-30,24.94,3132900000,2282500000.0,416783000,193407000,78119000,1462900000,1462900000,None,19000,None,None,None,None,1440100000,None,359500000,115288000,None,None,None,0.329,,229473000,187310000,2793600000,3098000000,None,43000000,None,,,,,2.136,5.49,5.8,,,,,,,,0.213,,None,2025-10-31,quarterly,2.85,USD,pre-market,None,2758400000,0.0973,0.216,0.081,44.09,196959000,1588000000,21600000,83700000,235.84,250.14,21.7949,9255600000,3899500000,3158900000,5233900000,5356100000,2075000000,416783000,4021700000,27.54,None,262.25,185.13
2025-12-28,CBOE,9.3,4617800000.0,27.54,None,0.353,46.69,,165300000,536300000,536300000,,,,,,,,,1100000,105900000,None,None,None,11300000,None,None,377000000,None,None,25656000,,2.61,0.0102,,,,0.377,0.51,193426000,219082000,2.34,2024-03-31,24.94,3133800000,2282500000.0,416783000,193407000,78119000,1568000000,1568000000,None,19000,None,None,None,None,1439600000,None,361800000,115288000,None,None,None,0.329,,229473000,187310000,1703000000,1952500000,None,65500000,None,,,,,2.136,5.49,5.8,,,,,,,,0.213,,None,2025-10-31,quarterly,2.85,USD,pre-market,None,2676200000,0.0973,0.216,0.081,44.09,196959000,1604900000,21000000,58800000,235.84,250.14,21.7949,8152100000,2675100000,2007000000,4128000000,5477000000,2121000000,416783000,4024100000,27.54,None,262.25,185.13
2025-12-28,CBOE,9.3,4617800000.0,27.54,None,0.353,46.69,,171600000,543200000,543200000,,,,,,,,,1100000,105900000,None,None,None,24700000,None,None,411800000,None,None,25656000,,2.61,0.0102,,,,0.377,0.51,193426000,219082000,2.34,2023-12-31,24.94,3140600000,2282500000.0,416783000,193407000,78119000,1604800000,1604800000,None,19000,None,None,None,None,1439200000,None,345300000,115288000,None,None,None,0.329,,229473000,187310000,966800000,1248700000,None,67500000,None,,,,,2.136,5.49,5.8,,,,,,,,0.213,,None,2025-10-31,quarterly,2.85,USD,pre-market,None,2525200000,0.0973,0.216,0.081,44.09,196959000,1610800000,20800000,57500000,235.84,250.14,21.7949,7487500000,1979300000,1383400000,3502500000,5508200000,2119100000,416783000,3985000000,27.54,None,262.25,185.13
2025-12-28,CBOE,9.3,4617800000.0,27.54,None,0.353,46.69,,146900000,403100000,403100000,,,,,,,,,1100000,105900000,None,None,None,13500000,None,74900000,419500000,None,None,25656000,,2.61,0.0102,,,,0.377,0.51,193426000,219082000,2.34,2023-09-30,24.94,3124900000,2282500000.0,416783000,193407000,78119000,1609400000,1609400000,None,19000,None,1324700000,None,None,1438700000,None,342600000,115288000,None,None,None,0.329,,229473000,187310000,1421300000,1734100000,None,80000000,None,,,,,2.136,5.49,5.8,,,,,,,,0.213,,217500000,2025-10-31,quarterly,2.85,USD,pre-market,None,2555500000,0.0973,0.216,0.081,44.09,196959000,1660500000,92800000,34000000,235.84,250.14,21.7949,7732500000,2277900000,1849500000,3944200000,5454600000,2094700000,416783000,3788300000,27.54,None,262.25,185.13
2025-12-28,CBOE,9.3,4617800000.0,27.54,None,0.353,46.69,,123500000,413600000,413600000,,,,,,,,,1100000,105900000,None,None,None,33100000,None,164900000,401600000,None,None,25656000,,2.61,0.0102,,,,0.377,0.51,193426000,219082000,2.34,2023-06-30,24.94,3138400000,2282500000.0,416783000,193407000,78119000,1614400000,1614400000,None,19000,None,718800000,None,None,1438200000,None,294200000,115288000,None,None,None,0.329,,229473000,187310000,825400000,1238800000,None,419100000,None,,,,,2.136,5.49,5.8,,,,,,,,0.213,,2300000,2025-10-31,quarterly,2.85,USD,pre-market,None,2405800000,0.0973,0.216,0.081,44.09,196959000,1743500000,181800000,103700000,235.84,250.14,21.7949,7195900000,1744300000,1468100000,3531500000,5451600000,2063400000,416783000,3664400000,27.54,None,262.25,185.13
2025-12-28,CBOE,9.3,4617800000.0,27.54,None,0.353,46.69,,126900000,435600000,435600000,,,,,,,,,1100000,106200000,None,None,None,15100000,None,304800000,397900000,None,None,25656000,,2.61,0.0102,,,,0.377,0.51,193426000,219082000,2.34,2023-03-31,24.94,3128400000,2282500000.0,416783000,193407000,78119000,1636500000,1636500000,None,19000,None,1452800000,None,None,1437800000,None,269700000,115288000,None,None,None,0.329,,229473000,187310000,1544400000,1923700000,None,412100000,None,,,,,2.136,5.49,5.8,,,,,,,,0.213,,2300000,2025-10-31,quarterly,2.85,USD,pre-market,None,2291200000,0.0973,0.216,0.081,44.09,196959000,1888300000,323600000,80200000,235.84,250.14,21.7949,7903500000,2458100000,2303500000,4364800000,5445400000,2061300000,416783000,3538700000,27.54,None,262.25,185.13
2025-12-28,CBOE,9.3,4617800000.0,27.54,None,0.353,46.69,,129300000,432700000,432700000,,,,,,,,,1100000,106500000,None,None,None,27500000,None,304700000,418100000,None,None,25656000,,2.61,0.0102,,,,0.377,0.51,193426000,219082000,2.34,2022-12-31,24.94,3122800000,2282500000.0,416783000,193407000,78119000,1662800000,1662800000,None,19000,None,543000000,None,None,1437300000,None,253200000,115288000,None,None,None,0.329,,229473000,187310000,613500000,1129800000,None,266900000,None,,,,,2.136,5.49,5.8,,,,,,,,0.213,,2300000,2025-10-31,quarterly,2.85,USD,pre-market,None,2171100000,0.0973,0.216,0.081,44.09,196959000,1871300000,304700000,91700000,235.84,250.14,21.7949,6998900000,1556000000,1477200000,3533600000,5442900000,2056400000,416783000,3465300000,27.54,None,262.25,185.13
2025-12-28,CBOE,9.3,4617800000.0,27.54,None,0.353,46.69,,131800000,353300000,353300000,,,,,,,,,1100000,106400000,None,None,None,21300000,None,None,419700000,None,None,25656000,,2.61,0.0102,,,,0.377,0.51,193426000,219082000,2.34,2022-09-30,24.94,3113900000,2282500000.0,416783000,193407000,78119000,1706000000,1706000000,None,19000,None,1029300000,None,None,1859800000,None,253600000,115288000,None,None,None,0.329,,229473000,187310000,1096600000,1508300000,None,359500000,None,,,,,2.136,5.49,5.8,,,,,,,,0.213,,222300000,2025-10-31,quarterly,2.85,USD,pre-market,None,2064800000,0.0973,0.216,0.081,44.09,196959000,1991600000,18200000,27400000,235.84,250.14,21.7949,7297400000,1897000000,1545200000,4003600000,5400400000,2458400000,416783000,3293800000,27.54,None,262.25,185.13
2025-12-28,CBOE,9.3,4617800000.0,27.54,None,0.353,46.69,,139400000,373300000,373300000,,,,,,,,,1100000,106300000,None,None,None,35200000,None,None,442400000,None,None,25656000,,2.61,0.0102,,,,0.377,0.51,193426000,219082000,2.34,2022-06-30,24.94,3132000000,2282500000.0,416783000,193407000,78119000,1832500000,1832500000,None,19000,None,987200000,None,None,1959200000,None,243500000,115288000,None,None,None,0.329,,229473000,187310000,61400000,1541700000,None,402800000,None,,,,,2.136,5.49,5.8,,,,,,,,0.213,,234600000,2025-10-31,quarterly,2.85,USD,pre-market,None,1968000000,0.0973,0.216,0.081,44.09,196959000,2354500000,395300000,68500000,235.84,250.14,21.7949,7476100000,1932800000,1599600000,4214200000,5543300000,2614600000,416783000,3261900000,27.54,None,262.25,185.13
2025-12-28,CBOE,9.3,4617800000.0,27.54,None,0.353,46.69,,141300000,659400000,659400000,,,,,,,,,1100000,106800000,None,None,None,21200000,None,None,380300000,None,None,25656000,,2.61,0.0102,,,,0.377,0.51,193426000,219082000,2.34,2022-03-31,24.94,3018100000,2282500000.0,416783000,193407000,78119000,1665800000,1665800000,None,19000,None,1810300000,None,None,1593600000,None,244500000,115288000,None,None,None,0.329,,229473000,187310000,1846800000,2261000000,None,343700000,None,,,,,2.136,5.49,5.8,,,,,,,,0.213,,2300000,2025-10-31,quarterly,2.85,USD,pre-market,None,2203700000,0.0973,0.216,0.081,44.09,196959000,1734900000,None,48700000,235.84,250.14,21.7949,8198100000,2935200000,2341100000,4630800000,5262900000,2289700000,416783000,3567300000,27.54,None,262.25,185.13
2025-12-28,CBOE,9.3,4617800000.0,27.54,None,0.353,46.69,,129200000,341900000,341900000,,,,,,,,,1100000,107100000,None,None,None,19500000,None,None,369600000,None,None,25656000,,2.61,0.0102,,,,0.377,0.51,193426000,219082000,2.34,2021-12-31,24.94,3025400000,2282500000.0,416783000,193407000,78119000,1668600000,1668600000,None,19000,None,745900000,None,None,1299300000,None,245800000,115288000,None,None,None,0.329,,229473000,187310000,782700000,1126400000,None,239200000,None,,,,,2.136,5.49,5.8,,,,,,,,0.213,,217600000,2025-10-31,quarterly,2.85,USD,pre-market,None,2145500000,0.0973,0.216,0.081,44.09,196959000,1428500000,49000000,37100000,235.84,250.14,21.7949,6814500000,1531300000,1169300000,3209700000,5283200000,2040400000,416783000,3604800000,27.54,None,262.25,185.13
2025-12-28,CBOE,9.3,4617800000.0,27.54,None,0.353,46.69,,132900000,392400000,392400000,,,,,,,,,1300000,107000000,None,None,None,18700000,None,None,372500000,None,None,25656000,,2.61,0.0102,,,,0.377,0.51,193426000,219082000,2.34,2021-09-30,24.94,3024700000,2282500000.0,416783000,193407000,78119000,1740000000,1740000000,None,19000,None,1665600000,None,None,1298900000,None,36000000,115288000,None,None,None,0.329,,229473000,187310000,41600000,1728800000,None,242300000,None,,,,,2.136,5.49,5.8,,,,,,,,0.213,,218800000,2025-10-31,quarterly,2.85,USD,pre-market,None,2031100000,0.0973,0.216,0.081,44.09,196959000,1555200000,256300000,26700000,235.84,250.14,21.7949,7582700000,2498800000,2017700000,4085700000,5083900000,2068000000,416783000,3497000000,27.54,None,262.25,185.13
2025-12-28,CBOE,9.3,4617800000.0,27.54,None,0.353,46.69,,134000000,450900000,450900000,,,,,,,,,1300000,106900000,None,None,None,12600000,None,None,372800000,None,None,25656000,,2.61,0.0102,,,,0.377,0.51,193426000,219082000,2.34,2021-06-30,24.94,2899500000,2282500000.0,416783000,193407000,78119000,1708400000,1708400000,None,19000,None,1188200000,None,None,1298500000,None,41100000,115288000,None,None,None,0.329,,229473000,187310000,50200000,1201100000,None,233400000,None,,,,,2.136,5.49,5.8,,,,,,,,0.213,,211600000,2025-10-31,quarterly,2.85,USD,pre-market,None,1962200000,0.0973,0.216,0.081,44.09,196959000,1671600000,373100000,118700000,235.84,250.14,21.7949,7096500000,2180800000,1604000000,3654000000,4915700000,2050000000,416783000,3442500000,27.54,None,262.25,185.13
2025-12-28,CBOE,9.3,4617800000.0,27.54,None,0.353,46.69,,129100000,263300000,263300000,,,,,,,,,1300000,107400000,None,None,None,11200000,None,49000000,374800000,None,None,25656000,,2.61,0.0102,,,,0.377,0.51,193426000,219082000,2.34,2021-03-31,24.94,2898000000,2282500000.0,416783000,193407000,78119000,1735700000,1735700000,None,19000,None,1260000000,None,None,1138800000,None,40700000,115288000,None,None,None,0.329,,229473000,187310000,1299500000,1605500000,None,349000000,None,,,,,2.136,5.49,5.8,,,,,,,,0.213,,191900000,2025-10-31,quarterly,2.85,USD,pre-market,None,1901700000,0.0973,0.216,0.081,44.09,196959000,1316900000,49000000,95500000,235.84,250.14,21.7949,6958100000,2033100000,1694100000,3553900000,4925000000,1859800000,416783000,3404200000,27.54,None,262.25,185.13
2025-12-28,CBOE,9.3,4617800000.0,27.54,None,0.353,46.69,,132100000,245400000,245400000,,,,,,,,,1200000,108000000,None,None,None,28500000,None,68700000,390400000,None,None,25656000,,2.61,0.0102,,,,0.377,0.51,193426000,219082000,2.34,2020-12-31,24.94,2895100000,2282500000.0,416783000,193407000,78119000,1729000000,1729000000,None,19000,None,812100000,None,None,1135200000,None,42700000,115288000,None,None,None,0.329,,229473000,187310000,838600000,1201700000,None,341500000,None,,,,,2.136,5.49,5.8,,,,,,,,0.213,,193600000,2025-10-31,quarterly,2.85,USD,pre-market,None,1810200000,0.0973,0.216,0.081,44.09,196959000,1336000000,68700000,92400000,235.84,250.14,21.7949,6516500000,1566800000,1313300000,3167600000,4949700000,1854300000,416783000,3348900000,27.54,None,262.25,185.13
2025-12-28,CBOE,9.3,4617800000.0,27.54,None,0.353,46.69,,135600000,212700000,212700000,,,,,,,,,1200000,108800000,None,None,None,15900000,None,70000000,341600000,None,None,25656000,,2.61,0.0102,,,,0.377,0.51,193426000,219082000,2.34,2020-09-30,24.94,2781500000,2282500000.0,416783000,193407000,78119000,1615500000,1615500000,None,19000,None,771900000,None,None,869100000,None,53200000,115288000,None,None,None,0.329,,229473000,187310000,805200000,1025500000,None,338100000,None,,,,,2.136,5.49,5.8,,,,,,,,0.213,,198700000,2025-10-31,quarterly,2.85,USD,pre-market,None,1767800000,0.0973,0.216,0.081,44.09,196959000,1074700000,70000000,22800000,235.84,250.14,21.7949,6076800000,1382300000,1128300000,2732300000,4694500000,1604000000,416783000,3344500000,27.54,None,262.25,185.13
2025-12-28,CBOE,9.3,4617800000.0,27.54,None,0.353,46.69,,137300000,210100000,210100000,,,,,,,,,1200000,109600000,None,None,None,12200000,None,None,376800000,None,None,25656000,,2.61,0.0102,,,,0.377,0.51,193426000,219082000,2.34,2020-06-30,24.94,2730400000,2282500000.0,416783000,193407000,78119000,1553000000,1553000000,None,19000,None,None,None,None,868600000,None,61300000,115288000,None,None,None,0.329,,229473000,187310000,17800000,800000,None,330000000,None,,,,,2.136,5.49,5.8,,,,,,,,0.213,,193400000,2025-10-31,quarterly,2.85,USD,pre-market,None,1703700000,0.0973,0.216,0.081,44.09,196959000,1334800000,466200000,176500000,235.84,250.14,21.7949,5366300000,781200000,496500000,2080000000,4585100000,1583500000,416783000,3286300000,27.54,None,262.25,185.13
2025-12-28,CBOE,9.3,4617800000.0,27.54,None,0.353,46.69,,128300000,165200000,165200000,,,,,,,,,1200000,110600000,None,None,None,9200000,None,None,408000000,None,None,25656000,,2.61,0.0102,,,,0.377,0.51,193426000,219082000,2.34,2020-03-31,24.94,2725400000,2282500000.0,416783000,193407000,78119000,1583800000,1583800000,None,19000,None,None,None,None,868100000,None,62300000,115288000,None,None,None,0.329,,229473000,187310000,15300000,800000,None,309000000,None,,,,,2.136,5.49,5.8,,,,,,,,0.213,,184700000,2025-10-31,quarterly,2.85,USD,pre-market,None,1629600000,0.0973,0.216,0.081,44.09,196959000,1199000000,330900000,43600000,235.84,250.14,21.7949,5237500000,632100000,358100000,1927400000,4605400000,1569300000,416783000,3310100000,27.54,None,262.25,185.13
2025-12-28,CBOE,9.3,4617800000.0,27.54,None,0.353,46.69,,46700000,229300000,229300000,,,,,,,,,1200000,111200000,None,None,None,171900000,None,None,291500000,None,None,25656000,,2.61,0.0102,,,,0.377,0.51,193426000,219082000,2.34,2019-12-31,24.94,2682100000,2282500000.0,416783000,193407000,78119000,1589900000,1589900000,None,19000,None,None,None,None,867600000,None,61200000,115288000,None,None,None,0.329,,229473000,187310000,15800000,2200000,None,209400000,None,,,,,2.136,5.49,5.8,,,,,,,,0.213,,100400000,2025-10-31,quarterly,2.85,USD,pre-market,None,1512600000,0.0973,0.216,0.081,44.09,196959000,970600000,103000000,71000000,235.84,250.14,21.7949,5113900000,607600000,281600000,1758300000,4506300000,1476700000,416783000,3355600000,27.54,None,262.25,185.13
2025-12-28,CBOE,9.3,4617800000.0,27.54,None,0.353,46.69,,47400000,150000000,150000000,,,,,,,,,1200000,111900000,None,None,None,10300000,None,None,300500000,None,None,25656000,,2.61,0.0102,,,,0.377,0.51,193426000,219082000,2.34,2019-09-30,24.94,2663400000,2282500000.0,416783000,193407000,78119000,1631800000,1631800000,None,19000,None,None,None,None,867100000,None,69700000,115288000,None,None,None,0.329,,229473000,187310000,17600000,6300000,None,206300000,None,,,,,2.136,5.49,5.8,,,,,,,,0.213,,102400000,2025-10-31,quarterly,2.85,USD,pre-market,None,1467400000,0.0973,0.216,0.081,44.09,196959000,1041400000,174300000,21400000,235.84,250.14,21.7949,5019300000,489500000,199000000,1690600000,4529800000,1491600000,416783000,3328700000,27.54,None,262.25,185.13
2025-12-28,CBOE,9.3,4617800000.0,27.54,None,0.353,46.69,,46900000,161300000,161300000,,,,,,,,,1200000,111600000,None,None,None,9000000,None,None,316300000,None,None,25656000,,2.61,0.0102,,,,0.377,0.51,193426000,219082000,2.34,2019-06-30,24.94,2680000000,2282500000.0,416783000,193407000,78119000,1680000000,1680000000,None,19000,None,1,None,None,916600000,None,63500000,115288000,None,None,None,0.329,,229473000,187310000,16900000,5500000,None,150500000,None,,,,,2.136,5.49,5.8,,,,,,,,0.213,,104700000,2025-10-31,quarterly,2.85,USD,pre-market,None,1401900000,0.0973,0.216,0.081,44.09,196959000,1174700000,258100000,82900000,235.84,250.14,21.7949,5159300000,577400000,285800000,1832300000,4581900000,1546500000,416783000,3327000000,27.54,None,262.25,185.13
2025-12-28,CBOE,9.3,4617800000.0,27.54,None,0.353,46.69,,50100000,346200000,346200000,,,,,,,,,1200000,111700000,None,None,None,4300000,None,299900000,291300000,None,None,25656000,,2.61,0.0102,,,,0.377,0.51,193426000,219082000,2.34,2019-03-31,24.94,2697500000,2282500000.0,416783000,193407000,78119000,1724000000,1724000000,None,19000,None,None,None,None,916100000,None,63400000,115288000,None,None,None,0.329,,229473000,187310000,15500000,184900000,None,124600000,None,,,,,2.136,5.49,5.8,,,,,,,,0.213,,4900000,2025-10-31,quarterly,2.85,USD,pre-market,None,1348600000,0.0973,0.216,0.081,44.09,196959000,1266100000,299900000,30200000,235.84,250.14,21.7949,5330400000,683200000,511400000,2045000000,4647200000,1533600000,416783000,3285400000,27.54,None,262.25,185.13
2025-12-28,CBOE,9.3,4617800000.0,27.54,None,0.353,46.69,,None,275100000,275100000,,,,,,,,,1200000,111600000,None,None,None,12800000,None,299800000,357700000,None,None,25656000,,2.61,0.0102,,,,0.377,0.51,193426000,219082000,2.34,2018-12-31,24.94,2691400000,2282500000.0,416783000,193407000,78119000,1720200000,1720200000,None,19000,None,None,None,None,915600000,None,86200000,115288000,None,None,None,0.329,,229473000,187310000,15200000,270700000,None,122300000,None,,,,,2.136,5.49,5.8,,,,,,,,0.213,,4900000,2025-10-31,quarterly,2.85,USD,pre-market,None,1288200000,0.0973,0.216,0.081,44.09,196959000,1215400000,299800000,35700000,235.84,250.14,21.7949,5321000000,683700000,595900000,2080000000,4637300000,1484100000,416783000,3241000000,27.54,None,262.25,185.13
2025-12-28,CBOE,9.3,4617800000.0,27.54,None,0.353,46.69,,None,136800000,136800000,,,,,,,,,1200000,111800000,None,None,None,6300000,None,299600000,281700000,None,None,25656000,,2.61,0.0102,,,,0.377,0.51,193426000,219082000,2.34,2018-09-30,24.94,2697600000,2282500000.0,416783000,193407000,78119000,1768200000,1768200000,None,19000,None,0,None,None,915100000,None,88700000,115288000,None,None,None,0.329,,229473000,187310000,16100000,77900000,None,88800000,None,,,,,2.136,5.49,5.8,,,,,,,,0.213,,4900000,2025-10-31,quarterly,2.85,USD,pre-market,None,1185400000,0.0973,0.216,0.081,44.09,196959000,1214700000,299600000,900000,235.84,250.14,21.7949,5119500000,435500000,478900000,1967600000,4684000000,1488700000,416783000,3151900000,27.54,-715000000,262.25,185.13
2025-12-28,CBOE,9.3,4617800000.0,27.54,None,0.353,46.69,,None,140000000,140000000,,,,,,,,,1200000,112300000,None,None,None,11100000,None,299500000,299100000,None,None,25656000,,2.61,0.0102,,,,0.377,0.51,193426000,219082000,2.34,2018-06-30,24.94,2701300000,2282500000.0,416783000,193407000,78119000,1850500000,1850500000,None,19000,None,0,None,None,914600000,None,88700000,115288000,None,None,None,0.329,,229473000,187310000,13100000,270800000,None,89900000,None,,,,,2.136,5.49,5.8,,,,,,,,0.213,,4900000,2025-10-31,quarterly,2.85,USD,pre-market,None,1134000000,0.0973,0.216,0.081,44.09,196959000,1214100000,299500000,131800000,235.84,250.14,21.7949,5316900000,584000000,679900000,2167300000,4732900000,1487400000,416783000,3149600000,27.54,-665900000,262.25,185.13
2025-12-28,CBOE,9.3,4617800000.0,27.54,None,0.353,46.69,,None,166300000,166300000,,,,,,,,,1200000,112700000,None,None,None,144000000,None,1213400000,268400000,None,None,25656000,,2.61,0.0102,,,,0.377,0.51,193426000,219082000,2.34,2018-03-31,24.94,2718200000,2282500000.0,416783000,193407000,78119000,1876700000,1876700000,None,19000,None,1,None,None,1213400000,None,85000000,115288000,None,None,None,0.329,,229473000,187310000,13600000,57900000,None,84700000,None,,,,,2.136,5.49,5.8,,,,,,,,0.213,,4900000,2025-10-31,quarterly,2.85,USD,pre-market,None,1080800000,0.0973,0.216,0.081,44.09,196959000,1376200000,162800000,64000000,235.84,250.14,21.7949,5328200000,512300000,384300000,2153000000,4815900000,1768700000,416783000,3175200000,27.54,-617600000,262.25,185.13
2025-12-28,CBOE,9.3,4617800000.0,27.54,None,0.353,46.69,,None,143500000,143500000,,,,,,,,,1200000,112600000,None,None,None,153800000,None,1237900000,234500000,None,None,25656000,,2.61,0.0102,,,,0.377,0.51,193426000,219082000,2.34,2017-12-31,24.94,2707400000,2282500000.0,416783000,193407000,78119000,1902600000,1902600000,None,19000,None,47300000,None,None,1237900000,None,82700000,115288000,None,None,None,0.329,,229473000,187310000,11400000,56600000,None,85600000,None,,,,,2.136,5.49,5.8,,,,,,,,0.213,,4900000,2025-10-31,quarterly,2.85,USD,pre-market,None,993300000,0.0973,0.216,0.081,44.09,196959000,1346100000,108200000,47300000,235.84,250.14,21.7949,5265700000,436700000,334000000,2155100000,4829000000,1821100000,416783000,3110600000,27.54,-558300000,262.25,185.13
2025-12-28,CBOE,9.3,4617800000.0,27.54,None,0.353,46.69,,None,124800000,124800000,,,,,,,,,1200000,112600000,None,None,None,38900000,None,1312400000,231000000,None,None,25656000,,2.61,0.0102,,,,0.377,0.51,193426000,219082000,2.34,2017-09-30,24.94,2696300000,2282500000.0,416783000,193407000,78119000,1978200000,1978200000,None,19000,None,2400000,None,None,1312400000,None,83200000,115288000,None,None,None,0.329,,229473000,187310000,16100000,56600000,None,74700000,None,,,,,2.136,5.49,5.8,,,,,,,,0.213,,4900000,2025-10-31,quarterly,2.85,USD,pre-market,None,766900000,0.0973,0.216,0.081,44.09,196959000,1443500000,131100000,2400000,235.84,250.14,21.7949,5228100000,374300000,238000000,2350200000,4853800000,2112200000,416783000,2877900000,27.54,-550200000,262.25,185.13
2025-12-28,CBOE,9.3,4617800000.0,27.54,None,0.353,46.69,,None,148600000,148600000,,,,,,,,,1200000,112500000,None,None,None,54900000,None,1411300000,242000000,None,None,25656000,,2.61,0.0102,,,,0.377,0.51,193426000,219082000,2.34,2017-06-30,24.94,2686400000,2282500000.0,416783000,193407000,78119000,2015900000,2015900000,None,19000,None,500000,None,None,1411300000,None,82000000,115288000,None,None,None,0.329,,229473000,187310000,18700000,56200000,None,75300000,None,,,,,2.136,5.49,5.8,,,,,,,,0.213,,4900000,2025-10-31,quarterly,2.85,USD,pre-market,None,737300000,0.0973,0.216,0.081,44.09,196959000,1662200000,250900000,110400000,235.84,250.14,21.7949,5395600000,519700000,376300000,2578900000,4875900000,2202600000,416783000,2816700000,27.54,-548200000,262.25,185.13
2025-12-28,CBOE,9.3,4617800000.0,27.54,None,0.353,46.69,,None,153300000,153300000,,,,,,,,,1200000,105900000,None,None,None,51400000,None,76300000,245300000,None,None,25656000,,2.61,0.0102,,,,0.377,0.51,193426000,219082000,2.34,2017-03-31,24.94,2675600000,2282500000.0,416783000,193407000,78119000,1996000000,1996000000,None,19000,None,1,None,None,1486700000,None,82000000,115288000,None,None,None,0.329,,229473000,187310000,15800000,181200000,None,2326200000,None,,,,,2.136,5.49,5.8,,,,,,,,0.213,,4900000,2025-10-31,quarterly,2.85,USD,pre-market,None,697700000,0.0973,0.216,0.081,44.09,196959000,1486700000,86600000,41300000,235.84,250.14,21.7949,5345100000,455700000,260900000,2599700000,4889400000,2338800000,416783000,2745400000,27.54,-540100000,262.25,185.13
2025-12-28,CBOE,9.3,4617800000.0,27.54,-160101000,0.353,46.69,,None,97298000,97298000,,,,,,,,,929000,81285000,None,None,None,74960000,None,4400000,134339000,None,None,25656000,,2.61,0.0102,,,,0.377,0.51,193426000,219082000,2.34,2016-12-31,24.94,26468000,2282500000.0,416783000,193407000,78119000,71646000,71646000,None,19000,None,7318000,None,None,0,None,72923000,115288000,None,None,None,0.329,,229473000,187310000,134000,80270000,None,56226000,None,,,,,2.136,5.49,5.8,,,,,,,,0.213,,55935000,2025-10-31,quarterly,2.85,USD,pre-market,None,710779000,0.0973,0.216,0.081,44.09,196959000,1843000,72934000,0,235.84,250.14,21.7949,477165000,239089000,85403000,159219000,238076000,73816000,416783000,317946000,27.54,-532249000,262.25,185.13
2025-12-28,CBOE,9.3,4617800000.0,27.54,-172178000,0.353,46.69,,None,72759000,72759000,,,,,,,,,929000,81300000,None,None,None,66421000,None,7646000,120474000,None,None,25656000,,2.61,0.0102,,,,0.377,0.51,193426000,219082000,2.34,2016-09-30,24.94,26468000,2282500000.0,416783000,193407000,78119000,69997000,69997000,None,19000,None,13213000,None,None,0,None,73469000,115288000,None,None,None,0.329,,229473000,187310000,137000,71025000,None,52302000,None,,,,,2.136,5.49,5.8,,,,,,,,0.213,,59911000,2025-10-31,quarterly,2.85,USD,pre-market,None,686042000,0.0973,0.216,0.081,44.09,196959000,1922000,63334000,0,235.84,250.14,21.7949,441342000,206583000,81122000,151777000,234759000,70655000,416783000,289565000,27.54,-532249000,262.25,185.13
2025-12-28,CBOE,9.3,4617800000.0,27.54,-166495000,0.353,46.69,,None,52193000,52193000,,,,,,,,,929000,105900000,None,None,None,1939000,None,7532000,110670000,None,None,25656000,,2.61,0.0102,,,,0.377,0.51,193426000,219082000,2.34,2016-06-30,24.94,26468000,2282500000.0,416783000,193407000,78119000,67562000,67562000,None,19000,None,10577000,None,None,0,None,72698000,115288000,None,None,None,0.329,,229473000,187310000,11009000,63802000,None,46682000,None,,,,,2.136,5.49,5.8,,,,,,,,0.213,,61130000,2025-10-31,quarterly,2.85,USD,pre-market,None,666016000,0.0973,0.216,0.081,44.09,196959000,1902000,7601000,0,235.84,250.14,21.7949,406644000,173872000,76632000,140881000,232772000,64249000,416783000,265763000,27.54,-532249000,262.25,185.13
2025-12-28,CBOE,9.3,4617800000.0,27.54,-161527000,0.353,46.69,,None,107482000,107482000,,,,,,,,,929000,105900000,None,None,None,4178000,None,7058000,68967000,None,None,25656000,,2.61,0.0102,,,,0.377,0.51,193426000,219082000,2.34,2016-03-31,24.94,26468000,2282500000.0,416783000,193407000,78119000,67209000,67209000,None,19000,None,7978000,None,None,0,None,66456000,115288000,None,None,None,0.329,,229473000,187310000,8242000,56755000,None,45805000,None,,,,,2.136,5.49,5.8,,,,,,,,0.213,,58063000,2025-10-31,quarterly,2.85,USD,pre-market,None,633876000,0.0973,0.216,0.081,44.09,196959000,1881000,14834000,0,235.84,250.14,21.7949,394830000,184691000,83354000,146903000,210139000,63549000,416783000,247927000,27.54,-514163000,262.25,185.13
2025-12-28,CBOE,9.3,4617800000.0,27.54,-155653000,0.353,46.69,,None,102253000,102253000,,,,,,,,,927000,105900000,None,None,None,1762000,None,6141000,96118000,None,None,25656000,,2.61,0.0102,,,,0.377,0.51,193426000,219082000,2.34,2015-12-31,24.94,7655000,2282500000.0,416783000,193407000,78119000,59311000,59311000,None,19000,None,5122000,None,None,0,None,48430000,115288000,None,None,None,0.329,,229473000,187310000,5747000,66583000,None,45837000,None,,,,,2.136,5.49,5.8,,,,,,,,0.213,,60360000,2025-10-31,quarterly,2.85,USD,pre-market,None,603597000,0.0973,0.216,0.081,44.09,196959000,1896000,7874000,0,235.84,250.14,21.7949,384788000,204118000,73997000,125143000,180670000,51146000,416783000,259645000,27.54,-467632000,262.25,185.13
2025-12-28,CBOE,9.3,4617800000.0,27.54,-156094000,0.353,46.69,,None,121678000,121678000,,,,,,,,,927000,82755000,None,None,None,61307000,None,None,91999000,None,None,25656000,,2.61,0.0102,,,,0.377,0.51,193426000,219082000,2.34,2015-09-30,24.94,7655000,2282500000.0,416783000,193407000,78119000,60248000,60248000,None,19000,None,8035000,None,None,0,None,43680000,115288000,None,None,None,0.329,,229473000,187310000,988000,69232000,None,47074000,None,,,,,2.136,5.49,5.8,,,,,,,,0.213,,58222000,2025-10-31,quarterly,2.85,USD,pre-market,None,572213000,0.0973,0.216,0.081,44.09,196959000,1976000000,59364000,0,235.84,250.14,21.7949,397419000,222700000,78663000,137602000,174719000,58939000,416783000,259817000,27.54,-432868000,262.25,185.13
2025-12-28,CBOE,9.3,4617800000.0,27.54,-295051000,0.353,46.69,,None,89634000,89634000,,,,,,,,,927000,83290000,None,None,None,52003000,None,None,94249000,None,None,25656000,,2.61,0.0102,,,,0.377,0.51,193426000,219082000,2.34,2015-06-30,24.94,57001000,2282500000.0,416783000,193407000,78119000,57001000,57001000,None,19000,None,10459000,None,None,0,None,43407000,115288000,None,None,None,0.329,,229473000,187310000,277000,56641000,None,48517000,None,,,,,2.136,5.49,5.8,,,,,,,,0.213,,62168000,2025-10-31,quarterly,2.85,USD,pre-market,None,523822000,0.0973,0.216,0.081,44.09,196959000,1957000000,47120000,0,235.84,250.14,21.7949,362109000,194619000,72464000,135092000,167490000,62628000,416783000,227017000,27.54,-414038000,262.25,185.13
2025-12-28,CBOE,9.3,4617800000.0,27.54,-290615000,0.353,46.69,,None,137558000,137558000,,,,,,,,,927000,83956000,None,None,None,44593000,None,None,61895000,None,None,25656000,,2.61,0.0102,,,,0.377,0.51,193426000,219082000,2.34,2015-03-31,24.94,56033000,2282500000.0,416783000,193407000,78119000,56033000,56033000,None,19000,None,8588000,None,None,0,None,42740000,115288000,None,None,None,0.329,,229473000,187310000,1344000,53839000,None,47182000,None,,,,,2.136,5.49,5.8,,,,,,,,0.213,,62725000,2025-10-31,quarterly,2.85,USD,pre-market,None,496539000,0.0973,0.216,0.081,44.09,196959000,1938000,41793000,0,235.84,250.14,21.7949,375797000,209385000,70712000,132062000,166412000,61350000,416783000,243735000,27.54,-366821000,262.25,185.13
2025-12-28,CBOE,9.3,4617800000.0,27.54,-287886000,0.353,46.69,,None,147927000,147927000,,,,,,,,,926000,84315000,None,None,None,58566000,None,11236000,90586000,None,None,25656000,,2.61,0.0102,,,,0.377,0.51,193426000,219082000,2.34,2014-12-31,24.94,55673000,2282500000.0,416783000,193407000,78119000,55673000,55673000,None,19000,None,4622000,None,None,0,None,12351000,115288000,None,None,None,0.329,,229473000,187310000,972000,68898000,None,46492000,None,,,,,2.136,5.49,5.8,,,,,,,,0.213,,66856000,2025-10-31,quarterly,2.85,USD,pre-market,None,472005000,0.0973,0.216,0.081,44.09,196959000,None,57561000,0,235.84,250.14,21.7949,383901000,244107000,71891000,133834000,139794000,61943000,416783000,250067000,27.54,-332287000,262.25,185.13
2025-12-28,CBOE,9.3,4617800000.0,27.54,-282360000,0.353,46.69,,None,126519000,126519000,,,,,,,,,926000,85051000,None,None,None,49982000,None,None,88011000,None,None,25656000,,2.61,0.0102,,,,0.377,0.51,193426000,219082000,2.34,2014-09-30,24.94,54148000,2282500000.0,416783000,193407000,78119000,54148000,54148000,None,19000,None,7529000,None,None,0,None,14919000,115288000,None,None,None,0.329,,229473000,187310000,667000,59173000,None,40912000,None,,,,,2.136,5.49,5.8,,,,,,,,0.213,,70379000,2025-10-31,quarterly,2.85,USD,pre-market,None,440441000,0.0973,0.216,0.081,44.09,196959000,1694000000,48083000,0,235.84,250.14,21.7949,367086000,222726000,68283000,121962000,144360000,53679000,416783000,245124000,27.54,-303547000,262.25,185.13
2025-12-28,CBOE,9.3,4617800000.0,27.54,-277296000,0.353,46.69,,None,145111000,145111000,,,,,,,,,926000,85831000,None,None,None,47809000,None,None,87712000,None,None,25656000,,2.61,0.0102,,,,0.377,0.51,193426000,219082000,2.34,2014-06-30,24.94,51993000,2282500000.0,416783000,193407000,78119000,51993000,51993000,None,19000,None,9611000,None,None,0,None,14711000,115288000,None,None,None,0.329,,229473000,187310000,1501000,53173000,None,39359000,None,,,,,2.136,5.49,5.8,,,,,,,,0.213,,70228000,2025-10-31,quarterly,2.85,USD,pre-market,None,409988000,0.0973,0.216,0.081,44.09,196959000,1674000000,43665000,0,235.84,250.14,21.7949,385781000,243935000,69029000,121890000,141846000,52861000,416783000,263891000,27.54,-252190000,262.25,185.13
2025-12-28,CBOE,9.3,4617800000.0,27.54,-273958000,0.353,46.69,,None,199065000,199065000,,,,,,,,,920000,86453000,None,None,None,41403000,None,None,68764000,None,None,25656000,,2.61,0.0102,,,,0.377,0.51,193426000,219082000,2.34,2014-03-31,24.94,48157000,2282500000.0,416783000,193407000,78119000,48157000,48157000,None,19000,None,7271000,None,None,0,None,14571000,115288000,None,None,None,0.329,,229473000,187310000,922000,57474000,None,37736000,None,,,,,2.136,5.49,5.8,,,,,,,,0.213,,69180000,2025-10-31,quarterly,2.85,USD,pre-market,None,382587000,0.0973,0.216,0.081,44.09,196959000,1654000,38587000,0,235.84,250.14,21.7949,412844000,276022000,74457000,126164000,136822000,51707000,416783000,286680000,27.54,-194754000,262.25,185.13
2025-12-28,CBOE,9.3,4617800000.0,27.54,-269614000,0.353,46.69,,None,221341000,221341000,,,,,,,,,919000,87061000,None,None,None,52958000,None,None,80796000,None,None,25656000,,2.61,0.0102,,,,0.377,0.51,193426000,219082000,2.34,2013-12-31,24.94,45939000,2282500000.0,416783000,193407000,78119000,45939000,45939000,None,19000,None,4007000,None,None,0,None,14581000,115288000,None,None,None,0.329,,229473000,187310000,2717000,102139000,None,35869000,None,,,,,2.136,5.49,5.8,,,,,,,,0.213,,67294000,2025-10-31,quarterly,2.85,USD,pre-market,None,349290000,0.0973,0.216,0.081,44.09,196959000,None,48739000,0,235.84,250.14,21.7949,441589000,308861000,107458000,157072000,132728000,49614000,416783000,284517000,27.54,-155627000,262.25,185.13
2025-12-28,CBOE,9.3,4617800000.0,27.54,-265379000,0.353,46.69,,None,226378000,226378000,,,,,,,,,919000,87647000,None,None,None,46985000,None,None,75283000,None,None,25656000,,2.61,0.0102,,,,0.377,0.51,193426000,219082000,2.34,2013-09-30,24.94,44022000,2282500000.0,416783000,193407000,78119000,44022000,44022000,None,19000,None,6609000,None,None,None,None,14034000,115288000,None,None,None,0.329,,229473000,187310000,659000,54355000,None,33882000,None,,,,,2.136,5.49,5.8,,,,,,,,0.213,,69251000,2025-10-31,quarterly,2.85,USD,pre-market,None,362831000,0.0973,0.216,0.081,44.09,196959000,2216000000,45074000,14034000000,235.84,250.14,21.7949,441150000,308929000,65397000,115751000,132221000,50354000,416783000,325399000,27.54,-124314000,262.25,185.13
2025-12-28,CBOE,9.3,4617800000.0,27.54,-260592000,0.353,46.69,,None,207766000,207766000,,,,,,,,,918000,87341000,None,None,None,44112000,None,None,80111000,None,None,25656000,,2.61,0.0102,,,,0.377,0.51,193426000,219082000,2.34,2013-06-30,24.94,42817000,2282500000.0,416783000,193407000,78119000,42817000,42817000,None,19000,None,8234000,None,None,0,None,14174000,115288000,None,None,None,0.329,,229473000,187310000,565000,49921000,None,30322000,None,,,,,2.136,5.49,5.8,,,,,,,,0.213,,71281000,2025-10-31,quarterly,2.85,USD,pre-market,None,337420000,0.0973,0.216,0.081,44.09,196959000,2195000000,40403000,0,235.84,250.14,21.7949,429862000,296676000,70271000,119956000,133186000,49685000,416783000,309906000,27.54,-110310000,262.25,185.13
2025-12-28,CBOE,9.3,4617800000.0,27.54,-256528000,0.353,46.69,,None,210486000,210486000,,,,,,,,,913000,87272000,None,None,None,43168000,None,None,57868000,None,None,25656000,,2.61,0.0102,,,,0.377,0.51,193426000,219082000,2.34,2013-03-31,24.94,42789000,2282500000.0,416783000,193407000,78119000,42789000,42789000,None,19000,None,6335000,None,None,0,None,14221000,115288000,None,None,None,0.329,,229473000,187310000,735000,58852000,None,28806000,None,,,,,2.136,5.49,5.8,,,,,,,,0.213,,72277000,2025-10-31,quarterly,2.85,USD,pre-market,None,304567000,0.0973,0.216,0.081,44.09,196959000,None,40048000,0,235.84,250.14,21.7949,409625000,275424000,85752000,134899000,134201000,49147000,416783000,274726000,27.54,-104204000,262.25,185.13
2025-12-28,CBOE,9.3,4617800000.0,27.54,-251642000,0.353,46.69,,None,135597000,135597000,,,,,,,,,913000,87272000,None,None,None,45148000,None,None,62599000,None,None,25656000,,2.61,0.0102,,,,0.377,0.51,193426000,219082000,2.34,2012-12-31,24.94,42721000,2282500000.0,416783000,193407000,78119000,42720000,42720000,None,19000,None,4146000,None,None,0,None,14270000,115288000,None,None,None,0.329,,229473000,187310000,567000,50331000,None,26597000,None,,,,,2.136,5.49,5.8,,,,,,,,0.213,,74044000,2025-10-31,quarterly,2.85,USD,pre-market,None,275491000,0.0973,0.216,0.081,44.09,196959000,None,44413000,0,235.84,250.14,21.7949,338858000,202909000,52150000,99736000,135949000,47586000,416783000,239122000,27.54,-104201000,262.25,185.13
2025-12-28,CBOE,9.3,4617800000.0,27.54,-251157000,0.353,46.69,,None,160281000,160281000,,,,,,,,,913000,87272000,None,None,None,38307000,None,None,70644000,None,None,25656000,,2.61,0.0102,,,,0.377,0.51,193426000,219082000,2.34,2012-09-30,24.94,42380000,2282500000.0,416783000,193407000,78119000,42380000,42380000,None,19000,None,6737000,None,None,0,None,14257000,115288000,None,None,None,0.329,,229473000,187310000,786000,45292000,None,24056000,None,,,,,2.136,5.49,5.8,,,,,,,,0.213,,77527000,2025-10-31,quarterly,2.85,USD,pre-market,None,315203000,0.0973,0.216,0.081,44.09,196959000,None,36223000,0,235.84,250.14,21.7949,377526000,238448000,56089000,102005000,139078000,45916000,416783000,275521000,27.54,-104200000,262.25,185.13
2025-12-28,CBOE,9.3,4617800000.0,27.54,-246310000,0.353,46.69,,None,127137000,127137000,,,,,,,,,913000,87153000,None,None,None,38375000,None,None,64943000,None,None,25656000,,2.61,0.0102,,,,0.377,0.51,193426000,219082000,2.34,2012-06-30,24.94,43477000,2282500000.0,416783000,193407000,78119000,43477000,43477000,None,19000,None,9139000,None,None,0,None,14212000,115288000,None,None,None,0.329,,229473000,187310000,728000,42878000,None,20186000,None,,,,,2.136,5.49,5.8,,,,,,,,0.213,,79256000,2025-10-31,quarterly,2.85,USD,pre-market,None,282686000,0.0973,0.216,0.081,44.09,196959000,None,34710000,0,235.84,250.14,21.7949,343806000,201947000,63908000,103899000,141859000,39991000,416783000,239907000,27.54,-104200000,262.25,185.13
2025-12-28,CBOE,9.3,4617800000.0,27.54,-242078000,0.353,46.69,,None,148629000,148629000,,,,,,,,,908000,88146000,None,None,None,45312000,None,None,58220000,None,None,25656000,,2.61,0.0102,,,,0.377,0.51,193426000,219082000,2.34,2012-03-31,24.94,42804000,2282500000.0,416783000,193407000,78119000,42804000,42804000,None,19000,None,7084000,None,None,0,None,14222000,115288000,None,None,None,0.329,,229473000,187310000,941000,26929000,None,19294000,None,,,,,2.136,5.49,5.8,,,,,,,,0.213,,76627000,2025-10-31,quarterly,2.85,USD,pre-market,None,254793000,0.0973,0.216,0.081,44.09,196959000,None,10007000,240000,235.84,250.14,21.7949,353441000,214874000,82639000,122239000,138567000,39600000,416783000,231202000,27.54,-81971000,262.25,185.13
2025-12-28,CBOE,9.3,4617800000.0,27.54,-238288000,0.353,46.69,,None,134936000,134936000,,,,,,,,,908000,105900000,None,None,None,1877000,None,None,49529000,None,None,25656000,,2.61,0.0102,,,,0.377,0.51,193426000,219082000,2.34,2011-12-31,24.94,42169000,2282500000.0,416783000,193407000,78119000,42169000,42169000,None,19000,None,4152000,None,None,0,None,14305000,115288000,None,None,None,0.329,,229473000,187310000,5217000,37874000,None,17872000,None,,,,,2.136,5.49,5.8,,,,,,,,0.213,,76798000,2025-10-31,quarterly,2.85,USD,pre-market,None,232121000,0.0973,0.216,0.081,44.09,196959000,None,None,0,235.84,250.14,21.7949,327868000,189682000,52287000,91598000,138186000,39311000,416783000,236270000,27.54,-51329000,262.25,185.13
2025-12-28,CBOE,9.3,4617800000.0,27.54,-234295000,0.353,46.69,,None,147220000,147220000,,,,,,,,,906000,90334000,None,None,None,42799000,None,None,53374000,None,None,25656000,,2.61,0.0102,,,,0.377,0.51,193426000,219082000,2.34,2011-09-30,24.94,7727000,2282500000.0,416783000,193407000,78119000,7727000,7727000,None,19000,None,6031000,None,None,0,None,11965000,115288000,None,None,None,0.329,,229473000,187310000,694000,26000,None,14215000,None,,,,,2.136,5.49,5.8,,,,,,,,0.213,,77586000,2025-10-31,quarterly,2.85,USD,pre-market,None,211210000,0.0973,0.216,0.081,44.09,196959000,None,11213679000,0,235.84,250.14,21.7949,344643000,207319000,65146000,98942000,137324000,33796000,416783000,245701000,27.54,-17962000,262.25,185.13
2025-12-28,CBOE,9.3,4617800000.0,27.54,-229881000,0.353,46.69,,None,106545000,106545000,,,,,,,,,906000,105900000,None,None,None,32615000,None,None,62488000,None,None,25656000,,2.61,0.0102,,,,0.377,0.51,193426000,219082000,2.34,2011-06-30,24.94,5404000,2282500000.0,416783000,193407000,78119000,5404000,5404000,None,19000,None,7959000,None,None,0,None,12156000,115288000,None,None,None,0.329,,229473000,187310000,8517000,4081000,None,9525000,None,,,,,2.136,5.49,5.8,,,,,,,,0.213,,81489000,2025-10-31,quarterly,2.85,USD,pre-market,None,180903000,0.0973,0.216,0.081,44.09,196959000,32615000000,7765000,12156000000,235.84,250.14,21.7949,319422000,177550000,60921000,92128000,141872000,31207000,416783000,227294000,27.54,-3075000,262.25,185.13
2025-12-28,CBOE,9.3,4617800000.0,27.54,None,0.353,46.69,,None,115689000,115689000,,,,,,,,,901000,105900000,None,None,None,32321000,None,None,55563000,None,None,25656000,,2.61,0.0102,,,,0.377,0.51,193426000,219082000,2.34,2011-03-31,24.94,43359000,2282500000.0,416783000,193407000,78119000,43359000,43359000,None,19000,None,7061000,None,None,None,None,None,115288000,None,None,None,0.329,,229473000,187310000,7763000,9178000,None,None,None,,,,,2.136,5.49,5.8,,,,,,,,0.213,,86290000,2025-10-31,quarterly,2.85,USD,pre-market,None,156730000,0.0973,0.216,0.081,44.09,196959000,None,24541000,None,235.84,250.14,21.7949,320820000,179015000,85536000,117856000,141805000,32320000,416783000,202964000,27.54,None,262.25,185.13
2025-12-28,CBOE,9.3,4617800000.0,27.54,None,0.353,46.69,,None,53789000,53789000,,,,,,,,,901000,105900000,None,None,None,40084000,None,None,51098000,None,None,25656000,,2.61,0.0102,,,,0.377,0.51,193426000,219082000,2.34,2010-12-31,24.94,44565000,2282500000.0,416783000,193407000,78119000,44565000,44565000,None,19000,None,4510000,None,None,None,None,None,115288000,None,None,None,0.329,,229473000,187310000,5047000,5287000,None,None,None,,,,,2.136,5.49,5.8,,,,,,,,0.213,,86998000,2025-10-31,quarterly,2.85,USD,pre-market,None,133087000,0.0973,0.216,0.081,44.09,196959000,None,8349000,None,235.84,250.14,21.7949,254112000,109934000,48816000,78238000,144178000,29422000,416783000,175874000,27.54,None,262.25,185.13
2025-12-28,CBOE,9.3,4617800000.0,27.54,None,0.353,46.69,,None,322936000,322936000,,,,,,,,,1020000,105900000,None,None,None,35103000,None,None,58328000,None,None,25656000,,2.61,0.0102,,,,0.377,0.51,193426000,219082000,2.34,2010-09-30,24.94,38284000,2282500000.0,416783000,193407000,78119000,38284000,38284000,None,19000,None,5270000,None,None,None,None,None,115288000,None,None,None,0.329,,229473000,187310000,5841000,4182000,None,None,None,,,,,2.136,5.49,5.8,,,,,,,,0.213,,90864000,2025-10-31,quarterly,2.85,USD,pre-market,None,110940000,0.0973,0.216,0.081,44.09,196959000,None,7812000,None,235.84,250.14,21.7949,530624000,387105000,54727000,81482000,143519000,26755000,416783000,449142000,27.54,None,262.25,185.13
2025-12-28,CBOE,9.3,4617800000.0,27.54,None,0.353,46.69,,None,324066000,324066000,,,,,,,,,1020000,105900000,None,None,None,46318000,None,None,46639000,None,None,25656000,,2.61,0.0102,,,,0.377,0.51,193426000,219082000,2.34,2010-06-30,24.94,39086000,2282500000.0,416783000,193407000,78119000,39086000,39086000,None,19000,None,7214000,None,None,None,None,None,115288000,None,None,None,0.329,,229473000,187310000,7777000,4572000,None,None,None,,,,,2.136,5.49,5.8,,,,,,,,0.213,,91560000,2025-10-31,quarterly,2.85,USD,pre-market,None,100918000,0.0973,0.216,0.081,44.09,196959000,None,8120000,None,235.84,250.14,21.7949,523666000,378482000,77916000,99321000,145184000,21405000,416783000,424345000,27.54,None,262.25,185.13
2025-12-28,CBOE,9.3,4617800000.0,27.54,None,0.353,46.69,,None,439497000,439497000,,,,,,,,,19574000,105900000,None,None,None,32649000,None,None,48075000,None,None,25656000,,2.61,0.0102,,,,0.377,0.51,193426000,219082000,2.34,2010-03-31,24.94,7079000,2282500000.0,416783000,193407000,78119000,7079000,7079000,None,19000,None,7245000,None,None,None,None,None,115288000,None,None,None,0.329,,229473000,187310000,7936000,429173000,None,None,None,,,,,2.136,5.49,5.8,,,,,,,,0.213,,94905000,2025-10-31,quarterly,2.85,USD,pre-market,None,76028000,0.0973,0.216,0.081,44.09,196959000,None,446167000,None,235.84,250.14,21.7949,632527000,495508000,511713000,535120000,137019000,23407000,416783000,97407000,27.54,None,262.25,185.13
2025-12-28,CBOE,9.3,4617800000.0,27.54,None,0.353,46.69,,None,383730000,383730000,,,,,,,,,19574000,105900000,None,None,None,42958000,None,None,43077000,None,None,25656000,,2.61,0.0102,,,,0.377,0.51,193426000,219082000,2.34,2009-12-31,24.94,39630000,2282500000.0,416783000,193407000,78119000,39630000,39630000,None,19000,None,5804000,None,None,None,None,None,115288000,None,None,None,0.329,,229473000,187310000,6256000,315570000,None,None,None,,,,,2.136,5.49,5.8,,,,,,,,0.213,,96165000,2025-10-31,quarterly,2.85,USD,pre-market,None,53352000,0.0973,0.216,0.081,44.09,196959000,None,428891000,None,235.84,250.14,21.7949,571948000,433063000,472152000,497231000,138885000,25079000,416783000,74717000,27.54,None,262.25,185.13
2025-12-28,CBOE,9.3,4617800000.0,27.54,None,0.353,46.69,,None,None,None,,,,,,,,,None,105900000,None,None,None,None,None,None,None,None,None,25656000,,2.61,0.0102,,,,0.377,0.51,193426000,219082000,2.34,2009-09-30,24.94,None,2282500000.0,416783000,193407000,78119000,None,None,None,19000,None,None,None,None,None,None,None,115288000,None,None,None,0.329,,229473000,187310000,None,None,None,None,None,,,,,2.136,5.49,5.8,,,,,,,,0.213,,None,2025-10-31,quarterly,2.85,USD,pre-market,None,None,0.0973,0.216,0.081,44.09,196959000,None,None,None,235.84,250.14,21.7949,None,None,None,None,None,None,416783000,None,27.54,None,262.25,185.13
2025-12-28,CBOE,9.3,4617800000.0,27.54,None,0.353,46.69,,None,None,None,,,,,,,,,None,105900000,None,None,None,None,None,None,None,None,None,25656000,,2.61,0.0102,,,,0.377,0.51,193426000,219082000,2.34,2009-06-30,24.94,None,2282500000.0,416783000,193407000,78119000,None,None,None,19000,None,None,None,None,None,None,None,115288000,None,None,None,0.329,,229473000,187310000,None,None,None,None,None,,,,,2.136,5.49,5.8,,,,,,,,0.213,,None,2025-10-31,quarterly,2.85,USD,pre-market,None,None,0.0973,0.216,0.081,44.09,196959000,None,None,None,235.84,250.14,21.7949,None,None,None,None,None,None,416783000,None,27.54,None,262.25,185.13
2025-12-28,CBOE,9.3,4617800000.0,27.54,None,0.353,46.69,,None,None,None,,,,,,,,,None,105900000,None,None,None,None,None,None,None,None,None,25656000,,2.61,0.0102,,,,0.377,0.51,193426000,219082000,2.34,2009-03-31,24.94,None,2282500000.0,416783000,193407000,78119000,None,None,None,19000,None,None,None,None,None,None,None,115288000,None,None,None,0.329,,229473000,187310000,None,None,None,None,None,,,,,2.136,5.49,5.8,,,,,,,,0.213,,None,2025-10-31,quarterly,2.85,USD,pre-market,None,None,0.0973,0.216,0.081,44.09,196959000,None,None,None,235.84,250.14,21.7949,None,None,None,None,None,None,416783000,None,27.54,None,262.25,185.13
2025-12-28,CBOE,9.3,4617800000.0,27.54,None,0.353,46.69,,158300000,920300000,920300000,,,,,,,,,1000000,105500000,None,None,None,17900000,None,None,518400000,None,None,25656000,,2.61,0.0102,,,,0.377,0.51,193426000,219082000,2.34,2024-12-31,24.94,3124200000,2282500000.0,416783000,193407000,78119000,1423700000,1423700000,None,19000,None,None,None,None,1441000000,None,383700000,115288000,None,None,None,0.329,,229473000,187310000,930100000,1349300000,None,43100000,None,,,,,2.136,5.49,5.8,,,,,,,,0.213,,None,2025-10-31,annual,2.85,USD,pre-market,None,2815900000,0.0973,0.216,0.081,44.09,196959000,1599300000,19900000,110300000,235.84,250.14,21.7949,7789100000,2479100000,1395200000,3509500000,5310000000,2114300000,416783000,4279600000,27.54,None,262.25,185.13
2025-12-28,CBOE,9.3,4617800000.0,27.54,None,0.353,46.69,,171600000,543200000,543200000,,,,,,,,,1100000,106200000,None,None,None,24700000,None,None,411800000,None,None,25656000,,2.61,0.0102,,,,0.377,0.51,193426000,219082000,2.34,2023-12-31,24.94,3140600000,2282500000.0,416783000,193407000,78119000,1604800000,1604800000,None,19000,None,None,None,None,1439200000,None,345300000,115288000,None,None,None,0.329,,229473000,187310000,966800000,1248700000,None,67500000,None,,,,,2.136,5.49,5.8,,,,,,,,0.213,,None,2025-10-31,annual,2.85,USD,pre-market,None,2525200000,0.0973,0.216,0.081,44.09,196959000,1610800000,20800000,57500000,235.84,250.14,21.7949,7487500000,1979300000,1383400000,3502500000,5508200000,2119100000,416783000,3985000000,27.54,None,262.25,185.13
2025-12-28,CBOE,9.3,4617800000.0,27.54,None,0.353,46.69,,129300000,432700000,432700000,,,,,,,,,1100000,106700000,None,None,None,27500000,None,304700000,418100000,None,None,25656000,,2.61,0.0102,,,,0.377,0.51,193426000,219082000,2.34,2022-12-31,24.94,3122800000,2282500000.0,416783000,193407000,78119000,1662800000,1662800000,None,19000,None,543000000,None,None,1437300000,None,253200000,115288000,None,None,None,0.329,,229473000,187310000,613500000,1129800000,None,266900000,None,,,,,2.136,5.49,5.8,,,,,,,,0.213,,2300000,2025-10-31,annual,2.85,USD,pre-market,None,2171100000,0.0973,0.216,0.081,44.09,196959000,1871300000,304700000,91700000,235.84,250.14,21.7949,6998900000,1556000000,1477200000,3533600000,5442900000,2056400000,416783000,3465300000,27.54,None,262.25,185.13
2025-12-28,CBOE,9.3,4617800000.0,27.54,None,0.353,46.69,,129200000,341900000,341900000,,,,,,,,,1100000,107200000,None,None,None,19500000,None,None,369600000,None,None,25656000,,2.61,0.0102,,,,0.377,0.51,193426000,219082000,2.34,2021-12-31,24.94,3025400000,2282500000.0,416783000,193407000,78119000,1668600000,1668600000,None,19000,None,745900000,None,None,1299300000,None,245800000,115288000,None,None,None,0.329,,229473000,187310000,782700000,1126400000,None,239200000,None,,,,,2.136,5.49,5.8,,,,,,,,0.213,,217600000,2025-10-31,annual,2.85,USD,pre-market,None,2145500000,0.0973,0.216,0.081,44.09,196959000,1428500000,49000000,37100000,235.84,250.14,21.7949,6814500000,1531300000,1169300000,3209700000,5283200000,2040400000,416783000,3604800000,27.54,None,262.25,185.13
2025-12-28,CBOE,9.3,4617800000.0,27.54,None,0.353,46.69,,132100000,245400000,245400000,,,,,,,,,1200000,109300000,None,None,None,28500000,None,68700000,390400000,None,None,25656000,,2.61,0.0102,,,,0.377,0.51,193426000,219082000,2.34,2020-12-31,24.94,2895100000,2282500000.0,416783000,193407000,78119000,1729000000,1729000000,None,19000,None,812100000,None,None,1135200000,None,42700000,115288000,None,None,None,0.329,,229473000,187310000,838600000,1201700000,None,341500000,None,,,,,2.136,5.49,5.8,,,,,,,,0.213,,193600000,2025-10-31,annual,2.85,USD,pre-market,None,1810200000,0.0973,0.216,0.081,44.09,196959000,1336000000,68700000,92400000,235.84,250.14,21.7949,6516500000,1566800000,1313300000,3167600000,4949700000,1854300000,416783000,3348900000,27.54,None,262.25,185.13
2025-12-28,CBOE,9.3,4617800000.0,27.54,None,0.353,46.69,,46700000,229300000,229300000,,,,,,,,,1200000,111800000,None,None,None,171900000,None,None,291500000,None,None,25656000,,2.61,0.0102,,,,0.377,0.51,193426000,219082000,2.34,2019-12-31,24.94,2682100000,2282500000.0,416783000,193407000,78119000,1589900000,1589900000,None,19000,None,None,None,None,867600000,None,61200000,115288000,None,None,None,0.329,,229473000,187310000,15800000,2200000,None,209400000,None,,,,,2.136,5.49,5.8,,,,,,,,0.213,,100400000,2025-10-31,annual,2.85,USD,pre-market,None,1512600000,0.0973,0.216,0.081,44.09,196959000,970600000,103000000,71000000,235.84,250.14,21.7949,5113900000,607600000,281600000,1758300000,4506300000,1476700000,416783000,3355600000,27.54,None,262.25,185.13
2025-12-28,CBOE,9.3,4617800000.0,27.54,None,0.353,46.69,,None,275100000,275100000,,,,,,,,,1200000,112200000,None,None,None,12800000,None,299800000,357700000,None,None,25656000,,2.61,0.0102,,,,0.377,0.51,193426000,219082000,2.34,2018-12-31,24.94,2691400000,2282500000.0,416783000,193407000,78119000,1720200000,1720200000,None,19000,None,None,None,None,915600000,None,86200000,115288000,None,None,None,0.329,,229473000,187310000,15200000,270700000,None,122300000,None,,,,,2.136,5.49,5.8,,,,,,,,0.213,,4900000,2025-10-31,annual,2.85,USD,pre-market,None,1288200000,0.0973,0.216,0.081,44.09,196959000,1215400000,299800000,35700000,235.84,250.14,21.7949,5321000000,683700000,595900000,2080000000,4637300000,1484100000,416783000,3241000000,27.54,None,262.25,185.13
2025-12-28,CBOE,9.3,4617800000.0,27.54,None,0.353,46.69,,None,143500000,143500000,,,,,,,,,1200000,107500000,None,None,None,153800000,None,1237900000,234500000,None,None,25656000,,2.61,0.0102,,,,0.377,0.51,193426000,219082000,2.34,2017-12-31,24.94,2707400000,2282500000.0,416783000,193407000,78119000,1902600000,1902600000,None,19000,None,47300000,None,None,1237900000,None,82700000,115288000,None,None,None,0.329,,229473000,187310000,11400000,56600000,None,85600000,None,,,,,2.136,5.49,5.8,,,,,,,,0.213,,4900000,2025-10-31,annual,2.85,USD,pre-market,None,993300000,0.0973,0.216,0.081,44.09,196959000,1346100000,108200000,47300000,235.84,250.14,21.7949,5265700000,436700000,334000000,2155100000,4829000000,1821100000,416783000,3110600000,27.54,-558300000,262.25,185.13
2025-12-28,CBOE,9.3,4617800000.0,27.54,-160101000,0.353,46.69,,None,97298000,97298000,,,,,,,,,929000,81400000,None,None,None,74960000,None,4400000,134339000,None,None,25656000,,2.61,0.0102,,,,0.377,0.51,193426000,219082000,2.34,2016-12-31,24.94,26468000,2282500000.0,416783000,193407000,78119000,71646000,71646000,None,19000,None,7318000,None,None,0,None,72923000,115288000,None,None,None,0.329,,229473000,187310000,134000,80270000,None,56226000,None,,,,,2.136,5.49,5.8,,,,,,,,0.213,,55935000,2025-10-31,annual,2.85,USD,pre-market,None,710779000,0.0973,0.216,0.081,44.09,196959000,1843000,72934000,0,235.84,250.14,21.7949,477165000,239089000,85403000,159219000,238076000,73816000,416783000,317946000,27.54,-532249000,262.25,185.13
2025-12-28,CBOE,9.3,4617800000.0,27.54,-155653000,0.353,46.69,,None,102253000,102253000,,,,,,,,,927000,105900000,None,None,None,1762000,None,6141000,96118000,None,None,25656000,,2.61,0.0102,,,,0.377,0.51,193426000,219082000,2.34,2015-12-31,24.94,7655000,2282500000.0,416783000,193407000,78119000,59311000,59311000,None,19000,None,5122000,None,None,0,None,48430000,115288000,None,None,None,0.329,,229473000,187310000,5747000,66583000,None,45837000,None,,,,,2.136,5.49,5.8,,,,,,,,0.213,,60360000,2025-10-31,annual,2.85,USD,pre-market,None,603597000,0.0973,0.216,0.081,44.09,196959000,1896000,7874000,0,235.84,250.14,21.7949,384788000,204118000,73997000,125143000,180670000,51146000,416783000,259645000,27.54,-467632000,262.25,185.13
2025-12-28,CBOE,9.3,4617800000.0,27.54,-287886000,0.353,46.69,,None,147927000,147927000,,,,,,,,,926000,85406000,None,None,None,58566000,None,11236000,90586000,None,None,25656000,,2.61,0.0102,,,,0.377,0.51,193426000,219082000,2.34,2014-12-31,24.94,55673000,2282500000.0,416783000,193407000,78119000,55673000,55673000,None,19000,None,4622000,None,None,0,None,12351000,115288000,None,None,None,0.329,,229473000,187310000,972000,68898000,None,46492000,None,,,,,2.136,5.49,5.8,,,,,,,,0.213,,66856000,2025-10-31,annual,2.85,USD,pre-market,None,472005000,0.0973,0.216,0.081,44.09,196959000,None,57561000,0,235.84,250.14,21.7949,383901000,244107000,71891000,133834000,139794000,61943000,416783000,250067000,27.54,-332287000,262.25,185.13
2025-12-28,CBOE,9.3,4617800000.0,27.54,-269614000,0.353,46.69,,None,221341000,221341000,,,,,,,,,919000,87331000,None,None,None,52958000,None,None,80796000,None,None,25656000,,2.61,0.0102,,,,0.377,0.51,193426000,219082000,2.34,2013-12-31,24.94,45939000,2282500000.0,416783000,193407000,78119000,45939000,45939000,None,19000,None,4007000,None,None,0,None,14581000,115288000,None,None,None,0.329,,229473000,187310000,2717000,102139000,None,35869000,None,,,,,2.136,5.49,5.8,,,,,,,,0.213,,67294000,2025-10-31,annual,2.85,USD,pre-market,None,349290000,0.0973,0.216,0.081,44.09,196959000,None,48739000,0,235.84,250.14,21.7949,441589000,308861000,107458000,157072000,132728000,49614000,416783000,284517000,27.54,-155627000,262.25,185.13
2025-12-28,CBOE,9.3,4617800000.0,27.54,-251642000,0.353,46.69,,None,135597000,135597000,,,,,,,,,913000,87460000,None,None,None,45148000,None,None,62599000,None,None,25656000,,2.61,0.0102,,,,0.377,0.51,193426000,219082000,2.34,2012-12-31,24.94,42721000,2282500000.0,416783000,193407000,78119000,42720000,42720000,None,19000,None,4146000,None,None,0,None,14270000,115288000,None,None,None,0.329,,229473000,187310000,567000,50331000,None,26597000,None,,,,,2.136,5.49,5.8,,,,,,,,0.213,,74044000,2025-10-31,annual,2.85,USD,pre-market,None,275491000,0.0973,0.216,0.081,44.09,196959000,None,44413000,0,235.84,250.14,21.7949,338858000,202909000,52150000,99736000,135949000,47586000,416783000,239122000,27.54,-104201000,262.25,185.13
2025-12-28,CBOE,9.3,4617800000.0,27.54,-238288000,0.353,46.69,,None,134936000,134936000,,,,,,,,,908000,105900000,None,None,None,1877000,None,None,49529000,None,None,25656000,,2.61,0.0102,,,,0.377,0.51,193426000,219082000,2.34,2011-12-31,24.94,42169000,2282500000.0,416783000,193407000,78119000,42169000,42169000,None,19000,None,4152000,None,None,0,None,14305000,115288000,None,None,None,0.329,,229473000,187310000,5217000,37874000,None,17872000,None,,,,,2.136,5.49,5.8,,,,,,,,0.213,,76798000,2025-10-31,annual,2.85,USD,pre-market,None,232121000,0.0973,0.216,0.081,44.09,196959000,None,None,0,235.84,250.14,21.7949,327868000,189682000,52287000,91598000,138186000,39311000,416783000,236270000,27.54,-51329000,262.25,185.13
2025-12-28,CBOE,9.3,4617800000.0,27.54,None,0.353,46.69,,None,53789000,53789000,,,,,,,,,901000,105900000,None,None,None,40084000,None,None,51098000,None,None,25656000,,2.61,0.0102,,,,0.377,0.51,193426000,219082000,2.34,2010-12-31,24.94,44565000,2282500000.0,416783000,193407000,78119000,44565000,44565000,None,19000,None,4510000,None,None,None,None,None,115288000,None,None,None,0.329,,229473000,187310000,5047000,5287000,None,None,None,,,,,2.136,5.49,5.8,,,,,,,,0.213,,86998000,2025-10-31,annual,2.85,USD,pre-market,None,133087000,0.0973,0.216,0.081,44.09,196959000,None,8349000,None,235.84,250.14,21.7949,254112000,109934000,48816000,78238000,144178000,29422000,416783000,175874000,27.54,None,262.25,185.13
2025-12-28,CBOE,9.3,4617800000.0,27.54,None,0.353,46.69,,None,383730000,383730000,,,,,,,,,19574000,105900000,None,None,None,42958000,None,None,43077000,None,None,25656000,,2.61,0.0102,,,,0.377,0.51,193426000,219082000,2.34,2009-12-31,24.94,39630000,2282500000.0,416783000,193407000,78119000,39630000,39630000,None,19000,None,5804000,None,None,None,None,None,115288000,None,None,None,0.329,,229473000,187310000,6256000,315570000,None,None,None,,,,,2.136,5.49,5.8,,,,,,,,0.213,,96165000,2025-10-31,annual,2.85,USD,pre-market,None,53352000,0.0973,0.216,0.081,44.09,196959000,None,428891000,None,235.84,250.14,21.7949,571948000,433063000,472152000,497231000,138885000,25079000,416783000,74717000,27.54,None,262.25,185.13
2025-12-28,CBOE,9.3,4617800000.0,27.54,None,0.353,46.69,,None,281423000,281423000,,,,,,,,,19574000,105900000,None,None,None,55137000,None,0,46828000,None,None,25656000,,2.61,0.0102,,,,0.377,0.51,193426000,219082000,2.34,2008-12-31,24.94,39367000,2282500000.0,416783000,193407000,78119000,39367000,39367000,None,19000,None,6266000,None,None,0,None,0,115288000,None,None,None,0.329,,229473000,187310000,32974000,9412000,None,None,None,,,,,2.136,5.49,5.8,,,,,,,,0.213,,0,2025-10-31,annual,2.85,USD,pre-market,None,360318000,0.0973,0.216,0.081,44.09,196959000,None,9326000,0,235.84,250.14,21.7949,496139000,361225000,90928000,114479000,134914000,23551000,416783000,381660000,27.54,0,262.25,185.13
2025-12-28,CBOE,9.3,4617800000.0,27.54,None,0.353,46.69,16000000,None,281423000,281423000,-75800000,167500000,None,None,None,None,None,None,19574000,105900000,None,None,None,55137000,None,0,46828000,None,None,25656000,30900000,2.61,0.0102,75700000,75700000,None,0.377,0.51,193426000,219082000,2.34,2025-09-30,24.94,39367000,2282500000.0,416783000,193407000,78119000,39367000,39367000,None,19000,None,6266000,None,None,0,None,0,300800000,None,None,None,0.329,153900000,229473000,187310000,32974000,9412000,None,None,None,None,None,None,None,2.136,5.49,5.8,None,None,None,None,None,-4500000,None,0.213,None,0,2025-10-31,quarterly,2.85,USD,pre-market,None,360318000,0.0973,0.216,0.081,44.09,196959000,None,9326000,0,235.84,250.14,21.7949,496139000,361225000,90928000,114479000,134914000,23551000,416783000,381660000,27.54,0,262.25,185.13
2025-12-28,CBOE,9.3,4617800000.0,27.54,None,0.353,46.69,20300000,None,281423000,281423000,-103800000,-116900000,None,None,None,None,None,None,19574000,105900000,None,None,None,55137000,None,0,46828000,None,None,25656000,29900000,2.61,0.0102,66400000,66400000,None,0.377,0.51,193426000,219082000,2.34,2025-06-30,24.94,39367000,2282500000.0,416783000,193407000,78119000,39367000,39367000,None,19000,None,6266000,None,None,0,None,0,233900000,None,None,None,0.329,437200000,229473000,187310000,32974000,9412000,None,None,None,None,None,None,None,2.136,5.49,5.8,None,None,None,None,None,-37400000,None,0.213,None,0,2025-10-31,quarterly,2.85,USD,pre-market,None,360318000,0.0973,0.216,0.081,44.09,196959000,None,9326000,0,235.84,250.14,21.7949,496139000,361225000,90928000,114479000,134914000,23551000,416783000,381660000,27.54,0,262.25,185.13
2025-12-28,CBOE,9.3,4617800000.0,27.54,None,0.353,46.69,14700000,None,281423000,281423000,-114500000,-19700000,None,None,None,None,None,None,19574000,105900000,None,None,None,55137000,None,0,46828000,None,None,25656000,30300000,2.61,0.0102,66400000,66400000,None,0.377,0.51,193426000,219082000,2.34,2025-03-31,24.94,39367000,2282500000.0,416783000,193407000,78119000,39367000,39367000,None,19000,None,6266000,None,None,0,None,0,249400000,None,None,None,0.329,253800000,229473000,187310000,32974000,9412000,None,None,None,None,None,None,None,2.136,5.49,5.8,None,None,None,None,None,-52900000,None,0.213,None,0,2025-10-31,quarterly,2.85,USD,pre-market,None,360318000,0.0973,0.216,0.081,44.09,196959000,None,9326000,0,235.84,250.14,21.7949,496139000,361225000,90928000,114479000,134914000,23551000,416783000,381660000,27.54,0,262.25,185.13
2025-12-28,CBOE,9.3,4617800000.0,27.54,None,0.353,46.69,23800000,None,281423000,281423000,-70700000,-126800000,None,None,None,None,None,None,19574000,105900000,None,None,None,55137000,None,0,46828000,None,None,25656000,32100000,2.61,0.0102,66400000,66400000,None,0.377,0.51,193426000,219082000,2.34,2024-12-31,24.94,39367000,2282500000.0,416783000,193407000,78119000,39367000,39367000,None,19000,None,6266000,None,None,0,None,0,195600000,None,None,None,0.329,377000000,229473000,187310000,32974000,9412000,None,None,None,None,None,None,None,2.136,5.49,5.8,None,None,None,None,None,6700000,None,0.213,None,0,2025-10-31,quarterly,2.85,USD,pre-market,None,360318000,0.0973,0.216,0.081,44.09,196959000,None,9326000,0,235.84,250.14,21.7949,496139000,361225000,90928000,114479000,134914000,23551000,416783000,381660000,27.54,0,262.25,185.13
2025-12-28,CBOE,9.3,4617800000.0,27.54,None,0.353,46.69,12000000,None,281423000,281423000,-78100000,35400000,None,None,None,None,None,None,19574000,105900000,None,None,None,55137000,None,0,46828000,None,None,25656000,31800000,2.61,0.0102,66300000,66300000,None,0.377,0.51,193426000,219082000,2.34,2024-09-30,24.94,39367000,2282500000.0,416783000,193407000,78119000,39367000,39367000,None,19000,None,6266000,None,None,0,None,0,217400000,None,None,None,0.329,181300000,229473000,187310000,32974000,9412000,None,None,None,None,None,None,None,2.136,5.49,5.8,None,None,None,None,None,-27300000,None,0.213,None,0,2025-10-31,quarterly,2.85,USD,pre-market,None,360318000,0.0973,0.216,0.081,44.09,196959000,None,9326000,0,235.84,250.14,21.7949,496139000,361225000,90928000,114479000,134914000,23551000,416783000,381660000,27.54,0,262.25,185.13
2025-12-28,CBOE,9.3,4617800000.0,27.54,None,0.353,46.69,17800000,None,281423000,281423000,-177600000,-37100000,None,None,None,None,None,None,19574000,105900000,None,None,None,55137000,None,0,46828000,None,None,25656000,31800000,2.61,0.0102,58200000,58200000,None,0.377,0.51,193426000,219082000,2.34,2024-06-30,24.94,39367000,2282500000.0,416783000,193407000,78119000,39367000,39367000,None,19000,None,6266000,None,None,0,None,0,139700000,None,None,None,0.329,300700000,229473000,187310000,32974000,9412000,None,None,None,None,None,None,None,2.136,5.49,5.8,None,None,None,None,None,-103000000,None,0.213,None,0,2025-10-31,quarterly,2.85,USD,pre-market,None,360318000,0.0973,0.216,0.081,44.09,196959000,None,9326000,0,235.84,250.14,21.7949,496139000,361225000,90928000,114479000,134914000,23551000,416783000,381660000,27.54,0,262.25,185.13
2025-12-28,CBOE,9.3,4617800000.0,27.54,None,0.353,46.69,7300000,None,281423000,281423000,-168600000,-13300000,None,None,None,None,None,None,19574000,105900000,None,None,None,55137000,None,0,46828000,None,None,25656000,37300000,2.61,0.0102,58500000,58500000,None,0.377,0.51,193426000,219082000,2.34,2024-03-31,24.94,39367000,2282500000.0,416783000,193407000,78119000,39367000,39367000,None,19000,None,6266000,None,None,0,None,0,208300000,None,None,None,0.329,165600000,229473000,187310000,32974000,9412000,None,None,None,None,None,None,None,2.136,5.49,5.8,None,None,None,None,None,-102100000,None,0.213,None,0,2025-10-31,quarterly,2.85,USD,pre-market,None,360318000,0.0973,0.216,0.081,44.09,196959000,None,9326000,0,235.84,250.14,21.7949,496139000,361225000,90928000,114479000,134914000,23551000,416783000,381660000,27.54,0,262.25,185.13
2025-12-28,CBOE,9.3,4617800000.0,27.54,None,0.353,46.69,17100000,None,281423000,281423000,-142500000,-38200000,None,None,141000000,None,None,None,19574000,105900000,None,None,None,55137000,None,0,46828000,None,None,25656000,38000000,2.61,0.0102,58500000,58500000,None,0.377,0.51,193426000,219082000,2.34,2023-12-31,24.94,39367000,2282500000.0,416783000,193407000,78119000,39367000,39367000,None,19000,None,6266000,None,None,0,None,0,210800000,None,None,None,0.329,314000000,229473000,187310000,32974000,9412000,None,None,None,None,None,None,None,2.136,5.49,5.8,None,None,None,None,None,-22600000,None,0.213,None,0,2025-10-31,quarterly,2.85,USD,pre-market,None,360318000,0.0973,0.216,0.081,44.09,196959000,None,9326000,0,235.84,250.14,21.7949,496139000,361225000,90928000,114479000,134914000,23551000,416783000,381660000,27.54,0,262.25,185.13
2025-12-28,CBOE,9.3,4617800000.0,27.54,None,0.353,46.69,7700000,None,281423000,281423000,-164900000,25900000,None,None,-119800000,None,None,None,19574000,105900000,None,None,None,55137000,None,0,46828000,None,None,25656000,38800000,2.61,0.0102,58500000,58500000,None,0.377,0.51,193426000,219082000,2.34,2023-09-30,24.94,39367000,2282500000.0,416783000,193407000,78119000,39367000,39367000,None,19000,None,6266000,None,None,0,None,0,208200000,None,None,None,0.329,736900000,229473000,187310000,32974000,9412000,None,None,None,None,None,None,None,2.136,5.49,5.8,None,None,None,None,None,-800000,None,0.213,None,0,2025-10-31,quarterly,2.85,USD,pre-market,None,360318000,0.0973,0.216,0.081,44.09,196959000,None,9326000,0,235.84,250.14,21.7949,496139000,361225000,90928000,114479000,134914000,23551000,416783000,381660000,27.54,0,262.25,185.13
2025-12-28,CBOE,9.3,4617800000.0,27.54,None,0.353,46.69,7800000,None,281423000,281423000,-207500000,-44700000,-755300000,None,-21200000,None,None,32800000,19574000,105900000,None,None,None,55137000,None,0,46828000,None,None,25656000,39800000,2.61,0.0102,53200000,53200000,None,0.377,0.51,193426000,219082000,2.34,2023-06-30,24.94,39367000,2282500000.0,416783000,193407000,78119000,39367000,39367000,None,19000,None,6266000,None,None,0,None,0,167800000,None,None,None,0.329,-503100000,229473000,187310000,32974000,9412000,None,None,None,None,None,None,None,2.136,5.49,5.8,None,None,None,None,None,-8100000,None,0.213,None,0,2025-10-31,quarterly,2.85,USD,pre-market,None,360318000,0.0973,0.216,0.081,44.09,196959000,None,9326000,0,235.84,250.14,21.7949,496139000,361225000,90928000,114479000,134914000,23551000,416783000,381660000,27.54,0,262.25,185.13
2025-12-28,CBOE,9.3,4617800000.0,27.54,None,0.353,46.69,12400000,None,281423000,281423000,-141200000,1900000,891500000,None,None,None,None,-20200000,19574000,105900000,None,None,None,55137000,None,0,46828000,None,None,25656000,41400000,2.61,0.0102,53300000,53300000,None,0.377,0.51,193426000,219082000,2.34,2023-03-31,24.94,39367000,2282500000.0,416783000,193407000,78119000,39367000,39367000,None,19000,None,6266000,None,None,0,None,0,173400000,None,None,None,0.329,1030800000,229473000,187310000,32974000,9412000,None,None,None,None,None,None,None,2.136,5.49,5.8,None,None,None,None,None,-70000000,None,0.213,None,0,2025-10-31,quarterly,2.85,USD,pre-market,None,360318000,0.0973,0.216,0.081,44.09,196959000,None,9326000,0,235.84,250.14,21.7949,496139000,361225000,90928000,114479000,134914000,23551000,416783000,381660000,27.54,0,262.25,185.13
2025-12-28,CBOE,9.3,4617800000.0,27.54,None,0.353,46.69,27400000,None,281423000,281423000,-193000000,-90500000,-427100000,None,None,None,None,17100000,19574000,105900000,None,None,None,55137000,None,0,46828000,None,None,25656000,44700000,2.61,0.0102,53400000,53400000,None,0.377,0.51,193426000,219082000,2.34,2022-12-31,24.94,39367000,2282500000.0,416783000,193407000,78119000,39367000,39367000,None,19000,None,6266000,None,None,0,None,0,159700000,None,None,None,0.329,-143600000,229473000,187310000,32974000,9412000,None,None,None,None,None,None,None,2.136,5.49,5.8,None,None,None,None,None,-15300000,None,0.213,None,0,2025-10-31,quarterly,2.85,USD,pre-market,None,360318000,0.0973,0.216,0.081,44.09,196959000,None,9326000,0,235.84,250.14,21.7949,496139000,361225000,90928000,114479000,134914000,23551000,416783000,381660000,27.54,0,262.25,185.13
2025-12-28,CBOE,9.3,4617800000.0,27.54,None,0.353,46.69,10200000,None,281423000,281423000,-161100000,28300000,36500000,None,None,None,None,3100000,19574000,105900000,None,None,None,55137000,None,0,46828000,None,None,25656000,41000000,2.61,0.0102,53400000,53400000,None,0.377,0.51,193426000,219082000,2.34,2022-09-30,24.94,39367000,2282500000.0,416783000,193407000,78119000,39367000,39367000,None,19000,None,6266000,None,None,0,None,0,149600000,None,None,None,0.329,124100000,229473000,187310000,32974000,9412000,None,None,None,None,None,None,None,2.136,5.49,5.8,None,None,None,None,None,-200000,None,0.213,None,0,2025-10-31,quarterly,2.85,USD,pre-market,None,360318000,0.0973,0.216,0.081,44.09,196959000,None,9326000,0,235.84,250.14,21.7949,496139000,361225000,90928000,114479000,134914000,23551000,416783000,381660000,27.54,0,262.25,185.13
2025-12-28,CBOE,9.3,4617800000.0,27.54,None,0.353,46.69,11400000,None,281423000,281423000,289300000,-748000000,-1093100000,None,None,None,None,-13800000,19574000,105900000,None,None,None,55137000,None,0,46828000,None,None,25656000,40200000,2.61,0.0102,51200000,51200000,None,0.377,0.51,193426000,219082000,2.34,2022-06-30,24.94,39367000,2282500000.0,416783000,193407000,78119000,39367000,39367000,None,19000,None,6266000,None,None,0,None,0,-184500000,None,None,None,0.329,212400000,229473000,187310000,32974000,9412000,None,None,None,None,None,None,None,2.136,5.49,5.8,None,None,None,None,None,-15800000,None,0.213,None,0,2025-10-31,quarterly,2.85,USD,pre-market,None,360318000,0.0973,0.216,0.081,44.09,196959000,None,9326000,0,235.84,250.14,21.7949,496139000,361225000,90928000,114479000,134914000,23551000,416783000,381660000,27.54,0,262.25,185.13
2025-12-28,CBOE,9.3,4617800000.0,27.54,None,0.353,46.69,10800000,None,281423000,281423000,146500000,-24900000,1381400000,None,None,None,None,-56200000,19574000,105900000,None,None,None,55137000,None,0,46828000,None,None,25656000,40900000,2.61,0.0102,51400000,51400000,None,0.377,0.51,193426000,219082000,2.34,2022-03-31,24.94,39367000,2282500000.0,416783000,193407000,78119000,39367000,39367000,None,19000,None,6266000,None,None,0,None,0,109200000,None,None,None,0.329,195400000,229473000,187310000,32974000,9412000,None,None,None,None,None,None,None,2.136,5.49,5.8,None,None,None,None,None,-78400000,None,0.213,None,0,2025-10-31,quarterly,2.85,USD,pre-market,None,360318000,0.0973,0.216,0.081,44.09,196959000,None,9326000,0,235.84,250.14,21.7949,496139000,361225000,90928000,114479000,134914000,23551000,416783000,381660000,27.54,0,262.25,185.13
2025-12-28,CBOE,9.3,4617800000.0,27.54,None,0.353,46.69,13700000,None,281423000,281423000,-53800000,-216200000,-958600000,None,27600000,None,None,-2500000,19574000,105900000,None,None,None,55137000,None,0,46828000,None,None,25656000,42000000,2.61,0.0102,51500000,51500000,None,0.377,0.51,193426000,219082000,2.34,2021-12-31,24.94,39367000,2282500000.0,416783000,193407000,78119000,39367000,39367000,None,19000,None,6266000,None,None,0,None,0,165300000,None,None,None,0.329,169300000,229473000,187310000,32974000,9412000,None,None,None,None,None,None,None,2.136,5.49,5.8,None,None,None,None,None,-200000,None,0.213,None,0,2025-10-31,quarterly,2.85,USD,pre-market,None,360318000,0.0973,0.216,0.081,44.09,196959000,None,9326000,0,235.84,250.14,21.7949,496139000,361225000,90928000,114479000,134914000,23551000,416783000,381660000,27.54,0,262.25,185.13
2025-12-28,CBOE,9.3,4617800000.0,27.54,None,0.353,46.69,16000000,None,281423000,281423000,-52400000,-90700000,420500000,None,-110500000,None,None,10300000,19574000,105900000,None,None,None,55137000,None,0,46828000,None,None,25656000,42800000,2.61,0.0102,51500000,51500000,None,0.377,0.51,193426000,219082000,2.34,2021-09-30,24.94,39367000,2282500000.0,416783000,193407000,78119000,39367000,39367000,None,19000,None,6266000,None,None,0,None,0,120000000,None,None,None,0.329,81800000,229473000,187310000,32974000,9412000,None,None,None,None,None,None,None,2.136,5.49,5.8,None,None,None,None,None,-200000,None,0.213,None,0,2025-10-31,quarterly,2.85,USD,pre-market,None,360318000,0.0973,0.216,0.081,44.09,196959000,None,9326000,0,235.84,250.14,21.7949,496139000,361225000,90928000,114479000,134914000,23551000,416783000,381660000,27.54,0,262.25,185.13
2025-12-28,CBOE,9.3,4617800000.0,27.54,None,0.353,46.69,11400000,None,281423000,281423000,25400000,-32500000,115600000,None,-19700000,None,None,41800000,19574000,105900000,None,None,None,55137000,None,0,46828000,None,None,25656000,40600000,2.61,0.0102,45000000,45000000,None,0.377,0.51,193426000,219082000,2.34,2021-06-30,24.94,39367000,2282500000.0,416783000,193407000,78119000,39367000,39367000,None,19000,None,6266000,None,None,0,None,0,105200000,None,None,None,0.329,194500000,229473000,187310000,32974000,9412000,None,None,None,None,None,None,None,2.136,5.49,5.8,None,None,None,None,None,-33800000,None,0.213,None,0,2025-10-31,quarterly,2.85,USD,pre-market,None,360318000,0.0973,0.216,0.081,44.09,196959000,None,9326000,0,235.84,250.14,21.7949,496139000,361225000,90928000,114479000,134914000,23551000,416783000,381660000,27.54,0,262.25,185.13
2025-12-28,CBOE,9.3,4617800000.0,27.54,None,0.353,46.69,9900000,None,281423000,281423000,-119500000,-13300000,466300000,None,-6700000,None,None,-37600000,19574000,105900000,None,None,None,55137000,None,0,46828000,None,None,25656000,42000000,2.61,0.0102,45300000,45300000,None,0.377,0.51,193426000,219082000,2.34,2021-03-31,24.94,39367000,2282500000.0,416783000,193407000,78119000,39367000,39367000,None,19000,None,6266000,None,None,0,None,0,136800000,None,None,None,0.329,151200000,229473000,187310000,32974000,9412000,None,None,None,None,None,None,None,2.136,5.49,5.8,None,None,None,None,None,-53300000,None,0.213,None,0,2025-10-31,quarterly,2.85,USD,pre-market,None,360318000,0.0973,0.216,0.081,44.09,196959000,None,9326000,0,235.84,250.14,21.7949,496139000,361225000,90928000,114479000,134914000,23551000,416783000,381660000,27.54,0,262.25,185.13
2025-12-28,CBOE,9.3,4617800000.0,27.54,None,0.353,46.69,10200000,None,281423000,281423000,130900000,-325900000,74400000,None,119900000,None,None,-46700000,19574000,105900000,None,None,None,55137000,None,0,46828000,None,None,25656000,40500000,2.61,0.0102,45300000,45300000,None,0.377,0.51,193426000,219082000,2.34,2020-12-31,24.94,39367000,2282500000.0,416783000,193407000,78119000,39367000,39367000,None,19000,None,6266000,None,None,0,None,0,87100000,None,None,None,0.329,1041300000,229473000,187310000,32974000,9412000,None,None,None,None,None,None,None,2.136,5.49,5.8,None,None,None,None,None,-88000000,None,0.213,None,0,2025-10-31,quarterly,2.85,USD,pre-market,None,360318000,0.0973,0.216,0.081,44.09,196959000,None,9326000,0,235.84,250.14,21.7949,496139000,361225000,90928000,114479000,134914000,23551000,416783000,381660000,27.54,0,262.25,185.13
2025-12-28,CBOE,9.3,4617800000.0,27.54,None,0.353,46.69,20000000,None,281423000,281423000,-17700000,87000000,770400000,None,-278300000,None,None,100900000,19574000,105900000,None,None,None,55137000,None,0,46828000,None,None,25656000,39500000,2.61,0.0102,45800000,45800000,None,0.377,0.51,193426000,219082000,2.34,2020-09-30,24.94,39367000,2282500000.0,416783000,193407000,78119000,39367000,39367000,None,19000,None,6266000,None,None,0,None,0,109600000,None,None,None,0.329,-70800000,229473000,187310000,32974000,9412000,None,None,None,None,None,None,None,2.136,5.49,5.8,None,None,None,None,None,-41900000,None,0.213,None,0,2025-10-31,quarterly,2.85,USD,pre-market,None,360318000,0.0973,0.216,0.081,44.09,196959000,None,9326000,0,235.84,250.14,21.7949,496139000,361225000,90928000,114479000,134914000,23551000,416783000,381660000,27.54,0,262.25,185.13
2025-12-28,CBOE,9.3,4617800000.0,27.54,None,0.353,46.69,6600000,None,281423000,281423000,-139200000,-140600000,45200000,None,139900000,None,None,19900000,19574000,105900000,None,None,None,55137000,None,0,46828000,None,None,25656000,38000000,2.61,0.0102,39500000,39500000,None,0.377,0.51,193426000,219082000,2.34,2020-06-30,24.94,39367000,2282500000.0,416783000,193407000,78119000,39367000,39367000,None,19000,None,6266000,None,None,0,None,0,113300000,None,None,None,0.329,325000000,229473000,187310000,32974000,9412000,None,None,None,None,None,None,None,2.136,5.49,5.8,None,None,None,None,None,-100000000,None,0.213,None,0,2025-10-31,quarterly,2.85,USD,pre-market,None,360318000,0.0973,0.216,0.081,44.09,196959000,None,9326000,0,235.84,250.14,21.7949,496139000,361225000,90928000,114479000,134914000,23551000,416783000,381660000,27.54,0,262.25,185.13
2025-12-28,CBOE,9.3,4617800000.0,27.54,None,0.353,46.69,10600000,None,281423000,281423000,-175700000,-51000000,-63400000,None,75900000,None,None,-164100000,19574000,105900000,None,None,None,55137000,None,0,46828000,None,None,25656000,40500000,2.61,0.0102,40000000,40000000,None,0.377,0.51,193426000,219082000,2.34,2020-03-31,24.94,39367000,2282500000.0,416783000,193407000,78119000,39367000,39367000,None,19000,None,6266000,None,None,0,None,0,157000000,None,None,None,0.329,163300000,229473000,187310000,32974000,9412000,None,None,None,None,None,None,None,2.136,5.49,5.8,None,None,None,None,None,-133400000,None,0.213,None,0,2025-10-31,quarterly,2.85,USD,pre-market,None,360318000,0.0973,0.216,0.081,44.09,196959000,None,9326000,0,235.84,250.14,21.7949,496139000,361225000,90928000,114479000,134914000,23551000,416783000,381660000,27.54,0,262.25,185.13
2025-12-28,CBOE,9.3,4617800000.0,27.54,None,0.353,46.69,8200000,None,281423000,281423000,-113900000,-47200000,76600000,None,84100000,None,None,500000,19574000,105900000,None,None,None,55137000,None,0,46828000,None,None,25656000,42800000,2.61,0.0102,40000000,40000000,None,0.377,0.51,193426000,219082000,2.34,2019-12-31,24.94,39367000,2282500000.0,416783000,193407000,78119000,39367000,39367000,None,19000,None,6266000,None,None,0,None,0,86100000,None,None,None,0.329,237700000,229473000,187310000,32974000,9412000,None,None,None,None,None,None,None,2.136,5.49,5.8,None,None,None,None,None,-69800000,None,0.213,None,0,2025-10-31,quarterly,2.85,USD,pre-market,None,360318000,0.0973,0.216,0.081,44.09,196959000,None,9326000,0,235.84,250.14,21.7949,496139000,361225000,90928000,114479000,134914000,23551000,416783000,381660000,27.54,0,262.25,185.13
2025-12-28,CBOE,9.3,4617800000.0,27.54,None,0.353,46.69,7800000,None,281423000,281423000,-142500000,54700000,-10300000,None,-90900000,None,None,8300000,19574000,105900000,None,None,None,55137000,None,0,46828000,None,None,25656000,42900000,2.61,0.0102,40400000,40400000,None,0.377,0.51,193426000,219082000,2.34,2019-09-30,24.94,39367000,2282500000.0,416783000,193407000,78119000,39367000,39367000,None,19000,None,6266000,None,None,0,None,0,105500000,None,None,None,0.329,77500000,229473000,187310000,32974000,9412000,None,None,None,None,None,None,None,2.136,5.49,5.8,None,None,None,None,None,-52700000,None,0.213,None,0,2025-10-31,quarterly,2.85,USD,pre-market,None,360318000,0.0973,0.216,0.081,44.09,196959000,None,9326000,0,235.84,250.14,21.7949,496139000,361225000,90928000,114479000,134914000,23551000,416783000,381660000,27.54,0,262.25,185.13
2025-12-28,CBOE,9.3,4617800000.0,27.54,None,0.353,46.69,13300000,None,281423000,281423000,-334800000,-45400000,-180600000,None,44400000,None,None,4000000,19574000,105900000,None,None,None,55137000,None,0,46828000,None,None,25656000,43700000,2.61,0.0102,34800000,34800000,None,0.377,0.51,193426000,219082000,2.34,2019-06-30,24.94,39367000,2282500000.0,416783000,193407000,78119000,39367000,39367000,None,19000,None,6266000,None,None,0,None,0,87600000,None,None,None,0.329,199600000,229473000,187310000,32974000,9412000,None,None,None,None,None,None,None,2.136,5.49,5.8,None,None,None,None,None,-400000,None,0.213,None,0,2025-10-31,quarterly,2.85,USD,pre-market,None,360318000,0.0973,0.216,0.081,44.09,196959000,None,9326000,0,235.84,250.14,21.7949,496139000,361225000,90928000,114479000,134914000,23551000,416783000,381660000,27.54,0,262.25,185.13
2025-12-28,CBOE,9.3,4617800000.0,27.54,None,0.353,46.69,5800000,None,281423000,281423000,-71700000,22000000,68300000,None,-6000000,None,None,37500000,19574000,105900000,None,None,None,55137000,None,0,46828000,None,None,25656000,47200000,2.61,0.0102,34800000,34800000,None,0.377,0.51,193426000,219082000,2.34,2019-03-31,24.94,39367000,2282500000.0,416783000,193407000,78119000,39367000,39367000,None,19000,None,6266000,None,None,0,None,0,94600000,None,None,None,0.329,118000000,229473000,187310000,32974000,9412000,None,None,None,None,None,None,None,2.136,5.49,5.8,None,None,None,None,None,-45000000,None,0.213,None,0,2025-10-31,quarterly,2.85,USD,pre-market,None,360318000,0.0973,0.216,0.081,44.09,196959000,None,9326000,0,235.84,250.14,21.7949,496139000,361225000,90928000,114479000,134914000,23551000,416783000,381660000,27.54,0,262.25,185.13
2025-12-28,CBOE,9.3,4617800000.0,27.54,None,0.353,46.69,8500000,None,281423000,281423000,-39300000,-43500000,143800000,None,90200000,None,None,-66500000,19574000,105900000,None,None,None,55137000,None,0,46828000,None,None,25656000,49100000,2.61,0.0102,34700000,34700000,None,0.377,0.51,193426000,219082000,2.34,2018-12-31,24.94,39367000,2282500000.0,416783000,193407000,78119000,39367000,39367000,None,19000,None,6266000,None,None,0,None,0,137300000,None,None,None,0.329,226600000,229473000,187310000,32974000,9412000,None,None,None,None,None,None,None,2.136,5.49,5.8,None,None,None,None,None,-5100000,None,0.213,None,0,2025-10-31,quarterly,2.85,USD,pre-market,None,360318000,0.0973,0.216,0.081,44.09,196959000,None,9326000,0,235.84,250.14,21.7949,496139000,361225000,90928000,114479000,134914000,23551000,416783000,381660000,27.54,0,262.25,185.13
2025-12-28,CBOE,9.3,4617800000.0,27.54,None,0.353,46.69,15200000,None,281423000,281423000,-82500000,115300000,-2800000,None,-194500000,None,None,31200000,19574000,105900000,None,None,None,55137000,None,0,46828000,None,None,25656000,50300000,2.61,0.0102,34600000,34600000,None,0.377,0.51,193426000,219082000,2.34,2018-09-30,24.94,39367000,2282500000.0,416783000,193407000,78119000,39367000,39367000,None,19000,None,6266000,None,None,0,None,0,85000000,None,None,None,0.329,-41200000,229473000,187310000,32974000,9412000,None,None,None,None,None,None,None,2.136,5.49,5.8,None,None,None,None,None,-49100000,None,0.213,None,0,2025-10-31,quarterly,2.85,USD,pre-market,None,360318000,0.0973,0.216,0.081,44.09,196959000,None,9326000,0,235.84,250.14,21.7949,496139000,361225000,90928000,114479000,134914000,23551000,416783000,381660000,27.54,0,262.25,185.13
2025-12-28,CBOE,9.3,4617800000.0,27.54,None,0.353,46.69,5300000,None,281423000,281423000,-135600000,-72200000,-26300000,-4300000,-15200000,None,None,15300000,19574000,105900000,None,None,None,55137000,None,0,46828000,None,None,25656000,50400000,2.61,0.0102,30400000,30400000,None,0.377,0.51,193426000,219082000,2.34,2018-06-30,24.94,39367000,2282500000.0,416783000,193407000,78119000,39367000,39367000,None,19000,None,6266000,None,None,0,None,0,82400000,None,None,None,0.329,185800000,229473000,187310000,32974000,9412000,None,None,None,None,None,None,None,2.136,5.49,5.8,None,None,None,None,None,-48300000,None,0.213,None,0,2025-10-31,quarterly,2.85,USD,pre-market,None,360318000,0.0973,0.216,0.081,44.09,196959000,None,9326000,0,235.84,250.14,21.7949,496139000,361225000,90928000,114479000,134914000,23551000,416783000,381660000,27.54,0,262.25,185.13
2025-12-28,CBOE,9.3,4617800000.0,27.54,None,0.353,46.69,7300000,None,281423000,281423000,-114200000,-25200000,22800000,-1300000,63200000,None,None,-50300000,19574000,105900000,None,None,None,55137000,None,0,46828000,None,None,25656000,54200000,2.61,0.0102,30600000,30600000,None,0.377,0.51,193426000,219082000,2.34,2018-03-31,24.94,39367000,2282500000.0,416783000,193407000,78119000,39367000,39367000,None,19000,None,6266000,None,None,0,None,0,117300000,None,None,None,0.329,163500000,229473000,187310000,32974000,9412000,None,None,None,None,None,None,None,2.136,5.49,5.8,None,None,None,None,None,-59300000,None,0.213,None,0,2025-10-31,quarterly,2.85,USD,pre-market,None,360318000,0.0973,0.216,0.081,44.09,196959000,None,9326000,0,235.84,250.14,21.7949,496139000,361225000,90928000,114479000,134914000,23551000,416783000,381660000,27.54,0,262.25,185.13
2025-12-28,CBOE,9.3,4617800000.0,27.54,None,0.353,46.69,11400000,None,281423000,281423000,-114600000,-66900000,18700000,4700000,112100000,None,None,-18500000,19574000,105900000,None,None,None,55137000,None,0,46828000,None,None,25656000,55900000,2.61,0.0102,30700000,30700000,None,0.377,0.51,193426000,219082000,2.34,2017-12-31,24.94,39367000,2282500000.0,416783000,193407000,78119000,39367000,39367000,None,19000,None,6266000,None,None,0,None,0,254600000,None,None,None,0.329,193600000,229473000,187310000,32974000,9412000,None,None,None,None,None,None,None,2.136,5.49,5.8,None,None,None,None,None,-8100000,None,0.213,None,0,2025-10-31,quarterly,2.85,USD,pre-market,None,360318000,0.0973,0.216,0.081,44.09,196959000,None,9326000,0,235.84,250.14,21.7949,496139000,361225000,90928000,114479000,134914000,23551000,416783000,381660000,27.54,0,262.25,185.13
2025-12-28,CBOE,9.3,4617800000.0,27.54,None,0.353,46.69,6900000,None,281423000,281423000,-132200000,97800000,-23800000,3800000,-152700000,None,None,31800000,19574000,105900000,None,None,None,55137000,None,0,46828000,None,None,25656000,55400000,2.61,0.0102,30700000,30700000,None,0.377,0.51,193426000,219082000,2.34,2017-09-30,24.94,39367000,2282500000.0,416783000,193407000,78119000,39367000,39367000,None,19000,None,6266000,None,None,0,None,0,59700000,None,None,None,0.329,8699999,229473000,187310000,32974000,9412000,None,None,None,None,None,None,None,2.136,5.49,5.8,None,None,None,None,None,-2000000,None,0.213,None,0,2025-10-31,quarterly,2.85,USD,pre-market,None,360318000,0.0973,0.216,0.081,44.09,196959000,None,9326000,0,235.84,250.14,21.7949,496139000,361225000,90928000,114479000,134914000,23551000,416783000,381660000,27.54,0,262.25,185.13
2025-12-28,CBOE,9.3,4617800000.0,27.54,None,0.353,46.69,11800000,None,281423000,281423000,-111200000,-80600000,-4700000,-2700000,72400000,None,None,-300000,19574000,105900000,None,None,None,55137000,None,0,46828000,None,None,25656000,55800000,2.61,0.0102,28400000,28400000,None,0.377,0.51,193426000,219082000,2.34,2017-06-30,24.94,39367000,2282500000.0,416783000,193407000,78119000,39367000,39367000,None,19000,None,6266000,None,None,0,None,0,67300000,None,None,None,0.329,189800000,229473000,187310000,32974000,9412000,None,None,None,None,None,None,None,2.136,5.49,5.8,None,None,None,None,None,-8100000,None,0.213,None,0,2025-10-31,quarterly,2.85,USD,pre-market,None,360318000,0.0973,0.216,0.081,44.09,196959000,None,9326000,0,235.84,250.14,21.7949,496139000,361225000,90928000,114479000,134914000,23551000,416783000,381660000,27.54,0,262.25,185.13
2025-12-28,CBOE,9.3,4617800000.0,27.54,None,0.353,46.69,7400000,None,281423000,281423000,1449600000,-1386800000,56000000,2800000,26400000,None,None,-33600000,19574000,105900000,None,None,None,55137000,None,0,46828000,None,None,25656000,25100000,2.61,0.0102,28300000,28300000,None,0.377,0.51,193426000,219082000,2.34,2017-03-31,24.94,39367000,2282500000.0,416783000,193407000,78119000,39367000,39367000,None,19000,None,6266000,None,None,0,None,0,15100000,None,None,None,0.329,-17700000,229473000,187310000,32974000,9412000,None,None,None,None,None,None,None,2.136,5.49,5.8,None,None,None,None,None,-7900000,None,0.213,None,0,2025-10-31,quarterly,2.85,USD,pre-market,None,360318000,0.0973,0.216,0.081,44.09,196959000,None,9326000,0,235.84,250.14,21.7949,496139000,361225000,90928000,114479000,134914000,23551000,416783000,381660000,27.54,0,262.25,185.13
2025-12-28,CBOE,9.3,4617800000.0,27.54,None,0.353,46.69,7969000,None,281423000,281423000,-23900000,-7039000,24539000,None,-4372000,None,None,-8303000,19574000,105900000,None,None,None,55137000,None,0,46828000,None,None,25656000,10087000,2.61,0.0102,20400000,20400000,None,0.377,0.51,193426000,219082000,2.34,2016-12-31,24.94,39367000,2282500000.0,416783000,193407000,78119000,39367000,39367000,None,19000,None,6266000,None,None,0,None,0,44748000,None,None,None,0.329,52003000,229473000,187310000,32974000,9412000,None,None,None,None,None,None,None,2.136,5.49,5.8,None,None,None,None,None,60498000,None,0.213,None,0,2025-10-31,quarterly,2.85,USD,pre-market,None,360318000,0.0973,0.216,0.081,44.09,196959000,None,9326000,0,235.84,250.14,21.7949,496139000,361225000,90928000,114479000,134914000,23551000,416783000,381660000,27.54,0,262.25,185.13
2025-12-28,CBOE,9.3,4617800000.0,27.54,None,0.353,46.69,11003000,None,281423000,281423000,-25200000,-13518000,20566000,None,-21313000,None,None,9897000,19574000,105900000,None,None,None,55137000,None,0,46828000,None,None,25656000,10217000,2.61,0.0102,20400000,20400000,None,0.377,0.51,193426000,219082000,2.34,2016-09-30,24.94,39367000,2282500000.0,416783000,193407000,78119000,39367000,39367000,None,19000,None,6266000,None,None,0,None,0,40280000,None,None,None,0.329,54509000,229473000,187310000,32974000,9412000,None,None,None,None,None,None,None,2.136,5.49,5.8,None,None,None,None,None,-4100000,None,0.213,None,0,2025-10-31,quarterly,2.85,USD,pre-market,None,360318000,0.0973,0.216,0.081,44.09,196959000,None,9326000,0,235.84,250.14,21.7949,496139000,361225000,90928000,114479000,134914000,23551000,416783000,381660000,27.54,0,262.25,185.13
2025-12-28,CBOE,9.3,4617800000.0,27.54,None,0.353,46.69,16496000,None,281423000,281423000,-36800000,-35916000,-55289000,None,19059000,None,None,-13992000,19574000,105900000,None,None,None,55137000,None,0,46828000,None,None,25656000,12279000,2.61,0.0102,18800000,18800000,None,0.377,0.51,193426000,219082000,2.34,2016-06-30,24.94,39367000,2282500000.0,416783000,193407000,78119000,39367000,39367000,None,19000,None,6266000,None,None,0,None,0,50931000,None,None,None,0.329,17475000,229473000,187310000,32974000,9412000,None,None,None,None,None,None,None,2.136,5.49,5.8,None,None,None,None,None,-18100000,None,0.213,None,0,2025-10-31,quarterly,2.85,USD,pre-market,None,360318000,0.0973,0.216,0.081,44.09,196959000,None,9326000,0,235.84,250.14,21.7949,496139000,361225000,90928000,114479000,134914000,23551000,416783000,381660000,27.54,0,262.25,185.13
2025-12-28,CBOE,9.3,4617800000.0,27.54,None,0.353,46.69,8934000,None,281423000,281423000,-64300000,-27913000,5229000,None,-5848000,None,None,4028000,19574000,105900000,None,None,None,55137000,None,0,46828000,None,None,25656000,11872000,2.61,0.0102,18900000,18900000,None,0.377,0.51,193426000,219082000,2.34,2016-03-31,24.94,39367000,2282500000.0,416783000,193407000,78119000,39367000,39367000,None,19000,None,6266000,None,None,0,None,0,49176000,None,None,None,0.329,97428000,229473000,187310000,32974000,9412000,None,None,None,None,None,None,None,2.136,5.49,5.8,None,None,None,None,None,-46500000,None,0.213,None,0,2025-10-31,quarterly,2.85,USD,pre-market,None,360318000,0.0973,0.216,0.081,44.09,196959000,None,9326000,0,235.84,250.14,21.7949,496139000,361225000,90928000,114479000,134914000,23551000,416783000,381660000,27.54,0,262.25,185.13
2025-12-28,CBOE,9.3,4617800000.0,27.54,None,0.353,46.69,12409000,None,281423000,281423000,-53782000,-16784000,-19425000,None,-614000,None,None,3949000,19574000,105900000,None,None,None,55137000,None,0,46828000,None,None,25656000,12225000,2.61,0.0102,19018000,19018000,None,0.377,0.51,193426000,219082000,2.34,2015-12-31,24.94,39367000,2282500000.0,416783000,193407000,78119000,39367000,39367000,None,19000,None,6266000,None,None,0,None,0,50402000,None,None,None,0.329,51141000,229473000,187310000,32974000,9412000,None,None,None,None,None,None,None,2.136,5.49,5.8,None,None,None,None,None,-34764000,None,0.213,None,0,2025-10-31,quarterly,2.85,USD,pre-market,None,360318000,0.0973,0.216,0.081,44.09,196959000,None,9326000,0,235.84,250.14,21.7949,496139000,361225000,90928000,114479000,134914000,23551000,416783000,381660000,27.54,0,262.25,185.13
2025-12-28,CBOE,9.3,4617800000.0,27.54,None,0.353,46.69,9295000,None,281423000,281423000,-41956000,-14312000,32044000,None,-8971000,None,None,-1586000,19574000,105900000,None,None,None,55137000,None,0,46828000,None,None,25656000,12417000,2.61,0.0102,19125000,19125000,None,0.377,0.51,193426000,219082000,2.34,2015-09-30,24.94,39367000,2282500000.0,416783000,193407000,78119000,39367000,39367000,None,19000,None,6266000,None,None,0,None,0,67516000,None,None,None,0.329,88312000,229473000,187310000,32974000,9412000,None,None,None,None,None,None,None,2.136,5.49,5.8,None,None,None,None,None,-18830000,None,0.213,None,0,2025-10-31,quarterly,2.85,USD,pre-market,None,360318000,0.0973,0.216,0.081,44.09,196959000,None,9326000,0,235.84,250.14,21.7949,496139000,361225000,90928000,114479000,134914000,23551000,416783000,381660000,27.54,0,262.25,185.13
2025-12-28,CBOE,9.3,4617800000.0,27.54,None,0.353,46.69,10100000,None,281423000,281423000,-64728000,-10566000,-47924000,None,5797000,None,None,-10257000,19574000,105900000,None,None,None,55137000,None,0,46828000,None,None,25656000,11300000,2.61,0.0102,17563000,17563000,None,0.377,0.51,193426000,219082000,2.34,2015-06-30,24.94,39367000,2282500000.0,416783000,193407000,78119000,39367000,39367000,None,19000,None,6266000,None,None,0,None,0,44846000,None,None,None,0.329,27370000,229473000,187310000,32974000,9412000,None,None,None,None,None,None,None,2.136,5.49,5.8,None,None,None,None,None,-47217000,None,0.213,None,0,2025-10-31,quarterly,2.85,USD,pre-market,None,360318000,0.0973,0.216,0.081,44.09,196959000,None,9326000,0,235.84,250.14,21.7949,496139000,361225000,90928000,114479000,134914000,23551000,416783000,381660000,27.54,0,262.25,185.13
2025-12-28,CBOE,9.3,4617800000.0,27.54,None,0.353,46.69,7536000,None,281423000,281423000,-51065000,-37759000,-10369000,None,7085000,None,None,8062000,19574000,105900000,None,None,None,55137000,None,0,46828000,None,None,25656000,10413000,2.61,0.0102,17725000,17725000,None,0.377,0.51,193426000,219082000,2.34,2015-03-31,24.94,39367000,2282500000.0,416783000,193407000,78119000,39367000,39367000,None,19000,None,6266000,None,None,0,None,0,42259000,None,None,None,0.329,78455000,229473000,187310000,32974000,9412000,None,None,None,None,None,None,None,2.136,5.49,5.8,None,None,None,None,None,-34534000,None,0.213,None,0,2025-10-31,quarterly,2.85,USD,pre-market,None,360318000,0.0973,0.216,0.081,44.09,196959000,None,9326000,0,235.84,250.14,21.7949,496139000,361225000,90928000,114479000,134914000,23551000,416783000,381660000,27.54,0,262.25,185.13
2025-12-28,CBOE,9.3,4617800000.0,27.54,None,0.353,46.69,10180000,None,281423000,281423000,-46515000,-10668000,21408000,None,-6382000,None,None,-3412000,19574000,105900000,None,None,None,55137000,None,0,46828000,None,None,25656000,11080000,2.61,0.0102,17778000,17778000,None,0.377,0.51,193426000,219082000,2.34,2014-12-31,24.94,39367000,2282500000.0,416783000,193407000,78119000,39367000,39367000,None,19000,None,6266000,None,None,0,None,0,49342000,None,None,None,0.329,78591000,229473000,187310000,32974000,9412000,None,None,None,None,None,None,None,2.136,5.49,5.8,None,None,None,None,None,-28740000,None,0.213,None,0,2025-10-31,quarterly,2.85,USD,pre-market,None,360318000,0.0973,0.216,0.081,44.09,196959000,None,9326000,0,235.84,250.14,21.7949,496139000,361225000,90928000,114479000,134914000,23551000,416783000,381660000,27.54,0,262.25,185.13
2025-12-28,CBOE,9.3,4617800000.0,27.54,None,0.353,46.69,11648000,None,281423000,281423000,-69248000,-12174000,-18592000,None,-1438000,None,None,-1220000,19574000,105900000,None,None,None,55137000,None,0,46828000,None,None,25656000,10372000,2.61,0.0102,17914000,17914000,None,0.377,0.51,193426000,219082000,2.34,2014-09-30,24.94,39367000,2282500000.0,416783000,193407000,78119000,39367000,39367000,None,19000,None,6266000,None,None,0,None,0,48367000,None,None,None,0.329,62830000,229473000,187310000,32974000,9412000,None,None,None,None,None,None,None,2.136,5.49,5.8,None,None,None,None,None,-51357000,None,0.213,None,0,2025-10-31,quarterly,2.85,USD,pre-market,None,360318000,0.0973,0.216,0.081,44.09,196959000,None,9326000,0,235.84,250.14,21.7949,496139000,361225000,90928000,114479000,134914000,23551000,416783000,381660000,27.54,0,262.25,185.13
2025-12-28,CBOE,9.3,4617800000.0,27.54,None,0.353,46.69,16154000,None,281423000,281423000,-70250000,-16624000,-53954000,None,-9880000,None,None,3581000,19574000,105900000,None,None,None,55137000,None,0,46828000,None,None,25656000,9926000,2.61,0.0102,15580000,15580000,None,0.377,0.51,193426000,219082000,2.34,2014-06-30,24.94,39367000,2282500000.0,416783000,193407000,78119000,39367000,39367000,None,19000,None,6266000,None,None,0,None,0,42981000,None,None,None,0.329,32920000,229473000,187310000,32974000,9412000,None,None,None,None,None,None,None,2.136,5.49,5.8,None,None,None,None,None,-57436000,None,0.213,None,0,2025-10-31,quarterly,2.85,USD,pre-market,None,360318000,0.0973,0.216,0.081,44.09,196959000,None,9326000,0,235.84,250.14,21.7949,496139000,361225000,90928000,114479000,134914000,23551000,416783000,381660000,27.54,0,262.25,185.13
2025-12-28,CBOE,9.3,4617800000.0,27.54,None,0.353,46.69,12172000,None,281423000,281423000,-97920000,-12672000,-22276000,None,20310000,None,None,-9275000,19574000,105900000,None,None,None,55137000,None,0,46828000,None,None,25656000,8622000,2.61,0.0102,59558000,59558000,None,0.377,0.51,193426000,219082000,2.34,2014-03-31,24.94,39367000,2282500000.0,416783000,193407000,78119000,39367000,39367000,None,19000,None,6266000,None,None,0,None,0,49024000,None,None,None,0.329,88316000,229473000,187310000,32974000,9412000,None,None,None,None,None,None,None,2.136,5.49,5.8,None,None,None,None,None,-39127000,None,0.213,None,0,2025-10-31,quarterly,2.85,USD,pre-market,None,360318000,0.0973,0.216,0.081,44.09,196959000,None,9326000,0,235.84,250.14,21.7949,496139000,361225000,90928000,114479000,134914000,23551000,416783000,381660000,27.54,0,262.25,185.13
2025-12-28,CBOE,9.3,4617800000.0,27.54,None,0.353,46.69,8906000,None,281423000,281423000,-47133000,-9920000,-5037000,None,-6054000,None,None,87000,19574000,105900000,None,None,None,55137000,None,0,46828000,None,None,25656000,9136000,2.61,0.0102,15820000,15820000,None,0.377,0.51,193426000,219082000,2.34,2013-12-31,24.94,39367000,2282500000.0,416783000,193407000,78119000,39367000,39367000,None,19000,None,6266000,None,None,0,None,0,46110000,None,None,None,0.329,52016000,229473000,187310000,32974000,9412000,None,None,None,None,None,None,None,2.136,5.49,5.8,None,None,None,None,None,-31313000,None,0.213,None,0,2025-10-31,quarterly,2.85,USD,pre-market,None,360318000,0.0973,0.216,0.081,44.09,196959000,None,9326000,0,235.84,250.14,21.7949,496139000,361225000,90928000,114479000,134914000,23551000,416783000,381660000,27.54,0,262.25,185.13
2025-12-28,CBOE,9.3,4617800000.0,27.54,None,0.353,46.69,6695000,None,281423000,281423000,-29799000,-7093000,18612000,None,-7518000,None,None,5827000,19574000,105900000,None,None,None,55137000,None,0,46828000,None,None,25656000,8504000,2.61,0.0102,15945000,15945000,None,0.377,0.51,193426000,219082000,2.34,2013-09-30,24.94,39367000,2282500000.0,416783000,193407000,78119000,39367000,39367000,None,19000,None,6266000,None,None,0,None,0,41356000,None,None,None,0.329,55504000,229473000,187310000,32974000,9412000,None,None,None,None,None,None,None,2.136,5.49,5.8,None,None,None,None,None,-14004000,None,0.213,None,0,2025-10-31,quarterly,2.85,USD,pre-market,None,360318000,0.0973,0.216,0.081,44.09,196959000,None,9326000,0,235.84,250.14,21.7949,496139000,361225000,90928000,114479000,134914000,23551000,416783000,381660000,27.54,0,262.25,185.13
2025-12-28,CBOE,9.3,4617800000.0,27.54,None,0.353,46.69,6632000,None,281423000,281423000,-17207000,-7076000,-2720000,None,4675000,None,None,-7284000,19574000,105900000,None,None,None,55137000,None,0,46828000,None,None,25656000,8651000,2.61,0.0102,13307000,13307000,None,0.377,0.51,193426000,219082000,2.34,2013-06-30,24.94,39367000,2282500000.0,416783000,193407000,78119000,39367000,39367000,None,19000,None,6266000,None,None,0,None,0,46160000,None,None,None,0.329,21563000,229473000,187310000,32974000,9412000,None,None,None,None,None,None,None,2.136,5.49,5.8,None,None,None,None,None,-6106000,None,0.213,None,0,2025-10-31,quarterly,2.85,USD,pre-market,None,360318000,0.0973,0.216,0.081,44.09,196959000,None,9326000,0,235.84,250.14,21.7949,496139000,361225000,90928000,114479000,134914000,23551000,416783000,381660000,27.54,0,262.25,185.13
2025-12-28,CBOE,9.3,4617800000.0,27.54,None,0.353,46.69,6440000,None,281423000,281423000,-13300000,-7108000,74889000,None,7603000,None,None,-6505000,19574000,105900000,None,None,None,55137000,None,0,46828000,None,None,25656000,8311000,2.61,0.0102,13297000,13297000,None,0.377,0.51,193426000,219082000,2.34,2013-03-31,24.94,39367000,2282500000.0,416783000,193407000,78119000,39367000,39367000,None,19000,None,6266000,None,None,0,None,0,42373000,None,None,None,0.329,95297000,229473000,187310000,32974000,9412000,None,None,None,None,None,None,None,2.136,5.49,5.8,None,None,None,None,None,-3000,None,0.213,None,0,2025-10-31,quarterly,2.85,USD,pre-market,None,360318000,0.0973,0.216,0.081,44.09,196959000,None,9326000,0,235.84,250.14,21.7949,496139000,361225000,90928000,114479000,134914000,23551000,416783000,381660000,27.54,0,262.25,185.13
2025-12-28,CBOE,9.3,4617800000.0,27.54,None,0.353,46.69,3237000,None,281423000,281423000,-79437000,-4914000,-24684000,None,10539000,None,None,2953000,19574000,105900000,None,None,None,55137000,None,0,46828000,None,None,25656000,6233000,2.61,0.0102,79436000,79436000,None,0.377,0.51,193426000,219082000,2.34,2012-12-31,24.94,39367000,2282500000.0,416783000,193407000,78119000,39367000,39367000,None,19000,None,6266000,None,None,0,None,0,39724000,None,None,None,0.329,59667000,229473000,187310000,32974000,9412000,None,None,None,None,None,None,None,2.136,5.49,5.8,None,None,None,None,None,-1000,None,0.213,None,0,2025-10-31,quarterly,2.85,USD,pre-market,None,360318000,0.0973,0.216,0.081,44.09,196959000,None,9326000,0,235.84,250.14,21.7949,496139000,361225000,90928000,114479000,134914000,23551000,416783000,381660000,27.54,0,262.25,185.13
2025-12-28,CBOE,9.3,4617800000.0,27.54,None,0.353,46.69,7337000,None,281423000,281423000,-13241000,-7749000,33144000,None,-1610000,None,None,2121000,19574000,105900000,None,None,None,55137000,None,0,46828000,None,None,25656000,8656000,2.61,0.0102,13241000,13241000,None,0.377,0.51,193426000,219082000,2.34,2012-09-30,24.94,39367000,2282500000.0,416783000,193407000,78119000,39367000,39367000,None,19000,None,6266000,None,None,0,None,0,45758000,None,None,None,0.329,54134000,229473000,187310000,32974000,9412000,None,None,None,None,None,None,None,2.136,5.49,5.8,None,None,None,None,None,0,None,0.213,None,0,2025-10-31,quarterly,2.85,USD,pre-market,None,360318000,0.0973,0.216,0.081,44.09,196959000,None,9326000,0,235.84,250.14,21.7949,496139000,361225000,90928000,114479000,134914000,23551000,416783000,381660000,27.54,0,262.25,185.13
2025-12-28,CBOE,9.3,4617800000.0,27.54,None,0.353,46.69,11623000,None,281423000,281423000,-32832000,-12051000,-21492000,None,-26787000,None,None,1903000,19574000,105900000,None,None,None,55137000,None,0,46828000,None,None,25656000,8342000,2.61,0.0102,10603000,10603000,None,0.377,0.51,193426000,219082000,2.34,2012-06-30,24.94,39367000,2282500000.0,416783000,193407000,78119000,39367000,39367000,None,19000,None,6266000,None,None,0,None,0,38496000,None,None,None,0.329,23391000,229473000,187310000,32974000,9412000,None,None,None,None,None,None,None,2.136,5.49,5.8,None,None,None,None,None,-22229000,None,0.213,None,0,2025-10-31,quarterly,2.85,USD,pre-market,None,360318000,0.0973,0.216,0.081,44.09,196959000,None,9326000,0,235.84,250.14,21.7949,496139000,361225000,90928000,114479000,134914000,23551000,416783000,381660000,27.54,0,262.25,185.13
2025-12-28,CBOE,9.3,4617800000.0,27.54,None,0.353,46.69,7869000,None,281423000,281423000,-41387000,-8263000,13693000,None,22076000,None,None,-15086000,19574000,105900000,None,None,None,55137000,None,0,46828000,None,None,25656000,8342000,2.61,0.0102,10745000,10745000,None,0.377,0.51,193426000,219082000,2.34,2012-03-31,24.94,39367000,2282500000.0,416783000,193407000,78119000,39367000,39367000,None,19000,None,6266000,None,None,0,None,0,33417000,None,None,None,0.329,63343000,229473000,187310000,32974000,9412000,None,None,None,None,None,None,None,2.136,5.49,5.8,None,None,None,None,None,-30642000,None,0.213,None,0,2025-10-31,quarterly,2.85,USD,pre-market,None,360318000,0.0973,0.216,0.081,44.09,196959000,None,9326000,0,235.84,250.14,21.7949,496139000,361225000,90928000,114479000,134914000,23551000,416783000,381660000,27.54,0,262.25,185.13
2025-12-28,CBOE,9.3,4617800000.0,27.54,None,0.353,46.69,5658000,None,281423000,281423000,-44263000,-6853000,None,None,-4757000,None,None,None,19574000,105900000,None,None,None,55137000,None,0,46828000,None,None,25656000,7529000,2.61,0.0102,10896000,10896000,None,0.377,0.51,193426000,219082000,2.34,2011-12-31,24.94,39367000,2282500000.0,416783000,193407000,78119000,39367000,39367000,None,19000,None,6266000,None,None,0,None,0,31807000,None,None,None,0.329,38832000,229473000,187310000,32974000,9412000,None,None,None,None,None,None,None,2.136,5.49,5.8,None,None,None,None,None,-46990000,None,0.213,None,0,2025-10-31,quarterly,2.85,USD,pre-market,None,360318000,0.0973,0.216,0.081,44.09,196959000,None,9326000,0,235.84,250.14,21.7949,496139000,361225000,90928000,114479000,134914000,23551000,416783000,381660000,27.54,0,262.25,185.13
2025-12-28,CBOE,9.3,4617800000.0,27.54,None,0.353,46.69,5151000,None,281423000,281423000,-25907000,-5151000,None,None,19357000,None,None,None,19574000,105900000,None,None,None,55137000,None,0,46828000,None,None,25656000,8918000,2.61,0.0102,11020000,11020000,None,0.377,0.51,193426000,219082000,2.34,2011-09-30,24.94,39367000,2282500000.0,416783000,193407000,78119000,39367000,39367000,None,19000,None,6266000,None,None,0,None,0,41327000,None,None,None,0.329,71733000,229473000,187310000,32974000,9412000,None,None,None,None,None,None,None,2.136,5.49,5.8,None,None,None,None,None,-14887000,None,0.213,None,0,2025-10-31,quarterly,2.85,USD,pre-market,None,360318000,0.0973,0.216,0.081,44.09,196959000,None,9326000,0,235.84,250.14,21.7949,496139000,361225000,90928000,114479000,134914000,23551000,416783000,381660000,27.54,0,262.25,185.13
2025-12-28,CBOE,9.3,4617800000.0,27.54,None,0.353,46.69,11200000,None,281423000,281423000,-12303000,-11181000,None,None,-25513000,None,None,None,19574000,105900000,None,None,None,55137000,None,0,46828000,None,None,25656000,9019000,2.61,0.0102,9228000,9228000,None,0.377,0.51,193426000,219082000,2.34,2011-06-30,24.94,39367000,2282500000.0,416783000,193407000,78119000,39367000,39367000,None,19000,None,6266000,None,None,0,None,0,33401000,None,None,None,0.329,14340000,229473000,187310000,32974000,9412000,None,None,None,None,None,None,None,2.136,5.49,5.8,None,None,None,None,None,-3075000,None,0.213,None,0,2025-10-31,quarterly,2.85,USD,pre-market,None,360318000,0.0973,0.216,0.081,44.09,196959000,None,9326000,0,235.84,250.14,21.7949,496139000,361225000,90928000,114479000,134914000,23551000,416783000,381660000,27.54,0,262.25,185.13
2025-12-28,CBOE,9.3,4617800000.0,27.54,None,0.353,46.69,7134000,None,281423000,281423000,-9228000,-7096000,None,None,18926000,None,None,None,19574000,105900000,None,None,None,55137000,None,0,46828000,None,None,25656000,8718000,2.61,0.0102,9228000,9228000,None,0.377,0.51,193426000,219082000,2.34,2011-03-31,24.94,39367000,2282500000.0,416783000,193407000,78119000,39367000,39367000,None,19000,None,6266000,None,None,0,None,0,32871000,None,None,None,0.329,78224000,229473000,187310000,32974000,9412000,None,None,None,None,None,None,None,2.136,5.49,5.8,None,None,None,None,None,None,None,0.213,None,0,2025-10-31,quarterly,2.85,USD,pre-market,None,360318000,0.0973,0.216,0.081,44.09,196959000,None,9326000,0,235.84,250.14,21.7949,496139000,361225000,90928000,114479000,134914000,23551000,416783000,381660000,27.54,0,262.25,185.13
2025-12-28,CBOE,9.3,4617800000.0,27.54,None,0.353,46.69,8507000,None,281423000,281423000,-309751000,-9505000,None,None,8483000,None,None,None,19574000,105900000,None,None,None,55137000,None,0,46828000,None,None,25656000,8207000,2.61,0.0102,19606000,19606000,None,0.377,0.51,193426000,219082000,2.34,2010-12-31,24.94,39367000,2282500000.0,416783000,193407000,78119000,39367000,39367000,None,19000,None,6266000,None,None,0,None,0,31377000,None,None,None,0.329,50109000,229473000,187310000,32974000,9412000,None,None,None,None,None,None,None,2.136,5.49,5.8,None,None,None,None,None,None,None,0.213,None,0,2025-10-31,quarterly,2.85,USD,pre-market,None,360318000,0.0973,0.216,0.081,44.09,196959000,None,9326000,0,235.84,250.14,21.7949,496139000,361225000,90928000,114479000,134914000,23551000,416783000,381660000,27.54,0,262.25,185.13
2025-12-28,CBOE,9.3,4617800000.0,27.54,None,0.353,46.69,4277000,None,281423000,281423000,-10542000,-4278000,None,None,-7328000,None,None,None,19574000,105900000,None,None,None,55137000,None,0,46828000,None,None,25656000,7117000,2.61,0.0102,55000,55000,None,0.377,0.51,193426000,219082000,2.34,2010-09-30,24.94,39367000,2282500000.0,416783000,193407000,78119000,39367000,39367000,None,19000,None,6266000,None,None,0,None,0,20453000,None,None,None,0.329,13690000,229473000,187310000,32974000,9412000,None,None,None,None,None,None,None,2.136,5.49,5.8,None,None,None,None,None,None,None,0.213,None,0,2025-10-31,quarterly,2.85,USD,pre-market,None,360318000,0.0973,0.216,0.081,44.09,196959000,None,9326000,0,235.84,250.14,21.7949,496139000,361225000,90928000,114479000,134914000,23551000,416783000,381660000,27.54,0,262.25,185.13
2025-12-28,CBOE,9.3,4617800000.0,27.54,None,0.353,46.69,4210000,None,281423000,281423000,-112014000,-12199000,None,None,-20169000,None,None,None,19574000,105900000,None,None,None,55137000,None,0,46828000,None,None,25656000,7318000,2.61,0.0102,113417000,113417000,None,0.377,0.51,193426000,219082000,2.34,2010-06-30,24.94,39367000,2282500000.0,416783000,193407000,78119000,39367000,39367000,None,19000,None,6266000,None,None,0,None,0,24890000,None,None,None,0.329,8782000,229473000,187310000,32974000,9412000,None,None,None,None,None,None,None,2.136,5.49,5.8,None,None,None,None,None,None,None,0.213,None,0,2025-10-31,quarterly,2.85,USD,pre-market,None,360318000,0.0973,0.216,0.081,44.09,196959000,None,9326000,0,235.84,250.14,21.7949,496139000,361225000,90928000,114479000,134914000,23551000,416783000,381660000,27.54,0,262.25,185.13
2025-12-28,CBOE,9.3,4617800000.0,27.54,None,0.353,46.69,6562000,None,281423000,281423000,-3000,-6562000,None,None,17665000,None,None,None,19574000,105900000,None,None,None,55137000,None,0,46828000,None,None,25656000,7318000,2.61,0.0102,None,None,None,0.377,0.51,193426000,219082000,2.34,2010-03-31,24.94,39367000,2282500000.0,416783000,193407000,78119000,39367000,39367000,None,19000,None,6266000,None,None,0,None,0,22676000,None,None,None,0.329,62332000,229473000,187310000,32974000,9412000,None,None,None,None,None,None,None,2.136,5.49,5.8,None,None,None,None,None,None,None,0.213,None,0,2025-10-31,quarterly,2.85,USD,pre-market,None,360318000,0.0973,0.216,0.081,44.09,196959000,None,9326000,0,235.84,250.14,21.7949,496139000,361225000,90928000,114479000,134914000,23551000,416783000,381660000,27.54,0,262.25,185.13
2025-12-28,CBOE,9.3,4617800000.0,27.54,None,0.353,46.69,8583000,None,281423000,281423000,-20000,18363000,None,None,-5580000,None,None,None,19574000,105900000,None,None,None,55137000,None,0,46828000,None,None,25656000,6874000,2.61,0.0102,None,None,None,0.377,0.51,193426000,219082000,2.34,2009-12-31,24.94,39367000,2282500000.0,416783000,193407000,78119000,39367000,39367000,None,19000,None,6266000,None,None,0,None,0,34904000,None,None,None,0.329,16449000,229473000,187310000,32974000,9412000,None,None,None,None,None,None,None,2.136,5.49,5.8,None,None,None,None,None,None,None,0.213,None,0,2025-10-31,quarterly,2.85,USD,pre-market,None,360318000,0.0973,0.216,0.081,44.09,196959000,None,9326000,0,235.84,250.14,21.7949,496139000,361225000,90928000,114479000,134914000,23551000,416783000,381660000,27.54,0,262.25,185.13
2025-12-28,CBOE,9.3,4617800000.0,27.54,None,0.353,46.69,8662000,None,281423000,281423000,None,-8935000,None,None,-1273000,None,None,None,19574000,105900000,None,None,None,55137000,None,0,46828000,None,None,25656000,6900000,2.61,0.0102,None,None,None,0.377,0.51,193426000,219082000,2.34,2009-09-30,24.94,39367000,2282500000.0,416783000,193407000,78119000,39367000,39367000,None,19000,None,6266000,None,None,0,None,0,19160000,None,None,None,0.329,17944000,229473000,187310000,32974000,9412000,None,None,None,None,None,None,None,2.136,5.49,5.8,None,None,None,None,None,None,None,0.213,None,0,2025-10-31,quarterly,2.85,USD,pre-market,None,360318000,0.0973,0.216,0.081,44.09,196959000,None,9326000,0,235.84,250.14,21.7949,496139000,361225000,90928000,114479000,134914000,23551000,416783000,381660000,27.54,0,262.25,185.13
2025-12-28,CBOE,9.3,4617800000.0,27.54,None,0.353,46.69,10922000,None,281423000,281423000,-20000,-6458000,None,None,-3982000,None,None,None,19574000,105900000,None,None,None,55137000,None,0,46828000,None,None,25656000,7044000,2.61,0.0102,None,None,None,0.377,0.51,193426000,219082000,2.34,2009-06-30,24.94,39367000,2282500000.0,416783000,193407000,78119000,39367000,39367000,None,19000,None,6266000,None,None,0,None,0,28109000,None,None,None,0.329,28653000,229473000,187310000,32974000,9412000,None,None,None,None,None,None,None,2.136,5.49,5.8,None,None,None,None,None,None,None,0.213,None,0,2025-10-31,quarterly,2.85,USD,pre-market,None,360318000,0.0973,0.216,0.081,44.09,196959000,None,9326000,0,235.84,250.14,21.7949,496139000,361225000,90928000,114479000,134914000,23551000,416783000,381660000,27.54,0,262.25,185.13
2025-12-28,CBOE,9.3,4617800000.0,27.54,None,0.353,46.69,9830000,None,281423000,281423000,-79000,-13310000,None,None,16326000,None,None,None,19574000,105900000,None,None,None,55137000,None,0,46828000,None,None,25656000,6907000,2.61,0.0102,None,None,None,0.377,0.51,193426000,219082000,2.34,2009-03-31,24.94,39367000,2282500000.0,416783000,193407000,78119000,39367000,39367000,None,19000,None,6266000,None,None,0,None,0,24278000,None,None,None,0.329,49720000,229473000,187310000,32974000,9412000,None,None,None,None,None,None,None,2.136,5.49,5.8,None,None,None,None,None,None,None,0.213,None,0,2025-10-31,quarterly,2.85,USD,pre-market,None,360318000,0.0973,0.216,0.081,44.09,196959000,None,9326000,0,235.84,250.14,21.7949,496139000,361225000,90928000,114479000,134914000,23551000,416783000,381660000,27.54,0,262.25,185.13
2025-12-28,CBOE,9.3,4617800000.0,27.54,None,0.353,46.69,60900000,None,281423000,281423000,-495000000,-141800000,None,None,None,None,None,None,19574000,105900000,None,None,None,55137000,None,0,46828000,None,None,25656000,133000000,2.61,0.0102,249400000,249400000,None,0.377,0.51,193426000,219082000,2.34,2024-12-31,24.94,39367000,2282500000.0,416783000,193407000,78119000,39367000,39367000,None,19000,None,6266000,None,None,0,None,0,761000000,None,None,None,0.329,1024599999,229473000,187310000,32974000,9412000,None,None,None,None,None,None,None,2.136,5.49,5.8,None,None,None,None,None,-225700000,None,0.213,None,0,2025-10-31,annual,2.85,USD,pre-market,None,360318000,0.0973,0.216,0.081,44.09,196959000,None,9326000,0,235.84,250.14,21.7949,496139000,361225000,90928000,114479000,134914000,23551000,416783000,381660000,27.54,0,262.25,185.13
2025-12-28,CBOE,9.3,4617800000.0,27.54,None,0.353,46.69,45000000,None,281423000,281423000,-656100000,-55100000,None,None,None,None,None,None,19574000,105900000,None,None,None,55137000,None,0,46828000,None,None,25656000,158000000,2.61,0.0102,223500000,223500000,None,0.377,0.51,193426000,219082000,2.34,2023-12-31,24.94,39367000,2282500000.0,416783000,193407000,78119000,39367000,39367000,None,19000,None,6266000,None,None,0,None,0,757500000,None,None,None,0.329,793000000,229473000,187310000,32974000,9412000,None,None,None,None,None,None,None,2.136,5.49,5.8,None,None,None,None,None,-114500000,None,0.213,None,0,2025-10-31,annual,2.85,USD,pre-market,None,360318000,0.0973,0.216,0.081,44.09,196959000,None,9326000,0,235.84,250.14,21.7949,496139000,361225000,90928000,114479000,134914000,23551000,416783000,381660000,27.54,0,262.25,185.13
2025-12-28,CBOE,9.3,4617800000.0,27.54,None,0.353,46.69,59800000,None,281423000,281423000,81700000,-835100000,-102300000,None,None,None,None,-49800000,19574000,105900000,None,None,None,55137000,None,0,46828000,None,None,25656000,166800000,2.61,0.0102,209400000,209400000,None,0.377,0.51,193426000,219082000,2.34,2022-12-31,24.94,39367000,2282500000.0,416783000,193407000,78119000,39367000,39367000,None,19000,None,6266000,None,None,0,None,0,235000000,None,None,None,0.329,651100000,229473000,187310000,32974000,9412000,None,None,None,None,None,None,None,2.136,5.49,5.8,None,None,None,None,None,-100900000,None,0.213,None,0,2025-10-31,annual,2.85,USD,pre-market,None,360318000,0.0973,0.216,0.081,44.09,196959000,None,9326000,0,235.84,250.14,21.7949,496139000,361225000,90928000,114479000,134914000,23551000,416783000,381660000,27.54,0,262.25,185.13
2025-12-28,CBOE,9.3,4617800000.0,27.54,None,0.353,46.69,51000000,None,281423000,281423000,-200300000,-352700000,43800000,None,-109300000,None,None,12000000,19574000,105900000,None,None,None,55137000,None,0,46828000,None,None,25656000,167400000,2.61,0.0102,193300000,193300000,None,0.377,0.51,193426000,219082000,2.34,2021-12-31,24.94,39367000,2282500000.0,416783000,193407000,78119000,39367000,39367000,None,19000,None,6266000,None,None,0,None,0,529000000,None,None,None,0.329,596800000,229473000,187310000,32974000,9412000,None,None,None,None,None,None,None,2.136,5.49,5.8,None,None,None,None,None,-81300000,None,0.213,None,0,2025-10-31,annual,2.85,USD,pre-market,None,360318000,0.0973,0.216,0.081,44.09,196959000,None,9326000,0,235.84,250.14,21.7949,496139000,361225000,90928000,114479000,134914000,23551000,416783000,381660000,27.54,0,262.25,185.13
2025-12-28,CBOE,9.3,4617800000.0,27.54,None,0.353,46.69,47400000,None,281423000,281423000,-201700000,-430500000,826600000,None,57400000,None,None,-90000000,19574000,105900000,None,None,None,55137000,None,0,46828000,None,None,25656000,158500000,2.61,0.0102,170600000,170600000,None,0.377,0.51,193426000,219082000,2.34,2020-12-31,24.94,39367000,2282500000.0,416783000,193407000,78119000,39367000,39367000,None,19000,None,6266000,None,None,0,None,0,468200000,None,None,None,0.329,1458800000,229473000,187310000,32974000,9412000,None,None,None,None,None,None,None,2.136,5.49,5.8,None,None,None,None,None,-349100000,None,0.213,None,0,2025-10-31,annual,2.85,USD,pre-market,None,360318000,0.0973,0.216,0.081,44.09,196959000,None,9326000,0,235.84,250.14,21.7949,496139000,361225000,90928000,114479000,134914000,23551000,416783000,381660000,27.54,0,262.25,185.13
2025-12-28,CBOE,9.3,4617800000.0,27.54,None,0.353,46.69,35100000,None,281423000,281423000,-662900000,-15900000,-46000000,None,31600000,None,None,50300000,19574000,105900000,None,None,None,55137000,None,0,46828000,None,None,25656000,176600000,2.61,0.0102,150000000,150000000,None,0.377,0.51,193426000,219082000,2.34,2019-12-31,24.94,39367000,2282500000.0,416783000,193407000,78119000,39367000,39367000,None,19000,None,6266000,None,None,0,None,0,370800000,None,None,None,0.329,632800000,229473000,187310000,32974000,9412000,None,None,None,None,None,None,None,2.136,5.49,5.8,None,None,None,None,None,-167900000,None,0.213,None,0,2025-10-31,annual,2.85,USD,pre-market,None,360318000,0.0973,0.216,0.081,44.09,196959000,None,9326000,0,235.84,250.14,21.7949,496139000,361225000,90928000,114479000,134914000,23551000,416783000,381660000,27.54,0,262.25,185.13
2025-12-28,CBOE,9.3,4617800000.0,27.54,None,0.353,46.69,36300000,None,281423000,281423000,-371600000,-25600000,137500000,None,-56300000,None,None,-70300000,19574000,105900000,None,None,None,55137000,None,0,46828000,None,None,25656000,204000000,2.61,0.0102,130300000,130300000,None,0.377,0.51,193426000,219082000,2.34,2018-12-31,24.94,39367000,2282500000.0,416783000,193407000,78119000,39367000,39367000,None,19000,None,6266000,None,None,0,None,0,422100000,None,None,None,0.329,534700000,229473000,187310000,32974000,9412000,None,None,None,None,None,None,None,2.136,5.49,5.8,None,None,None,None,None,-161800000,None,0.213,None,0,2025-10-31,annual,2.85,USD,pre-market,None,360318000,0.0973,0.216,0.081,44.09,196959000,None,9326000,0,235.84,250.14,21.7949,496139000,361225000,90928000,114479000,134914000,23551000,416783000,381660000,27.54,0,262.25,185.13
2025-12-28,CBOE,9.3,4617800000.0,27.54,None,0.353,46.69,37500000,None,281423000,281423000,1099700000,-1436500000,46200000,8600000,-51600000,None,None,-20600000,19574000,105900000,None,None,None,55137000,None,0,46828000,None,None,25656000,192200000,2.61,0.0102,118100000,118100000,None,0.377,0.51,193426000,219082000,2.34,2017-12-31,24.94,39367000,2282500000.0,416783000,193407000,78119000,39367000,39367000,None,19000,None,6266000,None,None,0,None,0,396700000,None,None,None,0.329,374400000,229473000,187310000,32974000,9412000,None,None,None,None,None,None,None,2.136,5.49,5.8,None,None,None,None,None,-26100000,None,0.213,None,0,2025-10-31,annual,2.85,USD,pre-market,None,360318000,0.0973,0.216,0.081,44.09,196959000,None,9326000,0,235.84,250.14,21.7949,496139000,361225000,90928000,114479000,134914000,23551000,416783000,381660000,27.54,0,262.25,185.13
2025-12-28,CBOE,9.3,4617800000.0,27.54,None,0.353,46.69,44402000,None,281423000,281423000,-150200000,-84386000,-4955000,None,-12474000,None,None,-8370000,19574000,105900000,None,None,None,55137000,None,0,46828000,None,None,25656000,44455000,2.61,0.0102,78500000,78500000,None,0.377,0.51,193426000,219082000,2.34,2016-12-31,24.94,39367000,2282500000.0,416783000,193407000,78119000,39367000,39367000,None,19000,None,6266000,None,None,0,None,0,184945000,None,None,None,0.329,221415000,229473000,187310000,32974000,9412000,None,None,None,None,None,None,None,2.136,5.49,5.8,None,None,None,None,None,-64617000,None,0.213,None,0,2025-10-31,annual,2.85,USD,pre-market,None,360318000,0.0973,0.216,0.081,44.09,196959000,None,9326000,0,235.84,250.14,21.7949,496139000,361225000,90928000,114479000,134914000,23551000,416783000,381660000,27.54,0,262.25,185.13
2025-12-28,CBOE,9.3,4617800000.0,27.54,None,0.353,46.69,39340000,None,281423000,281423000,-211531000,-79421000,-45674000,None,3297000,None,None,168000,19574000,105900000,None,None,None,55137000,None,0,46828000,None,None,25656000,46355000,2.61,0.0102,73431000,73431000,None,0.377,0.51,193426000,219082000,2.34,2015-12-31,24.94,39367000,2282500000.0,416783000,193407000,78119000,39367000,39367000,None,19000,None,6266000,None,None,0,None,0,204125000,None,None,None,0.329,245278000,229473000,187310000,32974000,9412000,None,None,None,None,None,None,None,2.136,5.49,5.8,None,None,None,None,None,-135345000,None,0.213,None,0,2025-10-31,annual,2.85,USD,pre-market,None,360318000,0.0973,0.216,0.081,44.09,196959000,None,9326000,0,235.84,250.14,21.7949,496139000,361225000,90928000,114479000,134914000,23551000,416783000,381660000,27.54,0,262.25,185.13
2025-12-28,CBOE,9.3,4617800000.0,27.54,None,0.353,46.69,50154000,None,281423000,281423000,-283933000,-52138000,-73414000,None,2610000,None,None,-10326000,19574000,105900000,None,None,None,55137000,None,0,46828000,None,None,25656000,40000000,2.61,0.0102,110830000,110830000,None,0.377,0.51,193426000,219082000,2.34,2014-12-31,24.94,39367000,2282500000.0,416783000,193407000,78119000,39367000,39367000,None,19000,None,6266000,None,None,0,None,0,188392000,None,None,None,0.329,262656999,229473000,187310000,32974000,9412000,None,None,None,None,None,None,None,2.136,5.49,5.8,None,None,None,None,None,-176660000,None,0.213,None,0,2025-10-31,annual,2.85,USD,pre-market,None,360318000,0.0973,0.216,0.081,44.09,196959000,None,9326000,0,235.84,250.14,21.7949,496139000,361225000,90928000,114479000,134914000,23551000,416783000,381660000,27.54,0,262.25,185.13
2025-12-28,CBOE,9.3,4617800000.0,27.54,None,0.353,46.69,28673000,None,281423000,281423000,-107439000,-31197000,85744000,None,-1294000,None,None,-7875000,19574000,105900000,None,None,None,55137000,None,0,46828000,None,None,25656000,34602000,2.61,0.0102,58369000,58369000,None,0.377,0.51,193426000,219082000,2.34,2013-12-31,24.94,39367000,2282500000.0,416783000,193407000,78119000,39367000,39367000,None,19000,None,6266000,None,None,0,None,0,173863000,None,None,None,0.329,224380000,229473000,187310000,32974000,9412000,None,None,None,None,None,None,None,2.136,5.49,5.8,None,None,None,None,None,-51426000,None,0.213,None,0,2025-10-31,annual,2.85,USD,pre-market,None,360318000,0.0973,0.216,0.081,44.09,196959000,None,9326000,0,235.84,250.14,21.7949,496139000,361225000,90928000,114479000,134914000,23551000,416783000,381660000,27.54,0,262.25,185.13
2025-12-28,CBOE,9.3,4617800000.0,27.54,None,0.353,46.69,30066000,None,281423000,281423000,-166897000,-32977000,661000,None,6975000,None,None,-8109000,19574000,105900000,None,None,None,55137000,None,0,46828000,None,None,25656000,31573000,2.61,0.0102,114025000,114025000,None,0.377,0.51,193426000,219082000,2.34,2012-12-31,24.94,39367000,2282500000.0,416783000,193407000,78119000,39367000,39367000,None,19000,None,6266000,None,None,0,None,0,155254000,None,None,None,0.329,200535000,229473000,187310000,32974000,9412000,None,None,None,None,None,None,None,2.136,5.49,5.8,None,None,None,None,None,-52872000,None,0.213,None,0,2025-10-31,annual,2.85,USD,pre-market,None,360318000,0.0973,0.216,0.081,44.09,196959000,None,9326000,0,235.84,250.14,21.7949,496139000,361225000,90928000,114479000,134914000,23551000,416783000,381660000,27.54,0,262.25,185.13
2025-12-28,CBOE,9.3,4617800000.0,27.54,None,0.353,46.69,29143000,None,281423000,281423000,-91701000,-30281000,81147000,None,8013000,None,None,2788000,19574000,105900000,None,None,None,55137000,None,0,46828000,None,None,25656000,34184000,2.61,0.0102,40372000,40372000,None,0.377,0.51,193426000,219082000,2.34,2011-12-31,24.94,39367000,2282500000.0,416783000,193407000,78119000,39367000,39367000,None,19000,None,6266000,None,None,0,None,0,136582000,None,None,None,0.329,203129000,229473000,187310000,32974000,9412000,None,None,None,None,None,None,None,2.136,5.49,5.8,None,None,None,None,None,-51329000,None,0.213,None,0,2025-10-31,annual,2.85,USD,pre-market,None,360318000,0.0973,0.216,0.081,44.09,196959000,None,9326000,0,235.84,250.14,21.7949,496139000,361225000,90928000,114479000,134914000,23551000,416783000,381660000,27.54,0,262.25,185.13
2025-12-28,CBOE,9.3,4617800000.0,27.54,None,0.353,46.69,23556000,None,281423000,281423000,-432310000,-32544000,None,None,-1349000,None,None,None,19574000,105900000,None,None,None,55137000,None,0,46828000,None,None,25656000,29960000,2.61,0.0102,19661000,19661000,None,0.377,0.51,193426000,219082000,2.34,2010-12-31,24.94,39367000,2282500000.0,416783000,193407000,78119000,39367000,39367000,None,19000,None,6266000,None,None,0,None,0,98166000,None,None,None,0.329,134913000,229473000,187310000,32974000,9412000,None,None,None,None,None,None,None,2.136,5.49,5.8,None,None,None,None,None,-300447000,None,0.213,None,0,2025-10-31,annual,2.85,USD,pre-market,None,360318000,0.0973,0.216,0.081,44.09,196959000,None,9326000,0,235.84,250.14,21.7949,496139000,361225000,90928000,114479000,134914000,23551000,416783000,381660000,27.54,0,262.25,185.13
2025-12-28,CBOE,9.3,4617800000.0,27.54,None,0.353,46.69,37997000,None,281423000,281423000,-119000,-10340000,None,None,5491000,None,None,None,19574000,105900000,None,None,None,55137000,None,0,46828000,None,None,25656000,27725000,2.61,0.0102,None,None,None,0.377,0.51,193426000,219082000,2.34,2009-12-31,24.94,39367000,2282500000.0,416783000,193407000,78119000,39367000,39367000,None,19000,None,6266000,None,None,0,None,0,106451000,None,None,None,0.329,112766000,229473000,187310000,32974000,9412000,None,None,None,None,None,None,None,2.136,5.49,5.8,None,None,None,None,None,None,None,0.213,None,0,2025-10-31,annual,2.85,USD,pre-market,None,360318000,0.0973,0.216,0.081,44.09,196959000,None,9326000,0,235.84,250.14,21.7949,496139000,361225000,90928000,114479000,134914000,23551000,416783000,381660000,27.54,0,262.25,185.13
2025-12-28,CBOE,9.3,4617800000.0,27.54,None,0.353,46.69,43816000,None,281423000,281423000,-828000,-64119000,None,None,-7783000,None,None,None,19574000,105900000,None,None,None,55137000,None,0,46828000,None,None,25656000,25656000,2.61,0.0102,None,None,None,0.377,0.51,193426000,219082000,2.34,2008-12-31,24.94,39367000,2282500000.0,416783000,193407000,78119000,39367000,39367000,None,19000,None,6266000,None,None,0,None,0,115288000,None,None,None,0.329,164945000,229473000,187310000,32974000,9412000,None,None,None,None,None,None,None,2.136,5.49,5.8,None,None,None,None,None,None,None,0.213,None,0,2025-10-31,annual,2.85,USD,pre-market,None,360318000,0.0973,0.216,0.081,44.09,196959000,None,9326000,0,235.84,250.14,21.7949,496139000,361225000,90928000,114479000,134914000,23551000,416783000,381660000,27.54,0,262.25,185.13
