date,symbol,revenue_ttm,pe_ratio,accumulateddepreciationamortizationppe,capitalexpenditures,capitalleaseobligations,cashandcashequivalentsatcarryingvalue,cashandshortterminvestments,cashflowfromfinancing,cashflowfrominvestment,changeincashandcashequivalents,changeinexchangerate,changeininventory,changeinoperatingassets,changeinoperatingliabilities,changeinreceivables,commonstock,commonstocksharesoutstanding,comprehensiveincomenetoftax,costofgoodsandservicessold,costofrevenue,currentaccountspayable,currentdebt,currentlongtermdebt,currentnetreceivables,deferredrevenue,depreciation,depreciationandamortization,depreciationdepletionandamortization,dividend_yield,dividendpayout,dividendpayoutcommonstock,dividendpayoutpreferredstock,earnings_growth_yoy,ebit,ebitda,fiscaldateending,goodwill,gross_profit_ttm,grossprofit,incomebeforetax,incometaxexpense,intangibleassets,intangibleassetsexcludinggoodwill,interestanddebtexpense,interestexpense,interestincome,inventory,investmentincomenet,investments,longtermdebt,longtermdebtnoncurrent,longterminvestments,netincome,netincomefromcontinuingoperations,netinterestincome,noninterestincome,operating_margin_ttm,operatingcashflow,operatingexpenses,operatingincome,othercurrentassets,othercurrentliabilities,othernoncurrentassets,othernoncurrentliabilities,othernonoperatingincome,paymentsforoperatingactivities,paymentsforrepurchaseofcommonstock,paymentsforrepurchaseofequity,paymentsforrepurchaseofpreferredstock,peg_ratio,proceedsfromissuanceofcommonstock,proceedsfromissuanceoflongtermdebtandcapitalsecuritiesnet,proceedsfromissuanceofpreferredstock,proceedsfromoperatingactivities,proceedsfromrepaymentsofshorttermdebt,proceedsfromrepurchaseofequity,proceedsfromsaleoftreasurystock,profit_margin,profitloss,propertyplantequipment,report_type,reportedcurrency,researchanddevelopment,retainedearnings,return_on_assets_ttm,return_on_equity_ttm,revenue_growth_yoy,revenue_per_share_ttm,sellinggeneralandadministrative,shortlongtermdebttotal,shorttermdebt,shortterminvestments,sma_200,sma_50,totalassets,totalcurrentassets,totalcurrentliabilities,totalliabilities,totalnoncurrentassets,totalnoncurrentliabilities,totalrevenue,totalshareholderequity,trailing_pe,treasurystock,week_52_high,week_52_low
2025-12-28,CCZ,0.0,52.13,,,,,,,,,,,,,,,,,,,,,,,,,,,0.0297,,,,0.0,,,,,0.0,,,,,,,,,,,,,,,,,,,0.0,,,,,,,,,,,,,0.0,,,,,,,,0.0,,,,,,,0.0,0.0,0.0,0.0,,,,,60.86,61.75,,,,,,,,,52.13,,68.41,53.14
2025-12-28,CCZ,0.0,52.13,,,,,,,,,,,,,,,,None,11730000000,11730000000,,,,,,None,4154000000,,0.0297,,,,0.0,15753000000,5992000000,2025-06-30,,0.0,18583000000,14647000000,-3603000000,,,None,1105000000,None,,None,,,,,11123000000,None,None,None,0.0,,12590000000,5992000000,,,,,None,,,,,0.0,,,,,,,,0.0,,,quarterly,None,None,,0.0,0.0,0.0,0.0,10422000000,,,,60.86,61.75,,,,,,,30313000000,,52.13,,68.41,53.14
2025-12-28,CCZ,0.0,52.13,,,,,,,,,,,,,,,,None,12264000000,12264000000,,,,,,None,2216000000,,0.0297,,,,0.0,3442000000,5658000000,2025-03-31,,0.0,29887000000,4492000000,-1196000000,,,None,1050000000,None,,None,,,,,3375000000,None,None,None,0.0,,11964000000,5658000000,,,,,None,,,,,0.0,,,,,,,,0.0,,,quarterly,None,None,,0.0,0.0,0.0,0.0,9893000000,,,,60.86,61.75,,,,,,,29887000000,,52.13,,68.41,53.14
2025-12-28,CCZ,0.0,52.13,,,,,,,,,,,,,,,,None,34418000000,34418000000,,,,,,None,2488000000,,0.0297,,,,0.0,2505000000,4993000000,2024-12-31,,0.0,31915000000,3574000000,1111000000,,,None,1069000000,None,,None,,,,,4778000000,None,None,None,0.0,,13062000000,4993000000,,,,,None,,,,,0.0,,,,,,,,0.0,,,quarterly,None,None,,0.0,0.0,0.0,0.0,10918000000,,,,60.86,61.75,,,,,,,31915000000,,52.13,,68.41,53.14
2025-12-28,CCZ,0.0,52.13,,,,,,,,,,,,,,,,None,14094000000,14094000000,,,,,,None,3878000000,,0.0297,,,,0.0,5856000000,9734000000,2024-09-30,,0.0,17976000000,4819000000,1243000000,,,None,1037000000,None,,None,,,,,3629000000,None,None,None,0.0,,12117000000,5859000000,,,,,None,,,,,0.0,,,,,,,,0.0,,,quarterly,None,None,,0.0,0.0,0.0,0.0,10128000000,,,,60.86,61.75,,,,,,,32070000000,,52.13,,68.41,53.14
2025-12-28,CCZ,0.0,52.13,,,,,,,,,,,,,,,,None,11501000000,11501000000,,,,,,None,3540000000,,0.0297,,,,0.0,6635000000,10175000000,2024-06-30,,0.0,18187000000,5175000000,1336000000,,,None,1026000000,None,,None,,,,,3929000000,None,None,None,0.0,,15091000000,6635000000,,,,,None,,,,,0.0,,,,,,,,0.0,,,quarterly,None,None,,0.0,0.0,0.0,0.0,9630000000,,,,60.86,61.75,,,,,,,29688000000,,52.13,,68.41,53.14
2025-12-28,CCZ,0.0,52.13,,,,,,,,,,,,,,,,None,8823000000,8823000000,,,,,,None,3551000000,,0.0297,,,,0.0,5809000000,9360000000,2024-03-31,,0.0,21235000000,5105000000,1328000000,,,None,1002000000,None,,None,,,,,3857000000,None,None,None,0.0,,15426000000,5810000000,,,,,None,,,,,0.0,,,,,,,,0.0,,,quarterly,None,None,,0.0,0.0,0.0,0.0,9857000000,,,,60.86,61.75,,,,,,,30058000000,,52.13,,68.41,53.14
2025-12-28,CCZ,0.0,52.13,,,,,,,,,,,,,,,,None,10256000000,10256000000,,,,,,None,3528000000,,0.0297,,,,0.0,5063000000,8591000000,2023-12-31,,0.0,20997000000,4044000000,890000000,,,None,1019000000,None,,None,,,,,3260000000,None,None,None,0.0,,16513000000,4484000000,,,,,None,,,,,0.0,,,,,,,,0.0,,,quarterly,None,None,,0.0,0.0,0.0,0.0,10943000000,,,,60.86,61.75,,,,,,,31253000000,,52.13,,68.41,53.14
2025-12-28,CCZ,0.0,52.13,,,,,,,,,,,,,,,,None,8653000000,8653000000,,,,,,None,3493000000,,0.0297,,,,0.0,6525000000,10018000000,2023-09-30,,0.0,21462000000,5465000000,1468000000,,,None,1060000000,None,,None,,,,,4046000000,None,None,None,0.0,,14988000000,6475000000,,,,,None,,,,,0.0,,,,,,,,0.0,,,quarterly,USD,None,,0.0,0.0,0.0,0.0,9629000000,,,,60.86,61.75,,,,,,,30115000000,,52.13,,68.41,53.14
2025-12-28,CCZ,0.0,52.13,,,,,,,,,,,,,,,,None,8849000000,8849000000,,,,,,None,3538000000,,0.0297,,,,0.0,6709000000,10247000000,2023-06-30,,0.0,21664000000,5726000000,1537000000,,,None,998000000,None,,None,,,,,4248000000,4189000000,None,None,0.0,,14955000000,6709000000,,,,,15000000,,,,,0.0,,,,,,,,0.0,,,quarterly,USD,None,,0.0,0.0,0.0,0.0,9317000000,,,,60.86,61.75,,,,,,,30513000000,,52.13,,68.41,53.14
2025-12-28,CCZ,0.0,52.13,,,,,,,,,,,,,,,,None,9004000000,9004000000,,,,,,None,3777000000,,0.0297,,,,0.0,6253000000,10030000000,2023-03-31,,0.0,20688000000,5243000000,1476000000,,,None,1010000000,None,,None,,,,,3834000000,3767000000,None,None,0.0,,15042000000,5646000000,,,,,607000000,,,,,0.0,,,,,,,,0.0,,,quarterly,USD,None,,0.0,0.0,0.0,0.0,9301000000,,,,60.86,61.75,,,,,,,29692000000,,52.13,,68.41,53.14
2025-12-28,CCZ,0.0,52.13,,,,,,,,,,,,,,,,None,9807000000,9807000000,,,,,,None,3472000000,,0.0297,,,,0.0,4530000000,8002000000,2022-12-31,,0.0,20745000000,3670000000,797000000,,,None,974000000,None,,None,,,,,3023000000,2874000000,None,None,0.0,,16215000000,4530000000,,,,,114000000,,,,,0.0,,,,,,,,0.0,,,quarterly,USD,None,,0.0,0.0,0.0,0.0,10562000000,,,,60.86,61.75,,,,,,,30552000000,,52.13,,68.41,53.14
2025-12-28,CCZ,0.0,52.13,,,,,,,,,,,,,,,,None,8950000000,8950000000,,,,,,None,3333000000,,0.0297,,,,0.0,-2692000000,641000000,2022-09-30,,0.0,20899000000,-3652000000,1014000000,,,None,960000000,None,,None,,,,,-4666000000,-4666000000,None,None,0.0,,14743000000,5893000000,,,,,-266000000,,,,,0.0,,,,,,,,0.0,,,quarterly,USD,None,,0.0,0.0,0.0,0.0,9344000000,,,,60.86,61.75,,,,,,,29849000000,,52.13,,68.41,53.14
2025-12-28,CCZ,0.0,52.13,,,,,,,,,,,,,,,,None,8888000000,8888000000,,,,,,None,3468000000,,0.0297,,,,0.0,6367000000,9835000000,2022-06-30,,0.0,21128000000,4502000000,1261000000,,,None,968000000,None,,None,,,,,3396000000,3241000000,None,None,0.0,,14762000000,6367000000,,,,,-897000000,,,,,0.0,,,,,,,,0.0,,,quarterly,USD,None,,0.0,0.0,0.0,0.0,9098000000,,,,60.86,61.75,,,,,,,30016000000,,52.13,,68.41,53.14
2025-12-28,CCZ,0.0,52.13,,,,,,,,,,,,,,,,None,10570000000,10570000000,,,,,,None,3548000000,,0.0297,,,,0.0,5570000000,9118000000,2022-03-31,,0.0,20440000000,4764000000,1288000000,,,None,993000000,None,,None,,,,,3549000000,3476000000,None,None,0.0,,14870000000,5569000000,,,,,188000000,,,,,0.0,,,,,,,,0.0,,,quarterly,USD,None,,0.0,0.0,0.0,0.0,9260000000,,,,60.86,61.75,,,,,,,31010000000,,52.13,,68.41,53.14
2025-12-28,CCZ,0.0,52.13,,,,,,,,,,,,,,,,None,9880000000,9880000000,,,,,,None,3581000000,,0.0297,,,,0.0,4878000000,8459000000,2021-12-31,,0.0,20456000000,3885000000,905000000,,,None,1120000000,None,,None,,,,,3057000000,2981000000,None,None,0.0,,15635000000,4821000000,,,,,185000000,,,,,0.0,,,,,,,,0.0,,,quarterly,USD,None,,0.0,0.0,0.0,0.0,9820000000,,,,60.86,61.75,,,,,,,30336000000,,52.13,,68.41,53.14
2025-12-28,CCZ,0.0,52.13,,,,,,,,,,,,,,,,None,10395000000,10395000000,,,,,,None,3478000000,,0.0297,,,,0.0,5448000000,8926000000,2021-09-30,,0.0,19903000000,5166000000,1235000000,,,None,1050000000,None,,None,,,,,4035000000,3931000000,None,None,0.0,,14454000000,5450000000,,,,,766000000,,,,,0.0,,,,,,,,0.0,,,quarterly,USD,None,,0.0,0.0,0.0,0.0,8981000000,,,,60.86,61.75,,,,,,,30298000000,,52.13,,68.41,53.14
2025-12-28,CCZ,0.0,52.13,,,,,,,,,,,,,,,,None,9256000000,9256000000,,,,,,None,3383000000,,0.0297,,,,0.0,5507000000,8890000000,2021-06-30,,0.0,19290000000,5630000000,2000000000,,,None,1093000000,None,,None,,,,,3738000000,3630000000,None,None,0.0,,13783000000,5507000000,,,,,1216000000,,,,,0.0,,,,,,,,0.0,,,quarterly,USD,None,,0.0,0.0,0.0,0.0,8549000000,,,,60.86,61.75,,,,,,,28546000000,,52.13,,68.41,53.14
2025-12-28,CCZ,0.0,52.13,,,,,,,,,,,,,,,,None,8919000000,8919000000,,,,,,None,3362000000,,0.0297,,,,0.0,5039000000,8401000000,2021-03-31,,0.0,18286000000,4411000000,1119000000,,,None,1018000000,None,,None,,,,,3329000000,3292000000,None,None,0.0,,13247000000,5039000000,,,,,390000000,,,,,0.0,,,,,,,,0.0,,,quarterly,USD,None,,0.0,0.0,0.0,0.0,8269000000,,,,60.86,61.75,,,,,,,27205000000,,52.13,,68.41,53.14
2025-12-28,CCZ,0.0,52.13,,,,,,,,,,,,,,,,None,9438000000,9438000000,,,,,,None,3252000000,,0.0297,,,,0.0,3918000000,7170000000,2020-12-31,,0.0,18270000000,4416000000,979000000,,,None,1044000000,None,,None,,,,,3380000000,3437000000,None,None,0.0,,14352000000,3918000000,,,,,1542000000,,,,,0.0,,,,,,,,0.0,,,quarterly,USD,None,,0.0,0.0,0.0,0.0,9150000000,,,,60.86,61.75,,,,,,,27708000000,,52.13,,68.41,53.14
2025-12-28,CCZ,0.0,52.13,,,,,,,,,,,,,,,,None,8565000000,8565000000,,,,,,None,3320000000,,0.0297,,,,0.0,4076000000,7396000000,2020-09-30,,0.0,16967000000,2770000000,739000000,,,None,1220000000,None,,None,,,,,2019000000,2031000000,None,None,0.0,,12891000000,4076000000,,,,,-86000000,,,,,0.0,,,,,,,,0.0,,,quarterly,USD,None,,0.0,0.0,0.0,0.0,8059000000,,,,60.86,61.75,,,,,,,25532000000,,52.13,,68.41,53.14
2025-12-28,CCZ,0.0,52.13,,,,,,,,,,,,,,,,None,6817000000,6817000000,,,,,,None,3264000000,,0.0297,,,,0.0,4647000000,7911000000,2020-06-30,,0.0,16898000000,3955000000,946000000,,,None,1112000000,None,,None,,,,,2988000000,3009000000,None,None,0.0,,12251000000,4647000000,,,,,420000000,,,,,0.0,,,,,,,,0.0,,,quarterly,USD,None,,0.0,0.0,0.0,0.0,7646000000,,,,60.86,61.75,,,,,,,23715000000,,52.13,,68.41,53.14
2025-12-28,CCZ,0.0,52.13,,,,,,,,,,,,,,,,None,8301000000,8301000000,,,,,,None,3264000000,,0.0297,,,,0.0,4852000000,8116000000,2020-03-31,,0.0,18308000000,2924000000,700000000,,,None,1212000000,None,,None,,,,,2147000000,2224000000,None,None,0.0,,13456000000,4852000000,,,,,-716000000,,,,,0.0,,,,,,,,0.0,,,quarterly,USD,None,,0.0,0.0,0.0,0.0,8254000000,,,,60.86,61.75,,,,,,,26609000000,,52.13,,68.41,53.14
2025-12-28,CCZ,0.0,52.13,,,,,,,,,,,,,,,,None,9300000000,9300000000,,,,,,None,3177000000,,0.0297,,,,0.0,5247000000,8424000000,2019-12-31,,0.0,19098000000,4061000000,861000000,,,None,1113000000,None,,None,,,,,3162000000,3200000000,None,None,0.0,,13851000000,5247000000,,,,,-73000000,,,,,0.0,,,,,,,,0.0,,,quarterly,USD,None,,0.0,0.0,0.0,0.0,8731000000,,,,60.86,61.75,,,,,,,28398000000,,52.13,,68.41,53.14
2025-12-28,CCZ,0.0,52.13,,,,,,,,,,,,,,,,None,8316000000,8316000000,,,,,,None,3180000000,,0.0297,,,,0.0,5340000000,8520000000,2019-09-30,,0.0,18511000000,4063000000,775000000,,,None,1167000000,None,,None,,,,,3217000000,3288000000,None,None,0.0,,13171000000,5340000000,,,,,-110000000,,,,,0.0,,,,,,,,0.0,,,quarterly,USD,None,,0.0,0.0,0.0,0.0,8090000000,,,,60.86,61.75,,,,,,,26827000000,,52.13,,68.41,53.14
2025-12-28,CCZ,0.0,52.13,,,,,,,,,,,,,,,,None,8255000000,8255000000,,,,,,None,3276000000,,0.0297,,,,0.0,5356000000,8632000000,2019-06-30,,0.0,18603000000,4164000000,961000000,,,None,1137000000,None,,None,,,,,3125000000,3203000000,None,None,0.0,,13247000000,5356000000,,,,,-55000000,,,,,0.0,,,,,,,,0.0,,,quarterly,USD,None,,0.0,0.0,0.0,0.0,8086000000,,,,60.86,61.75,,,,,,,26858000000,,52.13,,68.41,53.14
2025-12-28,CCZ,0.0,52.13,,,,,,,,,,,,,,,,None,8569000000,8569000000,,,,,,None,3320000000,,0.0297,,,,0.0,5182000000,8502000000,2019-03-31,,0.0,18290000000,4708000000,1076000000,,,None,1150000000,None,,None,,,,,3553000000,3632000000,None,None,0.0,,13108000000,5182000000,,,,,676000000,,,,,0.0,,,,,,,,0.0,,,quarterly,USD,None,,0.0,0.0,0.0,0.0,7900000000,,,,60.86,61.75,,,,,,,26859000000,,52.13,,68.41,53.14
2025-12-28,CCZ,0.0,52.13,,,,,,,,,,,,,,,,None,9252000000,9252000000,,,,,,None,3197000000,,0.0297,,,,0.0,4824000000,8021000000,2018-12-31,,0.0,18594000000,3068000000,486000000,,,None,1129000000,None,,None,,,,,2511000000,2582000000,None,None,0.0,,14080000000,4514000000,,,,,-317000000,,,,,0.0,,,,,,,,0.0,,,quarterly,USD,0,,0.0,0.0,0.0,0.0,8461000000,,,,60.86,61.75,,,,,,,27846000000,,52.13,,68.41,53.14
2025-12-28,CCZ,0.0,52.13,,,,,,,,,,,,,,,,None,6711000000,6711000000,,,,,,None,2477000000,,0.0297,,,,0.0,4866000000,7343000000,2018-09-30,,0.0,15424000000,3895000000,999000000,,,None,830000000,None,,None,,,,,2886000000,2896000000,None,None,0.0,,10588000000,4836000000,,,,,-111000000,,,,,0.0,,,,,,,,0.0,,,quarterly,USD,0,,0.0,0.0,0.0,0.0,6436000000,,,,60.86,61.75,,,,,,,22135000000,,52.13,,68.41,53.14
2025-12-28,CCZ,0.0,52.13,,,,,,,,,,,,,,,,None,6300000000,6300000000,,,,,,None,2403000000,,0.0297,,,,0.0,5025000000,7428000000,2018-06-30,,0.0,15435000000,4285000000,1077000000,,,None,806000000,None,,None,,,,,3216000000,3208000000,None,None,0.0,,10421000000,5014000000,,,,,77000000,,,,,0.0,,,,,,,,0.0,,,quarterly,USD,0,,0.0,0.0,0.0,0.0,6354000000,,,,60.86,61.75,,,,,,,21735000000,,52.13,,68.41,53.14
2025-12-28,CCZ,0.0,52.13,,,,,,,,,,,,,,,,None,7429000000,7429000000,,,,,,None,2599000000,,0.0297,,,,0.0,4645000000,7244000000,2018-03-31,,0.0,15362000000,3994000000,818000000,,,None,777000000,None,,None,,,,,3118000000,3176000000,None,None,0.0,,10717000000,4645000000,,,,,126000000,,,,,0.0,,,,,,,,0.0,,,quarterly,USD,0,,0.0,0.0,0.0,0.0,6514000000,,,,60.86,61.75,,,,,,,22791000000,,52.13,,68.41,53.14
2025-12-28,CCZ,0.0,52.13,,,,,,,,,,,,,,,,None,6892000000,6892000000,,,,,,None,2644000000,,0.0297,,,,0.0,4229000000,6873000000,2017-12-31,,0.0,15023000000,3422000000,-11613000000,,,None,807000000,None,,None,,,,,14985000000,0,None,None,0.0,,10916000000,4107000000,,,,,None,,,,,0.0,,,,,,,,0.0,,,quarterly,USD,0,,0.0,0.0,0.0,0.0,6807000000,,,,60.86,61.75,,,,,,,21915000000,,52.13,,68.41,53.14
2025-12-28,CCZ,0.0,52.13,,,,,,,,,,,,,,,,None,6077000000,6077000000,,,,,,None,2138000000,,0.0297,,,,0.0,4745000000,6883000000,2017-09-30,,0.0,14906000000,4096000000,1413000000,,,None,766000000,None,,None,,,,,2650000000,2683000000,None,None,0.0,,10114000000,4792000000,,,,,70000000,,,,,0.0,,,,,,,,0.0,,,quarterly,USD,0,,0.0,0.0,0.0,0.0,6535000000,,,,60.86,61.75,,,,,,,20983000000,,52.13,,68.41,53.14
2025-12-28,CCZ,0.0,52.13,,,,,,,,,,,,,,,,None,6341000000,6341000000,,,,,,None,2541000000,,0.0297,,,,0.0,4657000000,7198000000,2017-06-30,,0.0,14824000000,3899000000,1364000000,,,None,758000000,None,,None,,,,,2513000000,2535000000,None,None,0.0,,10266000000,4558000000,,,,,99000000,,,,,0.0,,,,,,,,0.0,,,quarterly,USD,0,,0.0,0.0,0.0,0.0,6168000000,,,,60.86,61.75,,,,,,,21165000000,,52.13,,68.41,53.14
2025-12-28,CCZ,0.0,52.13,,,,,,,,,,,,,,,,None,6074000000,6074000000,,,,,,None,2502000000,,0.0297,,,,0.0,4660000000,7162000000,2017-03-31,,0.0,14389000000,3905000000,1258000000,,,None,755000000,None,,None,,,,,2566000000,2647000000,None,None,0.0,,9859000000,4530000000,,,,,130000000,,,,,0.0,,,,,,,,0.0,,,quarterly,USD,0,,0.0,0.0,0.0,0.0,5939000000,,,,60.86,61.75,,,,,,,20463000000,,52.13,,68.41,53.14
2025-12-28,CCZ,0.0,52.13,,,,,,,,,,,,,,,,None,6537000000,6537000000,,,,,,None,2496000000,,0.0297,,,,0.0,4275000000,6771000000,2016-12-31,,0.0,14488000000,3736000000,1319000000,,,None,756000000,None,,None,,,,,2296000000,0,None,None,0.0,,10224000000,4264000000,,,,,None,,,,,0.0,,,,,,,,0.0,,,quarterly,USD,0,,0.0,0.0,0.0,0.0,6120000000,,,,60.86,61.75,,,,,,,21025000000,,52.13,,68.41,53.14
2025-12-28,CCZ,0.0,52.13,,,,,,,,,,,,,,,,None,7003000000,7003000000,,,,,,None,2395000000,,0.0297,,,,0.0,4490000000,6885000000,2016-09-30,,0.0,14316000000,3724000000,1400000000,,,None,751000000,None,,None,,,,,2237000000,2324000000,None,None,0.0,,9876000000,4440000000,,,,,35000000,,,,,0.0,,,,,,,,0.0,,,quarterly,USD,None,,0.0,0.0,0.0,0.0,5946000000,,,,60.86,61.75,,,,,,,21319000000,,52.13,,68.41,53.14
2025-12-28,CCZ,0.0,52.13,,,,,,,,,,,,,,,,None,5492000000,5492000000,,,,,,None,2389000000,,0.0297,,,,0.0,4066000000,6455000000,2016-06-30,,0.0,13777000000,3358000000,1278000000,,,None,732000000,None,,None,,,,,2028000000,2080000000,None,None,0.0,,9711000000,4066000000,,,,,24000000,,,,,0.0,,,,,,,,0.0,,,quarterly,USD,None,,0.0,0.0,0.0,0.0,5761000000,,,,60.86,61.75,,,,,,,19269000000,,52.13,,68.41,53.14
2025-12-28,CCZ,0.0,52.13,,,,,,,,,,,,,,,,None,5431000000,5431000000,,,,,,None,2278000000,,0.0297,,,,0.0,4089000000,6367000000,2016-03-31,,0.0,13359000000,3535000000,1311000000,,,None,703000000,None,,None,,,,,2134000000,2224000000,None,None,0.0,,9270000000,4089000000,,,,,149000000,,,,,0.0,,,,,,,,0.0,,,quarterly,USD,None,,0.0,0.0,0.0,0.0,5525000000,,,,60.86,61.75,,,,,,,18790000000,,52.13,,68.41,53.14
2025-12-28,CCZ,0.0,52.13,,,,,,,,,,,,,,,,None,5836000000,5836000000,,,,,,None,2270000000,,0.0297,,,,0.0,4022000000,6292000000,2015-12-31,,0.0,13409000000,3218000000,1162000000,,,None,674000000,None,,None,,,,,1971000000,None,None,None,0.0,,9407000000,4002000000,,,,,None,,,,,0.0,,,,,,,,0.0,,,quarterly,USD,None,,0.0,0.0,0.0,0.0,5586000000,,,,60.86,61.75,,,,,,,19245000000,,52.13,,68.41,53.14
2025-12-28,CCZ,0.0,52.13,,,,,,,,,,,,,,,,None,5582000000,5582000000,,,,,,None,2183000000,,0.0297,,,,0.0,4001000000,6184000000,2015-09-30,,0.0,13087000000,3264000000,1223000000,,,None,659000000,None,,None,,,,,1996000000,2041000000,None,None,0.0,,9086000000,4001000000,,,,,-78000000,,,,,0.0,,,,,,,,0.0,,,quarterly,USD,None,,0.0,0.0,0.0,0.0,5394000000,,,,60.86,61.75,,,,,,,18669000000,,52.13,,68.41,53.14
2025-12-28,CCZ,0.0,52.13,,,,,,,,,,,,,,,,None,5669000000,5669000000,,,,,,None,2161000000,,0.0297,,,,0.0,4105000000,6266000000,2015-06-30,,0.0,13074000000,3488000000,1313000000,,,None,713000000,None,,None,,,,,2137000000,2175000000,None,None,0.0,,8969000000,4105000000,,,,,96000000,,,,,0.0,,,,,,,,0.0,,,quarterly,USD,None,,0.0,0.0,0.0,0.0,5280000000,,,,60.86,61.75,,,,,,,18743000000,,52.13,,68.41,53.14
2025-12-28,CCZ,0.0,52.13,,,,,,,,,,,,,,,,None,5463000000,5463000000,,,,,,None,2066000000,,0.0297,,,,0.0,3890000000,5956000000,2015-03-31,,0.0,12390000000,3402000000,1261000000,,,None,656000000,None,,None,,,,,2059000000,2141000000,None,None,0.0,,8500000000,3890000000,,,,,168000000,,,,,0.0,,,,,,,,0.0,,,quarterly,USD,None,,0.0,0.0,0.0,0.0,5079000000,,,,60.86,61.75,,,,,,,17853000000,,52.13,,68.41,53.14
2025-12-28,CCZ,0.0,52.13,,,,,,,,,,,,,,,,None,5358000000,5358000000,,,,,,None,2090000000,,0.0297,,,,0.0,3886000000,5976000000,2014-12-31,,0.0,12374000000,3110000000,1114000000,,,None,664000000,None,,None,,,,,1925000000,None,None,None,0.0,,8587000000,3787000000,,,,,None,,,,,0.0,,,,,,,,0.0,,,quarterly,USD,None,,0.0,0.0,0.0,0.0,5167000000,,,,60.86,61.75,,,,,,,17732000000,,52.13,,68.41,53.14
2025-12-28,CCZ,0.0,52.13,,,,,,,,,,,,,,,,None,4772000000,4772000000,,,,,,None,1959000000,,0.0297,,,,0.0,3822000000,5781000000,2014-09-30,,0.0,12019000000,3040000000,407000000,,,None,663000000,None,,None,,,,,2592000000,2633000000,None,None,0.0,,8274000000,3745000000,,,,,-42000000,,,,,0.0,,,,,,,,0.0,,,quarterly,USD,None,,0.0,0.0,0.0,0.0,5019000000,,,,60.86,61.75,,,,,,,16791000000,,52.13,,68.41,53.14
2025-12-28,CCZ,0.0,52.13,,,,,,,,,,,,,,,,None,4874000000,4874000000,,,,,,None,2000000000,,0.0297,,,,0.0,3804000000,5804000000,2014-06-30,,0.0,11970000000,3259000000,1234000000,,,None,648000000,None,,None,,,,,1992000000,2025000000,None,None,0.0,,8166000000,3804000000,,,,,103000000,,,,,0.0,,,,,,,,0.0,,,quarterly,USD,None,,0.0,0.0,0.0,0.0,4924000000,,,,60.86,61.75,,,,,,,16844000000,,52.13,,68.41,53.14
2025-12-28,CCZ,0.0,52.13,,,,,,,,,,,,,,,,None,5908000000,5908000000,,,,,,None,4846000000,,0.0297,,,,0.0,709000000,5555000000,2014-03-31,,0.0,11500000000,3056000000,1118000000,,,None,642000000,None,,None,,,,,1871000000,1938000000,None,None,0.0,,7932000000,3568000000,,,,,130000000,,,,,0.0,,,,,,,,0.0,,,quarterly,USD,None,,0.0,0.0,0.0,0.0,4752000000,,,,60.86,61.75,,,,,,,17408000000,,52.13,,68.41,53.14
2025-12-28,CCZ,0.0,52.13,,,,,,,,,,,,,,,,None,5252000000,5252000000,,,,,,None,1998000000,,0.0297,,,,0.0,3647000000,5645000000,2013-12-31,,0.0,11674000000,2954000000,986000000,,,None,646000000,None,,None,,,,,1913000000,None,None,None,0.0,,8027000000,3647000000,,,,,None,,,,,0.0,,,,,,,,0.0,,,quarterly,USD,None,,0.0,0.0,0.0,0.0,4797000000,,,,60.86,61.75,,,,,,,16926000000,,52.13,,68.41,53.14
2025-12-28,CCZ,0.0,52.13,,,,,,,,,,,,,,,,None,4787000000,4787000000,,,,,,None,3834000000,,0.0297,,,,0.0,1496000000,5330000000,2013-09-30,,0.0,11364000000,2799000000,1021000000,,,None,639000000,None,,None,,,,,1732000000,1778000000,None,None,0.0,,7950000000,3414000000,,,,,24000000,,,,,0.0,,,,,,,,0.0,,,quarterly,USD,0,,0.0,0.0,0.0,0.0,4751000000,,,,60.86,61.75,,,,,,,16151000000,,52.13,,68.41,53.14
2025-12-28,CCZ,0.0,52.13,,,,,,,,,,,,,,,,None,4968000000,4968000000,,,,,,None,4098000000,,0.0297,,,,0.0,1320000000,5418000000,2013-06-30,,0.0,11302000000,2792000000,1048000000,,,None,636000000,None,,None,,,,,1734000000,1744000000,None,None,0.0,,7867000000,3435000000,,,,,-7000000,,,,,0.0,,,,,,,,0.0,,,quarterly,USD,0,,0.0,0.0,0.0,0.0,4570000000,,,,60.86,61.75,,,,,,,16270000000,,52.13,,68.41,53.14
2025-12-28,CCZ,0.0,52.13,,,,,,,,,,,,,,,,None,4663000000,4663000000,,,,,,None,3939000000,,0.0297,,,,0.0,3223000000,7162000000,2013-03-31,,0.0,10647000000,2570000000,925000000,,,None,653000000,None,,None,,,,,1437000000,1645000000,None,None,0.0,,7580000000,3067000000,,,,,156000000,,,,,0.0,,,,,,,,0.0,,,quarterly,USD,0,,0.0,0.0,0.0,0.0,4466000000,,,,60.86,61.75,,,,,,,15310000000,,52.13,,68.41,53.14
2025-12-28,CCZ,0.0,52.13,,,,,,,,,,,,,,,,None,4916000000,4916000000,,,,,,None,1983000000,,0.0297,,,,0.0,5367000000,7350000000,2012-12-31,,0.0,11021000000,2585000000,778000000,,,None,623000000,None,,None,,,,,1518000000,None,None,None,0.0,,7727000000,3294000000,,,,,None,,,,,0.0,,,,,,,,0.0,,,quarterly,USD,None,,0.0,0.0,0.0,0.0,4650000000,,,,60.86,61.75,,,,,,,15937000000,,52.13,,68.41,53.14
2025-12-28,CCZ,0.0,52.13,,,,,,,,,,,,,,,,None,6801000000,6801000000,,,,,,None,9255000000,,0.0297,,,,0.0,860000000,10115000000,2012-09-30,,0.0,9743000000,4383000000,1405000000,,,None,633000000,None,,None,,,,,2113000000,None,None,None,0.0,,6695000000,3048000000,,,,,None,,,,,0.0,,,,,,,,0.0,,,quarterly,USD,None,,0.0,0.0,0.0,0.0,None,,,,60.86,61.75,,,,,,,16544000000,,52.13,,68.41,53.14
2025-12-28,CCZ,0.0,52.13,,,,,,,,,,,,,,,,None,10207000000,10207000000,,,,,,None,1925000000,,0.0297,,,,0.0,3108000000,5033000000,2012-06-30,,0.0,5004000000,2444000000,811000000,,,None,625000000,None,,None,,,,,1348000000,None,None,None,0.0,,1925000000,3079000000,,,,,None,,,,,0.0,,,,,,,,0.0,,,quarterly,USD,None,,0.0,0.0,0.0,0.0,3306000000,,,,60.86,61.75,,,,,,,15211000000,,52.13,,68.41,53.14
2025-12-28,CCZ,0.0,52.13,,,,,,,,,,,,,,,,None,5819000000,5819000000,,,,,,None,1930000000,,0.0297,,,,0.0,2837000000,4767000000,2012-03-31,,0.0,9059000000,2197000000,750000000,,,None,640000000,None,,None,,,,,1224000000,None,None,None,0.0,,6301000000,2758000000,,,,,None,,,,,0.0,,,,,,,,0.0,,,quarterly,USD,None,,0.0,0.0,0.0,0.0,3168000000,,,,60.86,61.75,,,,,,,14878000000,,52.13,,68.41,53.14
2025-12-28,CCZ,0.0,52.13,,,,,,,,,,,,,,,,None,5698000000,5698000000,,,,,,None,1998000000,,0.0297,,,,0.0,3028000000,5026000000,2011-12-31,,0.0,9344000000,2386000000,801000000,,,None,642000000,None,,None,,,,,1287000000,0,None,None,0.0,,6426000000,2918000000,,,,,None,,,,,0.0,,,,,,,,0.0,,,quarterly,USD,0,,0.0,0.0,0.0,0.0,3382000000,,,,60.86,61.75,,,,,,,15042000000,,52.13,,68.41,53.14
2025-12-28,CCZ,0.0,52.13,,,,,,,,,,,,,,,,None,5397000000,5397000000,,,,,,None,1933000000,,0.0297,,,,0.0,7211000000,9144000000,2011-09-30,,0.0,8942000000,1805000000,639000000,,,None,637000000,None,,None,,,,,908000000,0,None,None,0.0,,6301000000,2641000000,,,,,None,,,,,0.0,,,,,,,,0.0,,,quarterly,USD,0,,0.0,0.0,0.0,0.0,3266000000,,,,60.86,61.75,,,,,,,14339000000,,52.13,,68.41,53.14
2025-12-28,CCZ,0.0,52.13,,,,,,,,,,,,,,,,None,5340000000,5340000000,,,,,,None,1863000000,,0.0297,,,,0.0,3002000000,4865000000,2011-06-30,,0.0,8993000000,2381000000,1014000000,,,None,621000000,None,,None,,,,,1022000000,0,None,None,0.0,,6055000000,2938000000,,,,,None,,,,,0.0,,,,,,,,0.0,,,quarterly,USD,0,,0.0,0.0,0.0,0.0,3085000000,,,,60.86,61.75,,,,,,,14333000000,,52.13,,68.41,53.14
2025-12-28,CCZ,0.0,52.13,,,,,,,,,,,,,,,,None,8062000000,8062000000,,,,,,None,1842000000,,0.0297,,,,0.0,2240000000,4082000000,2011-03-31,,0.0,4066000000,1635000000,596000000,,,None,605000000,None,,None,,,,,943000000,0,None,None,0.0,,1842000000,2224000000,,,,,None,,,,,0.0,,,,,,,,0.0,,,quarterly,USD,0,,0.0,0.0,0.0,0.0,2755000000,,,,60.86,61.75,,,,,,,12128000000,,52.13,,68.41,53.14
2025-12-28,CCZ,0.0,52.13,,,,,,,,,,,,,,,,None,3899000000,3899000000,,,,,,None,1703000000,,0.0297,,,,0.0,2250000000,3953000000,2010-12-31,,0.0,5822000000,1706000000,673000000,,,None,544000000,None,,None,,,,,1018000000,0,None,None,0.0,,3809000000,2013000000,,,,,None,,,,,0.0,,,,,,,,0.0,,,quarterly,USD,0,,0.0,0.0,0.0,0.0,2106000000,,,,60.86,61.75,,,,,,,9721000000,,52.13,,68.41,53.14
2025-12-28,CCZ,0.0,52.13,,,,,,,,,,,,,,,,None,3792000000,3792000000,,,,,,None,1624000000,,0.0297,,,,0.0,1999000000,3623000000,2010-09-30,,0.0,5697000000,1454000000,584000000,,,None,545000000,None,,None,,,,,867000000,0,None,None,0.0,,3743000000,1954000000,,,,,None,,,,,0.0,,,,,,,,0.0,,,quarterly,USD,0,,0.0,0.0,0.0,0.0,2119000000,,,,60.86,61.75,,,,,,,9489000000,,52.13,,68.41,53.14
2025-12-28,CCZ,0.0,52.13,,,,,,,,,,,,,,,,None,3827000000,3827000000,,,,,,None,1659000000,,0.0297,,,,0.0,2017000000,3676000000,2010-06-30,,0.0,5698000000,1474000000,588000000,,,None,543000000,None,,None,,,,,884000000,0,None,None,0.0,,3620000000,2078000000,,,,,None,,,,,0.0,,,,,,,,0.0,,,quarterly,USD,0,,0.0,0.0,0.0,0.0,1961000000,,,,60.86,61.75,,,,,,,9525000000,,52.13,,68.41,53.14
2025-12-28,CCZ,0.0,52.13,,,,,,,,,,,,,,,,None,3732000000,3732000000,,,,,,None,1630000000,,0.0297,,,,0.0,1994000000,3624000000,2010-03-31,,0.0,5470000000,1470000000,591000000,,,None,524000000,None,,None,,,,,866000000,0,None,None,0.0,,3535000000,1935000000,,,,,None,,,,,0.0,,,,,,,,0.0,,,quarterly,USD,0,,0.0,0.0,0.0,0.0,1905000000,,,,60.86,61.75,,,,,,,9202000000,,52.13,,68.41,53.14
2025-12-28,CCZ,0.0,52.13,,,,,,,,,,,,,,,,None,3796000000,3796000000,,,,,,None,1592000000,,0.0297,,,,0.0,1797000000,3389000000,2009-12-31,,0.0,5385000000,1350000000,390000000,,,None,520000000,None,,None,,,,,955000000,None,None,None,0.0,,3568000000,1817000000,,,,,None,,,,,0.0,,,,,,,,0.0,,,quarterly,USD,None,,0.0,0.0,0.0,0.0,1976000000,,,,60.86,61.75,,,,,,,9181000000,,52.13,,68.41,53.14
2025-12-28,CCZ,0.0,52.13,,,,,,,,,,,,,,,,None,3490000000,3490000000,,,,,,None,1615000000,,0.0297,,,,0.0,1844000000,3459000000,2009-09-30,,0.0,5312000000,1137000000,203000000,,,None,707000000,None,,None,,,,,944000000,None,None,None,0.0,,3601000000,1711000000,,,,,None,,,,,0.0,,,,,,,,0.0,,,quarterly,USD,0,,0.0,0.0,0.0,0.0,1986000000,,,,60.86,61.75,,,,,,,8802000000,,52.13,,68.41,53.14
2025-12-28,CCZ,0.0,52.13,,,,,,,,,,,,,,,,None,5403000000,5403000000,,,,,,None,1660000000,,0.0297,,,,0.0,1931000000,3591000000,2009-06-30,,0.0,3535000000,1380000000,424000000,,,None,551000000,None,,None,,,,,956000000,None,None,None,0.0,,1660000000,1875000000,,,,,None,,,,,0.0,,,,,,,,0.0,,,quarterly,USD,0,,0.0,0.0,0.0,0.0,1858000000,,,,60.86,61.75,,,,,,,8938000000,,52.13,,68.41,53.14
2025-12-28,CCZ,0.0,52.13,,,,,,,,,,,,,,,,None,3565000000,3565000000,,,,,,None,1633000000,,0.0297,,,,0.0,1809000000,3442000000,2009-03-31,,0.0,5270000000,1239000000,461000000,,,None,570000000,None,,None,,,,,772000000,None,None,None,0.0,,3459000000,1811000000,,,,,None,,,,,0.0,,,,,,,,0.0,,,quarterly,USD,None,,0.0,0.0,0.0,0.0,1826000000,,,,60.86,61.75,,,,,,,8835000000,,52.13,,68.41,53.14
2025-12-28,CCZ,0.0,52.13,,,,,,,,,,,,,,,,None,4179000000,4179000000,,,,,,None,1613000000,,0.0297,,,,0.0,2057000000,3670000000,2008-12-31,,0.0,4586000000,581000000,169000000,,,None,599000000,None,,None,,,,,412000000,None,None,None,0.0,,2829000000,1757000000,,,,,None,,,,,0.0,,,,,,,,0.0,,,quarterly,USD,None,,0.0,0.0,0.0,0.0,1216000000,,,,60.86,61.75,,,,,,,8765000000,,52.13,,68.41,53.14
2025-12-28,CCZ,0.0,52.13,,,,,,,,,,,,,,,,None,3095000000,3095000000,,,,,,None,1567000000,,0.0297,,,,0.0,1670000000,3237000000,2008-09-30,,0.0,5454000000,1157000000,401000000,,,None,601000000,None,,None,,,,,771000000,None,None,None,0.0,,3784000000,1670000000,,,,,None,,,,,0.0,,,,,,,,0.0,,,quarterly,USD,None,,0.0,0.0,0.0,0.0,2217000000,,,,60.86,61.75,,,,,,,8549000000,,52.13,,68.41,53.14
2025-12-28,CCZ,0.0,52.13,,,,,,,,,,,,,,,,None,3091000000,3091000000,,,,,,None,1601000000,,0.0297,,,,0.0,1692000000,3293000000,2008-06-30,,0.0,5462000000,1074000000,455000000,,,None,618000000,None,,None,,,,,632000000,None,None,None,0.0,,3712000000,1750000000,,,,,None,,,,,0.0,,,,,,,,0.0,,,quarterly,USD,None,,0.0,0.0,0.0,0.0,2111000000,,,,60.86,61.75,,,,,,,8553000000,,52.13,,68.41,53.14
2025-12-28,CCZ,0.0,52.13,,,,,,,,,,,,,,,,None,3107000000,3107000000,,,,,,None,1619000000,,0.0297,,,,0.0,1867000000,3486000000,2008-03-31,,0.0,5282000000,1246000000,508000000,,,None,621000000,None,,None,,,,,732000000,None,None,None,0.0,,3727000000,1555000000,,,,,None,,,,,0.0,,,,,,,,0.0,,,quarterly,USD,None,,0.0,0.0,0.0,0.0,2108000000,,,,60.86,61.75,,,,,,,8389000000,,52.13,,68.41,53.14
2025-12-28,CCZ,0.0,52.13,,,,,,,,,,,,,,,,None,2903000000,2903000000,,,,,,None,1624000000,,0.0297,,,,0.0,1458000000,3082000000,2007-12-31,,0.0,5111000000,996000000,400000000,,,None,600000000,None,,None,,,,,602000000,None,None,None,0.0,,3653000000,1458000000,,,,,None,,,,,0.0,,,,,,,,0.0,,,quarterly,USD,None,,0.0,0.0,0.0,0.0,2029000000,,,,60.86,61.75,,,,,,,8014000000,,52.13,,68.41,53.14
2025-12-28,CCZ,0.0,52.13,,,,,,,,,,,,,,,,None,2759000000,2759000000,,,,,,None,1538000000,,0.0297,,,,0.0,-147000000,1391000000,2007-09-30,,0.0,5022000000,965000000,421000000,,,None,571000000,None,,None,,,,,560000000,None,None,None,0.0,,3631000000,1391000000,,,,,None,,,,,0.0,,,,,,,,0.0,,,quarterly,USD,None,,0.0,0.0,0.0,0.0,2093000000,,,,60.86,61.75,,,,,,,7781000000,,52.13,,68.41,53.14
2025-12-28,CCZ,0.0,52.13,,,,,,,,,,,,,,,,None,2754000000,2754000000,,,,,,None,1544000000,,0.0297,,,,0.0,-76000000,1468000000,2007-06-30,,0.0,4958000000,1029000000,453000000,,,None,550000000,None,,None,,,,,588000000,None,None,None,0.0,,3490000000,1468000000,,,,,None,,,,,0.0,,,,,,,,0.0,,,quarterly,USD,None,,0.0,0.0,0.0,0.0,1946000000,,,,60.86,61.75,,,,,,,7712000000,,52.13,,68.41,53.14
2025-12-28,CCZ,0.0,52.13,,,,,,,,,,,,,,,,None,2759000000,2759000000,,,,,,None,1502000000,,0.0297,,,,0.0,-241000000,1261000000,2007-03-31,,0.0,4629000000,1359000000,526000000,,,None,568000000,None,,None,,,,,837000000,None,None,None,0.0,,3368000000,1261000000,,,,,None,,,,,0.0,,,,,,,,0.0,,,quarterly,USD,None,,0.0,0.0,0.0,0.0,1866000000,,,,60.86,61.75,,,,,,,7388000000,,52.13,,68.41,53.14
2025-12-28,CCZ,0.0,52.13,,,,,,,,,,,,,,,,None,2451000000,2451000000,,,,,,None,1515000000,,0.0297,,,,0.0,1218000000,2733000000,2006-12-31,,0.0,4580000000,652000000,221000000,,,None,562000000,None,,None,,,,,390000000,None,None,None,0.0,,3362000000,1218000000,,,,,None,,,,,0.0,,,,,,,,0.0,,,quarterly,USD,None,,0.0,0.0,0.0,0.0,1986000000,,,,60.86,61.75,,,,,,,7031000000,,52.13,,68.41,53.14
2025-12-28,CCZ,0.0,52.13,,,,,,,,,,,,,,,,None,2300000000,2300000000,,,,,,None,1093000000,,0.0297,,,,0.0,1344000000,2437000000,2006-09-30,,0.0,4132000000,1582000000,610000000,,,None,530000000,None,,None,,,,,1217000000,None,None,None,0.0,,2908000000,1224000000,,,,,None,,,,,0.0,,,,,,,,0.0,,,quarterly,USD,None,,0.0,0.0,0.0,0.0,1538000000,,,,60.86,61.75,,,,,,,6432000000,,52.13,,68.41,53.14
2025-12-28,CCZ,0.0,52.13,,,,,,,,,,,,,,,,None,2310000000,2310000000,,,,,,None,1203000000,,0.0297,,,,0.0,1173000000,2376000000,2006-06-30,,0.0,3918000000,818000000,362000000,,,None,496000000,None,,None,,,,,460000000,None,None,None,0.0,,2689000000,1229000000,,,,,None,,,,,0.0,,,,,,,,0.0,,,quarterly,USD,None,,0.0,0.0,0.0,0.0,1486000000,,,,60.86,61.75,,,,,,,6228000000,,52.13,,68.41,53.14
2025-12-28,CCZ,0.0,52.13,,,,,,,,,,,,,,,,None,2196000000,2196000000,,,,,,None,1151000000,,0.0297,,,,0.0,1004000000,2155000000,2006-03-31,,0.0,3705000000,476000000,164000000,,,None,476000000,None,,None,,,,,466000000,None,None,None,0.0,,2655000000,1050000000,,,,,None,,,,,0.0,,,,,,,,0.0,,,quarterly,USD,None,,0.0,0.0,0.0,0.0,1504000000,,,,60.86,61.75,,,,,,,5901000000,,52.13,,68.41,53.14
2025-12-28,CCZ,0.0,52.13,,,,,,,,,,,,,,,,None,2061000000,2061000000,,,,,,None,1262000000,,0.0297,,,,0.0,893000000,2155000000,2005-12-31,,0.0,3655000000,464000000,319000000,,,None,462000000,None,,None,,,,,133000000,None,None,None,0.0,,2762000000,893000000,,,,,None,,,,,0.0,,,,,,,,0.0,,,quarterly,USD,None,,0.0,0.0,0.0,0.0,1500000000,,,,60.86,61.75,,,,,,,5716000000,,52.13,,68.41,53.14
2025-12-28,CCZ,0.0,52.13,,,,,,,,,,,,,,,,None,2007000000,2007000000,,,,,,None,1216000000,,0.0297,,,,0.0,841000000,2057000000,2005-09-30,,0.0,3571000000,355000000,143000000,,,None,423000000,None,,None,,,,,222000000,None,None,None,0.0,,2688000000,883000000,,,,,None,,,,,0.0,,,,,,,,0.0,,,quarterly,USD,None,,0.0,0.0,0.0,0.0,2848000000,,,,60.86,61.75,,,,,,,5578000000,,52.13,,68.41,53.14
2025-12-28,CCZ,0.0,52.13,,,,,,,,,,,,,,,,None,1944000000,1944000000,,,,,,None,1161000000,,0.0297,,,,0.0,-113000000,1048000000,2005-06-30,,0.0,3654000000,771000000,331000000,,,None,467000000,None,,None,,,,,430000000,None,None,None,0.0,,2606000000,1048000000,,,,,None,,,,,0.0,,,,,,,,0.0,,,quarterly,USD,None,,0.0,0.0,0.0,0.0,69000000,,,,60.86,61.75,,,,,,,5598000000,,52.13,,68.41,53.14
2025-12-28,CCZ,0.0,52.13,,,,,,,,,,,,,,,,None,51827000000,51827000000,,,,,,None,8758000000,,0.0297,,,,0.0,14539000000,23297000000,2024-12-31,,0.0,123731000000,18673000000,-2796000000,,,None,4134000000,None,,None,,,,,16192000000,None,None,None,0.0,,48606000000,23297000000,,,,,None,,,,,0.0,,,,,,,,0.0,,,annual,None,None,,0.0,0.0,0.0,0.0,40533000000,,,,60.86,61.75,,,,,,,123731000000,,52.13,,68.41,53.14
2025-12-28,CCZ,0.0,52.13,,,,,,,,,,,,,,,,None,36762000000,36762000000,,,,,,None,14336000000,,0.0297,,,,0.0,24565000000,38901000000,2023-12-31,,0.0,84810000000,20478000000,5371000000,,,None,4087000000,None,,None,,,,,15388000000,None,None,None,0.0,,61496000000,23314000000,,,,,None,,,,,0.0,,,,,,,,0.0,,,annual,None,None,,0.0,0.0,0.0,0.0,39190000000,,,,60.86,61.75,,,,,,,121572000000,,52.13,,68.41,53.14
2025-12-28,CCZ,0.0,52.13,,,,,,,,,,,,,,,,None,38213000000,38213000000,,,,,,None,13821000000,,0.0297,,,,0.0,22624000000,36445000000,2022-12-31,,0.0,83214000000,9284000000,4359000000,,,None,3896000000,None,,None,,,,,5370000000,4925000000,None,None,0.0,,69173000000,14041000000,,,,,-861000000,,,,,0.0,,,,,,,,0.0,,,annual,USD,None,,0.0,0.0,0.0,0.0,38263000000,,,,60.86,61.75,,,,,,,121427000000,,52.13,,68.41,53.14
2025-12-28,CCZ,0.0,52.13,,,,,,,,,,,,,,,,None,38450000000,38450000000,,,,,,None,13804000000,,0.0297,,,,0.0,20817000000,34621000000,2021-12-31,,0.0,77935000000,19093000000,5259000000,,,None,4281000000,None,,None,,,,,14159000000,13834000000,None,None,0.0,,57118000000,20817000000,,,,,2557000000,,,,,0.0,,,,,,,,0.0,,,annual,USD,None,,0.0,0.0,0.0,0.0,35619000000,,,,60.86,61.75,,,,,,,116385000000,,52.13,,68.41,53.14
2025-12-28,CCZ,0.0,52.13,,,,,,,,,,,,,,,,None,33121000000,33121000000,,,,,,None,13100000000,,0.0297,,,,0.0,17493000000,30593000000,2020-12-31,,0.0,70443000000,14065000000,3364000000,,,None,4588000000,None,,None,,,,,10534000000,10701000000,None,None,0.0,,52950000000,17493000000,,,,,1160000000,,,,,0.0,,,,,,,,0.0,,,annual,USD,None,,0.0,0.0,0.0,0.0,33109000000,,,,60.86,61.75,,,,,,,103564000000,,52.13,,68.41,53.14
2025-12-28,CCZ,0.0,52.13,,,,,,,,,,,,,,,,None,34440000000,34440000000,,,,,,None,12953000000,,0.0297,,,,0.0,21125000000,34078000000,2019-12-31,,0.0,74502000000,16996000000,3673000000,,,None,4567000000,None,,None,,,,,13057000000,13323000000,None,None,0.0,,53377000000,21125000000,,,,,438000000,,,,,0.0,,,,,,,,0.0,,,annual,USD,None,,0.0,0.0,0.0,0.0,32807000000,,,,60.86,61.75,,,,,,,108942000000,,52.13,,68.41,53.14
2025-12-28,CCZ,0.0,52.13,,,,,,,,,,,,,,,,None,29692000000,29692000000,,,,,,None,11017000000,,0.0297,,,,0.0,19148000000,30165000000,2018-12-31,,0.0,64815000000,15242000000,3380000000,,,None,3542000000,None,,None,,,,,11731000000,11862000000,None,None,0.0,,45806000000,19009000000,,,,,-225000000,,,,,0.0,,,,,,,,0.0,,,annual,USD,0,,0.0,0.0,0.0,0.0,27755000000,,,,60.86,61.75,,,,,,,94507000000,,52.13,,68.41,53.14
2025-12-28,CCZ,0.0,52.13,,,,,,,,,,,,,,,,None,25384000000,25384000000,,,,,,None,10130000000,,0.0297,,,,0.0,17576000000,27706000000,2017-12-31,,0.0,59142000000,15322000000,-7578000000,,,None,3086000000,None,,None,,,,,22714000000,22900000000,None,None,0.0,,41155000000,17987000000,,,,,421000000,,,,,0.0,,,,,,,,0.0,,,annual,USD,0,,0.0,0.0,0.0,0.0,25449000000,,,,60.86,61.75,,,,,,,84526000000,,52.13,,68.41,53.14
2025-12-28,CCZ,0.0,52.13,,,,,,,,,,,,,,,,None,24463000000,24463000000,,,,,,None,9558000000,,0.0297,,,,0.0,17295000000,26853000000,2016-12-31,,0.0,55940000000,14353000000,5308000000,,,None,2942000000,None,,None,,,,,8695000000,9045000000,None,None,0.0,,39081000000,16859000000,,,,,436000000,,,,,0.0,,,,,,,,0.0,,,annual,USD,0,,0.0,0.0,0.0,0.0,23779000000,,,,60.86,61.75,,,,,,,80403000000,,52.13,,68.41,53.14
2025-12-28,CCZ,0.0,52.13,,,,,,,,,,,,,,,,None,22550000000,22550000000,,,,,,None,8680000000,,0.0297,,,,0.0,15998000000,24678000000,2015-12-31,,0.0,51960000000,13372000000,4959000000,,,None,2702000000,None,,None,,,,,8163000000,8413000000,None,None,0.0,,35962000000,15998000000,,,,,76000000,,,,,0.0,,,,,,,,0.0,,,annual,USD,None,,0.0,0.0,0.0,0.0,21325000000,,,,60.86,61.75,,,,,,,74510000000,,52.13,,68.41,53.14
2025-12-28,CCZ,0.0,52.13,,,,,,,,,,,,,,,,None,20912000000,20912000000,,,,,,None,8019000000,,0.0297,,,,0.0,15141000000,23160000000,2014-12-31,,0.0,47863000000,12465000000,3873000000,,,None,2617000000,None,,None,,,,,8380000000,8592000000,None,None,0.0,,32959000000,14904000000,,,,,178000000,,,,,0.0,,,,,,,,0.0,,,annual,USD,None,,0.0,0.0,0.0,0.0,19602000000,,,,60.86,61.75,,,,,,,68775000000,,52.13,,68.41,53.14
2025-12-28,CCZ,0.0,52.13,,,,,,,,,,,,,,,,None,19670000000,19670000000,,,,,,None,16120000000,,0.0297,,,,0.0,13689000000,29809000000,2013-12-31,,0.0,44987000000,11115000000,3980000000,,,None,2574000000,None,,None,,,,,6816000000,None,None,None,0.0,,31424000000,13563000000,,,,,None,,,,,0.0,,,,,,,,0.0,,,annual,USD,None,,0.0,0.0,0.0,0.0,18575000000,,,,60.86,61.75,,,,,,,64657000000,,52.13,,68.41,53.14
2025-12-28,CCZ,0.0,52.13,,,,,,,,,,,,,,,,None,19929000000,19929000000,,,,,,None,17252000000,,0.0297,,,,0.0,4676000000,21928000000,2012-12-31,,0.0,42641000000,11609000000,3744000000,,,None,2521000000,None,,None,,,,,6203000000,7865000000,None,None,0.0,,30462000000,12179000000,,,,,1951000000,,,,,0.0,,,,,,,,0.0,,,annual,USD,0,,0.0,0.0,0.0,0.0,17857000000,,,,60.86,61.75,,,,,,,62570000000,,52.13,,68.41,53.14
2025-12-28,CCZ,0.0,52.13,,,,,,,,,,,,,,,,None,37485000000,37485000000,,,,,,None,7636000000,,0.0297,,,,0.0,17499000000,25135000000,2011-12-31,,0.0,18357000000,8207000000,3050000000,,,None,2505000000,None,,None,,,,,4160000000,None,None,None,0.0,,7636000000,10721000000,,,,,None,,,,,0.0,,,,,,,,0.0,,,annual,USD,None,,0.0,0.0,0.0,0.0,12487000000,,,,60.86,61.75,,,,,,,55842000000,,52.13,,68.41,53.14
2025-12-28,CCZ,0.0,52.13,,,,,,,,,,,,,,,,None,15250000000,15250000000,,,,,,None,6616000000,,0.0297,,,,0.0,8260000000,14876000000,2010-12-31,,0.0,22687000000,6104000000,2436000000,,,None,2156000000,None,,None,,,,,3635000000,None,None,None,0.0,,14707000000,7980000000,,,,,None,,,,,0.0,,,,,,,,0.0,,,annual,USD,None,,0.0,0.0,0.0,0.0,8091000000,,,,60.86,61.75,,,,,,,37937000000,,52.13,,68.41,53.14
2025-12-28,CCZ,0.0,52.13,,,,,,,,,,,,,,,,None,22042000000,22042000000,,,,,,None,6500000000,,0.0297,,,,0.0,7454000000,13954000000,2009-12-31,,0.0,13714000000,5106000000,1478000000,,,None,2348000000,None,,None,,,,,3638000000,None,None,None,0.0,,6500000000,7214000000,,,,,None,,,,,0.0,,,,,,,,0.0,,,annual,USD,0,,0.0,0.0,0.0,0.0,7646000000,,,,60.86,61.75,,,,,,,35756000000,,52.13,,68.41,53.14
2025-12-28,CCZ,0.0,52.13,,,,,,,,,,,,,,,,None,13472000000,13472000000,,,,,,None,6400000000,,0.0297,,,,0.0,6497000000,12897000000,2008-12-31,,0.0,20784000000,4058000000,1533000000,,,None,2439000000,None,,None,,,,,2547000000,None,None,None,0.0,,27524000000,6732000000,,,,,None,,,,,0.0,,,,,,,,0.0,,,annual,USD,None,,0.0,0.0,0.0,0.0,7652000000,,,,60.86,61.75,,,,,,,34256000000,,52.13,,68.41,53.14
2025-12-28,CCZ,0.0,52.13,,,,,,,,,,,,,,,,None,11175000000,11175000000,,,,,,None,6208000000,,0.0297,,,,0.0,5578000000,11786000000,2007-12-31,,0.0,19720000000,4349000000,1800000000,,,None,2289000000,None,,None,,,,,2587000000,None,None,None,0.0,,14142000000,5578000000,,,,,None,,,,,0.0,,,,,,,,0.0,,,annual,USD,None,,0.0,0.0,0.0,0.0,7934000000,,,,60.86,61.75,,,,,,,30895000000,,52.13,,68.41,53.14
2025-12-28,CCZ,0.0,52.13,,,,,,,,,,,,,,,,None,9010000000,9010000000,,,,,,None,4962000000,,0.0297,,,,0.0,5519000000,10481000000,2006-12-31,,0.0,15956000000,3594000000,1347000000,,,None,2064000000,None,,None,,,,,2533000000,None,None,None,0.0,,11337000000,4619000000,,,,,None,,,,,0.0,,,,,,,,0.0,,,annual,USD,None,,0.0,0.0,0.0,0.0,6514000000,,,,60.86,61.75,,,,,,,24966000000,,52.13,,68.41,53.14
2025-12-28,CCZ,0.0,52.13,,,,,,,,,,,,,,,,None,7969000000,7969000000,,,,,,None,4803000000,,0.0297,,,,0.0,3522000000,8325000000,2005-12-31,,0.0,14286000000,1880000000,933000000,,,None,1796000000,None,,None,,,,,928000000,None,None,None,0.0,,10596000000,3690000000,,,,,None,,,,,0.0,,,,,,,,0.0,,,annual,USD,None,,0.0,0.0,0.0,0.0,5793000000,,,,60.86,61.75,,,,,,,22255000000,,52.13,,68.41,53.14
2025-12-28,CCZ,0.0,52.13,None,,None,9687000000,9687000000,,,,,,,,,46000000,3727000000,None,7969000000,7969000000,11826000000,None,None,13040000000,None,None,4803000000,,0.0297,,,,0.0,3522000000,8325000000,2025-06-30,61812000000,0.0,14286000000,1880000000,933000000,24612000000,24612000000,None,1796000000,None,None,None,None,None,None,None,928000000,None,None,None,0.0,,10596000000,3690000000,6309000000,22041000000,None,None,None,,,,,0.0,,,,,,,,0.0,,None,quarterly,None,None,66000000000,0.0,0.0,0.0,0.0,5793000000,5720000000,5720000000,None,60.86,61.75,273850000000,29036000000,31792000000,176622000000,244814000000,144830000000,22255000000,96851000000,52.13,None,68.41,53.14
2025-12-28,CCZ,0.0,52.13,None,,None,8593000000,8593000000,,,,,,,,,46000000,3784000000,None,7969000000,7969000000,11545000000,None,None,12881000000,None,None,4803000000,,0.0297,,,,0.0,3522000000,8325000000,2025-03-31,59094000000,0.0,14286000000,1880000000,933000000,24943000000,24943000000,None,1796000000,None,None,None,None,None,None,None,928000000,None,None,None,0.0,,10596000000,3690000000,5840000000,31711000000,None,None,None,,,,,0.0,,,,,,,,0.0,,None,quarterly,None,None,57473000000,0.0,0.0,0.0,0.0,5793000000,6848000000,6848000000,None,60.86,61.75,267770000000,27314000000,42325000000,180714000000,240456000000,138389000000,22255000000,86638000000,52.13,None,68.41,53.14
2025-12-28,CCZ,0.0,52.13,None,,None,7322000000,7322000000,,,,,,,,,47000000,3908000000,None,7969000000,7969000000,11321000000,None,None,13661000000,None,None,4803000000,,0.0297,,,,0.0,3522000000,8325000000,2024-12-31,58209000000,0.0,14286000000,1880000000,933000000,25599000000,25599000000,None,1796000000,None,None,None,None,None,None,None,928000000,None,None,None,0.0,,10596000000,3690000000,5818000000,31167000000,None,None,None,,,,,0.0,,,,,,,,0.0,,None,quarterly,None,None,56972000000,0.0,0.0,0.0,0.0,5793000000,4907000000,4907000000,None,60.86,61.75,181804000000,26801000000,39581000000,95766000000,155003000000,56185000000,22255000000,85560000000,52.13,None,68.41,53.14
2025-12-28,CCZ,0.0,52.13,None,,None,8814000000,8814000000,,,,,,,,,47000000,3880000000,None,7969000000,7969000000,11779000000,None,None,14036000000,None,None,4803000000,,0.0297,,,,0.0,3522000000,8325000000,2024-09-30,60076000000,0.0,14286000000,1880000000,933000000,26423000000,26423000000,None,1796000000,None,None,None,None,None,None,None,928000000,None,None,None,0.0,,10596000000,3690000000,4336000000,19619000000,None,None,None,,,,,0.0,,,,,,,,0.0,,None,quarterly,None,None,55105000000,0.0,0.0,0.0,0.0,5793000000,101364000000,2610000000,None,60.86,61.75,269871000000,27186000000,37786000000,183329000000,242685000000,145543000000,22255000000,85774000000,52.13,None,68.41,53.14
2025-12-28,CCZ,0.0,52.13,None,,None,6065000000,6065000000,,,,,,,,,47000000,3920000000,None,7969000000,7969000000,11736000000,None,None,13167000000,None,None,4803000000,,0.0297,,,,0.0,3522000000,8325000000,2024-06-30,58376000000,0.0,14286000000,1880000000,933000000,98581000000,98581000000,None,1796000000,None,None,None,None,None,None,None,928000000,None,None,None,0.0,,10596000000,3690000000,4220000000,18642000000,None,None,None,,,,,0.0,,,,,,,,0.0,,None,quarterly,None,None,54308000000,0.0,0.0,0.0,0.0,5793000000,98128000000,1021000000,None,60.86,61.75,262555000000,23452000000,35342000000,178615000000,239103000000,143273000000,22255000000,83219000000,52.13,None,68.41,53.14
2025-12-28,CCZ,0.0,52.13,None,,None,6515000000,6515000000,,,,,,,,,48000000,3992000000,None,7969000000,7969000000,11792000000,None,None,13144000000,None,None,4803000000,,0.0297,,,,0.0,3522000000,8325000000,2024-03-31,58668000000,0.0,14286000000,1880000000,933000000,99185000000,99185000000,None,1796000000,None,None,None,None,None,None,None,928000000,None,None,None,0.0,,10596000000,3690000000,4319000000,22584000000,None,None,None,,,,,0.0,,,,,,,,0.0,,None,quarterly,None,None,53425000000,0.0,0.0,0.0,0.0,5793000000,96573000000,2502000000,None,60.86,61.75,263601000000,23978000000,40324000000,180309000000,239623000000,139985000000,22255000000,82549000000,52.13,None,68.41,53.14
2025-12-28,CCZ,0.0,52.13,None,,None,6215000000,6215000000,,,,,,,,,48000000,4039000000,None,7969000000,7969000000,12437000000,None,None,13813000000,None,None,4803000000,,0.0297,,,,0.0,3522000000,8325000000,2023-12-31,59300000000,0.0,14286000000,1880000000,933000000,100085000000,100085000000,None,1796000000,None,None,None,None,None,None,None,928000000,None,None,None,0.0,,10596000000,3690000000,3959000000,22450000000,None,None,None,,,,,0.0,,,,,,,,0.0,,None,quarterly,None,None,52892000000,0.0,0.0,0.0,0.0,5793000000,97090000000,2069000000,None,60.86,61.75,264811000000,23987000000,40198000000,181344000000,240789000000,141146000000,22255000000,82703000000,52.13,None,68.41,53.14
2025-12-28,CCZ,0.0,52.13,None,,None,6435000000,6435000000,,,,,,,,,49000000,4141000000,None,7969000000,7969000000,12214000000,None,None,12835000000,None,None,4803000000,,0.0297,,,,0.0,3522000000,8325000000,2023-09-30,58069000000,0.0,14286000000,1880000000,933000000,100302000000,100302000000,None,1796000000,None,None,None,None,None,None,None,928000000,None,None,None,0.0,,10596000000,3690000000,4871000000,10536000000,None,None,None,,,,,0.0,,,,,,,,0.0,,None,quarterly,USD,None,53751000000,0.0,0.0,0.0,0.0,5793000000,102503000000,8152000000,-319000000,60.86,61.75,261072000000,24141000000,34468000000,177679000000,236932000000,143211000000,22255000000,82625000000,52.13,None,68.41,53.14
2025-12-28,CCZ,0.0,52.13,None,,None,7146000000,7146000000,,,,,,,,,50000000,4183000000,None,7969000000,7969000000,12213000000,None,None,12980000000,None,None,4803000000,,0.0297,,,,0.0,3522000000,8325000000,2023-06-30,59042000000,0.0,14286000000,1880000000,933000000,100767000000,100767000000,None,1796000000,None,None,None,None,None,None,7761000000,928000000,None,None,None,0.0,,10596000000,3690000000,4796000000,9688000000,None,20280000000,None,,,,,0.0,,,,,,,,0.0,,56851000000,quarterly,USD,None,53900000000,0.0,0.0,0.0,0.0,5793000000,97496000000,7697000000,-480000000,60.86,61.75,262147000000,24922000000,32925000000,177230000000,237224000000,144305000000,22255000000,84119000000,52.13,None,68.41,53.14
2025-12-28,CCZ,0.0,52.13,None,,None,5535000000,5535000000,,,,,,,,,50000000,4227000000,None,7969000000,7969000000,12159000000,None,None,12287000000,None,None,4803000000,,0.0297,,,,0.0,3522000000,8325000000,2023-03-31,58960000000,0.0,14286000000,1880000000,933000000,100981000000,100981000000,None,1796000000,None,None,None,None,None,None,7834000000,928000000,None,None,None,0.0,,10596000000,3690000000,4555000000,11290000000,None,20353000000,None,,,,,0.0,,,,,,,,0.0,,56279000000,quarterly,USD,None,52524000000,0.0,0.0,0.0,0.0,5793000000,100706000000,6303000000,None,60.86,61.75,259429000000,22377000000,32415000000,175974000000,237053000000,143559000000,22255000000,82421000000,52.13,None,68.41,53.14
2025-12-28,CCZ,0.0,52.13,None,,None,4749000000,4749000000,,,,,,,,,51000000,4290000000,None,7969000000,7969000000,12544000000,None,None,12672000000,None,None,4803000000,,0.0297,,,,0.0,3522000000,8325000000,2022-12-31,58494000000,0.0,14286000000,1880000000,933000000,101233000000,101233000000,None,1796000000,None,None,None,None,None,None,7250000000,928000000,None,None,None,0.0,,10596000000,3690000000,4405000000,11220000000,None,20395000000,None,,,,,0.0,,,,,,,,0.0,,55485000000,quarterly,USD,None,51609000000,0.0,0.0,0.0,0.0,5793000000,94811000000,1743000000,None,60.86,61.75,257275000000,21826000000,27887000000,175237000000,235449000000,147350000000,22255000000,80943000000,52.13,-7517000000,68.41,53.14
2025-12-28,CCZ,0.0,52.13,None,,None,5695000000,5695000000,,,,,,,,,52000000,4377000000,None,7969000000,7969000000,12241000000,None,None,11918000000,None,None,4803000000,,0.0297,,,,0.0,3522000000,8325000000,2022-09-30,56414000000,0.0,14286000000,1880000000,933000000,100654000000,100654000000,None,1796000000,None,None,None,None,None,None,7318000000,928000000,None,None,None,0.0,,10596000000,3690000000,5803000000,10954000000,None,20288000000,None,,,,,0.0,,,,,,,,0.0,,53555000000,quarterly,USD,None,52541000000,0.0,0.0,0.0,0.0,5793000000,92451000000,2047000000,None,60.86,61.75,254308000000,23416000000,27999000000,172966000000,230891000000,144967000000,22255000000,80296000000,52.13,-7517000000,68.41,53.14
2025-12-28,CCZ,0.0,52.13,None,,None,6822000000,6822000000,,,,,,,,,53000000,4482000000,None,7969000000,7969000000,12304000000,None,None,11956000000,None,None,4803000000,,0.0297,,,,0.0,3522000000,8325000000,2022-06-30,66486000000,0.0,14286000000,1880000000,933000000,101715000000,101715000000,None,1796000000,None,None,None,None,None,None,7598000000,928000000,None,None,None,0.0,,10596000000,3690000000,5414000000,10411000000,None,20254000000,None,,,,,0.0,,,,,,,,0.0,,53508000000,quarterly,USD,None,61209000000,0.0,0.0,0.0,0.0,5793000000,93542000000,2083000000,None,60.86,61.75,267032000000,24192000000,27585000000,173961000000,242841000000,146376000000,22255000000,91426000000,52.13,-7517000000,68.41,53.14
2025-12-28,CCZ,0.0,52.13,None,,None,8880000000,8880000000,,,,,,,,,53000000,4558000000,None,7969000000,7969000000,12707000000,None,None,12300000000,None,None,4803000000,,0.0297,,,,0.0,3522000000,8325000000,2022-03-31,69052000000,0.0,14286000000,1880000000,933000000,104193000000,104193000000,None,1796000000,None,None,None,None,None,None,8287000000,928000000,None,None,None,0.0,,10596000000,3690000000,4201000000,11815000000,None,20441000000,None,,,,,0.0,,,,,,,,0.0,,53820000000,quarterly,USD,None,61555000000,0.0,0.0,0.0,0.0,5793000000,94560000000,2117000000,None,60.86,61.75,274074000000,25381000000,29657000000,177568000000,248692000000,147911000000,22255000000,94693000000,52.13,-7517000000,68.41,53.14
2025-12-28,CCZ,0.0,52.13,None,,None,8711000000,8711000000,,,,,,,,,54000000,4613000000,None,7969000000,7969000000,12455000000,None,None,12008000000,None,None,4803000000,,0.0297,,,,0.0,3522000000,8325000000,2021-12-31,70189000000,0.0,14286000000,1880000000,933000000,105751000000,105751000000,None,1796000000,None,-12008000000,None,None,None,None,8082000000,928000000,None,None,None,0.0,,10596000000,3690000000,4088000000,11721000000,None,20620000000,None,,,,,0.0,,,,,,,,0.0,,54047000000,quarterly,USD,None,61902000000,0.0,0.0,0.0,0.0,5793000000,94850000000,2132000000,None,60.86,61.75,275905000000,24807000000,29348000000,177896000000,251098000000,148548000000,22255000000,96092000000,52.13,-7517000000,68.41,53.14
2025-12-28,CCZ,0.0,52.13,None,,None,11806000000,11806000000,,,,,,,,,54000000,4665000000,None,7969000000,7969000000,12020000000,None,None,11974000000,None,None,4803000000,,0.0297,,,,0.0,3522000000,8325000000,2021-09-30,69626000000,0.0,14286000000,1880000000,933000000,105403000000,105403000000,None,1796000000,None,None,None,None,None,None,None,928000000,None,None,None,0.0,,10596000000,3690000000,3647000000,10932000000,None,20756000000,None,,,,,0.0,,,,,,,,0.0,,52809000000,quarterly,USD,None,61783000000,0.0,0.0,0.0,0.0,5793000000,97217000000,695000000,9163000000,60.86,61.75,277061000000,27427000000,26738000000,179235000000,249634000000,152497000000,22255000000,95782000000,52.13,-7517000000,68.41,53.14
2025-12-28,CCZ,0.0,52.13,None,,None,12378000000,12378000000,,,,,,,,,55000000,4673000000,None,7969000000,7969000000,11672000000,None,None,11110000000,None,None,4803000000,,0.0297,,,,0.0,3522000000,8325000000,2021-06-30,70429000000,0.0,14286000000,1880000000,933000000,106058000000,106058000000,None,1796000000,None,None,None,None,None,None,None,928000000,None,None,None,0.0,,10596000000,3690000000,3558000000,10669000000,None,20775000000,None,,,,,0.0,,,,,,,,0.0,,52769000000,quarterly,USD,None,60359000000,0.0,0.0,0.0,0.0,5793000000,98582000000,3407000000,8903000000,60.86,61.75,277004000000,27046000000,29314000000,179958000000,249958000000,150644000000,22255000000,94935000000,52.13,-7517000000,68.41,53.14
2025-12-28,CCZ,0.0,52.13,None,,None,14950000000,14950000000,,,,,,,,,55000000,4665000000,None,7969000000,7969000000,11148000000,None,None,10986000000,None,None,4803000000,,0.0297,,,,0.0,3522000000,8325000000,2021-03-31,70106000000,0.0,14286000000,1880000000,933000000,107209000000,107209000000,None,1796000000,None,None,None,None,None,None,None,928000000,None,None,None,0.0,,10596000000,3690000000,3502000000,11510000000,None,20690000000,None,,,,,0.0,,,,,,,,0.0,,52317000000,quarterly,USD,None,58321000000,0.0,0.0,0.0,0.0,5793000000,103713000000,4777000000,None,60.86,61.75,278511000000,29438000000,30811000000,183865000000,249073000000,153054000000,22255000000,92575000000,52.13,-7517000000,68.41,53.14
2025-12-28,CCZ,0.0,52.13,None,,None,11740000000,11740000000,,,,,,,,,54000000,4645000000,None,7969000000,7969000000,11364000000,None,None,11466000000,None,None,4803000000,,0.0297,,,,0.0,3522000000,8325000000,2020-12-31,70669000000,0.0,14286000000,1880000000,933000000,108094000000,108094000000,None,1796000000,None,None,None,None,None,None,7820000000,928000000,None,None,None,0.0,,10596000000,3690000000,3535000000,9887000000,None,18222000000,None,,,,,0.0,,,,,,,,0.0,,51995000000,quarterly,USD,None,56438000000,0.0,0.0,0.0,0.0,5793000000,103760000000,3864000000,7820000000,60.86,61.75,273869000000,26741000000,28796000000,180851000000,247128000000,152055000000,22255000000,90323000000,52.13,-7517000000,68.41,53.14
2025-12-28,CCZ,0.0,52.13,None,,None,13707000000,13707000000,,,,,,,,,54000000,4628000000,None,7969000000,7969000000,10979000000,None,None,10310000000,None,None,4803000000,,0.0297,,,,0.0,3522000000,8325000000,2020-09-30,68898000000,0.0,14286000000,1880000000,933000000,106591000000,106591000000,None,1796000000,None,None,None,None,None,None,6702000000,928000000,None,None,None,0.0,,10596000000,3690000000,3352000000,11215000000,None,17537000000,None,,,,,0.0,,,,,,,,0.0,,50466000000,quarterly,USD,None,54254000000,0.0,0.0,0.0,0.0,5793000000,104424000000,4429000000,6702000000,60.86,61.75,268940000000,27369000000,29511000000,180115000000,241571000000,150604000000,22255000000,86176000000,52.13,-7517000000,68.41,53.14
2025-12-28,CCZ,0.0,52.13,None,,None,13935000000,13935000000,,,,,,,,,54000000,4607000000,None,7969000000,7969000000,10426000000,None,None,10227000000,None,None,4803000000,,0.0297,,,,0.0,3522000000,8325000000,2020-06-30,67354000000,0.0,14286000000,1880000000,933000000,105764000000,105764000000,None,1796000000,None,None,None,None,None,None,6845000000,928000000,None,None,None,0.0,,10596000000,3690000000,3323000000,11570000000,None,17608000000,None,,,,,0.0,,,,,,,,0.0,,48985000000,quarterly,USD,None,53420000000,0.0,0.0,0.0,0.0,5793000000,104810000000,4046000000,None,60.86,61.75,265978000000,27485000000,28445000000,179931000000,238493000000,151486000000,22255000000,83614000000,52.13,-7517000000,68.41,53.14
2025-12-28,CCZ,0.0,52.13,None,,None,8516000000,8516000000,,,,,,,,,54000000,4617000000,None,7969000000,7969000000,9963000000,None,None,10800000000,None,None,4803000000,,0.0297,,,,0.0,3522000000,8325000000,2020-03-31,67218000000,0.0,14286000000,1880000000,933000000,106422000000,106422000000,None,1796000000,None,None,None,None,None,None,6468000000,928000000,None,None,None,0.0,,10596000000,3690000000,4768000000,12030000000,None,17144000000,None,,,,,0.0,,,,,,,,0.0,,48442000000,quarterly,USD,None,51516000000,0.0,0.0,0.0,0.0,5793000000,103577000000,2973000000,6468000000,60.86,61.75,262421000000,24084000000,27600000000,178379000000,238337000000,150779000000,22255000000,81506000000,52.13,-7517000000,68.41,53.14
2025-12-28,CCZ,0.0,52.13,None,,None,5500000000,5500000000,,,,,,,,,54000000,4623000000,None,7969000000,7969000000,10826000000,None,None,11292000000,None,None,4803000000,,0.0297,,,,0.0,3522000000,8325000000,2019-12-31,68725000000,0.0,14286000000,1880000000,933000000,104426000000,104426000000,None,1796000000,None,None,None,None,None,None,6989000000,928000000,None,None,None,0.0,,10596000000,3690000000,8600000000,10816000000,None,16765000000,None,,,,,0.0,,,,,,,,0.0,,48322000000,quarterly,USD,None,50695000000,0.0,0.0,0.0,0.0,5793000000,102217000000,5167000000,1600000000,60.86,61.75,263414000000,25392000000,30292000000,178168000000,238022000000,147876000000,22255000000,82726000000,52.13,-7517000000,68.41,53.14
2025-12-28,CCZ,0.0,52.13,None,,None,3507000000,3507000000,,,,,,,,,54000000,4619000000,None,7969000000,7969000000,10198000000,None,None,10684000000,None,None,4803000000,,0.0297,,,,0.0,3522000000,8325000000,2019-09-30,66913000000,0.0,14286000000,1880000000,933000000,103176000000,103176000000,None,1796000000,None,None,None,None,None,None,7473000000,928000000,None,None,None,0.0,,10596000000,3690000000,8132000000,11808000000,None,16853000000,None,,,,,0.0,,,,,,,,0.0,,46790000000,quarterly,USD,None,48570000000,0.0,0.0,0.0,0.0,5793000000,100886000000,1039000000,7473000000,60.86,61.75,256374000000,22323000000,25989000000,175846000000,234051000000,149857000000,22255000000,78144000000,52.13,-7517000000,68.41,53.14
2025-12-28,CCZ,0.0,52.13,None,,None,3919000000,3919000000,,,,,,,,,54000000,4607000000,None,7969000000,7969000000,10014000000,None,None,10835000000,None,None,4803000000,,0.0297,,,,0.0,3522000000,8325000000,2019-06-30,67945000000,0.0,14286000000,1880000000,933000000,103994000000,103994000000,None,1796000000,None,None,None,None,None,None,8438000000,928000000,None,None,None,0.0,,10596000000,3690000000,6607000000,11987000000,None,17144000000,None,,,,,0.0,,,,,,,,0.0,,46047000000,quarterly,USD,None,46425000000,0.0,0.0,0.0,0.0,5793000000,107613000000,6365000000,8438000000,60.86,61.75,256555000000,21361000000,31008000000,177396000000,235194000000,146388000000,22255000000,76850000000,52.13,-7517000000,68.41,53.14
2025-12-28,CCZ,0.0,52.13,None,,None,3498000000,3498000000,,,,,,,,,54000000,4594000000,None,7969000000,7969000000,10232000000,None,None,10736000000,None,None,4803000000,,0.0297,,,,0.0,3522000000,8325000000,2019-03-31,68073000000,0.0,14286000000,1880000000,933000000,104318000000,104318000000,None,1796000000,None,None,None,None,None,None,None,928000000,None,None,None,0.0,,10596000000,3690000000,6039000000,10571000000,None,18811000000,None,,,,,0.0,,,,,,,,0.0,,45721000000,quarterly,USD,None,44379000000,0.0,0.0,0.0,0.0,5793000000,109093000000,4629000000,9159000000,60.86,61.75,256189000000,20273000000,27917000000,179011000000,235916000000,151094000000,22255000000,74959000000,52.13,-7517000000,68.41,53.14
2025-12-28,CCZ,0.0,52.13,None,,None,3814000000,3814000000,,,,,,,,,54000000,4596000000,None,7969000000,7969000000,8494000000,None,None,11104000000,None,None,4803000000,,0.0297,,,,0.0,3522000000,8325000000,2018-12-31,66154000000,0.0,14286000000,1880000000,933000000,105560000000,105560000000,None,1796000000,None,None,None,None,None,None,7883000000,928000000,None,None,None,0.0,,10596000000,3690000000,6930000000,12529000000,None,15329000000,None,,,,,0.0,,,,,,,,0.0,,44437000000,quarterly,USD,None,41983000000,0.0,0.0,0.0,0.0,5793000000,111743000000,4398000000,7883000000,60.86,61.75,251684000000,21848000000,27603000000,177866000000,229836000000,150263000000,22255000000,71613000000,52.13,-7517000000,68.41,53.14
2025-12-28,CCZ,0.0,52.13,None,,None,10616000000,10616000000,,,,,,,,,54000000,4619000000,None,7969000000,7969000000,7036000000,None,None,8983000000,None,None,4803000000,,0.0297,,,,0.0,3522000000,8325000000,2018-09-30,36703000000,0.0,14286000000,1880000000,933000000,85391000000,85391000000,None,1796000000,None,0,None,None,0,None,None,928000000,None,None,None,0.0,,10596000000,3690000000,3607000000,7785000000,None,12468000000,None,,,,,0.0,,,,,,,,0.0,,39855000000,quarterly,USD,None,41218000000,0.0,0.0,0.0,0.0,5793000000,72884000000,3173000000,7724000000,60.86,61.75,200635000000,23206000000,19627000000,126973000000,177429000000,107346000000,22255000000,71523000000,52.13,-7517000000,68.41,53.14
2025-12-28,CCZ,0.0,52.13,None,,None,5726000000,5726000000,,,,,,,,,54000000,4643000000,None,7969000000,7969000000,6940000000,None,None,8847000000,None,None,4803000000,,0.0297,,,,0.0,3522000000,8325000000,2018-06-30,36872000000,0.0,14286000000,1880000000,933000000,85624000000,85624000000,None,1796000000,None,0,None,None,0,None,None,928000000,None,None,None,0.0,,10596000000,3690000000,3642000000,7687000000,None,12069000000,None,,,,,0.0,,,,,,,,0.0,,39355000000,quarterly,USD,None,40269000000,0.0,0.0,0.0,0.0,5793000000,64580000000,2634000000,7438000000,60.86,61.75,191248000000,18215000000,19007000000,118162000000,173033000000,99155000000,22255000000,70694000000,52.13,-7517000000,68.41,53.14
2025-12-28,CCZ,0.0,52.13,None,,None,6030000000,6030000000,,,,,,,,,55000000,4705000000,None,7969000000,7969000000,7349000000,None,None,8759000000,None,None,4803000000,,0.0297,,,,0.0,3522000000,8325000000,2018-03-31,37147000000,0.0,14286000000,1880000000,933000000,85106000000,85106000000,None,1796000000,None,0,None,None,0,None,None,928000000,None,None,None,0.0,,10596000000,3690000000,3964000000,7213000000,None,11253000000,None,,,,,0.0,,,,,,,,0.0,,39068000000,quarterly,USD,None,38961000000,0.0,0.0,0.0,0.0,5793000000,66717000000,3039000000,7095000000,60.86,61.75,190876000000,18753000000,19179000000,118812000000,172123000000,99633000000,22255000000,69482000000,52.13,-7517000000,68.41,53.14
2025-12-28,CCZ,0.0,52.13,None,,None,3428000000,3428000000,,,,,,,,,55000000,4729000000,None,7969000000,7969000000,6908000000,None,None,8546000000,None,None,4803000000,,0.0297,,,,0.0,3522000000,8325000000,2017-12-31,36780000000,0.0,14286000000,1880000000,933000000,85219000000,85219000000,None,1796000000,None,9000000,None,None,0,None,6931000000,928000000,None,None,None,0.0,,10596000000,3690000000,4086000000,7967000000,None,10904000000,None,,,,,0.0,,,,,,,,0.0,,38470000000,quarterly,USD,None,38192000000,0.0,0.0,0.0,0.0,5793000000,64556000000,5134000000,9000000,60.86,61.75,186949000000,16060000000,21561000000,116143000000,170889000000,94582000000,22255000000,68606000000,52.13,-7517000000,68.41,53.14
2025-12-28,CCZ,0.0,52.13,None,,None,4114000000,4114000000,,,,,,,,,55000000,4777000000,None,7969000000,7969000000,6976000000,None,None,7915000000,None,None,4803000000,,0.0297,,,,0.0,3522000000,8325000000,2017-09-30,36752000000,0.0,14286000000,1880000000,933000000,84893000000,84893000000,None,1796000000,None,0,None,None,0,None,None,928000000,None,None,None,0.0,,10596000000,3690000000,3931000000,7660000000,None,10914000000,None,,,,,0.0,,,,,,,,0.0,,37856000000,quarterly,USD,None,24979000000,0.0,0.0,0.0,0.0,5793000000,64961000000,5241000000,6695000000,60.86,61.75,185301000000,15960000000,21449000000,127685000000,169341000000,106236000000,22255000000,55427000000,52.13,-7517000000,68.41,53.14
2025-12-28,CCZ,0.0,52.13,None,,None,2693000000,2693000000,,,,,,,,,56000000,4809000000,None,7969000000,7969000000,6730000000,None,None,7849000000,None,None,4803000000,,0.0297,,,,0.0,3522000000,8325000000,2017-06-30,36742000000,0.0,14286000000,1880000000,933000000,84866000000,84866000000,None,1796000000,None,0,None,None,0,None,6521000000,928000000,None,None,None,0.0,,10596000000,3690000000,4290000000,7740000000,None,10837000000,None,,,,,0.0,,,,,,,,0.0,,37171000000,quarterly,USD,None,24560000000,0.0,0.0,0.0,0.0,5793000000,63568000000,6358000000,6521000000,60.86,61.75,183031000000,14832000000,22276000000,125732000000,168199000000,103456000000,22255000000,55005000000,52.13,-7517000000,68.41,53.14
2025-12-28,CCZ,0.0,52.13,None,,None,4022000000,4022000000,,,,,,,,,56000000,4832000000,None,7969000000,7969000000,6658000000,None,None,7525000000,None,None,4803000000,,0.0297,,,,0.0,3522000000,8325000000,2017-03-31,36592000000,0.0,14286000000,1880000000,933000000,85346000000,85346000000,None,1796000000,None,0,None,None,0,None,5938000000,928000000,None,None,None,0.0,,10596000000,3690000000,3698000000,7673000000,None,10677000000,None,,,,,0.0,,,,,,,,0.0,,36626000000,quarterly,USD,None,24063000000,0.0,0.0,0.0,0.0,5793000000,61785000000,3509000000,5938000000,60.86,61.75,182479000000,15245000000,19074000000,123375000000,167234000000,104301000000,22255000000,55059000000,52.13,-7517000000,68.41,53.14
2025-12-28,CCZ,0.0,52.13,None,,None,3301000000,3301000000,,,,,,,,,28000000,5088771063,None,7969000000,7969000000,6915000000,None,None,7955000000,None,None,4803000000,,0.0297,,,,0.0,3522000000,8325000000,2016-12-31,35980000000,0.0,14286000000,1880000000,933000000,83890000000,83890000000,None,1796000000,None,1772000000,None,None,0,None,5247000000,928000000,None,None,None,0.0,,10596000000,3690000000,5105000000,8008000000,None,10925000000,None,,,,,0.0,,,,,,,,0.0,,36253000000,quarterly,USD,None,23076000000,0.0,0.0,0.0,0.0,5793000000,61046000000,5480000000,1772000000,60.86,61.75,180500000000,16361000000,21535000000,122880000000,164139000000,101345000000,22255000000,53943000000,52.13,-7517000000,68.41,53.14
2025-12-28,CCZ,0.0,52.13,None,,None,2807000000,2807000000,,,,,,,,,28000000,4862000000,None,7969000000,7969000000,6594000000,None,None,7533000000,None,None,4803000000,,0.0297,,,,0.0,3522000000,8325000000,2016-09-30,36652000000,0.0,14286000000,1880000000,933000000,83873000000,83873000000,None,1796000000,None,0,None,None,0,None,3857000000,928000000,None,None,None,0.0,,10596000000,3690000000,4888000000,6771000000,None,11119000000,None,,,,,0.0,,,,,,,,0.0,,35656000000,quarterly,USD,None,22510000000,0.0,0.0,0.0,0.0,5793000000,60428000000,3333000000,3857000000,60.86,61.75,177924000000,15228000000,18038000000,120775000000,162696000000,102737000000,22255000000,53481000000,52.13,-7517000000,68.41,53.14
2025-12-28,CCZ,0.0,52.13,None,,None,4665000000,4665000000,,,,,,,,,28000000,4891000000,None,7969000000,7969000000,6359000000,None,None,6708000000,None,None,4803000000,,0.0297,,,,0.0,3522000000,8325000000,2016-06-30,33792000000,0.0,14286000000,1880000000,933000000,82379000000,82379000000,None,1796000000,None,0,None,None,0,None,3679000000,928000000,None,None,None,0.0,,10596000000,3690000000,3404000000,6697000000,None,10719000000,None,,,,,0.0,,,,,,,,0.0,,34896000000,quarterly,USD,None,22117000000,0.0,0.0,0.0,0.0,5793000000,55563000000,2934000000,3679000000,60.86,61.75,171985000000,14777000000,17601000000,115461000000,157208000000,97860000000,22255000000,53098000000,52.13,-7517000000,68.41,53.14
2025-12-28,CCZ,0.0,52.13,None,,None,5628000000,5628000000,,,,,,,,,29000000,4925000000,None,7969000000,7969000000,6333000000,None,None,6375000000,None,None,4803000000,,0.0297,,,,0.0,3522000000,8325000000,2016-03-31,33458000000,0.0,14286000000,1880000000,933000000,81964000000,81964000000,None,1796000000,None,None,None,None,None,None,3638000000,928000000,None,None,None,0.0,,10596000000,3690000000,3177000000,7239000000,None,10431000000,None,,,,,0.0,,,,,,,,0.0,,34122000000,quarterly,USD,None,21750000000,0.0,0.0,0.0,0.0,5793000000,55634000000,4119000000,3638000000,60.86,61.75,170599000000,15180000000,19084000000,114851000000,155419000000,95767000000,22255000000,52642000000,52.13,-7517000000,68.41,53.14
2025-12-28,CCZ,0.0,52.13,None,,None,2295000000,2295000000,,,,,,,,,29000000,4962000000,None,7969000000,7969000000,6215000000,None,None,6896000000,None,None,4803000000,,0.0297,,,,0.0,3522000000,8325000000,2015-12-31,32945000000,0.0,14286000000,1880000000,933000000,82165000000,82165000000,None,1796000000,None,None,None,None,None,None,3224000000,928000000,None,None,None,0.0,,10596000000,3690000000,3133000000,7034000000,None,10637000000,None,,,,,0.0,,,,,,,,0.0,,33665000000,quarterly,USD,None,21413000000,0.0,0.0,0.0,0.0,5793000000,52621000000,3627000000,106000000,60.86,61.75,166574000000,12303000000,18178000000,111375000000,154271000000,93197000000,22255000000,52269000000,52.13,-7517000000,68.41,53.14
2025-12-28,CCZ,0.0,52.13,None,,None,1893000000,1893000000,,,,,,,,,29000000,5004000000,None,7969000000,7969000000,5996000000,None,None,6527000000,None,None,4803000000,,0.0297,,,,0.0,3522000000,8325000000,2015-09-30,27492000000,0.0,14286000000,1880000000,933000000,81972000000,81972000000,None,1796000000,None,None,None,None,None,None,3323000000,928000000,None,None,None,0.0,,10596000000,3690000000,2944000000,6946000000,None,10694000000,None,,,,,0.0,,,,,,,,0.0,,32170000000,quarterly,USD,None,20883000000,0.0,0.0,0.0,0.0,5793000000,47757000000,3152000000,137000000,60.86,61.75,158958000000,11501000000,17359000000,105789000000,147457000000,88430000000,22255000000,51716000000,52.13,-7517000000,68.41,53.14
2025-12-28,CCZ,0.0,52.13,None,,None,3486000000,3486000000,,,,,,,,,29000000,5062000000,None,7969000000,7969000000,5880000000,None,None,7016000000,None,None,4803000000,,0.0297,,,,0.0,3522000000,8325000000,2015-06-30,27422000000,0.0,14286000000,1880000000,933000000,81917000000,81917000000,None,1796000000,None,None,None,None,None,None,2999000000,928000000,None,None,None,0.0,,10596000000,3690000000,2673000000,6676000000,None,10438000000,None,,,,,0.0,,,,,,,,0.0,,31572000000,quarterly,USD,None,21313000000,0.0,0.0,0.0,0.0,5793000000,48523000000,3887000000,144000000,60.86,61.75,159674000000,13319000000,17565000000,105837000000,146355000000,88272000000,22255000000,52400000000,52.13,-7517000000,68.41,53.14
2025-12-28,CCZ,0.0,52.13,None,,None,3937000000,3937000000,,,,,,,,,30000000,5112000000,None,7969000000,7969000000,6157000000,None,None,6144000000,None,None,4803000000,,0.0297,,,,0.0,3522000000,8325000000,2015-03-31,27302000000,0.0,14286000000,1880000000,933000000,81853000000,81853000000,None,1796000000,None,None,None,None,None,None,3235000000,928000000,None,None,None,0.0,,10596000000,3690000000,2682000000,7195000000,None,10837000000,None,,,,,0.0,,,,,,,,0.0,,31127000000,quarterly,USD,None,21186000000,0.0,0.0,0.0,0.0,5793000000,47133000000,4180000000,158000000,60.86,61.75,158757000000,12921000000,18502000000,105147000000,145836000000,86645000000,22255000000,52171000000,52.13,-7517000000,68.41,53.14
2025-12-28,CCZ,0.0,52.13,None,,None,3910000000,3910000000,,,,,,,,,30000000,5180000000,None,7969000000,7969000000,5638000000,None,None,6321000000,None,None,4803000000,,0.0297,,,,0.0,3522000000,8325000000,2014-12-31,27316000000,0.0,14286000000,1880000000,933000000,82071000000,82071000000,None,1796000000,None,None,None,None,None,None,3135000000,928000000,None,None,None,0.0,,10596000000,3690000000,2698000000,6640000000,None,10819000000,None,,,,,0.0,,,,,,,,0.0,,30953000000,quarterly,USD,None,21539000000,0.0,0.0,0.0,0.0,5793000000,48234000000,4217000000,602000000,60.86,61.75,159339000000,13531000000,17410000000,105205000000,145808000000,87795000000,22255000000,52711000000,52.13,-7517000000,68.41,53.14
2025-12-28,CCZ,0.0,52.13,None,,None,4547000000,4547000000,,,,,,,,,30000000,5232000000,None,7969000000,7969000000,5680000000,None,None,6172000000,None,None,4803000000,,0.0297,,,,0.0,3522000000,8325000000,2014-09-30,27323000000,0.0,14286000000,1880000000,933000000,82013000000,82013000000,None,1796000000,None,None,None,None,None,None,3129000000,928000000,None,None,None,0.0,,10596000000,3690000000,2686000000,6905000000,None,10388000000,None,,,,,0.0,,,,,,,,0.0,,30362000000,quarterly,USD,None,21805000000,0.0,0.0,0.0,0.0,5793000000,48350000000,3523000000,531000000,60.86,61.75,159237000000,13936000000,17084000000,104526000000,145301000000,87442000000,22255000000,53298000000,52.13,-7517000000,68.41,53.14
2025-12-28,CCZ,0.0,52.13,None,,None,1529000000,1529000000,,,,,,,,,30000000,5256000000,None,7969000000,7969000000,5432000000,None,None,6232000000,None,None,4803000000,,0.0297,,,,0.0,3522000000,8325000000,2014-06-30,27323000000,0.0,14286000000,1880000000,933000000,81805000000,81805000000,None,1796000000,None,None,None,None,None,None,3072000000,928000000,None,None,None,0.0,,10596000000,3690000000,2686000000,8149000000,None,11241000000,None,,,,,0.0,,,,,,,,0.0,,29970000000,quarterly,USD,None,20432000000,0.0,0.0,0.0,0.0,5793000000,46549000000,2947000000,2325000000,60.86,61.75,157459000000,12772000000,17375000000,104072000000,144687000000,86697000000,22255000000,51971000000,52.13,-7517000000,68.41,53.14
2025-12-28,CCZ,0.0,52.13,None,,None,3054000000,3054000000,,,,,,,,,30000000,5290000000,None,7969000000,7969000000,5534000000,None,None,6151000000,None,None,4803000000,,0.0297,,,,0.0,3522000000,8325000000,2014-03-31,27103000000,0.0,14286000000,1880000000,933000000,81567000000,81567000000,None,1796000000,None,None,None,None,None,None,3090000000,928000000,None,None,None,0.0,,10596000000,3690000000,2449000000,8674000000,None,11109000000,None,,,,,0.0,,,,,,,,0.0,,29588000000,quarterly,USD,None,19737000000,0.0,0.0,0.0,0.0,5793000000,47400000000,2819000000,2389000000,60.86,61.75,157773000000,14043000000,17803000000,105088000000,143730000000,87285000000,22255000000,51268000000,52.13,-7517000000,68.41,53.14
2025-12-28,CCZ,0.0,52.13,None,,None,1718000000,1718000000,,,,,,,,,30000000,5304000000,None,7969000000,7969000000,5528000000,None,None,6376000000,None,None,4803000000,,0.0297,,,,0.0,3522000000,8325000000,2013-12-31,27098000000,0.0,14286000000,1880000000,933000000,81687000000,81687000000,None,1796000000,None,None,None,None,None,None,None,928000000,None,None,None,0.0,,10596000000,3690000000,2408000000,9206000000,None,None,None,,,,,0.0,,,,,,,,0.0,,None,quarterly,USD,None,19235000000,0.0,0.0,0.0,0.0,5793000000,47847000000,3280000000,3573000000,60.86,61.75,158813000000,14075000000,18912000000,106798000000,144738000000,87886000000,22255000000,50694000000,52.13,None,68.41,53.14
2025-12-28,CCZ,0.0,52.13,None,,None,1603000000,1603000000,,,,,,,,,30000000,5316000000,None,7969000000,7969000000,6032000000,None,None,5501000000,None,None,4803000000,,0.0297,,,,0.0,3522000000,8325000000,2013-09-30,27079000000,0.0,14286000000,1880000000,933000000,81286000000,81286000000,None,1796000000,None,0,None,None,0,None,3672000000,928000000,None,None,None,0.0,,10596000000,3690000000,2171000000,9296000000,None,11493000000,None,,,,,0.0,,,,,,,,0.0,,28806000000,quarterly,USD,None,18324000000,0.0,0.0,0.0,0.0,5793000000,46525000000,2337000000,4132000000,60.86,61.75,156595000000,13407000000,18666000000,105608000000,143188000000,86942000000,22255000000,49718000000,52.13,-7517000000,68.41,53.14
2025-12-28,CCZ,0.0,52.13,None,,None,1389000000,1389000000,,,,,,,,,31000000,5332000000,None,7969000000,7969000000,6077000000,None,None,5507000000,None,None,4803000000,,0.0297,,,,0.0,3522000000,8325000000,2013-06-30,27075000000,0.0,14286000000,1880000000,933000000,81144000000,81144000000,None,1796000000,None,0,None,None,0,None,5299000000,928000000,None,None,None,0.0,,10596000000,3690000000,2074000000,9044000000,None,12461000000,None,,,,,0.0,,,,,,,,0.0,,28255000000,quarterly,USD,None,17509000000,0.0,0.0,0.0,0.0,5793000000,46649000000,2535000000,3765000000,60.86,61.75,156819000000,12735000000,18602000000,106480000000,144084000000,87878000000,22255000000,49091000000,52.13,-7517000000,68.41,53.14
2025-12-28,CCZ,0.0,52.13,None,,None,1839000000,1839000000,,,,,,,,,31000000,5350000000,None,7969000000,7969000000,5750000000,None,None,5063000000,None,None,4803000000,,0.0297,,,,0.0,3522000000,8325000000,2013-03-31,26996000000,0.0,14286000000,1880000000,933000000,81601000000,81601000000,None,1796000000,None,0,None,None,0,None,5433000000,928000000,None,None,None,0.0,,10596000000,3690000000,2040000000,9188000000,None,12640000000,None,,,,,0.0,,,,,,,,0.0,,28219000000,quarterly,USD,None,16730000000,0.0,0.0,0.0,0.0,5793000000,47226000000,2177000000,2841000000,60.86,61.75,156364000000,11783000000,18018000000,106859000000,144581000000,88841000000,22255000000,48190000000,52.13,-7517000000,68.41,53.14
2025-12-28,CCZ,0.0,52.13,None,,None,10951000000,10951000000,,,,,,,,,31000000,5374000000,None,7969000000,7969000000,6206000000,None,None,5521000000,None,None,4803000000,,0.0297,,,,0.0,3522000000,8325000000,2012-12-31,26985000000,0.0,14286000000,1880000000,933000000,82258000000,82258000000,None,1796000000,None,0,None,None,0,None,6325000000,928000000,None,None,None,0.0,,10596000000,3690000000,2055000000,7281000000,None,13271000000,None,,,,,0.0,,,,,,,,0.0,,27232000000,quarterly,USD,None,16280000000,0.0,0.0,0.0,0.0,5793000000,40458000000,2376000000,1464000000,60.86,61.75,164971000000,19991000000,16714000000,98177000000,144980000000,81463000000,22255000000,49356000000,52.13,-7517000000,68.41,53.14
2025-12-28,CCZ,0.0,52.13,None,,None,8899000000,8899000000,,,,,,,,,31000000,5406000000,None,7969000000,7969000000,6250000000,None,None,5123000000,None,None,4803000000,,0.0297,,,,0.0,3522000000,8325000000,2012-09-30,27088000000,0.0,14286000000,1880000000,933000000,82181000000,82181000000,None,1796000000,None,None,None,None,None,None,None,928000000,None,None,None,0.0,,10596000000,3690000000,2643000000,7399000000,None,None,None,,,,,0.0,,,,,,,,0.0,,None,quarterly,USD,None,15774000000,0.0,0.0,0.0,0.0,5793000000,38590000000,2799000000,1401000000,60.86,61.75,162454000000,18066000000,17335000000,96217000000,144388000000,78882000000,22255000000,48892000000,52.13,None,68.41,53.14
2025-12-28,CCZ,0.0,52.13,None,,None,2101000000,2101000000,,,,,,,,,31000000,5434000000,None,7969000000,7969000000,5730000000,None,None,4387000000,None,None,4803000000,,0.0297,,,,0.0,3522000000,8325000000,2012-06-30,27010000000,0.0,14286000000,1880000000,933000000,77150000000,77150000000,None,1796000000,None,None,None,None,None,None,None,928000000,None,None,None,0.0,,10596000000,3690000000,4866000000,11761000000,None,None,None,,,,,0.0,,,,,,,,0.0,,None,quarterly,USD,None,14626000000,0.0,0.0,0.0,0.0,5793000000,37129000000,2954000000,2231000000,60.86,61.75,157688000000,11354000000,15742000000,93230000000,146334000000,77488000000,22255000000,47731000000,52.13,None,68.41,53.14
2025-12-28,CCZ,0.0,52.13,None,,None,2207000000,2207000000,,,,,,,,,31000000,5488000000,None,7969000000,7969000000,5763000000,None,None,4379000000,None,None,4803000000,,0.0297,,,,0.0,3522000000,8325000000,2012-03-31,26803000000,0.0,14286000000,1880000000,933000000,77365000000,77365000000,None,1796000000,None,None,None,None,None,None,None,928000000,None,None,None,0.0,,10596000000,3690000000,2769000000,12927000000,None,None,None,,,,,0.0,,,,,,,,0.0,,None,quarterly,USD,None,14217000000,0.0,0.0,0.0,0.0,5793000000,37785000000,2705000000,10149000000,60.86,61.75,157949000000,9355000000,15632000000,93970000000,148594000000,78338000000,22255000000,47476000000,52.13,None,68.41,53.14
2025-12-28,CCZ,0.0,52.13,None,,None,1620000000,1620000000,,,,,,,,,32000000,5728000000,None,7969000000,7969000000,5705000000,None,None,4351000000,None,None,4803000000,,0.0297,,,,0.0,3522000000,8325000000,2011-12-31,26874000000,0.0,14286000000,1880000000,933000000,77541000000,77541000000,None,1796000000,None,None,None,None,None,None,None,928000000,None,None,None,0.0,,10596000000,3690000000,2602000000,5379000000,None,None,None,,,,,0.0,,,,,,,,0.0,,None,quarterly,USD,None,13971000000,0.0,0.0,0.0,0.0,5793000000,39309000000,1367000000,54000000,60.86,61.75,157818000000,8573000000,13241000000,94149000000,149245000000,80908000000,22255000000,47274000000,52.13,None,68.41,53.14
2025-12-28,CCZ,0.0,52.13,None,,None,1806000000,1806000000,,,,,,,,,32000000,5522000000,None,7969000000,7969000000,5455000000,None,None,4096000000,None,None,4803000000,,0.0297,,,,0.0,3522000000,8325000000,2011-09-30,26831000000,0.0,14286000000,1880000000,933000000,76828000000,76828000000,None,1796000000,None,None,None,None,None,None,None,928000000,None,None,None,0.0,,10596000000,3690000000,2680000000,11698000000,None,None,None,,,,,0.0,,,,,,,,0.0,,None,quarterly,USD,None,13236000000,0.0,0.0,0.0,0.0,5793000000,40970000000,2448000000,9575000000,60.86,61.75,156827000000,8582000000,14146000000,93988000000,148245000000,79842000000,22255000000,46683000000,52.13,None,68.41,53.14
2025-12-28,CCZ,0.0,52.13,None,,None,1997000000,1997000000,,,,,,,,,32000000,5578000000,None,7969000000,7969000000,4838000000,None,None,4156000000,None,None,4803000000,,0.0297,,,,0.0,3522000000,8325000000,2011-06-30,26919000000,0.0,14286000000,1880000000,933000000,76833000000,76833000000,None,1796000000,None,None,None,None,None,None,None,928000000,None,None,None,0.0,,10596000000,3690000000,2197000000,11347000000,None,None,None,,,,,0.0,,,,,,,,0.0,,None,quarterly,USD,None,12932000000,0.0,0.0,0.0,0.0,5793000000,39559000000,1350000000,10829000000,60.86,61.75,154782000000,8350000000,12697000000,92368000000,146432000000,79671000000,22255000000,46643000000,52.13,None,68.41,53.14
2025-12-28,CCZ,0.0,52.13,None,,None,1822000000,1822000000,,,,,,,,,31000000,5610000000,None,7969000000,7969000000,4858000000,None,None,3708000000,None,None,4803000000,,0.0297,,,,0.0,3522000000,8325000000,2011-03-31,27001000000,0.0,14286000000,1880000000,933000000,77167000000,77167000000,None,1796000000,None,None,None,None,None,None,None,928000000,None,None,None,0.0,,10596000000,3690000000,2017000000,11451000000,None,None,None,,,,,0.0,,,,,,,,0.0,,None,quarterly,USD,None,12504000000,0.0,0.0,0.0,0.0,5793000000,40426000000,2296000000,74000000,60.86,61.75,154259000000,7547000000,13747000000,92413000000,146712000000,78666000000,22255000000,46328000000,52.13,None,68.41,53.14
2025-12-28,CCZ,0.0,52.13,None,,None,5984000000,5984000000,,,,,,,,,32000000,5600000000,None,7969000000,7969000000,3291000000,None,None,1855000000,None,None,4803000000,,0.0297,,,,0.0,3522000000,8325000000,2010-12-31,14958000000,0.0,14286000000,1880000000,933000000,63044000000,63044000000,None,1796000000,None,174000000,None,None,None,None,None,928000000,None,None,None,0.0,,10596000000,3690000000,1047000000,6434000000,None,None,None,,,,,0.0,,,,,,,,0.0,,None,quarterly,USD,None,12158000000,0.0,0.0,0.0,0.0,5793000000,31415000000,1800000000,81000000,60.86,61.75,118534000000,8886000000,8234000000,73957000000,109648000000,65723000000,22255000000,44354000000,52.13,None,68.41,53.14
2025-12-28,CCZ,0.0,52.13,None,,None,4542000000,4542000000,,,,,,,,,32000000,5620000000,None,7969000000,7969000000,3297000000,None,None,1868000000,None,None,4803000000,,0.0297,,,,0.0,3522000000,8325000000,2010-09-30,15029000000,0.0,14286000000,1880000000,933000000,63202000000,63202000000,None,1796000000,None,None,None,None,None,None,None,928000000,None,None,None,0.0,,10596000000,3690000000,762000000,6557000000,None,None,None,,,,,0.0,,,,,,,,0.0,,None,quarterly,USD,None,11525000000,0.0,0.0,0.0,0.0,5793000000,31038000000,2300000000,72000000,60.86,61.75,116525000000,7172000000,8857000000,72657000000,109353000000,63800000000,22255000000,43784000000,52.13,None,68.41,53.14
2025-12-28,CCZ,0.0,52.13,None,,None,4028000000,4028000000,,,,,,,,,32000000,5674000000,None,7969000000,7969000000,3126000000,None,None,1845000000,None,None,4803000000,,0.0297,,,,0.0,3522000000,8325000000,2010-06-30,15028000000,0.0,14286000000,1880000000,933000000,63325000000,63325000000,None,1796000000,None,None,None,None,None,None,None,928000000,None,None,None,0.0,,10596000000,3690000000,718000000,6382000000,None,None,None,,,,,0.0,,,,,,,,0.0,,None,quarterly,USD,None,11026000000,0.0,0.0,0.0,0.0,5793000000,30992000000,2308000000,53000000,60.86,61.75,115627000000,6591000000,8690000000,72103000000,109036000000,63413000000,22255000000,43437000000,52.13,None,68.41,53.14
2025-12-28,CCZ,0.0,52.13,None,,None,3483000000,3483000000,,,,,,,,,32000000,5674000000,None,7969000000,7969000000,3006000000,None,None,1581000000,None,None,4803000000,,0.0297,,,,0.0,3522000000,8325000000,2010-03-31,15029000000,0.0,14286000000,1880000000,933000000,63428000000,63428000000,None,1796000000,None,None,None,None,None,None,None,928000000,None,None,None,0.0,,10596000000,3690000000,904000000,6278000000,None,None,None,,,,,0.0,,,,,,,,0.0,,None,quarterly,USD,None,10517000000,0.0,0.0,0.0,0.0,5793000000,30919000000,2337000000,41000000,60.86,61.75,115420000000,5968000000,8615000000,72241000000,109452000000,63626000000,22255000000,43082000000,52.13,None,68.41,53.14
2025-12-28,CCZ,0.0,52.13,None,,None,671000000,671000000,,,,,,,,,32000000,5724000000,None,7969000000,7969000000,14000000,None,None,1711000000,None,None,4803000000,,0.0297,,,,0.0,3522000000,8325000000,2009-12-31,14933000000,0.0,14286000000,1880000000,933000000,63557000000,63557000000,None,1796000000,None,240000000,None,None,None,None,None,928000000,None,None,None,0.0,,10596000000,3690000000,841000000,6093000000,None,None,None,,,,,0.0,,,,,,,,0.0,,None,quarterly,USD,None,10005000000,0.0,0.0,0.0,0.0,5793000000,29096000000,1156000000,50000000,60.86,61.75,112733000000,3223000000,7249000000,69922000000,109510000000,62673000000,22255000000,42721000000,52.13,None,68.41,53.14
2025-12-28,CCZ,0.0,52.13,None,,None,862000000,862000000,,,,,,,,,33000000,5754000000,None,7969000000,7969000000,198000000,None,None,1639000000,None,None,4803000000,,0.0297,,,,0.0,3522000000,8325000000,2009-09-30,14934000000,0.0,14286000000,1880000000,933000000,63651000000,63651000000,None,1796000000,None,0,None,None,0,None,None,928000000,None,None,None,0.0,,10596000000,3690000000,905000000,6138000000,None,None,None,,,,,0.0,,,,,,,,0.0,,23605000000,quarterly,USD,None,9416000000,0.0,0.0,0.0,0.0,5793000000,29447000000,954000000,56000000,60.86,61.75,112463000000,3406000000,7092000000,70082000000,109057000000,62990000000,22255000000,42311000000,52.13,-42381000000,68.41,53.14
2025-12-28,CCZ,0.0,52.13,None,,None,3989000000,3989000000,,,,,,,,,33000000,5782000000,None,7969000000,7969000000,205000000,None,None,1677000000,None,None,4803000000,,0.0297,,,,0.0,3522000000,8325000000,2009-06-30,14928000000,0.0,14286000000,1880000000,933000000,63743000000,63743000000,None,1796000000,None,0,None,None,0,None,None,928000000,None,None,None,0.0,,10596000000,3690000000,871000000,6390000000,None,None,None,,,,,0.0,,,,,,,,0.0,,23715000000,quarterly,USD,None,8736000000,0.0,0.0,0.0,0.0,5793000000,33037000000,4167000000,62000000,60.86,61.75,115237000000,6537000000,10557000000,73423000000,108700000000,62866000000,22255000000,41733000000,52.13,0,68.41,53.14
2025-12-28,CCZ,0.0,52.13,None,,None,1879000000,1879000000,,,,,,,,,33000000,5780000000,None,7969000000,7969000000,216000000,None,None,1483000000,None,None,4803000000,,0.0297,,,,0.0,3522000000,8325000000,2009-03-31,14893000000,0.0,14286000000,1880000000,933000000,63892000000,63892000000,None,1796000000,None,None,None,None,None,None,None,928000000,None,None,None,0.0,,10596000000,3690000000,888000000,6240000000,None,None,None,,,,,0.0,,,,,,,,0.0,,None,quarterly,USD,None,8004000000,0.0,0.0,0.0,0.0,5793000000,32062000000,2647000000,59000000,60.86,61.75,113071000000,4250000000,8887000000,71882000000,108821000000,62995000000,22255000000,41095000000,52.13,None,68.41,53.14
2025-12-28,CCZ,0.0,52.13,None,,None,1195000000,1195000000,,,,,,,,,33000000,5776000000,None,7969000000,7969000000,196000000,None,None,1626000000,None,None,4803000000,,0.0297,,,,0.0,3522000000,8325000000,2008-12-31,14889000000,0.0,14286000000,1880000000,933000000,64007000000,64007000000,None,1796000000,None,292000000,None,None,None,None,None,928000000,None,None,None,0.0,,10596000000,3690000000,895000000,6661000000,None,None,None,,,,,0.0,,,,,,,,0.0,,None,quarterly,USD,None,7427000000,0.0,0.0,0.0,0.0,5793000000,32456000000,2278000000,59000000,60.86,61.75,113017000000,3716000000,8939000000,72270000000,109301000000,63331000000,22255000000,40450000000,52.13,None,68.41,53.14
2025-12-28,CCZ,0.0,52.13,None,,None,2714000000,2714000000,,,,,,,,,33000000,5840000000,None,7969000000,7969000000,3187000000,None,None,1658000000,None,None,4803000000,,0.0297,,,,0.0,3522000000,8325000000,2008-09-30,14909000000,0.0,14286000000,1880000000,933000000,64022000000,64022000000,None,1796000000,None,None,None,None,None,None,None,928000000,None,None,None,0.0,,10596000000,3690000000,1141000000,2985000000,None,None,None,,,,,0.0,,,,,,,,0.0,,None,quarterly,USD,None,7196000000,0.0,0.0,0.0,0.0,5793000000,33688000000,3087000000,203000000,60.86,61.75,114496000000,5513000000,9259000000,67367000000,108983000000,58108000000,22255000000,40204000000,52.13,None,68.41,53.14
2025-12-28,CCZ,0.0,52.13,None,,None,1767000000,1767000000,,,,,,,,,33000000,5940000000,None,7969000000,7969000000,3027000000,None,None,1665000000,None,None,4803000000,,0.0297,,,,0.0,3522000000,8325000000,2008-06-30,15074000000,0.0,14286000000,1880000000,933000000,64063000000,64063000000,None,1796000000,None,None,None,None,None,None,None,928000000,None,None,None,0.0,,10596000000,3690000000,1215000000,3173000000,None,None,None,,,,,0.0,,,,,,,,0.0,,None,quarterly,USD,None,6967000000,0.0,0.0,0.0,0.0,5793000000,32513000000,1889000000,295000000,60.86,61.75,113897000000,4647000000,8089000000,73212000000,109250000000,65123000000,22255000000,40337000000,52.13,None,68.41,53.14
2025-12-28,CCZ,0.0,52.13,None,,None,635000000,635000000,,,,,,,,,34000000,6034000000,None,7969000000,7969000000,2982000000,None,None,1497000000,None,None,4803000000,,0.0297,,,,0.0,3522000000,8325000000,2008-03-31,14867000000,0.0,14286000000,1880000000,933000000,64137000000,64137000000,None,1796000000,None,None,None,None,None,None,None,928000000,None,None,None,0.0,,10596000000,3690000000,972000000,3071000000,None,None,None,,,,,0.0,,,,,,,,0.0,,None,quarterly,USD,None,7187000000,0.0,0.0,0.0,0.0,5793000000,31359000000,1350000000,86000000,60.86,61.75,112824000000,3104000000,7403000000,71638000000,109720000000,64235000000,22255000000,40798000000,52.13,None,68.41,53.14
2025-12-28,CCZ,0.0,52.13,None,,None,963000000,963000000,,,,,,,,,34000000,6156000000,None,7969000000,7969000000,3336000000,None,None,1645000000,None,None,4803000000,,0.0297,,,,0.0,3522000000,8325000000,2007-12-31,14705000000,0.0,14286000000,1880000000,933000000,62816000000,62816000000,None,1796000000,None,214000000,None,None,None,None,None,928000000,None,None,None,0.0,,10596000000,3690000000,1059000000,3121000000,None,None,None,,,,,0.0,,,,,,,,0.0,,None,quarterly,USD,None,7191000000,0.0,0.0,0.0,0.0,5793000000,31323000000,1495000000,98000000,60.86,61.75,113417000000,3667000000,7952000000,71827000000,109750000000,63875000000,22255000000,41340000000,52.13,None,68.41,53.14
2025-12-28,CCZ,0.0,52.13,None,,None,2949000000,2949000000,,,,,,,,,35000000,6236000000,None,7969000000,7969000000,3014000000,None,None,1598000000,None,None,4803000000,,0.0297,,,,0.0,3522000000,8325000000,2007-09-30,14549000000,0.0,14286000000,1880000000,933000000,63172000000,63172000000,None,1796000000,None,None,None,None,None,None,None,928000000,None,None,None,0.0,,10596000000,3690000000,850000000,2926000000,None,None,None,,,,,0.0,,,,,,,,0.0,,None,quarterly,USD,None,7145000000,0.0,0.0,0.0,0.0,5793000000,31104000000,764000000,65000000,60.86,61.75,113171000000,5397000000,6704000000,71018000000,107774000000,64314000000,22255000000,41888000000,52.13,None,68.41,53.14
2025-12-28,CCZ,0.0,52.13,None,,None,828000000,828000000,,,,,,,,,35000000,6294000000,None,7969000000,7969000000,2978000000,None,None,1441000000,None,None,4803000000,,0.0297,,,,0.0,3522000000,8325000000,2007-06-30,14416000000,0.0,14286000000,1880000000,933000000,63079000000,63079000000,None,1796000000,None,None,None,None,None,None,None,928000000,None,None,None,0.0,,10596000000,3690000000,1273000000,3403000000,None,None,None,,,,,0.0,,,,,,,,0.0,,None,quarterly,USD,None,6951000000,0.0,0.0,0.0,0.0,5793000000,28252000000,458000000,395000000,60.86,61.75,110756000000,3542000000,6839000000,68653000000,107214000000,61814000000,22255000000,41825000000,52.13,None,68.41,53.14
2025-12-28,CCZ,0.0,52.13,None,,None,1037000000,1037000000,,,,,,,,,35000000,6322000000,None,7969000000,7969000000,2980000000,None,None,1282000000,None,None,4803000000,,0.0297,,,,0.0,3522000000,8325000000,2007-03-31,14076000000,0.0,14286000000,1880000000,933000000,62860000000,62860000000,None,1796000000,None,None,None,None,None,None,None,928000000,None,None,None,0.0,,10596000000,3690000000,1936000000,3345000000,None,None,None,,,,,0.0,,,,,,,,0.0,,None,quarterly,USD,None,6814000000,0.0,0.0,0.0,0.0,5793000000,28271000000,1049000000,1248000000,60.86,61.75,110337000000,4255000000,7374000000,68259000000,106082000000,60885000000,22255000000,41838000000,52.13,None,68.41,53.14
2025-12-28,CCZ,0.0,52.13,None,,None,1239000000,1239000000,,,,,,,,,35000000,6328000000,None,7969000000,7969000000,2862000000,None,None,1450000000,None,None,4803000000,,0.0297,,,,0.0,3522000000,8325000000,2006-12-31,13768000000,0.0,14286000000,1880000000,933000000,60808000000,60808000000,None,1796000000,None,None,None,None,None,None,None,928000000,None,None,None,0.0,,10596000000,3690000000,778000000,3595000000,None,None,None,,,,,0.0,,,,,,,,0.0,,None,quarterly,USD,None,6214000000,0.0,0.0,0.0,0.0,5793000000,28975000000,983000000,1735000000,60.86,61.75,110405000000,5202000000,7440000000,68997000000,105203000000,61557000000,22255000000,41167000000,52.13,None,68.41,53.14
2025-12-28,CCZ,0.0,52.13,None,,None,2774000000,2774000000,,,,,,,,,24000000,6326000000,None,7969000000,7969000000,2351000000,None,None,1228000000,None,None,4803000000,,0.0297,,,,0.0,3522000000,8325000000,2006-09-30,13515000000,0.0,14286000000,1880000000,933000000,60529000000,60529000000,None,1796000000,None,None,None,None,None,None,None,928000000,None,None,None,0.0,,10596000000,3690000000,1479000000,3052000000,None,None,None,,,,,0.0,,,,,,,,0.0,,None,quarterly,USD,None,6088000000,0.0,0.0,0.0,0.0,5793000000,27219000000,773000000,656000000,60.86,61.75,107972000000,5481000000,6176000000,66574000000,102491000000,60398000000,22255000000,40722000000,52.13,None,68.41,53.14
2025-12-28,CCZ,0.0,52.13,None,,None,973000000,973000000,,,,,,,,,24000000,6368000000,None,7969000000,7969000000,2068000000,None,None,1125000000,None,None,4803000000,,0.0297,,,,0.0,3522000000,8325000000,2006-06-30,13794000000,0.0,14286000000,1880000000,933000000,54456000000,54456000000,None,1796000000,None,None,None,None,None,None,None,928000000,None,None,None,0.0,,10596000000,3690000000,1442000000,2933000000,None,None,None,,,,,0.0,,,,,,,,0.0,,None,quarterly,USD,None,5152000000,0.0,0.0,0.0,0.0,5793000000,24123000000,763000000,813000000,60.86,61.75,103088000000,3540000000,5764000000,62509000000,99548000000,56745000000,22255000000,39907000000,52.13,None,68.41,53.14
2025-12-28,CCZ,0.0,52.13,None,,None,1693000000,1693000000,,,,,,,,,24000000,6426000000,None,7969000000,7969000000,1940000000,None,None,910000000,None,None,4803000000,,0.0297,,,,0.0,3522000000,8325000000,2006-03-31,13620000000,0.0,14286000000,1880000000,933000000,67705000000,67705000000,None,1796000000,None,None,None,None,None,None,None,928000000,None,None,None,0.0,,10596000000,3690000000,1395000000,2879000000,None,None,None,,,,,0.0,,,,,,,,0.0,,None,quarterly,USD,None,5012000000,0.0,0.0,0.0,0.0,5793000000,24130000000,881000000,819000000,60.86,61.75,102982000000,3998000000,5700000000,62294000000,98984000000,56594000000,22255000000,40026000000,52.13,None,68.41,53.14
2025-12-28,CCZ,0.0,52.13,None,,None,693000000,693000000,,,,,,,,,25000000,8284214393,None,7969000000,7969000000,2239000000,None,None,1060000000,None,None,4803000000,,0.0297,,,,0.0,3522000000,8325000000,2005-12-31,13498000000,0.0,14286000000,1880000000,933000000,68468000000,68468000000,None,1796000000,None,387000000,None,None,None,None,None,928000000,None,None,None,0.0,,10596000000,3690000000,693000000,2341000000,None,None,None,,,,,0.0,,,,,,,,0.0,,None,quarterly,USD,None,4825000000,0.0,0.0,0.0,0.0,5793000000,23371000000,1689000000,148000000,60.86,61.75,103146000000,2594000000,6269000000,62270000000,100552000000,56001000000,22255000000,40219000000,52.13,None,68.41,53.14
2025-12-28,CCZ,0.0,52.13,None,,None,579000000,579000000,,,,,,,,,25000000,8284214393,None,7969000000,7969000000,1980000000,None,None,990000000,None,None,4803000000,,0.0297,,,,0.0,3522000000,8325000000,2005-09-30,14111000000,0.0,14286000000,1880000000,933000000,68600000000,68600000000,None,1796000000,None,None,None,None,None,None,None,928000000,None,None,None,0.0,,10596000000,3690000000,794000000,2684000000,None,None,None,,,,,0.0,,,,,,,,0.0,,None,quarterly,USD,None,5046000000,0.0,0.0,0.0,0.0,5793000000,22605000000,2498000000,207000000,60.86,61.75,103397000000,2363000000,7162000000,61787000000,101034000000,54625000000,22255000000,41005000000,52.13,None,68.41,53.14
2025-12-28,CCZ,0.0,52.13,None,,None,1335000000,1335000000,,,,,,,,,25000000,8284214393,None,7969000000,7969000000,2042000000,None,None,1031000000,None,None,4803000000,,0.0297,,,,0.0,3522000000,8325000000,2005-06-30,14118000000,0.0,14286000000,1880000000,933000000,68851000000,68851000000,None,1796000000,None,None,None,None,None,None,None,928000000,None,None,None,0.0,,10596000000,3690000000,1418000000,2773000000,None,None,None,,,,,0.0,,,,,,,,0.0,,None,quarterly,USD,None,5160000000,0.0,0.0,0.0,0.0,5793000000,24130000000,4384000000,848000000,60.86,61.75,105347000000,3784000000,9199000000,63250000000,101563000000,54051000000,22255000000,41418000000,52.13,None,68.41,53.14
2025-12-28,CCZ,0.0,52.13,None,,None,7322000000,7322000000,,,,,,,,,47000000,3908000000,None,7969000000,7969000000,11321000000,None,None,13661000000,None,None,4803000000,,0.0297,,,,0.0,3522000000,8325000000,2024-12-31,58209000000,0.0,14286000000,1880000000,933000000,25599000000,25599000000,None,1796000000,None,None,None,None,None,None,None,928000000,None,None,None,0.0,,10596000000,3690000000,5818000000,31167000000,None,None,None,,,,,0.0,,,,,,,,0.0,,None,annual,None,None,56972000000,0.0,0.0,0.0,0.0,5793000000,4907000000,4907000000,None,60.86,61.75,266211000000,26801000000,39581000000,180173000000,239410000000,140592000000,22255000000,85560000000,52.13,None,68.41,53.14
2025-12-28,CCZ,0.0,52.13,None,,None,6215000000,6215000000,,,,,,,,,48000000,4148000000,None,7969000000,7969000000,12437000000,None,None,13813000000,None,None,4803000000,,0.0297,,,,0.0,3522000000,8325000000,2023-12-31,59268000000,0.0,14286000000,1880000000,933000000,87232000000,87232000000,None,1796000000,None,None,None,None,None,None,None,928000000,None,None,None,0.0,,10596000000,3690000000,3959000000,22450000000,None,None,None,,,,,0.0,,,,,,,,0.0,,None,annual,None,None,52892000000,0.0,0.0,0.0,0.0,5793000000,97090000000,2069000000,863000000,60.86,61.75,264811000000,23987000000,40198000000,181344000000,240824000000,141146000000,22255000000,82703000000,52.13,None,68.41,53.14
2025-12-28,CCZ,0.0,52.13,None,,None,4749000000,4749000000,,,,,,,,,51000000,4430000000,None,7969000000,7969000000,12544000000,None,None,12672000000,None,None,4803000000,,0.0297,,,,0.0,3522000000,8325000000,2022-12-31,58494000000,0.0,14286000000,1880000000,933000000,101233000000,101233000000,None,1796000000,None,None,None,None,None,None,7250000000,928000000,None,None,None,0.0,,10596000000,3690000000,4405000000,10545000000,None,20395000000,None,,,,,0.0,,,,,,,,0.0,,55485000000,annual,USD,None,51609000000,0.0,0.0,0.0,0.0,5793000000,106765000000,2418000000,None,60.86,61.75,257275000000,21826000000,27887000000,175237000000,235449000000,147350000000,22255000000,80943000000,52.13,-7517000000,68.41,53.14
2025-12-28,CCZ,0.0,52.13,None,,None,8711000000,8711000000,,,,,,,,,54000000,4654000000,None,7969000000,7969000000,12455000000,None,None,12008000000,None,None,4803000000,,0.0297,,,,0.0,3522000000,8325000000,2021-12-31,70189000000,0.0,14286000000,1880000000,933000000,105751000000,105751000000,None,1796000000,None,-12008000000,None,None,None,None,8082000000,928000000,None,None,None,0.0,,10596000000,3690000000,4088000000,10955000000,None,20620000000,None,,,,,0.0,,,,,,,,0.0,,54047000000,annual,USD,None,61902000000,0.0,0.0,0.0,0.0,5793000000,107259000000,2898000000,None,60.86,61.75,275905000000,24807000000,29348000000,177896000000,251098000000,148548000000,22255000000,96092000000,52.13,-7517000000,68.41,53.14
2025-12-28,CCZ,0.0,52.13,None,,None,11740000000,11740000000,,,,,,,,,54000000,4624000000,None,7969000000,7969000000,11364000000,None,None,11466000000,None,None,4803000000,,0.0297,,,,0.0,3522000000,8325000000,2020-12-31,70669000000,0.0,14286000000,1880000000,933000000,108094000000,108094000000,None,1796000000,None,None,None,None,None,None,7820000000,928000000,None,None,None,0.0,,10596000000,3690000000,3535000000,11323000000,None,18222000000,None,,,,,0.0,,,,,,,,0.0,,51995000000,annual,USD,None,56438000000,0.0,0.0,0.0,0.0,5793000000,103760000000,3146000000,7820000000,60.86,61.75,273869000000,26741000000,28796000000,180851000000,247128000000,152055000000,22255000000,90323000000,52.13,-7517000000,68.41,53.14
2025-12-28,CCZ,0.0,52.13,None,,None,5500000000,5500000000,,,,,,,,,54000000,4610000000,None,7969000000,7969000000,10826000000,None,None,11292000000,None,None,4803000000,,0.0297,,,,0.0,3522000000,8325000000,2019-12-31,68725000000,0.0,14286000000,1880000000,933000000,104426000000,104426000000,None,1796000000,None,3877000000,None,None,None,None,6989000000,928000000,None,None,None,0.0,,10596000000,3690000000,4723000000,12246000000,None,16765000000,None,,,,,0.0,,,,,,,,0.0,,48322000000,annual,USD,None,50695000000,0.0,0.0,0.0,0.0,5793000000,102217000000,4452000000,1600000000,60.86,61.75,263414000000,25392000000,30292000000,178168000000,238022000000,147876000000,22255000000,82726000000,52.13,-7517000000,68.41,53.14
2025-12-28,CCZ,0.0,52.13,None,,None,3814000000,3814000000,,,,,,,,,54000000,4640000000,None,7969000000,7969000000,8494000000,None,None,11104000000,None,None,4803000000,,0.0297,,,,0.0,3522000000,8325000000,2018-12-31,66154000000,0.0,14286000000,1880000000,933000000,105560000000,105560000000,None,1796000000,None,3746000000,None,None,None,None,7883000000,928000000,None,None,None,0.0,,10596000000,3690000000,6930000000,12529000000,None,15329000000,None,,,,,0.0,,,,,,,,0.0,,44437000000,annual,USD,None,41983000000,0.0,0.0,0.0,0.0,5793000000,111743000000,4398000000,7883000000,60.86,61.75,251684000000,21848000000,27603000000,177866000000,229836000000,150263000000,22255000000,71613000000,52.13,-7517000000,68.41,53.14
2025-12-28,CCZ,0.0,52.13,None,,None,3428000000,3428000000,,,,,,,,,55000000,4786000000,None,7969000000,7969000000,6908000000,None,None,8834000000,None,None,4803000000,,0.0297,,,,0.0,3522000000,8325000000,2017-12-31,36780000000,0.0,14286000000,1880000000,933000000,85219000000,85219000000,None,1796000000,None,9000000,None,None,0,None,6931000000,928000000,None,None,None,0.0,,10596000000,3690000000,4081000000,8264000000,None,10904000000,None,,,,,0.0,,,,,,,,0.0,,38470000000,annual,USD,None,38192000000,0.0,0.0,0.0,0.0,5793000000,64556000000,5134000000,9000000,60.86,61.75,186949000000,16060000000,21561000000,116143000000,170889000000,94582000000,22255000000,68606000000,52.13,-7517000000,68.41,53.14
2025-12-28,CCZ,0.0,52.13,None,,None,3301000000,3301000000,,,,,,,,,28000000,5088771063,None,7969000000,7969000000,6915000000,None,None,7955000000,None,None,4803000000,,0.0297,,,,0.0,3522000000,8325000000,2016-12-31,35980000000,0.0,14286000000,1880000000,933000000,83890000000,83890000000,None,1796000000,None,1772000000,None,None,0,None,5247000000,928000000,None,None,None,0.0,,10596000000,3690000000,5105000000,8008000000,None,10925000000,None,,,,,0.0,,,,,,,,0.0,,36253000000,annual,USD,None,23076000000,0.0,0.0,0.0,0.0,5793000000,61046000000,5480000000,1772000000,60.86,61.75,180500000000,16361000000,21535000000,122880000000,164139000000,101345000000,22255000000,53943000000,52.13,-7517000000,68.41,53.14
2025-12-28,CCZ,0.0,52.13,None,,None,2295000000,2295000000,,,,,,,,,29000000,5036000000,None,7969000000,7969000000,6215000000,None,None,6896000000,None,None,4803000000,,0.0297,,,,0.0,3522000000,8325000000,2015-12-31,32945000000,0.0,14286000000,1880000000,933000000,82165000000,82165000000,None,1796000000,None,None,None,None,None,None,3224000000,928000000,None,None,None,0.0,,10596000000,3690000000,3133000000,7034000000,None,10637000000,None,,,,,0.0,,,,,,,,0.0,,33665000000,annual,USD,None,21413000000,0.0,0.0,0.0,0.0,5793000000,52621000000,3627000000,106000000,60.86,61.75,166574000000,12303000000,18178000000,111375000000,154271000000,93197000000,22255000000,52269000000,52.13,-7517000000,68.41,53.14
2025-12-28,CCZ,0.0,52.13,None,,None,3910000000,3910000000,,,,,,,,,30000000,5240000000,None,7969000000,7969000000,5638000000,None,None,6321000000,None,None,4803000000,,0.0297,,,,0.0,3522000000,8325000000,2014-12-31,27316000000,0.0,14286000000,1880000000,933000000,82071000000,82071000000,None,1796000000,None,None,None,None,None,None,3135000000,928000000,None,None,None,0.0,,10596000000,3690000000,2698000000,6640000000,None,10819000000,None,,,,,0.0,,,,,,,,0.0,,30953000000,annual,USD,None,21539000000,0.0,0.0,0.0,0.0,5793000000,48234000000,4217000000,602000000,60.86,61.75,159339000000,13531000000,17410000000,105205000000,145808000000,87795000000,22255000000,52711000000,52.13,-7517000000,68.41,53.14
2025-12-28,CCZ,0.0,52.13,None,,None,1718000000,1718000000,,,,,,,,,30000000,5330000000,None,7969000000,7969000000,5528000000,None,None,6376000000,None,None,4803000000,,0.0297,,,,0.0,3522000000,8325000000,2013-12-31,27098000000,0.0,14286000000,1880000000,933000000,81687000000,81687000000,None,1796000000,None,None,None,None,None,None,None,928000000,None,None,None,0.0,,10596000000,3690000000,2408000000,9206000000,None,None,None,,,,,0.0,,,,,,,,0.0,,None,annual,USD,None,19235000000,0.0,0.0,0.0,0.0,5793000000,47847000000,3280000000,3573000000,60.86,61.75,158813000000,14075000000,18912000000,106798000000,144738000000,87886000000,22255000000,50694000000,52.13,None,68.41,53.14
2025-12-28,CCZ,0.0,52.13,None,,None,10951000000,10951000000,,,,,,,,,31000000,5434000000,None,7969000000,7969000000,6206000000,None,None,5521000000,None,None,4803000000,,0.0297,,,,0.0,3522000000,8325000000,2012-12-31,26985000000,0.0,14286000000,1880000000,933000000,82258000000,82258000000,None,1796000000,None,0,None,None,0,None,6325000000,928000000,None,None,None,0.0,,10596000000,3690000000,2055000000,7281000000,None,13271000000,None,,,,,0.0,,,,,,,,0.0,,27232000000,annual,USD,None,16280000000,0.0,0.0,0.0,0.0,5793000000,40458000000,2376000000,1464000000,60.86,61.75,164971000000,19991000000,16714000000,98177000000,144980000000,81463000000,22255000000,49356000000,52.13,-7517000000,68.41,53.14
2025-12-28,CCZ,0.0,52.13,None,,None,1620000000,1620000000,,,,,,,,,32000000,5556000000,None,7969000000,7969000000,5705000000,None,None,4351000000,None,None,4803000000,,0.0297,,,,0.0,3522000000,8325000000,2011-12-31,26874000000,0.0,14286000000,1880000000,933000000,77541000000,77541000000,None,1796000000,None,None,None,None,None,None,None,928000000,None,None,None,0.0,,10596000000,3690000000,2602000000,5379000000,None,None,None,,,,,0.0,,,,,,,,0.0,,None,annual,USD,None,13971000000,0.0,0.0,0.0,0.0,5793000000,39309000000,1367000000,54000000,60.86,61.75,157818000000,8573000000,13241000000,94149000000,149245000000,80908000000,22255000000,47274000000,52.13,None,68.41,53.14
2025-12-28,CCZ,0.0,52.13,None,,None,5984000000,5984000000,,,,,,,,,32000000,5640000000,None,7969000000,7969000000,3291000000,None,None,1855000000,None,None,4803000000,,0.0297,,,,0.0,3522000000,8325000000,2010-12-31,14958000000,0.0,14286000000,1880000000,933000000,63044000000,63044000000,None,1796000000,None,None,None,None,None,None,None,928000000,None,None,None,0.0,,10596000000,3690000000,966000000,6434000000,None,None,None,,,,,0.0,,,,,,,,0.0,,None,annual,USD,None,12158000000,0.0,0.0,0.0,0.0,5793000000,31415000000,1800000000,81000000,60.86,61.75,118534000000,8886000000,8234000000,74100000000,109648000000,65866000000,22255000000,44354000000,52.13,None,68.41,53.14
2025-12-28,CCZ,0.0,52.13,None,,None,671000000,671000000,,,,,,,,,32000000,5770000000,None,7969000000,7969000000,14000000,None,None,1711000000,None,None,4803000000,,0.0297,,,,0.0,3522000000,8325000000,2009-12-31,14933000000,0.0,14286000000,1880000000,933000000,63557000000,63557000000,None,1796000000,None,0,None,None,0,None,None,928000000,None,None,None,0.0,,10596000000,3690000000,791000000,6093000000,None,None,None,,,,,0.0,,,,,,,,0.0,,23855000000,annual,USD,None,10005000000,0.0,0.0,0.0,0.0,5793000000,29096000000,1156000000,50000000,60.86,61.75,112733000000,3223000000,7249000000,69922000000,109510000000,62673000000,22255000000,42721000000,52.13,-42811000000,68.41,53.14
2025-12-28,CCZ,0.0,52.13,None,,None,1195000000,1195000000,,,,,,,,,33000000,5916000000,None,7969000000,7969000000,3393000000,None,None,1626000000,None,None,4803000000,,0.0297,,,,0.0,3522000000,8325000000,2008-12-31,14889000000,0.0,14286000000,1880000000,933000000,64007000000,64007000000,None,1796000000,None,None,None,None,None,None,None,928000000,None,None,None,0.0,,10596000000,3690000000,836000000,6661000000,None,None,None,,,,,0.0,,,,,,,,0.0,,None,annual,USD,None,7427000000,0.0,0.0,0.0,0.0,5793000000,32456000000,2278000000,59000000,60.86,61.75,113017000000,3716000000,8939000000,72270000000,109301000000,63331000000,22255000000,40450000000,52.13,None,68.41,53.14
2025-12-28,CCZ,0.0,52.13,None,,None,963000000,963000000,,,,,,,,,34000000,6384000000,None,7969000000,7969000000,3336000000,None,None,1645000000,None,None,4803000000,,0.0297,,,,0.0,3522000000,8325000000,2007-12-31,14705000000,0.0,14286000000,1880000000,933000000,62816000000,62816000000,None,1796000000,None,214000000,None,None,None,None,None,928000000,None,None,None,0.0,,10596000000,3690000000,961000000,3121000000,None,None,None,,,,,0.0,,,,,,,,0.0,,None,annual,USD,None,7191000000,0.0,0.0,0.0,0.0,5793000000,31323000000,1495000000,98000000,60.86,61.75,113417000000,3667000000,7952000000,71827000000,109750000000,63875000000,22255000000,41340000000,52.13,None,68.41,53.14
2025-12-28,CCZ,0.0,52.13,None,,None,1239000000,1239000000,,,,,,,,,35000000,6360000000,None,7969000000,7969000000,2862000000,None,None,1450000000,None,None,4803000000,,0.0297,,,,0.0,3522000000,8325000000,2006-12-31,13768000000,0.0,14286000000,1880000000,933000000,60808000000,60808000000,None,1796000000,None,None,None,None,None,None,None,928000000,None,None,None,0.0,,10596000000,3690000000,778000000,3595000000,None,None,None,,,,,0.0,,,,,,,,0.0,,None,annual,USD,None,6214000000,0.0,0.0,0.0,0.0,5793000000,28975000000,983000000,1735000000,60.86,61.75,110405000000,5202000000,7440000000,68997000000,105203000000,61557000000,22255000000,41167000000,52.13,None,68.41,53.14
2025-12-28,CCZ,0.0,52.13,None,,None,693000000,693000000,,,,,,,,,25000000,8284214393,None,7969000000,7969000000,2239000000,None,None,1008000000,None,None,4803000000,,0.0297,,,,0.0,3522000000,8325000000,2005-12-31,13498000000,0.0,14286000000,1880000000,933000000,68468000000,68468000000,None,1796000000,None,387000000,None,None,None,None,None,928000000,None,None,None,0.0,,10596000000,3690000000,745000000,2341000000,None,None,None,,,,,0.0,,,,,,,,0.0,,None,annual,USD,None,4825000000,0.0,0.0,0.0,0.0,5793000000,23371000000,1689000000,148000000,60.86,61.75,103146000000,2594000000,6269000000,62270000000,100552000000,56001000000,22255000000,40219000000,52.13,None,68.41,53.14
2025-12-28,CCZ,0.0,52.13,None,2678000000,None,693000000,693000000,-1806000000,-4945000000,None,None,None,None,None,None,25000000,8284214393,None,7969000000,7969000000,2239000000,None,None,1008000000,None,None,4803000000,4154000000,0.0297,1238000000,1238000000,None,0.0,3522000000,8325000000,2025-06-30,13498000000,0.0,14286000000,1880000000,933000000,68468000000,68468000000,None,1796000000,None,387000000,None,None,None,None,None,11044000000,None,None,None,0.0,7815000000,10596000000,3690000000,745000000,2341000000,None,None,None,None,None,None,None,0.0,None,None,None,None,None,-1826000000,None,0.0,None,None,quarterly,None,None,4825000000,0.0,0.0,0.0,0.0,5793000000,23371000000,1689000000,148000000,60.86,61.75,103146000000,2594000000,6269000000,62270000000,100552000000,56001000000,22255000000,40219000000,52.13,None,68.41,53.14
2025-12-28,CCZ,0.0,52.13,None,2252000000,None,693000000,693000000,-4075000000,-2958000000,None,None,None,None,None,None,25000000,8284214393,None,7969000000,7969000000,2239000000,None,None,1008000000,None,None,4803000000,3849000000,0.0297,1224000000,1224000000,None,0.0,3522000000,8325000000,2025-03-31,13498000000,0.0,14286000000,1880000000,933000000,68468000000,68468000000,None,1796000000,None,387000000,None,None,None,None,None,3296000000,None,None,None,0.0,8294000000,10596000000,3690000000,745000000,2341000000,None,None,None,None,None,None,None,0.0,None,None,None,None,None,-2240000000,None,0.0,None,None,quarterly,None,None,4825000000,0.0,0.0,0.0,0.0,5793000000,23371000000,1689000000,148000000,60.86,61.75,103146000000,2594000000,6269000000,62270000000,100552000000,56001000000,22255000000,40219000000,52.13,None,68.41,53.14
2025-12-28,CCZ,0.0,52.13,None,3914000000,None,693000000,693000000,-4424000000,-5111000000,None,None,None,None,None,None,25000000,8284214393,None,7969000000,7969000000,2239000000,None,None,1008000000,None,None,4803000000,3833000000,0.0297,1190000000,1190000000,None,0.0,3522000000,8325000000,2024-12-31,13498000000,0.0,14286000000,1880000000,933000000,68468000000,68468000000,None,1796000000,None,387000000,None,None,None,None,None,4685000000,None,None,None,0.0,8080000000,10596000000,3690000000,745000000,2341000000,None,None,None,None,None,None,None,0.0,None,None,None,None,None,-2183000000,None,0.0,None,None,quarterly,None,None,4825000000,0.0,0.0,0.0,0.0,5793000000,23371000000,1689000000,148000000,60.86,61.75,103146000000,2594000000,6269000000,62270000000,100552000000,56001000000,22255000000,40219000000,52.13,None,68.41,53.14
2025-12-28,CCZ,0.0,52.13,None,3615000000,None,693000000,693000000,-642000000,-3680000000,None,None,None,None,None,None,25000000,8284214393,None,7969000000,7969000000,2239000000,None,None,1008000000,None,None,4803000000,3878000000,0.0297,1206000000,1206000000,None,0.0,3522000000,8325000000,2024-09-30,13498000000,0.0,14286000000,1880000000,933000000,68468000000,68468000000,None,1796000000,None,387000000,None,None,None,None,None,3487000000,None,None,None,0.0,7021000000,10596000000,3690000000,745000000,2341000000,None,None,None,None,None,None,None,0.0,None,None,None,None,None,-1990000000,None,0.0,None,None,quarterly,USD,None,4825000000,0.0,0.0,0.0,0.0,5793000000,23371000000,1689000000,148000000,60.86,61.75,103146000000,2594000000,6269000000,62270000000,100552000000,56001000000,22255000000,40219000000,52.13,None,68.41,53.14
2025-12-28,CCZ,0.0,52.13,None,3386000000,None,693000000,693000000,-1794000000,-3368000000,None,None,None,None,None,None,25000000,8284214393,None,7969000000,7969000000,2239000000,None,None,1008000000,None,None,4803000000,3540000000,0.0297,1225000000,1225000000,None,0.0,3522000000,8325000000,2024-06-30,13498000000,0.0,14286000000,1880000000,933000000,68468000000,68468000000,None,1796000000,None,387000000,None,None,None,None,None,3928000000,None,None,None,0.0,4725000000,10596000000,3690000000,745000000,2341000000,None,None,None,None,None,None,None,0.0,None,None,None,None,None,-2266000000,None,0.0,None,None,quarterly,USD,None,4825000000,0.0,0.0,0.0,0.0,5793000000,23371000000,1689000000,148000000,60.86,61.75,103146000000,2594000000,6269000000,62270000000,100552000000,56001000000,22255000000,40219000000,52.13,None,68.41,53.14
2025-12-28,CCZ,0.0,52.13,None,3309000000,None,693000000,693000000,-4023000000,-3511000000,None,None,None,None,None,None,25000000,8284214393,None,7969000000,7969000000,2239000000,None,None,1008000000,None,None,4803000000,3551000000,0.0297,1193000000,1193000000,None,0.0,3522000000,8325000000,2024-03-31,13498000000,0.0,14286000000,1880000000,933000000,68468000000,68468000000,None,1796000000,None,387000000,None,None,None,None,None,3777000000,None,None,None,0.0,7848000000,10596000000,3690000000,745000000,2341000000,None,None,None,None,None,None,None,0.0,None,None,None,None,None,-2664000000,None,0.0,None,None,quarterly,USD,None,4825000000,0.0,0.0,0.0,0.0,5793000000,23371000000,1689000000,148000000,60.86,61.75,103146000000,2594000000,6269000000,62270000000,100552000000,56001000000,22255000000,40219000000,52.13,None,68.41,53.14
2025-12-28,CCZ,0.0,52.13,None,4213000000,None,693000000,693000000,-10714000000,4557000000,None,None,972000000,None,None,None,25000000,8284214393,None,7969000000,7969000000,2239000000,None,None,1008000000,None,None,4803000000,3529000000,0.0297,1180000000,1180000000,None,0.0,3522000000,8325000000,2023-12-31,13498000000,0.0,14286000000,1880000000,933000000,68468000000,68468000000,None,1796000000,None,387000000,None,None,None,None,None,3153000000,None,None,None,0.0,5922000000,10596000000,3690000000,745000000,2341000000,None,None,None,None,None,None,None,0.0,None,None,None,None,None,-3521000000,None,0.0,None,None,quarterly,USD,None,4825000000,0.0,0.0,0.0,0.0,5793000000,23371000000,1689000000,148000000,60.86,61.75,103146000000,2594000000,6269000000,62270000000,100552000000,56001000000,22255000000,40219000000,52.13,None,68.41,53.14
2025-12-28,CCZ,0.0,52.13,None,4123000000,None,693000000,693000000,-4644000000,-4190000000,None,None,-266000000,None,None,None,25000000,8284214393,None,7969000000,7969000000,2239000000,None,None,1008000000,None,None,4803000000,3492000000,0.0297,1199000000,1199000000,None,0.0,3522000000,8325000000,2023-09-30,13498000000,0.0,14286000000,1880000000,933000000,68468000000,68468000000,None,1796000000,None,387000000,None,None,None,None,None,3997000000,None,None,None,0.0,8153000000,10596000000,3690000000,745000000,2341000000,None,None,None,None,None,None,None,0.0,None,None,None,None,None,-3543000000,None,0.0,None,None,quarterly,USD,None,4825000000,0.0,0.0,0.0,0.0,5793000000,23371000000,1689000000,148000000,60.86,61.75,103146000000,2594000000,6269000000,62270000000,100552000000,56001000000,22255000000,40219000000,52.13,None,68.41,53.14
2025-12-28,CCZ,0.0,52.13,None,3775000000,None,693000000,693000000,-1410000000,-4158000000,1630000000,None,522000000,None,None,None,25000000,8284214393,None,7969000000,7969000000,2239000000,None,None,1008000000,None,None,4803000000,3538000000,0.0297,1213000000,1213000000,None,0.0,3522000000,8325000000,2023-06-30,13498000000,0.0,14286000000,1880000000,933000000,68468000000,68468000000,None,1796000000,None,387000000,None,None,None,None,None,4190000000,None,None,None,0.0,7198000000,10596000000,3690000000,745000000,2341000000,None,None,None,None,None,None,None,0.0,None,None,None,None,None,-2051000000,None,0.0,None,None,quarterly,USD,None,4825000000,0.0,0.0,0.0,0.0,5793000000,23371000000,1689000000,148000000,60.86,61.75,103146000000,2594000000,6269000000,62270000000,100552000000,56001000000,22255000000,40219000000,52.13,None,68.41,53.14
2025-12-28,CCZ,0.0,52.13,None,3429000000,None,693000000,693000000,-3082000000,-3370000000,776000000,None,-363000000,None,None,None,25000000,8284214393,None,7969000000,7969000000,2239000000,None,None,1008000000,None,None,4803000000,3777000000,0.0297,1174000000,1174000000,None,0.0,3522000000,8325000000,2023-03-31,13498000000,0.0,14286000000,1880000000,933000000,68468000000,68468000000,None,1796000000,None,387000000,None,None,None,None,None,3767000000,None,None,None,0.0,7228000000,10596000000,3690000000,745000000,2341000000,None,None,None,None,None,None,None,0.0,None,None,None,None,None,-2176000000,None,0.0,None,None,quarterly,USD,None,4825000000,0.0,0.0,0.0,0.0,5793000000,23371000000,1689000000,148000000,60.86,61.75,103146000000,2594000000,6269000000,62270000000,100552000000,56001000000,22255000000,40219000000,52.13,None,68.41,53.14
2025-12-28,CCZ,0.0,52.13,None,4553000000,None,693000000,693000000,-2885000000,-3982000000,-984000000,None,408000000,None,None,None,25000000,8284214393,None,7969000000,7969000000,2239000000,None,None,1008000000,None,None,4803000000,3472000000,0.0297,1170000000,1170000000,None,0.0,3522000000,8325000000,2022-12-31,13498000000,0.0,14286000000,1880000000,933000000,68468000000,68468000000,None,1796000000,None,387000000,None,None,None,None,None,2873000000,None,None,None,0.0,5883000000,10596000000,3690000000,745000000,2341000000,None,None,None,None,None,None,None,0.0,None,None,None,None,None,-3515000000,None,0.0,None,None,quarterly,USD,None,4825000000,0.0,0.0,0.0,0.0,5793000000,23371000000,1689000000,148000000,60.86,61.75,103146000000,2594000000,6269000000,62270000000,100552000000,56001000000,22255000000,40219000000,52.13,None,68.41,53.14
2025-12-28,CCZ,0.0,52.13,None,3561000000,None,693000000,693000000,-4663000000,-3366000000,-1083000000,None,162000000,None,None,None,25000000,8284214393,None,7969000000,7969000000,2239000000,None,None,1008000000,None,None,4803000000,3333000000,0.0297,1194000000,1194000000,None,0.0,3522000000,8325000000,2022-09-30,13498000000,0.0,14286000000,1880000000,933000000,68468000000,68468000000,None,1796000000,None,387000000,None,None,None,None,None,-4665000000,None,None,None,0.0,6946000000,10596000000,3690000000,745000000,2341000000,None,None,None,None,None,None,None,0.0,None,None,None,None,None,-3525000000,None,0.0,None,None,quarterly,USD,None,4825000000,0.0,0.0,0.0,0.0,5793000000,23371000000,1689000000,148000000,60.86,61.75,103146000000,2594000000,6269000000,62270000000,100552000000,56001000000,22255000000,40219000000,52.13,None,68.41,53.14
2025-12-28,CCZ,0.0,52.13,None,3156000000,None,693000000,693000000,-4146000000,-4195000000,-2014000000,None,47000000,None,None,None,25000000,8284214393,None,7969000000,7969000000,2239000000,None,None,1008000000,None,None,4803000000,3468000000,0.0297,1211000000,1211000000,None,0.0,3522000000,8325000000,2022-06-30,13498000000,0.0,14286000000,1880000000,933000000,68468000000,68468000000,None,1796000000,None,387000000,None,None,None,None,None,3241000000,None,None,None,0.0,6327000000,10596000000,3690000000,745000000,2341000000,None,None,None,None,None,None,None,0.0,None,None,None,None,None,-3065000000,None,0.0,None,None,quarterly,USD,None,4825000000,0.0,0.0,0.0,0.0,5793000000,23371000000,1689000000,148000000,60.86,61.75,103146000000,2594000000,6269000000,62270000000,100552000000,56001000000,22255000000,40219000000,52.13,None,68.41,53.14
2025-12-28,CCZ,0.0,52.13,None,2497000000,None,693000000,693000000,-4490000000,-2597000000,170000000,None,None,None,None,None,25000000,8284214393,None,7969000000,7969000000,2239000000,None,None,1008000000,None,None,4803000000,3548000000,0.0297,1166000000,1166000000,None,0.0,3522000000,8325000000,2022-03-31,13498000000,0.0,14286000000,1880000000,933000000,68468000000,68468000000,None,1796000000,None,387000000,None,None,None,None,None,3476000000,None,None,None,0.0,7257000000,10596000000,3690000000,745000000,2341000000,None,None,None,None,None,None,None,0.0,None,None,None,None,None,-3223000000,None,0.0,None,None,quarterly,USD,None,4825000000,0.0,0.0,0.0,0.0,5793000000,23371000000,1689000000,148000000,60.86,61.75,103146000000,2594000000,6269000000,62270000000,100552000000,56001000000,22255000000,40219000000,52.13,None,68.41,53.14
2025-12-28,CCZ,0.0,52.13,None,3905000000,None,693000000,693000000,-5672000000,-5040000000,-3023000000,None,None,None,None,None,25000000,8284214393,None,7969000000,7969000000,2239000000,None,None,1008000000,None,None,4803000000,3582000000,0.0297,1145000000,1145000000,None,0.0,3522000000,8325000000,2021-12-31,13498000000,0.0,14286000000,1880000000,933000000,68468000000,68468000000,None,1796000000,None,387000000,None,None,None,None,None,2979000000,None,None,None,0.0,7689000000,10596000000,3690000000,745000000,2341000000,None,None,None,None,None,None,None,0.0,None,None,None,None,None,-2055000000,None,0.0,None,None,quarterly,USD,None,4825000000,0.0,0.0,0.0,0.0,5793000000,23371000000,1689000000,148000000,60.86,61.75,103146000000,2594000000,6269000000,62270000000,100552000000,56001000000,22255000000,40219000000,52.13,None,68.41,53.14
2025-12-28,CCZ,0.0,52.13,None,2866000000,None,693000000,693000000,-3882000000,-2775000000,-557000000,None,None,None,None,None,25000000,8284214393,None,7969000000,7969000000,2239000000,None,None,1008000000,None,None,4803000000,3477000000,0.0297,1157000000,1157000000,None,0.0,3522000000,8325000000,2021-09-30,13498000000,0.0,14286000000,1880000000,933000000,68468000000,68468000000,None,1796000000,None,387000000,None,None,None,None,None,3932000000,None,None,None,0.0,6100000000,10596000000,3690000000,745000000,2341000000,None,None,None,None,None,None,None,0.0,None,None,None,None,None,-1660000000,None,0.0,None,None,quarterly,USD,None,4825000000,0.0,0.0,0.0,0.0,5793000000,23371000000,1689000000,148000000,60.86,61.75,103146000000,2594000000,6269000000,62270000000,100552000000,56001000000,22255000000,40219000000,52.13,None,68.41,53.14
2025-12-28,CCZ,0.0,52.13,None,2815000000,None,693000000,693000000,-7166000000,-3019000000,-2579000000,None,1619000000,None,None,None,25000000,8284214393,None,7969000000,7969000000,2239000000,None,None,1008000000,None,None,4803000000,3383000000,0.0297,1150000000,1150000000,None,0.0,3522000000,8325000000,2021-06-30,13498000000,0.0,14286000000,1880000000,933000000,68468000000,68468000000,None,1796000000,None,387000000,None,None,None,None,None,3630000000,None,None,None,0.0,7606000000,10596000000,3690000000,745000000,2341000000,None,None,None,None,None,None,None,0.0,None,None,None,None,None,-648000000,None,0.0,None,None,quarterly,USD,None,4825000000,0.0,0.0,0.0,0.0,5793000000,23371000000,1689000000,148000000,60.86,61.75,103146000000,2594000000,6269000000,62270000000,100552000000,56001000000,22255000000,40219000000,52.13,None,68.41,53.14
2025-12-28,CCZ,0.0,52.13,None,2471000000,None,693000000,693000000,-1898000000,-2612000000,3241000000,None,None,None,None,None,25000000,8284214393,None,7969000000,7969000000,2239000000,None,None,1008000000,None,None,4803000000,3362000000,0.0297,1080000000,1080000000,None,0.0,3522000000,8325000000,2021-03-31,13498000000,0.0,14286000000,1880000000,933000000,68468000000,68468000000,None,1796000000,None,387000000,None,None,None,None,None,3292000000,None,None,None,0.0,7751000000,10596000000,3690000000,745000000,2341000000,None,None,None,None,None,None,None,0.0,None,None,None,None,None,-309000000,None,0.0,None,None,quarterly,USD,None,4825000000,0.0,0.0,0.0,0.0,5793000000,23371000000,1689000000,148000000,60.86,61.75,103146000000,2594000000,6269000000,62270000000,100552000000,56001000000,22255000000,40219000000,52.13,None,68.41,53.14
2025-12-28,CCZ,0.0,52.13,None,3519000000,None,693000000,693000000,-2922000000,-4074000000,-1954000000,None,2865000000,None,None,None,25000000,8284214393,None,7969000000,7969000000,2239000000,None,None,1008000000,None,None,4803000000,3252000000,0.0297,1054000000,1054000000,None,0.0,3522000000,8325000000,2020-12-31,13498000000,0.0,14286000000,1880000000,933000000,68468000000,68468000000,None,1796000000,None,387000000,None,None,None,None,None,3437000000,None,None,None,0.0,5042000000,10596000000,3690000000,745000000,2341000000,None,None,None,None,None,None,None,0.0,None,None,None,None,None,-105000000,None,0.0,None,None,quarterly,USD,None,4825000000,0.0,0.0,0.0,0.0,5793000000,23371000000,1689000000,148000000,60.86,61.75,103146000000,2594000000,6269000000,62270000000,100552000000,56001000000,22255000000,40219000000,52.13,None,68.41,53.14
2025-12-28,CCZ,0.0,52.13,None,2939000000,None,693000000,693000000,-2066000000,-3495000000,-333000000,None,2550000000,None,None,None,25000000,8284214393,None,7969000000,7969000000,2239000000,None,None,1008000000,None,None,4803000000,3320000000,0.0297,1058000000,1058000000,None,0.0,3522000000,8325000000,2020-09-30,13498000000,0.0,14286000000,1880000000,933000000,68468000000,68468000000,None,1796000000,None,387000000,None,None,None,None,None,2031000000,None,None,None,0.0,5228000000,10596000000,3690000000,745000000,2341000000,None,None,None,None,None,None,None,0.0,None,None,None,None,None,-160000000,None,0.0,None,None,quarterly,USD,None,4825000000,0.0,0.0,0.0,0.0,5793000000,23371000000,1689000000,148000000,60.86,61.75,103146000000,2594000000,6269000000,62270000000,100552000000,56001000000,22255000000,40219000000,52.13,None,68.41,53.14
2025-12-28,CCZ,0.0,52.13,None,2677000000,None,693000000,693000000,-1899000000,-1377000000,5367000000,None,None,None,None,None,25000000,8284214393,None,7969000000,7969000000,2239000000,None,None,1008000000,None,None,4803000000,3264000000,0.0297,1051000000,1051000000,None,0.0,3522000000,8325000000,2020-06-30,13498000000,0.0,14286000000,1880000000,933000000,68468000000,68468000000,None,1796000000,None,387000000,None,None,None,None,None,3009000000,None,None,None,0.0,8643000000,10596000000,3690000000,745000000,2341000000,None,None,None,None,None,None,None,0.0,None,None,None,None,None,-36000000,None,0.0,None,None,quarterly,USD,None,4825000000,0.0,0.0,0.0,0.0,5793000000,23371000000,1689000000,148000000,60.86,61.75,103146000000,2594000000,6269000000,62270000000,100552000000,56001000000,22255000000,40219000000,52.13,None,68.41,53.14
2025-12-28,CCZ,0.0,52.13,None,2499000000,None,693000000,693000000,374000000,-3101000000,3097000000,None,5429000000,None,None,None,25000000,8284214393,None,7969000000,7969000000,2239000000,None,None,1008000000,None,None,4803000000,3264000000,0.0297,977000000,977000000,None,0.0,3522000000,8325000000,2020-03-31,13498000000,0.0,14286000000,1880000000,933000000,68468000000,68468000000,None,1796000000,None,387000000,None,None,None,None,None,2224000000,None,None,None,0.0,5824000000,10596000000,3690000000,745000000,2341000000,None,None,None,None,None,None,None,0.0,None,None,None,None,None,-233000000,None,0.0,None,None,quarterly,USD,None,4825000000,0.0,0.0,0.0,0.0,5793000000,23371000000,1689000000,148000000,60.86,61.75,103146000000,2594000000,6269000000,62270000000,100552000000,56001000000,22255000000,40219000000,52.13,None,68.41,53.14
2025-12-28,CCZ,0.0,52.13,None,3876000000,None,693000000,693000000,-355000000,-3929000000,1951000000,None,3281000000,None,None,None,25000000,8284214393,None,7969000000,7969000000,2239000000,None,None,1008000000,None,None,4803000000,3177000000,0.0297,957000000,957000000,None,0.0,3522000000,8325000000,2019-12-31,13498000000,0.0,14286000000,1880000000,933000000,68468000000,68468000000,None,1796000000,None,387000000,None,None,None,None,None,3200000000,None,None,None,0.0,6235000000,10596000000,3690000000,745000000,2341000000,None,None,None,None,None,None,None,0.0,None,None,None,None,None,-72000000,None,0.0,None,None,quarterly,USD,None,4825000000,0.0,0.0,0.0,0.0,5793000000,23371000000,1689000000,148000000,60.86,61.75,103146000000,2594000000,6269000000,62270000000,100552000000,56001000000,22255000000,40219000000,52.13,None,68.41,53.14
2025-12-28,CCZ,0.0,52.13,None,3119000000,None,693000000,693000000,-2094000000,-3498000000,-401000000,None,9690000000,None,None,None,25000000,8284214393,None,7969000000,7969000000,2239000000,None,None,1008000000,None,None,4803000000,3180000000,0.0297,955000000,955000000,None,0.0,3522000000,8325000000,2019-09-30,13498000000,0.0,14286000000,1880000000,933000000,68468000000,68468000000,None,1796000000,None,387000000,None,None,None,None,None,3288000000,None,None,None,0.0,5191000000,10596000000,3690000000,745000000,2341000000,None,None,None,None,None,None,None,0.0,None,None,None,None,None,-82000000,None,0.0,None,None,quarterly,USD,None,4825000000,0.0,0.0,0.0,0.0,5793000000,23371000000,1689000000,148000000,60.86,61.75,103146000000,2594000000,6269000000,62270000000,100552000000,56001000000,22255000000,40219000000,52.13,None,68.41,53.14
2025-12-28,CCZ,0.0,52.13,None,2794000000,None,693000000,693000000,-2407000000,-4188000000,445000000,None,8265000000,None,None,None,25000000,8284214393,None,7969000000,7969000000,2239000000,None,None,1008000000,None,None,4803000000,3276000000,0.0297,954000000,954000000,None,0.0,3522000000,8325000000,2019-06-30,13498000000,0.0,14286000000,1880000000,933000000,68468000000,68468000000,None,1796000000,None,387000000,None,None,None,None,None,3203000000,None,None,None,0.0,7040000000,10596000000,3690000000,745000000,2341000000,None,None,None,None,None,None,None,0.0,None,None,None,None,None,-103000000,None,0.0,None,None,quarterly,USD,None,4825000000,0.0,0.0,0.0,0.0,5793000000,23371000000,1689000000,148000000,60.86,61.75,103146000000,2594000000,6269000000,62270000000,100552000000,56001000000,22255000000,40219000000,52.13,None,68.41,53.14
2025-12-28,CCZ,0.0,52.13,None,2639000000,None,693000000,693000000,-4325000000,-3226000000,-320000000,None,5880000000,None,None,None,25000000,8284214393,None,7969000000,7969000000,2239000000,None,None,1008000000,None,None,4803000000,3320000000,0.0297,869000000,869000000,None,0.0,3522000000,8325000000,2019-03-31,13498000000,0.0,14286000000,1880000000,933000000,68468000000,68468000000,None,1796000000,None,387000000,None,None,None,None,None,3632000000,None,None,None,0.0,7231000000,10596000000,3690000000,745000000,2341000000,None,None,None,None,None,None,None,0.0,None,None,None,None,None,-247000000,None,0.0,None,None,quarterly,USD,None,4825000000,0.0,0.0,0.0,0.0,5793000000,23371000000,1689000000,148000000,60.86,61.75,103146000000,2594000000,6269000000,62270000000,100552000000,56001000000,22255000000,40219000000,52.13,None,68.41,53.14
2025-12-28,CCZ,0.0,52.13,None,3727000000,None,693000000,693000000,26006000000,-42264000000,-10468000000,None,-2693000000,None,None,None,25000000,8284214393,None,7969000000,7969000000,2239000000,None,None,1008000000,None,None,4803000000,3197000000,0.0297,865000000,865000000,None,0.0,3522000000,8325000000,2018-12-31,13498000000,0.0,14286000000,1880000000,933000000,68468000000,68468000000,None,1796000000,None,387000000,None,None,None,None,None,2582000000,None,None,None,0.0,5790000000,10596000000,3690000000,745000000,2341000000,None,None,None,None,None,None,None,0.0,None,None,None,None,None,-1038000000,None,0.0,None,None,quarterly,USD,None,4825000000,0.0,0.0,0.0,0.0,5793000000,23371000000,1689000000,148000000,60.86,61.75,103146000000,2594000000,6269000000,62270000000,100552000000,56001000000,22255000000,40219000000,52.13,None,68.41,53.14
2025-12-28,CCZ,0.0,52.13,None,2829000000,None,693000000,693000000,6094000000,-3284000000,8780000000,None,941000000,None,None,None,25000000,8284214393,None,7969000000,7969000000,2239000000,None,None,1008000000,None,None,4803000000,2477000000,0.0297,871000000,871000000,None,0.0,3522000000,8325000000,2018-09-30,13498000000,0.0,14286000000,1880000000,933000000,68468000000,68468000000,None,1796000000,None,387000000,None,None,None,None,None,2896000000,None,None,None,0.0,5970000000,10596000000,3690000000,745000000,2341000000,None,None,None,None,None,None,None,0.0,None,None,None,None,None,-1284000000,None,0.0,None,None,quarterly,USD,None,4825000000,0.0,0.0,0.0,0.0,5793000000,23371000000,1689000000,148000000,60.86,61.75,103146000000,2594000000,6269000000,62270000000,100552000000,56001000000,22255000000,40219000000,52.13,None,68.41,53.14
2025-12-28,CCZ,0.0,52.13,None,2761000000,None,693000000,693000000,-4384000000,-3014000000,-335000000,None,872000000,None,None,None,25000000,8284214393,None,7969000000,7969000000,2239000000,None,None,1008000000,None,None,4803000000,2403000000,0.0297,878000000,878000000,None,0.0,3522000000,8325000000,2018-06-30,13498000000,0.0,14286000000,1880000000,933000000,68468000000,68468000000,None,1796000000,None,387000000,None,None,None,None,None,3208000000,None,None,None,0.0,7063000000,10596000000,3690000000,745000000,2341000000,None,None,None,None,None,None,None,0.0,None,None,None,None,None,-1269000000,None,0.0,None,None,quarterly,USD,None,4825000000,0.0,0.0,0.0,0.0,5793000000,23371000000,1689000000,148000000,60.86,61.75,103146000000,2594000000,6269000000,62270000000,100552000000,56001000000,22255000000,40219000000,52.13,None,68.41,53.14
2025-12-28,CCZ,0.0,52.13,None,2392000000,None,693000000,693000000,-576000000,-2292000000,2606000000,None,5216000000,None,None,None,25000000,8284214393,None,7969000000,7969000000,2239000000,None,None,1008000000,None,None,4803000000,2599000000,0.0297,738000000,738000000,None,0.0,3522000000,8325000000,2018-03-31,13498000000,0.0,14286000000,1880000000,933000000,68468000000,68468000000,None,1796000000,None,387000000,None,None,None,None,None,3176000000,None,None,None,0.0,5474000000,10596000000,3690000000,745000000,2341000000,None,None,None,None,None,None,None,0.0,None,None,None,None,None,-1729000000,None,0.0,None,None,quarterly,USD,None,4825000000,0.0,0.0,0.0,0.0,5793000000,23371000000,1689000000,148000000,60.86,61.75,103146000000,2594000000,6269000000,62270000000,100552000000,56001000000,22255000000,40219000000,52.13,None,68.41,53.14
2025-12-28,CCZ,0.0,52.13,None,3218000000,None,693000000,693000000,-2451000000,-3677000000,None,None,6207000000,None,None,None,25000000,8284214393,None,7969000000,7969000000,2239000000,None,None,1008000000,None,None,4803000000,2644000000,0.0297,736000000,736000000,None,0.0,3522000000,8325000000,2017-12-31,13498000000,0.0,14286000000,1880000000,933000000,68468000000,68468000000,None,1796000000,None,387000000,None,None,None,None,None,15035000000,None,None,None,0.0,5442000000,10596000000,3690000000,745000000,2341000000,None,None,None,None,None,None,None,0.0,None,None,None,None,None,-1223000000,None,0.0,None,None,quarterly,USD,None,4825000000,0.0,0.0,0.0,0.0,5793000000,23371000000,1689000000,148000000,60.86,61.75,103146000000,2594000000,6269000000,62270000000,100552000000,56001000000,22255000000,40219000000,52.13,None,68.41,53.14
2025-12-28,CCZ,0.0,52.13,None,2838000000,None,693000000,693000000,-1186000000,-2540000000,1421000000,None,7307000000,None,None,None,25000000,8284214393,None,7969000000,7969000000,2239000000,None,None,1008000000,None,None,4803000000,2138000000,0.0297,743000000,743000000,None,0.0,3522000000,8325000000,2017-09-30,13498000000,0.0,14286000000,1880000000,933000000,68468000000,68468000000,None,1796000000,None,387000000,None,None,None,None,None,2683000000,None,None,None,0.0,5147000000,10596000000,3690000000,745000000,2341000000,None,None,None,None,None,None,None,0.0,None,None,None,None,None,-1736000000,None,0.0,None,None,quarterly,USD,None,4825000000,0.0,0.0,0.0,0.0,5793000000,23371000000,1689000000,148000000,60.86,61.75,103146000000,2594000000,6269000000,62270000000,100552000000,56001000000,22255000000,40219000000,52.13,None,68.41,53.14
2025-12-28,CCZ,0.0,52.13,None,2747000000,None,693000000,693000000,-2794000000,-3693000000,-1329000000,None,4230000000,None,None,None,25000000,8284214393,None,7969000000,7969000000,2239000000,None,None,1008000000,None,None,4803000000,2541000000,0.0297,747000000,747000000,None,0.0,3522000000,8325000000,2017-06-30,13498000000,0.0,14286000000,1880000000,933000000,68468000000,68468000000,None,1796000000,None,387000000,None,None,None,None,None,2535000000,None,None,None,0.0,5158000000,10596000000,3690000000,745000000,2341000000,None,None,None,None,None,None,None,0.0,None,None,None,None,None,-1480000000,None,0.0,None,None,quarterly,USD,None,4825000000,0.0,0.0,0.0,0.0,5793000000,23371000000,1689000000,148000000,60.86,61.75,103146000000,2594000000,6269000000,62270000000,100552000000,56001000000,22255000000,40219000000,52.13,None,68.41,53.14
2025-12-28,CCZ,0.0,52.13,None,2494000000,None,693000000,693000000,-1141000000,-3794000000,721000000,None,4899000000,None,None,None,25000000,8284214393,None,7969000000,7969000000,2239000000,None,None,1008000000,None,None,4803000000,2502000000,0.0297,657000000,657000000,None,0.0,3522000000,8325000000,2017-03-31,13498000000,0.0,14286000000,1880000000,933000000,68468000000,68468000000,None,1796000000,None,387000000,None,None,None,None,None,2647000000,None,None,None,0.0,5656000000,10596000000,3690000000,745000000,2341000000,None,None,None,None,None,None,None,0.0,None,None,None,None,None,-996000000,None,0.0,None,None,quarterly,USD,None,4825000000,0.0,0.0,0.0,0.0,5793000000,23371000000,1689000000,148000000,60.86,61.75,103146000000,2594000000,6269000000,62270000000,100552000000,56001000000,22255000000,40219000000,52.13,None,68.41,53.14
2025-12-28,CCZ,0.0,52.13,None,3096000000,None,693000000,693000000,-1016000000,-4233000000,None,None,2949000000,None,None,None,25000000,8284214393,None,7969000000,7969000000,2239000000,None,None,1008000000,None,None,4803000000,2496000000,0.0297,657000000,657000000,None,0.0,3522000000,8325000000,2016-12-31,13498000000,0.0,14286000000,1880000000,933000000,68468000000,68468000000,None,1796000000,None,387000000,None,None,None,None,None,2417000000,None,None,None,0.0,5743000000,10596000000,3690000000,745000000,2341000000,None,None,None,None,None,None,None,0.0,None,None,None,None,None,-1238000000,None,0.0,None,None,quarterly,USD,None,4825000000,0.0,0.0,0.0,0.0,5793000000,23371000000,1689000000,148000000,60.86,61.75,103146000000,2594000000,6269000000,62270000000,100552000000,56001000000,22255000000,40219000000,52.13,None,68.41,53.14
2025-12-28,CCZ,0.0,52.13,None,2832000000,None,693000000,693000000,2352000000,-8324000000,-1858000000,None,3161000000,None,None,None,25000000,8284214393,None,7969000000,7969000000,2239000000,None,None,1008000000,None,None,4803000000,2395000000,0.0297,663000000,663000000,None,0.0,3522000000,8325000000,2016-09-30,13498000000,0.0,14286000000,1880000000,933000000,68468000000,68468000000,None,1796000000,None,387000000,None,None,None,None,None,2324000000,None,None,None,0.0,4114000000,10596000000,3690000000,745000000,2341000000,None,None,None,None,None,None,None,0.0,None,None,None,None,None,-1425000000,None,0.0,None,None,quarterly,USD,None,4825000000,0.0,0.0,0.0,0.0,5793000000,23371000000,1689000000,148000000,60.86,61.75,103146000000,2594000000,6269000000,62270000000,100552000000,56001000000,22255000000,40219000000,52.13,None,68.41,53.14
2025-12-28,CCZ,0.0,52.13,None,2630000000,None,693000000,693000000,-2117000000,-3119000000,-963000000,None,4410000000,None,None,None,25000000,8284214393,None,7969000000,7969000000,2239000000,None,None,1008000000,None,None,4803000000,2389000000,0.0297,670000000,670000000,None,0.0,3522000000,8325000000,2016-06-30,13498000000,0.0,14286000000,1880000000,933000000,68468000000,68468000000,None,1796000000,None,387000000,None,None,None,None,None,2080000000,None,None,None,0.0,4273000000,10596000000,3690000000,745000000,2341000000,None,None,None,None,None,None,None,0.0,None,None,None,None,None,-1209000000,None,0.0,None,None,quarterly,USD,None,4825000000,0.0,0.0,0.0,0.0,5793000000,23371000000,1689000000,148000000,60.86,61.75,103146000000,2594000000,6269000000,62270000000,100552000000,56001000000,22255000000,40219000000,52.13,None,68.41,53.14
2025-12-28,CCZ,0.0,52.13,None,2263000000,None,693000000,693000000,932000000,-2709000000,3333000000,None,5301000000,None,None,None,25000000,8284214393,None,7969000000,7969000000,2239000000,None,None,1008000000,None,None,4803000000,2278000000,0.0297,611000000,611000000,None,0.0,3522000000,8325000000,2016-03-31,13498000000,0.0,14286000000,1880000000,933000000,68468000000,68468000000,None,1796000000,None,387000000,None,None,None,None,None,2224000000,None,None,None,0.0,5110000000,10596000000,3690000000,745000000,2341000000,None,None,None,None,None,None,None,0.0,None,None,None,None,None,-1427000000,None,0.0,None,None,quarterly,USD,None,4825000000,0.0,0.0,0.0,0.0,5793000000,23371000000,1689000000,148000000,60.86,61.75,103146000000,2594000000,6269000000,62270000000,100552000000,56001000000,22255000000,40219000000,52.13,None,68.41,53.14
2025-12-28,CCZ,0.0,52.13,None,3091000000,None,693000000,693000000,197000000,-4760000000,None,None,6029000000,None,None,None,25000000,8284214393,None,7969000000,7969000000,2239000000,None,None,1008000000,None,None,4803000000,2270000000,0.0297,614000000,614000000,None,0.0,3522000000,8325000000,2015-12-31,13498000000,0.0,14286000000,1880000000,933000000,68468000000,68468000000,None,1796000000,None,387000000,None,None,None,None,None,2056000000,None,None,None,0.0,4965000000,10596000000,3690000000,745000000,2341000000,None,None,None,None,None,None,None,0.0,None,None,None,None,None,-980000000,None,0.0,None,None,quarterly,USD,None,4825000000,0.0,0.0,0.0,0.0,5793000000,23371000000,1689000000,148000000,60.86,61.75,103146000000,2594000000,6269000000,62270000000,100552000000,56001000000,22255000000,40219000000,52.13,None,68.41,53.14
2025-12-28,CCZ,0.0,52.13,None,2481000000,None,693000000,693000000,-3604000000,-2968000000,-1593000000,None,3801000000,None,None,None,25000000,8284214393,None,7969000000,7969000000,2239000000,None,None,1008000000,None,None,4803000000,2183000000,0.0297,623000000,623000000,None,0.0,3522000000,8325000000,2015-09-30,13498000000,0.0,14286000000,1880000000,933000000,68468000000,68468000000,None,1796000000,None,387000000,None,None,None,None,None,2041000000,None,None,None,0.0,4979000000,10596000000,3690000000,745000000,2341000000,None,None,None,None,None,None,None,0.0,None,None,None,None,None,-2185000000,None,0.0,None,None,quarterly,USD,None,4825000000,0.0,0.0,0.0,0.0,5793000000,23371000000,1689000000,148000000,60.86,61.75,103146000000,2594000000,6269000000,62270000000,100552000000,56001000000,22255000000,40219000000,52.13,None,68.41,53.14
2025-12-28,CCZ,0.0,52.13,None,2298000000,None,693000000,693000000,-1498000000,-2542000000,-451000000,None,6670000000,None,None,None,25000000,8284214393,None,7969000000,7969000000,2239000000,None,None,1008000000,None,None,4803000000,2161000000,0.0297,628000000,628000000,None,0.0,3522000000,8325000000,2015-06-30,13498000000,0.0,14286000000,1880000000,933000000,68468000000,68468000000,None,1796000000,None,387000000,None,None,None,None,None,2175000000,None,None,None,0.0,3589000000,10596000000,3690000000,745000000,2341000000,None,None,None,None,None,None,None,0.0,None,None,None,None,None,-1585000000,None,0.0,None,None,quarterly,USD,None,4825000000,0.0,0.0,0.0,0.0,5793000000,23371000000,1689000000,148000000,60.86,61.75,103146000000,2594000000,6269000000,62270000000,100552000000,56001000000,22255000000,40219000000,52.13,None,68.41,53.14
2025-12-28,CCZ,0.0,52.13,None,1999000000,None,693000000,693000000,-3524000000,-1694000000,27000000,None,3388000000,None,None,None,25000000,8284214393,None,7969000000,7969000000,2239000000,None,None,1008000000,None,None,4803000000,2066000000,0.0297,572000000,572000000,None,0.0,3522000000,8325000000,2015-03-31,13498000000,0.0,14286000000,1880000000,933000000,68468000000,68468000000,None,1796000000,None,387000000,None,None,None,None,None,2141000000,None,None,None,0.0,5245000000,10596000000,3690000000,745000000,2341000000,None,None,None,None,None,None,None,0.0,None,None,None,None,None,-2000000000,None,0.0,None,None,quarterly,USD,None,4825000000,0.0,0.0,0.0,0.0,5793000000,23371000000,1689000000,148000000,60.86,61.75,103146000000,2594000000,6269000000,62270000000,100552000000,56001000000,22255000000,40219000000,52.13,None,68.41,53.14
2025-12-28,CCZ,0.0,52.13,None,2611000000,None,693000000,693000000,-2627000000,-2653000000,None,None,3236000000,None,None,None,25000000,8284214393,None,7969000000,7969000000,2239000000,None,None,1008000000,None,None,4803000000,2090000000,0.0297,578000000,578000000,None,0.0,3522000000,8325000000,2014-12-31,13498000000,0.0,14286000000,1880000000,933000000,68468000000,68468000000,None,1796000000,None,387000000,None,None,None,None,None,1996000000,None,None,None,0.0,4643000000,10596000000,3690000000,745000000,2341000000,None,None,None,None,None,None,None,0.0,None,None,None,None,None,-2001000000,None,0.0,None,None,quarterly,USD,None,4825000000,0.0,0.0,0.0,0.0,5793000000,23371000000,1689000000,148000000,60.86,61.75,103146000000,2594000000,6269000000,62270000000,100552000000,56001000000,22255000000,40219000000,52.13,None,68.41,53.14
2025-12-28,CCZ,0.0,52.13,None,2208000000,None,693000000,693000000,455000000,-2192000000,3018000000,None,4287000000,None,None,None,25000000,8284214393,None,7969000000,7969000000,2239000000,None,None,1008000000,None,None,4803000000,1959000000,0.0297,584000000,584000000,None,0.0,3522000000,8325000000,2014-09-30,13498000000,0.0,14286000000,1880000000,933000000,68468000000,68468000000,None,1796000000,None,387000000,None,None,None,None,None,2633000000,None,None,None,0.0,4755000000,10596000000,3690000000,745000000,2341000000,None,None,None,None,None,None,None,0.0,None,None,None,None,None,-750000000,None,0.0,None,None,quarterly,USD,None,4825000000,0.0,0.0,0.0,0.0,5793000000,23371000000,1689000000,148000000,60.86,61.75,103146000000,2594000000,6269000000,62270000000,100552000000,56001000000,22255000000,40219000000,52.13,None,68.41,53.14
2025-12-28,CCZ,0.0,52.13,None,2058000000,None,693000000,693000000,-2203000000,-2383000000,-1525000000,None,4145000000,None,None,None,25000000,8284214393,None,7969000000,7969000000,2239000000,None,None,1008000000,None,None,4803000000,-876000000,0.0297,584000000,584000000,None,0.0,3522000000,8325000000,2014-06-30,13498000000,0.0,14286000000,1880000000,933000000,68468000000,68468000000,None,1796000000,None,387000000,None,None,None,None,None,2025000000,None,None,None,0.0,3061000000,10596000000,3690000000,745000000,2341000000,None,None,None,None,None,None,None,0.0,None,None,None,None,None,-750000000,None,0.0,None,None,quarterly,USD,None,4825000000,0.0,0.0,0.0,0.0,5793000000,23371000000,1689000000,148000000,60.86,61.75,103146000000,2594000000,6269000000,62270000000,100552000000,56001000000,22255000000,40219000000,52.13,None,68.41,53.14
2025-12-28,CCZ,0.0,52.13,None,1665000000,None,693000000,693000000,-1645000000,-1505000000,1336000000,None,4560000000,None,None,None,25000000,8284214393,None,7969000000,7969000000,2239000000,None,None,1008000000,None,None,4803000000,4846000000,0.0297,508000000,508000000,None,0.0,3522000000,8325000000,2014-03-31,13498000000,0.0,14286000000,1880000000,933000000,68468000000,68468000000,None,1796000000,None,387000000,None,None,None,None,None,1938000000,None,None,None,0.0,4486000000,10596000000,3690000000,745000000,2341000000,None,None,None,None,None,None,None,0.0,None,None,None,None,None,-750000000,None,0.0,None,None,quarterly,USD,None,4825000000,0.0,0.0,0.0,0.0,5793000000,23371000000,1689000000,148000000,60.86,61.75,103146000000,2594000000,6269000000,62270000000,100552000000,56001000000,22255000000,40219000000,52.13,None,68.41,53.14
2025-12-28,CCZ,0.0,52.13,None,2318000000,None,693000000,693000000,-179000000,-2187000000,None,None,6684000000,None,None,None,25000000,8284214393,None,7969000000,7969000000,2239000000,None,None,1008000000,None,None,4803000000,4249000000,0.0297,510000000,510000000,None,0.0,3522000000,8325000000,2013-12-31,13498000000,0.0,14286000000,1880000000,933000000,68468000000,68468000000,None,1796000000,None,387000000,None,None,None,None,None,1968000000,None,None,None,0.0,2481000000,10596000000,3690000000,745000000,2341000000,None,None,None,None,None,None,None,0.0,None,None,None,None,None,-500000000,None,0.0,None,None,quarterly,USD,None,4825000000,0.0,0.0,0.0,0.0,5793000000,23371000000,1689000000,148000000,60.86,61.75,103146000000,2594000000,6269000000,62270000000,100552000000,56001000000,22255000000,40219000000,52.13,None,68.41,53.14
2025-12-28,CCZ,0.0,52.13,None,1976000000,None,693000000,693000000,-1413000000,-2367000000,214000000,None,5801000000,None,None,None,25000000,8284214393,None,7969000000,7969000000,2239000000,None,None,1008000000,None,None,4803000000,3834000000,0.0297,512000000,512000000,None,0.0,3522000000,8325000000,2013-09-30,13498000000,0.0,14286000000,1880000000,933000000,68468000000,68468000000,None,1796000000,None,387000000,None,None,None,None,None,1778000000,None,None,None,0.0,3994000000,10596000000,3690000000,745000000,2341000000,None,None,None,None,None,None,None,0.0,None,None,None,None,None,-500000000,None,0.0,None,None,quarterly,USD,None,4825000000,0.0,0.0,0.0,0.0,5793000000,23371000000,1689000000,148000000,60.86,61.75,103146000000,2594000000,6269000000,62270000000,100552000000,56001000000,22255000000,40219000000,52.13,None,68.41,53.14
2025-12-28,CCZ,0.0,52.13,None,1768000000,None,693000000,693000000,-1569000000,-2197000000,-450000000,None,6448000000,None,None,None,25000000,8284214393,None,7969000000,7969000000,2239000000,None,None,1008000000,None,None,4803000000,4098000000,0.0297,513000000,513000000,None,0.0,3522000000,8325000000,2013-06-30,13498000000,0.0,14286000000,1880000000,933000000,68468000000,68468000000,None,1796000000,None,387000000,None,None,None,None,None,1744000000,None,None,None,0.0,3316000000,10596000000,3690000000,745000000,2341000000,None,None,None,None,None,None,None,0.0,None,None,None,None,None,-500000000,None,0.0,None,None,quarterly,USD,None,4825000000,0.0,0.0,0.0,0.0,5793000000,23371000000,1689000000,148000000,60.86,61.75,103146000000,2594000000,6269000000,62270000000,100552000000,56001000000,22255000000,40219000000,52.13,None,68.41,53.14
2025-12-28,CCZ,0.0,52.13,None,1543000000,None,693000000,693000000,-10718000000,-2763000000,-9112000000,None,-3461000000,None,None,None,25000000,8284214393,None,7969000000,7969000000,2239000000,None,None,1008000000,None,None,4803000000,3939000000,0.0297,429000000,429000000,None,0.0,3522000000,8325000000,2013-03-31,13498000000,0.0,14286000000,1880000000,933000000,68468000000,68468000000,None,1796000000,None,387000000,None,None,None,None,None,1645000000,None,None,None,0.0,4369000000,10596000000,3690000000,745000000,2341000000,None,None,None,None,None,None,None,0.0,None,None,None,None,None,-500000000,None,0.0,None,None,quarterly,USD,None,4825000000,0.0,0.0,0.0,0.0,5793000000,23371000000,1689000000,148000000,60.86,61.75,103146000000,2594000000,6269000000,62270000000,100552000000,56001000000,22255000000,40219000000,52.13,None,68.41,53.14
2025-12-28,CCZ,0.0,52.13,None,1989000000,None,693000000,693000000,433000000,-1996000000,None,None,-613000000,None,None,None,25000000,8284214393,None,7969000000,7969000000,2239000000,None,None,1008000000,None,None,4803000000,4142000000,0.0297,432000000,432000000,None,0.0,3522000000,8325000000,2012-12-31,13498000000,0.0,14286000000,1880000000,933000000,68468000000,68468000000,None,1796000000,None,387000000,None,None,None,None,None,1807000000,None,None,None,0.0,3615000000,10596000000,3690000000,745000000,2341000000,None,None,None,None,None,None,None,0.0,None,None,None,None,None,-750000000,None,0.0,None,None,quarterly,USD,None,4825000000,0.0,0.0,0.0,0.0,5793000000,23371000000,1689000000,148000000,60.86,61.75,103146000000,2594000000,6269000000,62270000000,100552000000,56001000000,22255000000,40219000000,52.13,None,68.41,53.14
2025-12-28,CCZ,0.0,52.13,None,1773000000,None,693000000,693000000,35000000,3339000000,None,None,4693000000,None,None,None,25000000,8284214393,None,7969000000,7969000000,2239000000,None,None,1008000000,None,None,4803000000,9255000000,0.0297,435000000,435000000,None,0.0,3522000000,8325000000,2012-09-30,13498000000,0.0,14286000000,1880000000,933000000,68468000000,68468000000,None,1796000000,None,387000000,None,None,None,None,None,2978000000,None,None,None,0.0,3424000000,10596000000,3690000000,745000000,2341000000,None,None,None,None,None,None,None,0.0,None,None,None,None,None,-750000000,None,0.0,None,None,quarterly,USD,None,4825000000,0.0,0.0,0.0,0.0,5793000000,23371000000,1689000000,148000000,60.86,61.75,103146000000,2594000000,6269000000,62270000000,100552000000,56001000000,22255000000,40219000000,52.13,None,68.41,53.14
2025-12-28,CCZ,0.0,52.13,None,1517000000,None,693000000,693000000,-2048000000,-1480000000,None,None,None,None,None,None,25000000,8284214393,None,7969000000,7969000000,2239000000,None,None,1008000000,None,None,4803000000,1925000000,0.0297,437000000,437000000,None,0.0,3522000000,8325000000,2012-06-30,13498000000,0.0,14286000000,1880000000,933000000,68468000000,68468000000,None,1796000000,None,387000000,None,None,None,None,None,1633000000,None,None,None,0.0,3422000000,10596000000,3690000000,745000000,2341000000,None,None,None,None,None,None,None,0.0,None,None,None,None,None,-750000000,None,0.0,None,None,quarterly,USD,None,4825000000,0.0,0.0,0.0,0.0,5793000000,23371000000,1689000000,148000000,60.86,61.75,103146000000,2594000000,6269000000,62270000000,100552000000,56001000000,22255000000,40219000000,52.13,None,68.41,53.14
2025-12-28,CCZ,0.0,52.13,None,1358000000,None,693000000,693000000,-2457000000,-1349000000,None,None,4529000000,None,None,None,25000000,8284214393,None,7969000000,7969000000,2239000000,None,None,1008000000,None,None,4803000000,1930000000,0.0297,304000000,304000000,None,0.0,3522000000,8325000000,2012-03-31,13498000000,0.0,14286000000,1880000000,933000000,68468000000,68468000000,None,1796000000,None,387000000,None,None,None,None,None,1447000000,None,None,None,0.0,4393000000,10596000000,3690000000,745000000,2341000000,None,None,None,None,None,None,None,0.0,None,None,None,None,None,-750000000,None,0.0,None,None,quarterly,USD,None,4825000000,0.0,0.0,0.0,0.0,5793000000,23371000000,1689000000,148000000,60.86,61.75,103146000000,2594000000,6269000000,62270000000,100552000000,56001000000,22255000000,40219000000,52.13,None,68.41,53.14
2025-12-28,CCZ,0.0,52.13,None,1971000000,None,693000000,693000000,-2478000000,-1847000000,None,None,5675000000,None,None,None,25000000,8284214393,None,7969000000,7969000000,2239000000,None,None,1008000000,None,None,4803000000,1998000000,0.0297,306000000,306000000,None,0.0,3522000000,8325000000,2011-12-31,13498000000,0.0,14286000000,1880000000,933000000,68468000000,68468000000,None,1796000000,None,387000000,None,None,None,None,None,1585000000,None,None,None,0.0,4139000000,10596000000,3690000000,745000000,2341000000,None,None,None,None,None,None,None,0.0,None,None,None,None,None,-491000000,None,0.0,None,None,quarterly,USD,None,4825000000,0.0,0.0,0.0,0.0,5793000000,23371000000,1689000000,148000000,60.86,61.75,103146000000,2594000000,6269000000,62270000000,100552000000,56001000000,22255000000,40219000000,52.13,None,68.41,53.14
2025-12-28,CCZ,0.0,52.13,None,1617000000,None,693000000,693000000,-1066000000,-2375000000,None,None,4422000000,None,None,None,25000000,8284214393,None,7969000000,7969000000,2239000000,None,None,1008000000,None,None,4803000000,1933000000,0.0297,309000000,309000000,None,0.0,3522000000,8325000000,2011-09-30,13498000000,0.0,14286000000,1880000000,933000000,68468000000,68468000000,None,1796000000,None,387000000,None,None,None,None,None,1166000000,None,None,None,0.0,3250000000,10596000000,3690000000,745000000,2341000000,None,None,None,None,None,None,None,0.0,None,None,None,None,None,-600000000,None,0.0,None,None,quarterly,USD,None,4825000000,0.0,0.0,0.0,0.0,5793000000,23371000000,1689000000,148000000,60.86,61.75,103146000000,2594000000,6269000000,62270000000,100552000000,56001000000,22255000000,40219000000,52.13,None,68.41,53.14
2025-12-28,CCZ,0.0,52.13,None,1444000000,None,693000000,693000000,-1914000000,-1399000000,None,None,6671000000,None,None,None,25000000,8284214393,None,7969000000,7969000000,2239000000,None,None,1008000000,None,None,4803000000,1863000000,0.0297,311000000,311000000,None,0.0,3522000000,8325000000,2011-06-30,13498000000,0.0,14286000000,1880000000,933000000,68468000000,68468000000,None,1796000000,None,387000000,None,None,None,None,None,1367000000,None,None,None,0.0,3488000000,10596000000,3690000000,745000000,2341000000,None,None,None,None,None,None,None,0.0,None,None,None,None,None,-525000000,None,0.0,None,None,quarterly,USD,None,4825000000,0.0,0.0,0.0,0.0,5793000000,23371000000,1689000000,148000000,60.86,61.75,103146000000,2594000000,6269000000,62270000000,100552000000,56001000000,22255000000,40219000000,52.13,None,68.41,53.14
2025-12-28,CCZ,0.0,52.13,None,1229000000,None,693000000,693000000,-743000000,-6887000000,None,None,-1246000000,None,None,None,25000000,8284214393,None,7969000000,7969000000,2239000000,None,None,1008000000,None,None,4803000000,1842000000,0.0297,261000000,261000000,None,0.0,3522000000,8325000000,2011-03-31,13498000000,0.0,14286000000,1880000000,933000000,68468000000,68468000000,None,1796000000,None,387000000,None,None,None,None,None,1039000000,None,None,None,0.0,3468000000,10596000000,3690000000,745000000,2341000000,None,None,None,None,None,None,None,0.0,None,None,None,None,None,-525000000,None,0.0,None,None,quarterly,USD,None,4825000000,0.0,0.0,0.0,0.0,5793000000,23371000000,1689000000,148000000,60.86,61.75,103146000000,2594000000,6269000000,62270000000,100552000000,56001000000,22255000000,40219000000,52.13,None,68.41,53.14
2025-12-28,CCZ,0.0,52.13,None,1696000000,None,693000000,693000000,-162000000,-1843000000,None,None,1981000000,None,None,None,25000000,8284214393,None,7969000000,7969000000,2239000000,None,None,1008000000,None,None,4803000000,1703000000,0.0297,264000000,264000000,None,0.0,3522000000,8325000000,2010-12-31,13498000000,0.0,14286000000,1880000000,933000000,68468000000,68468000000,None,1796000000,None,387000000,None,None,None,None,None,1033000000,None,None,None,0.0,3447000000,10596000000,3690000000,745000000,2341000000,None,None,None,None,None,None,None,0.0,None,None,None,None,None,-308000000,None,0.0,None,None,quarterly,USD,None,4825000000,0.0,0.0,0.0,0.0,5793000000,23371000000,1689000000,148000000,60.86,61.75,103146000000,2594000000,6269000000,62270000000,100552000000,56001000000,22255000000,40219000000,52.13,None,68.41,53.14
2025-12-28,CCZ,0.0,52.13,None,1501000000,None,693000000,693000000,-573000000,-1313000000,None,None,0,None,None,None,25000000,8284214393,None,7969000000,7969000000,2239000000,None,None,1008000000,None,None,4803000000,1624000000,0.0297,265000000,265000000,None,0.0,3522000000,8325000000,2010-09-30,13498000000,0.0,14286000000,1880000000,933000000,68468000000,68468000000,None,1796000000,None,387000000,None,None,None,None,None,870000000,None,None,None,0.0,2400000000,10596000000,3690000000,745000000,2341000000,None,None,None,None,None,None,None,0.0,None,None,None,None,None,-292000000,None,0.0,None,None,quarterly,USD,None,4825000000,0.0,0.0,0.0,0.0,5793000000,23371000000,1689000000,148000000,60.86,61.75,103146000000,2594000000,6269000000,62270000000,100552000000,56001000000,22255000000,40219000000,52.13,None,68.41,53.14
2025-12-28,CCZ,0.0,52.13,None,1258000000,None,693000000,693000000,-585000000,-1299000000,None,None,0,None,None,None,25000000,8284214393,None,7969000000,7969000000,2239000000,None,None,1008000000,None,None,4803000000,1659000000,0.0297,267000000,267000000,None,0.0,3522000000,8325000000,2010-06-30,13498000000,0.0,14286000000,1880000000,933000000,68468000000,68468000000,None,1796000000,None,387000000,None,None,None,None,None,886000000,None,None,None,0.0,2429000000,10596000000,3690000000,745000000,2341000000,None,None,None,None,None,None,None,0.0,None,None,None,None,None,-300000000,None,0.0,None,None,quarterly,USD,None,4825000000,0.0,0.0,0.0,0.0,5793000000,23371000000,1689000000,148000000,60.86,61.75,103146000000,2594000000,6269000000,62270000000,100552000000,56001000000,22255000000,40219000000,52.13,None,68.41,53.14
2025-12-28,CCZ,0.0,52.13,None,1042000000,None,693000000,693000000,1165000000,-1256000000,None,None,0,None,None,None,25000000,8284214393,None,7969000000,7969000000,2239000000,None,None,1008000000,None,None,4803000000,1630000000,0.0297,268000000,268000000,None,0.0,3522000000,8325000000,2010-03-31,13498000000,0.0,14286000000,1880000000,933000000,68468000000,68468000000,None,1796000000,None,387000000,None,None,None,None,None,879000000,None,None,None,0.0,2903000000,10596000000,3690000000,745000000,2341000000,None,None,None,None,None,None,None,0.0,None,None,None,None,None,-300000000,None,0.0,None,None,quarterly,USD,None,4825000000,0.0,0.0,0.0,0.0,5793000000,23371000000,1689000000,148000000,60.86,61.75,103146000000,2594000000,6269000000,62270000000,100552000000,56001000000,22255000000,40219000000,52.13,None,68.41,53.14
2025-12-28,CCZ,0.0,52.13,None,1748000000,None,693000000,693000000,-851000000,-1896000000,None,None,None,None,None,None,25000000,8284214393,None,7969000000,7969000000,2239000000,None,None,1008000000,None,None,4803000000,1592000000,0.0297,193000000,193000000,None,0.0,3522000000,8325000000,2009-12-31,13498000000,0.0,14286000000,1880000000,933000000,68468000000,68468000000,None,1796000000,None,387000000,None,None,None,None,None,960000000,None,None,None,0.0,2556000000,10596000000,3690000000,745000000,2341000000,None,None,None,None,None,None,None,0.0,None,None,None,None,None,-327000000,None,0.0,None,None,quarterly,USD,None,4825000000,0.0,0.0,0.0,0.0,5793000000,23371000000,1689000000,148000000,60.86,61.75,103146000000,2594000000,6269000000,62270000000,100552000000,56001000000,22255000000,40219000000,52.13,None,68.41,53.14
2025-12-28,CCZ,0.0,52.13,None,1369000000,None,693000000,693000000,-4308000000,-1431000000,None,None,0,None,None,None,25000000,8284214393,None,7969000000,7969000000,2239000000,None,None,1008000000,None,None,4803000000,1615000000,0.0297,193000000,193000000,None,0.0,3522000000,8325000000,2009-09-30,13498000000,0.0,14286000000,1880000000,933000000,68468000000,68468000000,None,1796000000,None,387000000,None,None,None,None,None,934000000,None,None,None,0.0,2612000000,10596000000,3690000000,745000000,2341000000,None,None,None,None,None,None,None,0.0,None,None,None,None,None,-330000000,None,0.0,None,None,quarterly,USD,None,4825000000,0.0,0.0,0.0,0.0,5793000000,23371000000,1689000000,148000000,60.86,61.75,103146000000,2594000000,6269000000,62270000000,100552000000,56001000000,22255000000,40219000000,52.13,None,68.41,53.14
2025-12-28,CCZ,0.0,52.13,None,1229000000,None,693000000,693000000,763000000,-1254000000,None,None,0,None,None,None,25000000,8284214393,None,7969000000,7969000000,2239000000,None,None,1008000000,None,None,4803000000,1660000000,0.0297,195000000,195000000,None,0.0,3522000000,8325000000,2009-06-30,13498000000,0.0,14286000000,1880000000,933000000,68468000000,68468000000,None,1796000000,None,387000000,None,None,None,None,None,956000000,None,None,None,0.0,2601000000,10596000000,3690000000,745000000,2341000000,None,None,None,None,None,None,None,0.0,None,None,None,None,None,-108000000,None,0.0,None,None,quarterly,USD,None,4825000000,0.0,0.0,0.0,0.0,5793000000,23371000000,1689000000,148000000,60.86,61.75,103146000000,2594000000,6269000000,62270000000,100552000000,56001000000,22255000000,40219000000,52.13,None,68.41,53.14
2025-12-28,CCZ,0.0,52.13,None,1293000000,None,693000000,693000000,-512000000,-1316000000,None,None,2028000000,None,None,None,25000000,8284214393,None,7969000000,7969000000,2239000000,None,None,1008000000,None,None,4803000000,1633000000,0.0297,180000000,180000000,None,0.0,3522000000,8325000000,2009-03-31,13498000000,0.0,14286000000,1880000000,933000000,68468000000,68468000000,None,1796000000,None,387000000,None,None,None,None,None,778000000,None,None,None,0.0,2512000000,10596000000,3690000000,745000000,2341000000,None,None,None,None,None,None,None,0.0,None,None,None,None,None,None,None,0.0,None,None,quarterly,USD,None,4825000000,0.0,0.0,0.0,0.0,5793000000,23371000000,1689000000,148000000,60.86,61.75,103146000000,2594000000,6269000000,62270000000,100552000000,56001000000,22255000000,40219000000,52.13,None,68.41,53.14
2025-12-28,CCZ,0.0,52.13,None,1864000000,None,693000000,693000000,-1630000000,-2747000000,None,None,1969000000,None,None,None,25000000,8284214393,None,7969000000,7969000000,2239000000,None,None,1008000000,None,None,4803000000,1613000000,0.0297,180000000,180000000,None,0.0,3522000000,8325000000,2008-12-31,13498000000,0.0,14286000000,1880000000,933000000,68468000000,68468000000,None,1796000000,None,387000000,None,None,None,None,None,412000000,None,None,None,0.0,2858000000,10596000000,3690000000,745000000,2341000000,None,None,None,None,None,None,None,0.0,None,None,None,None,None,-2800000000,None,0.0,None,None,quarterly,USD,None,4825000000,0.0,0.0,0.0,0.0,5793000000,23371000000,1689000000,148000000,60.86,61.75,103146000000,2594000000,6269000000,62270000000,100552000000,56001000000,22255000000,40219000000,52.13,None,68.41,53.14
2025-12-28,CCZ,0.0,52.13,None,1437000000,None,693000000,693000000,187000000,-1685000000,None,None,None,None,None,None,25000000,8284214393,None,7969000000,7969000000,2239000000,None,None,1008000000,None,None,4803000000,1567000000,0.0297,182000000,182000000,None,0.0,3522000000,8325000000,2008-09-30,13498000000,0.0,14286000000,1880000000,933000000,68468000000,68468000000,None,1796000000,None,387000000,None,None,None,None,None,771000000,None,None,None,0.0,2445000000,10596000000,3690000000,745000000,2341000000,None,None,None,None,None,None,None,0.0,None,None,None,None,None,-821000000,None,0.0,None,None,quarterly,USD,None,4825000000,0.0,0.0,0.0,0.0,5793000000,23371000000,1689000000,148000000,60.86,61.75,103146000000,2594000000,6269000000,62270000000,100552000000,56001000000,22255000000,40219000000,52.13,None,68.41,53.14
2025-12-28,CCZ,0.0,52.13,None,1419000000,None,693000000,693000000,-35000000,-1502000000,None,None,None,None,None,None,25000000,8284214393,None,7969000000,7969000000,2239000000,None,None,1008000000,None,None,4803000000,1601000000,0.0297,None,None,None,0.0,3522000000,8325000000,2008-06-30,13498000000,0.0,14286000000,1880000000,933000000,68468000000,68468000000,None,1796000000,None,387000000,None,None,None,None,None,632000000,None,None,None,0.0,2669000000,10596000000,3690000000,745000000,2341000000,None,None,None,None,None,None,None,0.0,None,None,None,None,None,-979000000,None,0.0,None,None,quarterly,USD,None,4825000000,0.0,0.0,0.0,0.0,5793000000,23371000000,1689000000,148000000,60.86,61.75,103146000000,2594000000,6269000000,62270000000,100552000000,56001000000,22255000000,40219000000,52.13,None,68.41,53.14
2025-12-28,CCZ,0.0,52.13,None,1557000000,None,693000000,693000000,-1044000000,-1543000000,None,None,None,None,None,None,25000000,8284214393,None,7969000000,7969000000,2239000000,None,None,1008000000,None,None,4803000000,1619000000,0.0297,None,None,None,0.0,3522000000,8325000000,2008-03-31,13498000000,0.0,14286000000,1880000000,933000000,68468000000,68468000000,None,1796000000,None,387000000,None,None,None,None,None,732000000,None,None,None,0.0,2259000000,10596000000,3690000000,745000000,2341000000,None,None,None,None,None,None,None,0.0,None,None,None,None,None,-1000000000,None,0.0,None,None,quarterly,USD,None,4825000000,0.0,0.0,0.0,0.0,5793000000,23371000000,1689000000,148000000,60.86,61.75,103146000000,2594000000,6269000000,62270000000,100552000000,56001000000,22255000000,40219000000,52.13,None,68.41,53.14
2025-12-28,CCZ,0.0,52.13,None,1667000000,None,693000000,693000000,-1000000000,-3670000000,None,None,466000000,None,None,None,25000000,8284214393,None,7969000000,7969000000,2239000000,None,None,1008000000,None,None,4803000000,1624000000,0.0297,None,None,None,0.0,3522000000,8325000000,2007-12-31,13498000000,0.0,14286000000,1880000000,933000000,68468000000,68468000000,None,1796000000,None,387000000,None,None,None,None,None,602000000,None,None,None,0.0,2684000000,10596000000,3690000000,745000000,2341000000,None,None,None,None,None,None,None,0.0,None,None,None,None,None,-1250000000,None,0.0,None,None,quarterly,USD,None,4825000000,0.0,0.0,0.0,0.0,5793000000,23371000000,1689000000,148000000,60.86,61.75,103146000000,2594000000,6269000000,62270000000,100552000000,56001000000,22255000000,40219000000,52.13,None,68.41,53.14
2025-12-28,CCZ,0.0,52.13,None,1610000000,None,693000000,693000000,2280000000,-1877000000,None,None,643000000,None,None,None,25000000,8284214393,None,7969000000,7969000000,2239000000,None,None,1008000000,None,None,4803000000,1538000000,0.0297,None,None,None,0.0,3522000000,8325000000,2007-09-30,13498000000,0.0,14286000000,1880000000,933000000,68468000000,68468000000,None,1796000000,None,387000000,None,None,None,None,None,560000000,None,None,None,0.0,1718000000,10596000000,3690000000,745000000,2341000000,None,None,None,None,None,None,None,0.0,None,None,None,None,None,-600000000,None,0.0,None,None,quarterly,USD,None,4825000000,0.0,0.0,0.0,0.0,5793000000,23371000000,1689000000,148000000,60.86,61.75,103146000000,2594000000,6269000000,62270000000,100552000000,56001000000,22255000000,40219000000,52.13,None,68.41,53.14
2025-12-28,CCZ,0.0,52.13,None,1715000000,None,693000000,693000000,-617000000,-2017000000,None,None,758000000,None,None,None,25000000,8284214393,None,7969000000,7969000000,2239000000,None,None,1008000000,None,None,4803000000,1544000000,0.0297,None,None,None,0.0,3522000000,8325000000,2007-06-30,13498000000,0.0,14286000000,1880000000,933000000,68468000000,68468000000,None,1796000000,None,387000000,None,None,None,None,None,588000000,None,None,None,0.0,2425000000,10596000000,3690000000,745000000,2341000000,None,None,None,None,None,None,None,0.0,None,None,None,None,None,-752000000,None,0.0,None,None,quarterly,USD,None,4825000000,0.0,0.0,0.0,0.0,5793000000,23371000000,1689000000,148000000,60.86,61.75,103146000000,2594000000,6269000000,62270000000,100552000000,56001000000,22255000000,40219000000,52.13,None,68.41,53.14
2025-12-28,CCZ,0.0,52.13,None,1572000000,None,693000000,693000000,-979000000,-1188000000,None,None,272000000,None,None,None,25000000,8284214393,None,7969000000,7969000000,2239000000,None,None,1008000000,None,None,4803000000,1502000000,0.0297,218000000,218000000,None,0.0,3522000000,8325000000,2007-03-31,13498000000,0.0,14286000000,1880000000,933000000,68468000000,68468000000,None,1796000000,None,387000000,None,None,None,None,None,837000000,None,None,None,0.0,1965000000,10596000000,3690000000,745000000,2341000000,None,None,None,None,None,None,None,0.0,None,None,None,None,None,-500000000,None,0.0,None,None,quarterly,USD,None,4825000000,0.0,0.0,0.0,0.0,5793000000,23371000000,1689000000,148000000,60.86,61.75,103146000000,2594000000,6269000000,62270000000,100552000000,56001000000,22255000000,40219000000,52.13,None,68.41,53.14
2025-12-28,CCZ,0.0,52.13,None,1423000000,None,693000000,693000000,1540000000,-4815000000,None,None,477000000,None,None,None,25000000,8284214393,None,7969000000,7969000000,2239000000,None,None,1008000000,None,None,4803000000,1515000000,0.0297,None,None,None,0.0,3522000000,8325000000,2006-12-31,13498000000,0.0,14286000000,1880000000,933000000,68468000000,68468000000,None,1796000000,None,387000000,None,None,None,None,None,390000000,None,None,None,0.0,1486000000,10596000000,3690000000,745000000,2341000000,None,None,None,None,None,None,None,0.0,None,None,None,None,None,-465000000,None,0.0,None,None,quarterly,USD,None,4825000000,0.0,0.0,0.0,0.0,5793000000,23371000000,1689000000,148000000,60.86,61.75,103146000000,2594000000,6269000000,62270000000,100552000000,56001000000,22255000000,40219000000,52.13,None,68.41,53.14
2025-12-28,CCZ,0.0,52.13,None,1283000000,None,693000000,693000000,2650000000,-2738000000,None,None,286000000,None,None,None,25000000,8284214393,None,7969000000,7969000000,2239000000,None,None,1008000000,None,None,4803000000,1093000000,0.0297,None,None,None,0.0,3522000000,8325000000,2006-09-30,13498000000,0.0,14286000000,1880000000,933000000,68468000000,68468000000,None,1796000000,None,387000000,None,None,None,None,None,1217000000,None,None,None,0.0,1889000000,10596000000,3690000000,745000000,2341000000,None,None,None,None,None,None,None,0.0,None,None,None,None,None,-494000000,None,0.0,None,None,quarterly,USD,None,4825000000,0.0,0.0,0.0,0.0,5793000000,23371000000,1689000000,148000000,60.86,61.75,103146000000,2594000000,6269000000,62270000000,100552000000,56001000000,22255000000,40219000000,52.13,None,68.41,53.14
2025-12-28,CCZ,0.0,52.13,None,1117000000,None,693000000,693000000,-722000000,-1519000000,None,None,541000000,None,None,None,25000000,8284214393,None,7969000000,7969000000,2239000000,None,None,1008000000,None,None,4803000000,1203000000,0.0297,None,None,None,0.0,3522000000,8325000000,2006-06-30,13498000000,0.0,14286000000,1880000000,933000000,68468000000,68468000000,None,1796000000,None,387000000,None,None,None,None,None,460000000,None,None,None,0.0,1521000000,10596000000,3690000000,745000000,2341000000,None,None,None,None,None,None,None,0.0,None,None,None,None,None,-678000000,None,0.0,None,None,quarterly,USD,None,4825000000,0.0,0.0,0.0,0.0,5793000000,23371000000,1689000000,148000000,60.86,61.75,103146000000,2594000000,6269000000,62270000000,100552000000,56001000000,22255000000,40219000000,52.13,None,68.41,53.14
2025-12-28,CCZ,0.0,52.13,None,878000000,None,693000000,693000000,78000000,-800000000,None,None,374000000,None,None,None,25000000,8284214393,None,7969000000,7969000000,2239000000,None,None,1008000000,None,None,4803000000,1151000000,0.0297,12000000,12000000,None,0.0,3522000000,8325000000,2006-03-31,13498000000,0.0,14286000000,1880000000,933000000,68468000000,68468000000,None,1796000000,None,387000000,None,None,None,None,None,466000000,None,None,None,0.0,1722000000,10596000000,3690000000,745000000,2341000000,None,None,None,None,None,None,None,0.0,None,None,None,None,None,-710000000,None,0.0,None,None,quarterly,USD,None,4825000000,0.0,0.0,0.0,0.0,5793000000,23371000000,1689000000,148000000,60.86,61.75,103146000000,2594000000,6269000000,62270000000,100552000000,56001000000,22255000000,40219000000,52.13,None,68.41,53.14
2025-12-28,CCZ,0.0,52.13,None,868000000,None,693000000,693000000,-136000000,-732000000,None,None,429000000,None,None,None,25000000,8284214393,None,7969000000,7969000000,2239000000,None,None,1008000000,None,None,4803000000,1262000000,0.0297,None,None,None,0.0,3522000000,8325000000,2005-12-31,13498000000,0.0,14286000000,1880000000,933000000,68468000000,68468000000,None,1796000000,None,387000000,None,None,None,None,None,133000000,None,None,None,0.0,982000000,10596000000,3690000000,745000000,2341000000,None,None,None,None,None,None,None,0.0,None,None,None,None,None,-1022000000,None,0.0,None,None,quarterly,USD,None,4825000000,0.0,0.0,0.0,0.0,5793000000,23371000000,1689000000,148000000,60.86,61.75,103146000000,2594000000,6269000000,62270000000,100552000000,56001000000,22255000000,40219000000,52.13,None,68.41,53.14
2025-12-28,CCZ,0.0,52.13,None,911000000,None,693000000,693000000,-1495000000,-684000000,None,None,418000000,None,None,None,25000000,8284214393,None,7969000000,7969000000,2239000000,None,None,1008000000,None,None,4803000000,1216000000,0.0297,None,None,None,0.0,3522000000,8325000000,2005-09-30,13498000000,0.0,14286000000,1880000000,933000000,68468000000,68468000000,None,1796000000,None,387000000,None,None,None,None,None,222000000,None,None,None,0.0,1423000000,10596000000,3690000000,745000000,2341000000,None,None,None,None,None,None,None,0.0,None,None,None,None,None,-631000000,None,0.0,None,None,quarterly,USD,None,4825000000,0.0,0.0,0.0,0.0,5793000000,23371000000,1689000000,148000000,60.86,61.75,103146000000,2594000000,6269000000,62270000000,100552000000,56001000000,22255000000,40219000000,52.13,None,68.41,53.14
2025-12-28,CCZ,0.0,52.13,None,950000000,None,693000000,693000000,833000000,-1319000000,None,None,201000000,None,None,None,25000000,8284214393,None,7969000000,7969000000,2239000000,None,None,1008000000,None,None,4803000000,1161000000,0.0297,None,None,None,0.0,3522000000,8325000000,2005-06-30,13498000000,0.0,14286000000,1880000000,933000000,68468000000,68468000000,None,1796000000,None,387000000,None,None,None,None,None,430000000,None,None,None,0.0,1185000000,10596000000,3690000000,745000000,2341000000,None,None,None,None,None,None,None,0.0,None,None,None,None,None,-334000000,None,0.0,None,None,quarterly,USD,None,4825000000,0.0,0.0,0.0,0.0,5793000000,23371000000,1689000000,148000000,60.86,61.75,103146000000,2594000000,6269000000,62270000000,100552000000,56001000000,22255000000,40219000000,52.13,None,68.41,53.14
2025-12-28,CCZ,0.0,52.13,None,12181000000,None,693000000,693000000,-10883000000,-15670000000,None,None,None,None,None,None,25000000,8284214393,None,7969000000,7969000000,2239000000,None,None,1008000000,None,None,4803000000,14802000000,0.0297,4814000000,4814000000,None,0.0,3522000000,8325000000,2024-12-31,13498000000,0.0,14286000000,1880000000,933000000,68468000000,68468000000,None,1796000000,None,387000000,None,None,None,None,None,15877000000,None,None,None,0.0,27673000000,10596000000,3690000000,745000000,2341000000,None,None,None,None,None,None,None,0.0,None,None,None,None,None,-9103000000,None,0.0,None,None,annual,None,None,4825000000,0.0,0.0,0.0,0.0,5793000000,23371000000,1689000000,148000000,60.86,61.75,103146000000,2594000000,6269000000,62270000000,100552000000,56001000000,22255000000,40219000000,52.13,None,68.41,53.14
2025-12-28,CCZ,0.0,52.13,None,15540000000,None,693000000,693000000,-19850000000,-7161000000,None,None,1516000000,None,None,None,25000000,8284214393,None,7969000000,7969000000,2239000000,None,None,1008000000,None,None,4803000000,14336000000,0.0297,4766000000,4766000000,None,0.0,3522000000,8325000000,2023-12-31,13498000000,0.0,14286000000,1880000000,933000000,68468000000,68468000000,None,1796000000,None,387000000,None,None,None,None,None,15107000000,None,None,None,0.0,28501000000,10596000000,3690000000,745000000,2341000000,None,None,None,None,None,None,None,0.0,None,None,None,None,None,-11291000000,None,0.0,None,None,annual,None,None,4825000000,0.0,0.0,0.0,0.0,5793000000,23371000000,1689000000,148000000,60.86,61.75,103146000000,2594000000,6269000000,62270000000,100552000000,56001000000,22255000000,40219000000,52.13,None,68.41,53.14
2025-12-28,CCZ,0.0,52.13,None,13767000000,None,693000000,693000000,-16184000000,-14140000000,-3911000000,None,830000000,None,None,None,25000000,8284214393,None,7969000000,7969000000,2239000000,None,None,1008000000,None,None,4803000000,13821000000,0.0297,4741000000,4741000000,None,0.0,3522000000,8325000000,2022-12-31,13498000000,0.0,14286000000,1880000000,933000000,68468000000,68468000000,None,1796000000,None,387000000,None,None,None,None,None,4925000000,None,None,None,0.0,26413000000,10596000000,3690000000,745000000,2341000000,None,None,None,None,None,None,None,0.0,None,None,None,None,None,-13328000000,None,0.0,None,None,annual,USD,None,4825000000,0.0,0.0,0.0,0.0,5793000000,23371000000,1689000000,148000000,60.86,61.75,103146000000,2594000000,6269000000,62270000000,100552000000,56001000000,22255000000,40219000000,52.13,None,68.41,53.14
2025-12-28,CCZ,0.0,52.13,None,12057000000,None,693000000,693000000,-18618000000,-13446000000,-2918000000,None,570000000,None,None,None,25000000,8284214393,None,7969000000,7969000000,2239000000,None,None,1008000000,None,None,4803000000,13804000000,0.0297,4532000000,4532000000,None,0.0,3522000000,8325000000,2021-12-31,13498000000,0.0,14286000000,1880000000,933000000,68468000000,68468000000,None,1796000000,None,387000000,None,None,None,None,None,13833000000,None,None,None,0.0,29146000000,10596000000,3690000000,745000000,2341000000,None,None,None,None,None,None,None,0.0,None,None,None,None,None,-4672000000,None,0.0,None,None,annual,USD,None,4825000000,0.0,0.0,0.0,0.0,5793000000,23371000000,1689000000,148000000,60.86,61.75,103146000000,2594000000,6269000000,62270000000,100552000000,56001000000,22255000000,40219000000,52.13,None,68.41,53.14
2025-12-28,CCZ,0.0,52.13,None,11634000000,None,693000000,693000000,-6513000000,-12047000000,6177000000,None,286000000,None,None,None,25000000,8284214393,None,7969000000,7969000000,2239000000,None,None,1008000000,None,None,4803000000,13100000000,0.0297,4140000000,4140000000,None,0.0,3522000000,8325000000,2020-12-31,13498000000,0.0,14286000000,1880000000,933000000,68468000000,68468000000,None,1796000000,None,387000000,None,None,None,None,None,10701000000,None,None,None,0.0,24737000000,10596000000,3690000000,745000000,2341000000,None,None,None,None,None,None,None,0.0,None,None,None,None,None,-534000000,None,0.0,None,None,annual,USD,None,4825000000,0.0,0.0,0.0,0.0,5793000000,23371000000,1689000000,148000000,60.86,61.75,103146000000,2594000000,6269000000,62270000000,100552000000,56001000000,22255000000,40219000000,52.13,None,68.41,53.14
2025-12-28,CCZ,0.0,52.13,None,12428000000,None,693000000,693000000,-9181000000,-14841000000,1675000000,None,404000000,None,None,None,25000000,8284214393,None,7969000000,7969000000,2239000000,None,None,1008000000,None,None,4803000000,12953000000,0.0297,3735000000,3735000000,None,0.0,3522000000,8325000000,2019-12-31,13498000000,0.0,14286000000,1880000000,933000000,68468000000,68468000000,None,1796000000,None,387000000,None,None,None,None,None,13323000000,None,None,None,0.0,25697000000,10596000000,3690000000,745000000,2341000000,None,None,None,None,None,None,None,0.0,None,None,None,None,None,-504000000,None,0.0,None,None,annual,USD,None,4825000000,0.0,0.0,0.0,0.0,5793000000,23371000000,1689000000,148000000,60.86,61.75,103146000000,2594000000,6269000000,62270000000,100552000000,56001000000,22255000000,40219000000,52.13,None,68.41,53.14
2025-12-28,CCZ,0.0,52.13,None,11709000000,None,693000000,693000000,27140000000,-50854000000,583000000,None,6697000000,None,None,None,25000000,8284214393,None,7969000000,7969000000,2239000000,None,None,1008000000,None,None,4803000000,10676000000,0.0297,3352000000,3352000000,None,0.0,3522000000,8325000000,2018-12-31,13498000000,0.0,14286000000,1880000000,933000000,68468000000,68468000000,None,1796000000,None,387000000,None,None,None,None,None,11862000000,None,None,None,0.0,24297000000,10596000000,3690000000,745000000,2341000000,None,None,None,None,None,None,None,0.0,None,None,None,None,None,-5320000000,None,0.0,None,None,annual,USD,None,4825000000,0.0,0.0,0.0,0.0,5793000000,23371000000,1689000000,148000000,60.86,61.75,103146000000,2594000000,6269000000,62270000000,100552000000,56001000000,22255000000,40219000000,52.13,None,68.41,53.14
2025-12-28,CCZ,0.0,52.13,None,11297000000,None,693000000,693000000,-7572000000,-13704000000,127000000,None,5881000000,None,None,None,25000000,8284214393,None,7969000000,7969000000,2239000000,None,None,1008000000,None,None,4803000000,9825000000,0.0297,2883000000,2883000000,None,0.0,3522000000,8325000000,2017-12-31,13498000000,0.0,14286000000,1880000000,933000000,68468000000,68468000000,None,1796000000,None,387000000,None,None,None,None,None,22900000000,None,None,None,0.0,21403000000,10596000000,3690000000,745000000,2341000000,None,None,None,None,None,None,None,0.0,None,None,None,None,None,-5435000000,None,0.0,None,None,annual,USD,None,4825000000,0.0,0.0,0.0,0.0,5793000000,23371000000,1689000000,148000000,60.86,61.75,103146000000,2594000000,6269000000,62270000000,100552000000,56001000000,22255000000,40219000000,52.13,None,68.41,53.14
2025-12-28,CCZ,0.0,52.13,None,10821000000,None,693000000,693000000,151000000,-18385000000,1006000000,None,6283000000,None,None,None,25000000,8284214393,None,7969000000,7969000000,2239000000,None,None,1008000000,None,None,4803000000,9558000000,0.0297,2601000000,2601000000,None,0.0,3522000000,8325000000,2016-12-31,13498000000,0.0,14286000000,1880000000,933000000,68468000000,68468000000,None,1796000000,None,387000000,None,None,None,None,None,9045000000,None,None,None,0.0,19240000000,10596000000,3690000000,745000000,2341000000,None,None,None,None,None,None,None,0.0,None,None,None,None,None,-5000000000,None,0.0,None,None,annual,USD,None,4825000000,0.0,0.0,0.0,0.0,5793000000,23371000000,1689000000,148000000,60.86,61.75,103146000000,2594000000,6269000000,62270000000,100552000000,56001000000,22255000000,40219000000,52.13,None,68.41,53.14
2025-12-28,CCZ,0.0,52.13,None,9869000000,None,693000000,693000000,-8429000000,-11964000000,-1615000000,None,4203000000,None,None,None,25000000,8284214393,None,7969000000,7969000000,2239000000,None,None,1008000000,None,None,4803000000,8680000000,0.0297,2437000000,2437000000,None,0.0,3522000000,8325000000,2015-12-31,13498000000,0.0,14286000000,1880000000,933000000,68468000000,68468000000,None,1796000000,None,387000000,None,None,None,None,None,8413000000,None,None,None,0.0,18778000000,10596000000,3690000000,745000000,2341000000,None,None,None,None,None,None,None,0.0,None,None,None,None,None,-6750000000,None,0.0,None,None,annual,USD,None,4825000000,0.0,0.0,0.0,0.0,5793000000,23371000000,1689000000,148000000,60.86,61.75,103146000000,2594000000,6269000000,62270000000,100552000000,56001000000,22255000000,40219000000,52.13,None,68.41,53.14
2025-12-28,CCZ,0.0,52.13,None,8542000000,None,693000000,693000000,-6020000000,-8733000000,2192000000,None,4717000000,None,None,None,25000000,8284214393,None,7969000000,7969000000,2239000000,None,None,1008000000,None,None,4803000000,8019000000,0.0297,2254000000,2254000000,None,0.0,3522000000,8325000000,2014-12-31,13498000000,0.0,14286000000,1880000000,933000000,68468000000,68468000000,None,1796000000,None,387000000,None,None,None,None,None,8592000000,None,None,None,0.0,16945000000,10596000000,3690000000,745000000,2341000000,None,None,None,None,None,None,None,0.0,None,None,None,None,None,-4251000000,None,0.0,None,None,annual,USD,None,4825000000,0.0,0.0,0.0,0.0,5793000000,23371000000,1689000000,148000000,60.86,61.75,103146000000,2594000000,6269000000,62270000000,100552000000,56001000000,22255000000,40219000000,52.13,None,68.41,53.14
2025-12-28,CCZ,0.0,52.13,None,7605000000,None,693000000,693000000,-13879000000,-9514000000,None,None,-1889000000,None,None,None,25000000,8284214393,None,7969000000,7969000000,2239000000,None,None,1008000000,None,None,4803000000,16120000000,0.0297,1964000000,1964000000,None,0.0,3522000000,8325000000,2013-12-31,13498000000,0.0,14286000000,1880000000,933000000,68468000000,68468000000,None,1796000000,None,387000000,None,None,None,None,None,7135000000,None,None,None,0.0,14160000000,10596000000,3690000000,745000000,2341000000,None,None,None,None,None,None,None,0.0,None,None,None,None,None,-2000000000,None,0.0,None,None,annual,USD,None,4825000000,0.0,0.0,0.0,0.0,5793000000,23371000000,1689000000,148000000,60.86,61.75,103146000000,2594000000,6269000000,62270000000,100552000000,56001000000,22255000000,40219000000,52.13,None,68.41,53.14
2025-12-28,CCZ,0.0,52.13,None,6637000000,None,693000000,693000000,-4037000000,-1486000000,9331000000,None,5125000000,None,None,-823000000,25000000,8284214393,None,7969000000,7969000000,2239000000,None,None,1008000000,None,None,4803000000,17252000000,0.0297,1608000000,1608000000,None,0.0,3522000000,8325000000,2012-12-31,13498000000,0.0,14286000000,1880000000,933000000,68468000000,68468000000,None,1796000000,None,387000000,None,None,None,None,None,7865000000,None,None,None,0.0,14854000000,10596000000,3690000000,745000000,2341000000,None,None,None,None,None,None,None,0.0,None,None,None,None,None,-3000000000,None,0.0,None,None,annual,USD,None,4825000000,0.0,0.0,0.0,0.0,5793000000,23371000000,1689000000,148000000,60.86,61.75,103146000000,2594000000,6269000000,62270000000,100552000000,56001000000,22255000000,40219000000,52.13,None,68.41,53.14
2025-12-28,CCZ,0.0,52.13,None,6261000000,None,693000000,693000000,-6201000000,-12508000000,None,None,-589000000,None,None,None,25000000,8284214393,None,7969000000,7969000000,2239000000,None,None,1008000000,None,None,4803000000,7636000000,0.0297,1187000000,1187000000,None,0.0,3522000000,8325000000,2011-12-31,13498000000,0.0,14286000000,1880000000,933000000,68468000000,68468000000,None,1796000000,None,387000000,None,None,None,None,None,5157000000,None,None,None,0.0,14345000000,10596000000,3690000000,745000000,2341000000,None,None,None,None,None,None,None,0.0,None,None,None,None,None,-2141000000,None,0.0,None,None,annual,USD,None,4825000000,0.0,0.0,0.0,0.0,5793000000,23371000000,1689000000,148000000,60.86,61.75,103146000000,2594000000,6269000000,62270000000,100552000000,56001000000,22255000000,40219000000,52.13,None,68.41,53.14
2025-12-28,CCZ,0.0,52.13,None,5497000000,None,693000000,693000000,-155000000,-5711000000,None,None,2048000000,None,None,None,25000000,8284214393,None,7969000000,7969000000,2239000000,None,None,1008000000,None,None,4803000000,6616000000,0.0297,1064000000,1064000000,None,0.0,3522000000,8325000000,2010-12-31,13498000000,0.0,14286000000,1880000000,933000000,68468000000,68468000000,None,1796000000,None,387000000,None,None,None,None,None,3668000000,None,None,None,0.0,11179000000,10596000000,3690000000,745000000,2341000000,None,None,None,None,None,None,None,0.0,None,None,None,None,None,-1200000000,None,0.0,None,None,annual,USD,None,4825000000,0.0,0.0,0.0,0.0,5793000000,23371000000,1689000000,148000000,60.86,61.75,103146000000,2594000000,6269000000,62270000000,100552000000,56001000000,22255000000,40219000000,52.13,None,68.41,53.14
2025-12-28,CCZ,0.0,52.13,None,5639000000,None,693000000,693000000,-4908000000,-5897000000,None,None,0,None,None,None,25000000,8284214393,None,7969000000,7969000000,2239000000,None,None,1008000000,None,None,4803000000,6500000000,0.0297,761000000,761000000,None,0.0,3522000000,8325000000,2009-12-31,13498000000,0.0,14286000000,1880000000,933000000,68468000000,68468000000,None,1796000000,None,387000000,None,None,None,None,None,3628000000,None,None,None,0.0,10281000000,10596000000,3690000000,745000000,2341000000,None,None,None,None,None,None,None,0.0,None,None,None,None,None,-765000000,None,0.0,None,None,annual,USD,None,4825000000,0.0,0.0,0.0,0.0,5793000000,23371000000,1689000000,148000000,60.86,61.75,103146000000,2594000000,6269000000,62270000000,100552000000,56001000000,22255000000,40219000000,52.13,None,68.41,53.14
2025-12-28,CCZ,0.0,52.13,None,6277000000,None,693000000,693000000,-2522000000,-7477000000,None,None,603000000,None,None,None,25000000,8284214393,None,7969000000,7969000000,2239000000,None,None,1008000000,None,None,4803000000,6400000000,0.0297,547000000,547000000,None,0.0,3522000000,8325000000,2008-12-31,13498000000,0.0,14286000000,1880000000,933000000,68468000000,68468000000,None,1796000000,None,387000000,None,None,None,None,None,2547000000,None,None,None,0.0,10231000000,10596000000,3690000000,745000000,2341000000,None,None,None,None,None,None,None,0.0,None,None,None,None,None,-2800000000,None,0.0,None,None,annual,USD,None,4825000000,0.0,0.0,0.0,0.0,5793000000,23371000000,1689000000,148000000,60.86,61.75,103146000000,2594000000,6269000000,62270000000,100552000000,56001000000,22255000000,40219000000,52.13,None,68.41,53.14
2025-12-28,CCZ,0.0,52.13,None,6564000000,None,693000000,693000000,-316000000,-8752000000,None,None,460000000,None,None,None,25000000,8284214393,None,7969000000,7969000000,2239000000,None,None,1008000000,None,None,4803000000,6208000000,0.0297,None,None,None,0.0,3522000000,8325000000,2007-12-31,13498000000,0.0,14286000000,1880000000,933000000,68468000000,68468000000,None,1796000000,None,387000000,None,None,None,None,None,2587000000,None,None,None,0.0,8792000000,10596000000,3690000000,745000000,2341000000,None,None,None,None,None,None,None,0.0,None,None,None,None,None,-3102000000,None,0.0,None,None,annual,USD,None,4825000000,0.0,0.0,0.0,0.0,5793000000,23371000000,1689000000,148000000,60.86,61.75,103146000000,2594000000,6269000000,62270000000,100552000000,56001000000,22255000000,40219000000,52.13,None,68.41,53.14
2025-12-28,CCZ,0.0,52.13,None,4701000000,None,693000000,693000000,3546000000,-9872000000,None,None,228000000,None,None,None,25000000,8284214393,None,7969000000,7969000000,2239000000,None,None,1008000000,None,None,4803000000,4962000000,0.0297,None,None,None,0.0,3522000000,8325000000,2006-12-31,13498000000,0.0,14286000000,1880000000,933000000,68468000000,68468000000,None,1796000000,None,387000000,None,None,None,None,None,2533000000,None,None,None,0.0,6618000000,10596000000,3690000000,745000000,2341000000,None,None,None,None,None,None,None,0.0,None,None,None,None,None,-2347000000,None,0.0,None,None,annual,USD,None,4825000000,0.0,0.0,0.0,0.0,5793000000,23371000000,1689000000,148000000,60.86,61.75,103146000000,2594000000,6269000000,62270000000,100552000000,56001000000,22255000000,40219000000,52.13,None,68.41,53.14
2025-12-28,CCZ,0.0,52.13,None,3621000000,None,693000000,693000000,-933000000,-3748000000,None,None,None,None,None,None,25000000,8284214393,None,7969000000,7969000000,2239000000,None,None,1008000000,None,None,4803000000,4803000000,0.0297,None,None,None,0.0,3522000000,8325000000,2005-12-31,13498000000,0.0,14286000000,1880000000,933000000,68468000000,68468000000,None,1796000000,None,387000000,None,None,None,None,None,928000000,None,None,None,0.0,4922000000,10596000000,3690000000,745000000,2341000000,None,None,None,None,None,None,None,0.0,None,None,None,None,None,-2313000000,None,0.0,None,None,annual,USD,None,4825000000,0.0,0.0,0.0,0.0,5793000000,23371000000,1689000000,148000000,60.86,61.75,103146000000,2594000000,6269000000,62270000000,100552000000,56001000000,22255000000,40219000000,52.13,None,68.41,53.14
