date,symbol,eps,revenue_ttm,pe_ratio,accumulateddepreciationamortizationppe,beta,book_value,capitalexpenditures,capitalleaseobligations,cashandcashequivalentsatcarryingvalue,cashandshortterminvestments,cashflowfromfinancing,cashflowfrominvestment,changeincashandcashequivalents,changeinexchangerate,changeininventory,changeinoperatingassets,changeinoperatingliabilities,changeinreceivables,commonstock,commonstocksharesoutstanding,comprehensiveincomenetoftax,costofgoodsandservicessold,costofrevenue,currentaccountspayable,currentdebt,currentlongtermdebt,currentnetreceivables,deferredrevenue,depreciation,depreciationandamortization,depreciationdepletionandamortization,dividend_per_share,dividend_yield,dividendpayout,dividendpayoutcommonstock,dividendpayoutpreferredstock,earnings_growth_yoy,earnings_surprise,ebit,ebitda,estimated_eps,fiscaldateending,forward_pe,goodwill,gross_profit_ttm,grossprofit,incomebeforetax,incometaxexpense,intangibleassets,intangibleassetsexcludinggoodwill,interestanddebtexpense,interestexpense,interestincome,inventory,investmentincomenet,investments,longtermdebt,longtermdebtnoncurrent,longterminvestments,netincome,netincomefromcontinuingoperations,netinterestincome,noninterestincome,operating_margin_ttm,operatingcashflow,operatingexpenses,operatingincome,othercurrentassets,othercurrentliabilities,othernoncurrentassets,othernoncurrentliabilities,othernonoperatingincome,paymentsforoperatingactivities,paymentsforrepurchaseofcommonstock,paymentsforrepurchaseofequity,paymentsforrepurchaseofpreferredstock,peg_ratio,price_to_book,price_to_sales_ttm,proceedsfromissuanceofcommonstock,proceedsfromissuanceoflongtermdebtandcapitalsecuritiesnet,proceedsfromissuanceofpreferredstock,proceedsfromoperatingactivities,proceedsfromrepaymentsofshorttermdebt,proceedsfromrepurchaseofequity,proceedsfromsaleoftreasurystock,profit_margin,profitloss,propertyplantequipment,report_date,report_type,reported_eps,reportedcurrency,reporttime,researchanddevelopment,retainedearnings,return_on_assets_ttm,return_on_equity_ttm,revenue_growth_yoy,revenue_per_share_ttm,sellinggeneralandadministrative,shortlongtermdebttotal,shorttermdebt,shortterminvestments,sma_200,sma_50,surprise_pct,totalassets,totalcurrentassets,totalcurrentliabilities,totalliabilities,totalnoncurrentassets,totalnoncurrentliabilities,totalrevenue,totalshareholderequity,trailing_pe,treasurystock,week_52_high,week_52_low
1996-03-31,CGNX,,,,,,,,,,,,,,,,,,,,,,,,,,,,,,,,,,,,,,0.0,,,0.06,,,,,,,,,,,,,,,,,,,,,,,,,,,,,,,,,,,,,,,,,,,,,,,,,1996-04-16,,0.06,,pre-market,,,,,,,,,,,,,0.0,,,,,,,,,,,,
1996-06-30,CGNX,,,,,,,,,,,,,,,,,,,,,,,,,,,,,,,,,,,,,,0.0,,,0.06,,,,,,,,,,,,,,,,,,,,,,,,,,,,,,,,,,,,,,,,,,,,,,,,,1996-07-17,,0.06,,pre-market,,,,,,,,,,,,,0.0,,,,,,,,,,,,
1996-09-30,CGNX,,,,,,,,,,,,,,,,,,,,,,,,,,,,,,,,,,,,,,-0.01,,,0.05,,,,,,,,,,,,,,,,,,,,,,,,,,,,,,,,,,,,,,,,,,,,,,,,,1996-10-15,,0.04,,pre-market,,,,,,,,,,,,,-20.0,,,,,,,,,,,,
1996-12-31,CGNX,,,,,,,,,,,,,,,,,,,,,,,,,,,,,,,,,,,,,,0.0,,,0.04,,,,,,,,,,,,,,,,,,,,,,,,,,,,,,,,,,,,,,,,,,,,,,,,,1997-01-28,,0.04,,pre-market,,,,,,,,,,,,,0.0,,,,,,,,,,,,
1997-03-31,CGNX,,,,,,,,,,,,,,,,,,,,,,,,,,,,,,,,,,,,,,0.01,,,0.03,,,,,,,,,,,,,,,,,,,,,,,,,,,,,,,,,,,,,,,,,,,,,,,,,1997-04-15,,0.04,,pre-market,,,,,,,,,,,,,33.3333,,,,,,,,,,,,
1997-06-30,CGNX,,,,,,,,,,,,,,,,,,,,,,,,,,,,,,,,,,,,,,0.0,,,0.05,,,,,,,,,,,,,,,,,,,,,,,,,,,,,,,,,,,,,,,,,,,,,,,,,1997-07-16,,0.05,,pre-market,,,,,,,,,,,,,0.0,,,,,,,,,,,,
1997-09-30,CGNX,,,,,,,,,,,,,,,,,,,,,,,,,,,,,,,,,,,,,,0.01,,,0.06,,,,,,,,,,,,,,,,,,,,,,,,,,,,,,,,,,,,,,,,,,,,,,,,,1997-10-15,,0.07,,pre-market,,,,,,,,,,,,,16.6667,,,,,,,,,,,,
1997-12-31,CGNX,,,,,,,,,,,,,,,,,,,,,,,,,,,,,,,,,,,,,,0.01,,,0.07,,,,,,,,,,,,,,,,,,,,,,,,,,,,,,,,,,,,,,,,,,,,,,,,,1998-01-27,,0.08,,pre-market,,,,,,,,,,,,,14.2857,,,,,,,,,,,,
1998-03-31,CGNX,,,,,,,,,,,,,,,,,,,,,,,,,,,,,,,,,,,,,,0.0,,,0.06,,,,,,,,,,,,,,,,,,,,,,,,,,,,,,,,,,,,,,,,,,,,,,,,,1998-04-21,,0.06,,pre-market,,,,,,,,,,,,,0.0,,,,,,,,,,,,
1998-06-30,CGNX,,,,,,,,,,,,,,,,,,,,,,,,,,,,,,,,,,,,,,0.0,,,0.04,,,,,,,,,,,,,,,,,,,,,,,,,,,,,,,,,,,,,,,,,,,,,,,,,1998-07-21,,0.04,,pre-market,,,,,,,,,,,,,0.0,,,,,,,,,,,,
1998-09-30,CGNX,,,,,,,,,,,,,,,,,,,,,,,,,,,,,,,,,,,,,,0.01,,,0.01,,,,,,,,,,,,,,,,,,,,,,,,,,,,,,,,,,,,,,,,,,,,,,,,,1998-10-21,,0.02,,pre-market,,,,,,,,,,,,,100.0,,,,,,,,,,,,
1998-12-31,CGNX,,,,,,,,,,,,,,,,,,,,,,,,,,,,,,,,,,,,,,0.0,,,0.01,,,,,,,,,,,,,,,,,,,,,,,,,,,,,,,,,,,,,,,,,,,,,,,,,1999-01-28,,0.01,,pre-market,,,,,,,,,,,,,0.0,,,,,,,,,,,,
1999-03-31,CGNX,,,,,,,,,,,,,,,,,,,,,,,,,,,,,,,,,,,,,,0.01,,,0.01,,,,,,,,,,,,,,,,,,,,,,,,,,,,,,,,,,,,,,,,,,,,,,,,,1999-04-20,,0.02,,pre-market,,,,,,,,,,,,,100.0,,,,,,,,,,,,
1999-06-30,CGNX,,,,,,,,,,,,,,,,,,,,,,,,,,,,,,,,,,,,,,0.01,,,0.03,,,,,,,,,,,,,,,,,,,,,,,,,,,,,,,,,,,,,,,,,,,,,,,,,1999-07-21,,0.04,,pre-market,,,,,,,,,,,,,33.3333,,,,,,,,,,,,
1999-09-30,CGNX,,,,,,,,,,,,,,,,,,,,,,,,,,,,,,,,,,,,,,0.0,,,0.05,,,,,,,,,,,,,,,,,,,,,,,,,,,,,,,,,,,,,,,,,,,,,,,,,1999-10-20,,0.05,,pre-market,,,,,,,,,,,,,0.0,,,,,,,,,,,,
1999-12-31,CGNX,,,,,,,,,,,,,,,,,,,,,,,,,,,,,,,,,,,,,,0.01,,,0.06,,,,,,,,,,,,,,,,,,,,,,,,,,,,,,,,,,,,,,,,,,,,,,,,,2000-01-27,,0.07,,pre-market,,,,,,,,,,,,,16.6667,,,,,,,,,,,,
2000-03-31,CGNX,,,,,,,,,,,,,,,,,,,,,,,,,,,,,,,,,,,,,,0.01,,,0.08,,,,,,,,,,,,,,,,,,,,,,,,,,,,,,,,,,,,,,,,,,,,,,,,,2000-04-19,,0.09,,pre-market,,,,,,,,,,,,,12.5,,,,,,,,,,,,
2000-06-30,CGNX,,,,,,,,,,,,,,,,,,,,,,,,,,,,,,,,,,,,,,0.01,,,0.09,,,,,,,,,,,,,,,,,,,,,,,,,,,,,,,,,,,,,,,,,,,,,,,,,2000-07-17,,0.1,,pre-market,,,,,,,,,,,,,11.1111,,,,,,,,,,,,
2000-09-30,CGNX,,,,,,,,,,,,,,,,,,,,,,,,,,,,,,,,,,,,,,0.01,,,0.1,,,,,,,,,,,,,,,,,,,,,,,,,,,,,,,,,,,,,,,,,,,,,,,,,2000-10-16,,0.11,,pre-market,,,,,,,,,,,,,10.0,,,,,,,,,,,,
2000-12-31,CGNX,,,,,,,,,,,,,,,,,,,,,,,,,,,,,,,,,,,,,,0.0,,,0.09,,,,,,,,,,,,,,,,,,,,,,,,,,,,,,,,,,,,,,,,,,,,,,,,,2001-01-22,,0.09,,pre-market,,,,,,,,,,,,,0.0,,,,,,,,,,,,
2001-03-31,CGNX,,,,,,,,,,,,,,,,,,,,,,,,,,,,,,,,,,,,,,0.0,,,0.03,,,,,,,,,,,,,,,,,,,,,,,,,,,,,,,,,,,,,,,,,,,,,,,,,2001-04-16,,0.03,,pre-market,,,,,,,,,,,,,0.0,,,,,,,,,,,,
2001-06-30,CGNX,,,,,,,,,,,,,,,,,,,,,,,,,,,,,,,,,,,,,,0.0,,,0.01,,,,,,,,,,,,,,,,,,,,,,,,,,,,,,,,,,,,,,,,,,,,,,,,,2001-07-23,,0.01,,pre-market,,,,,,,,,,,,,0.0,,,,,,,,,,,,
2001-09-30,CGNX,,,,,,,,,,,,,,,,,,,,,,,,,,,,,,,,,,,,,,0.0,,,0.01,,,,,,,,,,,,,,,,,,,,,,,,,,,,,,,,,,,,,,,,,,,,,,,,,2001-10-15,,0.01,,pre-market,,,,,,,,,,,,,0.0,,,,,,,,,,,,
2001-12-31,CGNX,,,,,,,,,,,,,,,,,,,,,,,,,,,,,,,,,,,,,,-0.105,,,-0.01,,,,,,,,,,,,,,,,,,,,,,,,,,,,,,,,,,,,,,,,,,,,,,,,,2002-01-28,,-0.115,,pre-market,,,,,,,,,,,,,-1050.0,,,,,,,,,,,,
2002-03-31,CGNX,,,,,,,,,,,,,,,,,,,,,,,,,,,,,,,,,,,,,,0.01,,,-0.02,,,,,,,,,,,,,,,,,,,,,,,,,,,,,,,,,,,,,,,,,,,,,,,,,2002-04-23,,-0.01,,pre-market,,,,,,,,,,,,,50.0,,,,,,,,,,,,
2002-06-30,CGNX,,,,,,,,,,,,,,,,,,,,,,,,,,,,,,,,,,,,,,0.0,,,-0.02,,,,,,,,,,,,,,,,,,,,,,,,,,,,,,,,,,,,,,,,,,,,,,,,,2002-07-24,,-0.01,,pre-market,,,,,,,,,,,,,50.0,,,,,,,,,,,,
2002-09-30,CGNX,,,,,,,,,,,,,,,,,,,,,,,,,,,,,,,,,,,,,,0.0,,,-0.02,,,,,,,,,,,,,,,,,,,,,,,,,,,,,,,,,,,,,,,,,,,,,,,,,2002-10-15,,0.0045,,pre-market,,,,,,,,,,,,,50.0,,,,,,,,,,,,
2002-12-31,CGNX,,,,,,,,,,,,,,,,,,,,,,,,,,,,,,,,,,,,,,0.0,,,0.01,,,,,,,,,,,,,,,,,,,,,,,,,,,,,,,,,,,,,,,,,,,,,,,,,2003-01-28,,0.01,,pre-market,,,,,,,,,,,,,0.0,,,,,,,,,,,,
2003-03-31,CGNX,,,,,,,,,,,,,,,,,,,,,,,,,,,,,,,,,,,,,,0.0,,,0.01,,,,,,,,,,,,,,,,,,,,,,,,,,,,,,,,,,,,,,,,,,,,,,,,,2003-04-14,,0.01,,pre-market,,,,,,,,,,,,,0.0,,,,,,,,,,,,
2003-06-30,CGNX,,,,,,,,,,,,,,,,,,,,,,,,,,,,,,,,,,,,,,0.0,,,0.02,,,,,,,,,,,,,,,,,,,,,,,,,,,,,,,,,,,,,,,,,,,,,,,,,2003-07-23,,0.02,,pre-market,,,,,,,,,,,,,0.0,,,,,,,,,,,,
2003-09-30,CGNX,,,,,,,,,,,,,,,,,,,,,,,,,,,,,,,,,,,,,,0.0,,,0.03,,,,,,,,,,,,,,,,,,,,,,,,,,,,,,,,,,,,,,,,,,,,,,,,,2003-10-14,,0.03,,pre-market,,,,,,,,,,,,,0.0,,,,,,,,,,,,
2003-12-31,CGNX,,,,,,,,,,,,,,,,,,,,,,,,,,,,,,,,,,,,,,0.0,,,0.03,,,,,,,,,,,,,,,,,,,,,,,,,,,,,,,,,,,,,,,,,,,,,,,,,2004-01-26,,0.03,,pre-market,,,,,,,,,,,,,0.0,,,,,,,,,,,,
2004-03-31,CGNX,,,,,,,,,,,,,,,,,,,,,,,,,,,,,,,,,,,,,,0.01,,,0.04,,,,,,,,,,,,,,,,,,,,,,,,,,,,,,,,,,,,,,,,,,,,,,,,,2004-04-20,,0.05,,pre-market,,,,,,,,,,,,,25.0,,,,,,,,,,,,
2004-06-30,CGNX,,,,,,,,,,,,,,,,,,,,,,,,,,,,,,,,,,,,,,0.0,,,0.06,,,,,,,,,,,,,,,,,,,,,,,,,,,,,,,,,,,,,,,,,,,,,,,,,2004-07-19,,0.06,,pre-market,,,,,,,,,,,,,0.0,,,,,,,,,,,,
2004-09-30,CGNX,,,,,,,,,,,,,,,,,,,,,,,,,,,,,,,,,,,,,,0.0,,,0.06,,,,,,,,,,,,,,,,,,,,,,,,,,,,,,,,,,,,,,,,,,,,,,,,,2004-10-18,,0.06,,pre-market,,,,,,,,,,,,,0.0,,,,,,,,,,,,
2004-12-31,CGNX,,,,,,,,,,,,,,,,,,,,,,,,,,,,,,,,,,,,,,0.01,,,0.03,,,,,,,,,,,,,,,,,,,,,,,,,,,,,,,,,,,,,,,,,,,,,,,,,2005-01-24,,0.04,,pre-market,,,,,,,,,,,,,33.3333,,,,,,,,,,,,
2005-03-31,CGNX,,,,,,,,,,,,,,,,,,,,,,,,,,,,,,,,,,,,,,0.0,,,0.03,,,,,,,,,,,,,,,,,,,,,,,,,,,,,,,,,,,,,,,,,,,,,,,,,2005-04-19,,0.03,,pre-market,,,,,,,,,,,,,0.0,,,,,,,,,,,,
2005-06-30,CGNX,,,,,,,,,,,,,,,,,,,,,,,,,,,,,,,,,,,,,,0.0,,,0.04,,,,,,,,,,,,,,,,,,,,,,,,,,,,,,,,,,,,,,,,,,,,,,,,,2005-07-19,,0.04,,pre-market,,,,,,,,,,,,,0.0,,,,,,,,,,,,
2005-09-30,CGNX,,,,,,,,,,,,,,,,,,,,,,,,,,,,,,,,,,,,,,0.01,,,0.05,,,,,,,,,,,,,,,,,,,,,,,,,,,,,,,,,,,,,,,,,,,,,,,,,2005-10-17,,0.06,,pre-market,,,,,,,,,,,,,20.0,,,,,,,,,,,,
2005-12-31,CGNX,,,,,,,,,,,,,,,,,,,,,,,,,,,,,,,,,,,,,,0.0,,,0.06,,,,,,,,,,,,,,,,,,,,,,,,,,,,,,,,,,,,,,,,,,,,,,,,,2006-01-25,,0.06,,pre-market,,,,,,,,,,,,,0.0,,,,,,,,,,,,
2006-03-31,CGNX,,,,,,,,,,,,,,,,,,,,,,,,,,,,,,,,,,,,,,0.0,,,0.05,,,,,,,,,,,,,,,,,,,,,,,,,,,,,,,,,,,,,,,,,,,,,,,,,2006-04-24,,0.05,,pre-market,,,,,,,,,,,,,0.0,,,,,,,,,,,,
2006-06-30,CGNX,,,,,,,,,,,,,,,,,,,,,,,,,,,,,,,,,,,,,,0.01,,,0.05,,,,,,,,,,,,,,,,,,,,,,,,,,,,,,,,,,,,,,,,,,,,,,,,,2006-07-18,,0.06,,pre-market,,,,,,,,,,,,,20.0,,,,,,,,,,,,
2006-09-30,CGNX,,,,,,,,,,,,,,,,,,,,,,,,,,,,,,,,,,,,,,0.01,,,0.05,,,,,,,,,,,,,,,,,,,,,,,,,,,,,,,,,,,,,,,,,,,,,,,,,2006-10-17,,0.06,,pre-market,,,,,,,,,,,,,20.0,,,,,,,,,,,,
2006-12-31,CGNX,,,,,,,,,,,,,,,,,,,,,,,,,,,,,,,,,,,,,,0.0,,,0.05,,,,,,,,,,,,,,,,,,,,,,,,,,,,,,,,,,,,,,,,,,,,,,,,,2007-01-23,,0.05,,pre-market,,,,,,,,,,,,,0.0,,,,,,,,,,,,
2007-03-31,CGNX,,,,,,,,,,,,,,,,,,,,,,,,,,,,,,,,,,,,,,-0.01,,,0.04,,,,,,,,,,,,,,,,,,,,,,,,,,,,,,,,,,,,,,,,,,,,,,,,,2007-04-17,,0.03,,pre-market,,,,,,,,,,,,,-25.0,,,,,,,,,,,,
2007-06-30,CGNX,,,,,,,,,,,,,,,,,,,,,,,,,,,,,,,,,,,,,,-0.01,,,0.03,,,,,,,,,,,,,,,,,,,,,,,,,,,,,,,,,,,,,,,,,,,,,,,,,2007-08-15,,0.02,,pre-market,,,,,,,,,,,,,-33.3333,,,,,,,,,,,,
2007-09-30,CGNX,,,,,,,,,,,,,,,,,,,,,,,,,,,,,,,,,,,,,,0.01,,,0.03,,,,,,,,,,,,,,,,,,,,,,,,,,,,,,,,,,,,,,,,,,,,,,,,,2007-11-01,,0.04,,pre-market,,,,,,,,,,,,,33.3333,,,,,,,,,,,,
2007-12-31,CGNX,,,,,,,,,,,,,,,,,,,,,,,,,,,,,,,,,,,,,,0.01,,,0.05,,,,,,,,,,,,,,,,,,,,,,,,,,,,,,,,,,,,,,,,,,,,,,,,,2008-02-14,,0.06,,pre-market,,,,,,,,,,,,,20.0,,,,,,,,,,,,
2008-03-31,CGNX,,,,,,,,,,,,,,,,,,,,,,,,,,,,,,,,,,,,,,0.01,,,0.04,,,,,,,,,,,,,,,,,,,,,,,,,,,,,,,,,,,,,,,,,,,,,,,,,2008-04-28,,0.05,,pre-market,,,,,,,,,,,,,25.0,,,,,,,,,,,,
2008-06-30,CGNX,,,,,,,,,,,,,,,,,,,,,,,,,,,,,,,,,,,,,,-0.01,,,0.06,,,,,,,,,,,,,,,,,,,,,,,,,,,,,,,,,,,,,,,,,,,,,,,,,2008-07-28,,0.05,,pre-market,,,,,,,,,,,,,-16.6667,,,,,,,,,,,,
2008-09-30,CGNX,,,,,,,,,,,,,,,,,,,,,,,,,,,,,,,,,,,,,,0.01,,,0.04,,,,,,,,,,,,,,,,,,,,,,,,,,,,,,,,,,,,,,,,,,,,,,,,,2008-10-29,,0.05,,pre-market,,,,,,,,,,,,,25.0,,,,,,,,,,,,
2008-12-31,CGNX,,,,,,,,,,,,,,,,,,,,,,,,,,,,,,,,,,,,,,0.0,,,0.01,,,,,,,,,,,,,,,,,,,,,,,,,,,,,,,,,,,,,,,,,,,,,,,,,2009-02-17,,0.01,,pre-market,,,,,,,,,,,,,0.0,,,,,,,,,,,,
2009-03-31,CGNX,,,,,,,,,,,,,,,,,,,,,,,,,,,,,,,,,,,,,,-0.01,,,-0.01,,,,,,,,,,,,,,,,,,,,,,,,,,,,,,,,,,,,,,,,,,,,,,,,,2009-05-04,,-0.02,,pre-market,,,,,,,,,,,,,-100.0,,,,,,,,,,,,
2009-06-30,CGNX,,,,,,,,,,,,,,,,,,,,,,,,,,,,,,,,,,,,,,0.01,,,-0.03,,,,,,,,,,,,,,,,,,,,,,,,,,,,,,,,,,,,,,,,,,,,,,,,,2009-08-05,,-0.02,,pre-market,,,,,,,,,,,,,33.3333,,,,,,,,,,,,
2009-09-30,CGNX,,,,,,,,,,,,,,,,,,,,,,,,,,,,,,,,,,,,,,0.02,,,-0.01,,,,,,,,,,,,,,,,,,,,,,,,,,,,,,,,,,,,,,,,,,,,,,,,,2009-11-02,,0.01,,pre-market,,,,,,,,,,,,,200.0,,,,,,,,,,,,
2009-12-31,CGNX,,,,,,,,,,,,,,,,,,,,,,,,,,,,,,,,,,,,,,0.0,,,-0.01,,,,,,,,,,,,,,,,,,,,,,,,,,,,,,,,,,,,,,,,,,,,,,,,,2010-02-11,,0.01,,pre-market,,,,,,,,,,,,,200.0,,,,,,,,,,,,
2010-03-31,CGNX,,,,,,,,,,,,,,,,,,,,,,,,,,,,,,,,,,,,,,0.02,,,0.04,,,,,,,,,,,,,,,,,,,,,,,,,,,,,,,,,,,,,,,,,,,,,,,,,2010-05-03,,0.06,,pre-market,,,,,,,,,,,,,50.0,,,,,,,,,,,,
2010-06-30,CGNX,,,,,,,,,,,,,,,,,,,,,,,,,,,,,,,,,,,,,,0.05,,,0.05,,,,,,,,,,,,,,,,,,,,,,,,,,,,,,,,,,,,,,,,,,,,,,,,,2010-08-02,,0.1,,pre-market,,,,,,,,,,,,,100.0,,,,,,,,,,,,
2010-09-30,CGNX,,,,,,,,,,,,,,,,,,,,,,,,,,,,,,,,,,,,,,0.03,,,0.08,,,,,,,,,,,,,,,,,,,,,,,,,,,,,,,,,,,,,,,,,,,,,,,,,2010-11-01,,0.11,,pre-market,,,,,,,,,,,,,37.5,,,,,,,,,,,,
2010-12-31,CGNX,,,,,,,,,,,,,,,,,,,,,,,,,,,,,,,,,,,,,,0.02,,,0.1,,,,,,,,,,,,,,,,,,,,,,,,,,,,,,,,,,,,,,,,,,,,,,,,,2011-02-10,,0.12,,pre-market,,,,,,,,,,,,,20.0,,,,,,,,,,,,
2011-03-31,CGNX,,,,,,,,,,,,,,,,,,,,,,,,,,,,,,,,,,,,,,0.02,,,0.06,,,,,,,,,,,,,,,,,,,,,,,,,,,,,,,,,,,,,,,,,,,,,,,,,2011-05-02,,0.08,,pre-market,,,,,,,,,,,,,33.3333,,,,,,,,,,,,
2011-06-30,CGNX,,,,,,,,,,,,,,,,,,,,,,,,,,,,,,,,,,,,,,0.02,,,0.09,,,,,,,,,,,,,,,,,,,,,,,,,,,,,,,,,,,,,,,,,,,,,,,,,2011-08-01,,0.11,,pre-market,,,,,,,,,,,,,22.2222,,,,,,,,,,,,
2011-09-30,CGNX,,,,,,,,,,,,,,,,,,,,,,,,,,,,,,,,,,,,,,0.02,,,0.09,,,,,,,,,,,,,,,,,,,,,,,,,,,,,,,,,,,,,,,,,,,,,,,,,2011-11-01,,0.11,,pre-market,,,,,,,,,,,,,22.2222,,,,,,,,,,,,
2011-12-31,CGNX,,,,,,,,,,,,,,,,,,,,,,,,,,,,,,,,,,,,,,0.01,,,0.1,,,,,,,,,,,,,,,,,,,,,,,,,,,,,,,,,,,,,,,,,,,,,,,,,2012-02-09,,0.11,,pre-market,,,,,,,,,,,,,10.0,,,,,,,,,,,,
2012-03-31,CGNX,,,,,,,,,,,,,,,,,,,,,,,,,,,,,,,,,,,,,,0.0,,,0.08,,,,,,,,,,,,,,,,,,,,,,,,,,,,,,,,,,,,,,,,,,,,,,,,,2012-04-30,,0.08,,pre-market,,,,,,,,,,,,,0.0,,,,,,,,,,,,
2012-06-30,CGNX,,,,,,,,,,,,,,,,,,,,,,,,,,,,,,,,,,,,,,0.01,,,0.1,,,,,,,,,,,,,,,,,,,,,,,,,,,,,,,,,,,,,,,,,,,,,,,,,2012-07-30,,0.11,,pre-market,,,,,,,,,,,,,10.0,,,,,,,,,,,,
2012-09-30,CGNX,,,,,,,,,,,,,,,,,,,,,,,,,,,,,,,,,,,,,,0.01,,,0.09,,,,,,,,,,,,,,,,,,,,,,,,,,,,,,,,,,,,,,,,,,,,,,,,,2012-10-29,,0.1,,pre-market,,,,,,,,,,,,,11.1111,,,,,,,,,,,,
2012-12-31,CGNX,,,,,,,,,,,,,,,,,,,,,,,,,,,,,,,,,,,,,,0.0,,,0.09,,,,,,,,,,,,,,,,,,,,,,,,,,,,,,,,,,,,,,,,,,,,,,,,,2013-02-11,,0.09,,pre-market,,,,,,,,,,,,,0.0,,,,,,,,,,,,
2013-03-31,CGNX,,,,,,,,,,,,,,,,,,,,,,,,,,,,,,,,,,,,,,0.01,,,0.08,,,,,,,,,,,,,,,,,,,,,,,,,,,,,,,,,,,,,,,,,,,,,,,,,2013-04-29,,0.09,,pre-market,,,,,,,,,,,,,12.5,,,,,,,,,,,,
2013-06-30,CGNX,,,,,,,,,,,,,,,,,,,,,,,,,,,,,,,,,,,,,,0.01,,,0.09,,,,,,,,,,,,,,,,,,,,,,,,,,,,,,,,,,,,,,,,,,,,,,,,,2013-07-29,,0.1,,pre-market,,,,,,,,,,,,,11.1111,,,,,,,,,,,,
2013-09-30,CGNX,,,,,,,,,,,,,,,,,,,,,,,,,,,,,,,,,,,,,,0.01,,,0.11,,,,,,,,,,,,,,,,,,,,,,,,,,,,,,,,,,,,,,,,,,,,,,,,,2013-10-28,,0.12,,pre-market,,,,,,,,,,,,,9.0909,,,,,,,,,,,,
2013-12-31,CGNX,,,,,,,,,,,,,,,,,,,,,,,,,,,,,,,,,,,,,,0.01,,,0.11,,,,,,,,,,,,,,,,,,,,,,,,,,,,,,,,,,,,,,,,,,,,,,,,,2014-02-13,,0.12,,pre-market,,,,,,,,,,,,,9.0909,,,,,,,,,,,,
2014-03-31,CGNX,,,,,,,,,,,,,,,,,,,,,,,,,,,,,,,,,,,,,,0.01,,,0.1,,,,,,,,,,,,,,,,,,,,,,,,,,,,,,,,,,,,,,,,,,,,,,,,,2014-04-30,,0.11,,pre-market,,,,,,,,,,,,,10.0,,,,,,,,,,,,
2014-06-30,CGNX,,,,,,,,,,,,,,,,,,,,,,,,,,,,,,,,,,,,,,0.03,,,0.11,,,,,,,,,,,,,,,,,,,,,,,,,,,,,,,,,,,,,,,,,,,,,,,,,2014-07-28,,0.14,,pre-market,,,,,,,,,,,,,27.2727,,,,,,,,,,,,
2014-09-30,CGNX,,,,,,,,,,,,,,,,,,,,,,,,,,,,,,,,,,,,,,0.0,,,0.28,,,,,,,,,,,,,,,,,,,,,,,,,,,,,,,,,,,,,,,,,,,,,,,,,2014-10-27,,0.28,,post-market,,,,,,,,,,,,,0.0,,,,,,,,,,,,
2014-12-31,CGNX,,,,,,,,,,,,,,,,,,,,,,,,,,,,,,,,,,,,,,0.03,,,0.13,,,,,,,,,,,,,,,,,,,,,,,,,,,,,,,,,,,,,,,,,,,,,,,,,2015-02-12,,0.16,,post-market,,,,,,,,,,,,,23.0769,,,,,,,,,,,,
2015-03-31,CGNX,,,,,,,,,,,,,,,,,,,,,,,,,,,,,,,,,,,,,,0.01,,,0.11,,,,,,,,,,,,,,,,,,,,,,,,,,,,,,,,,,,,,,,,,,,,,,,,,2015-05-04,,0.12,,post-market,,,,,,,,,,,,,9.0909,,,,,,,,,,,,
2015-06-30,CGNX,,,,,,,,,,,,,,,,,,,,,,,,,,,,,,,,,,,,,,0.02,,,0.23,,,,,,,,,,,,,,,,,,,,,,,,,,,,,,,,,,,,,,,,,,,,,,,,,2015-08-03,,0.25,,post-market,,,,,,,,,,,,,8.6957,,,,,,,,,,,,
2015-09-30,CGNX,,,,,,,,,,,,,,,,,,,,,,,,,,,,,,,,,,,,,,0.03,,,0.11,,,,,,,,,,,,,,,,,,,,,,,,,,,,,,,,,,,,,,,,,,,,,,,,,2015-11-02,,0.14,,post-market,,,,,,,,,,,,,27.2727,,,,,,,,,,,,
2015-12-31,CGNX,,,,,,,,,,,,,,,,,,,,,,,,,,,,,,,,,,,,,,0.03,,,0.08,,,,,,,,,,,,,,,,,,,,,,,,,,,,,,,,,,,,,,,,,,,,,,,,,2016-02-10,,0.11,,post-market,,,,,,,,,,,,,37.5,,,,,,,,,,,,
2016-03-31,CGNX,,,,,,,,,,,,,,,,,,,,,,,,,,,,,,,,,,,,,,0.03,,,0.06,,,,,,,,,,,,,,,,,,,,,,,,,,,,,,,,,,,,,,,,,,,,,,,,,2016-05-02,,0.09,,post-market,,,,,,,,,,,,,50.0,,,,,,,,,,,,
2016-06-30,CGNX,,,,,,,,,,,,,,,,,,,,,,,,,,,,,,,,,,,,,,0.03,,,0.22,,,,,,,,,,,,,,,,,,,,,,,,,,,,,,,,,,,,,,,,,,,,,,,,,2016-08-01,,0.25,,post-market,,,,,,,,,,,,,13.6364,,,,,,,,,,,,
2016-09-30,CGNX,,,,,,,,,,,,,,,,,,,,,,,,,,,,,,,,,,,,,,0.05,,,0.23,,,,,,,,,,,,,,,,,,,,,,,,,,,,,,,,,,,,,,,,,,,,,,,,,2016-10-31,,0.28,,post-market,,,,,,,,,,,,,21.7391,,,,,,,,,,,,
2016-12-31,CGNX,,,,,,,,,,,,,,,,,,,,,,,,,,,,,,,,,,,,,,0.07,,,0.15,,,,,,,,,,,,,,,,,,,,,,,,,,,,,,,,,,,,,,,,,,,,,,,,,2017-02-16,,0.22,,post-market,,,,,,,,,,,,,46.6667,,,,,,,,,,,,
2017-03-31,CGNX,,,,,,,,,,,,,,,,,,,,,,,,,,,,,,,,,,,,,,0.12,,,0.14,,,,,,,,,,,,,,,,,,,,,,,,,,,,,,,,,,,,,,,,,,,,,,,,,2017-05-01,,0.26,,post-market,,,,,,,,,,,,,85.7143,,,,,,,,,,,,
2017-06-30,CGNX,,,,,,,,,,,,,,,,,,,,,,,,,,,,,,,,,,,,,,0.05,,,0.27,,,,,,,,,,,,,,,,,,,,,,,,,,,,,,,,,,,,,,,,,,,,,,,,,2017-07-31,,0.32,,post-market,,,,,,,,,,,,,18.5185,,,,,,,,,,,,
2017-09-30,CGNX,,,,,,,,,,,,,,,,,,,,,,,,,,,,,,,,,,,,,,0.05,,,0.52,,,,,,,,,,,,,,,,,,,,,,,,,,,,,,,,,,,,,,,,,,,,,,,,,2017-10-30,,0.57,,post-market,,,,,,,,,,,,,9.6154,,,,,,,,,,,,
2017-12-31,CGNX,,,,,,,,,,,,,,,,,,,,,,,,,,,,,,,,,,,,,,0.07,,,0.25,,,,,,,,,,,,,,,,,,,,,,,,,,,,,,,,,,,,,,,,,,,,,,,,,2018-02-15,,0.32,,post-market,,,,,,,,,,,,,28.0,,,,,,,,,,,,
2018-03-31,CGNX,,,,,,,,,,,,,,,,,,,,,,,,,,,,,,,,,,,,,,0.01,,,0.2,,,,,,,,,,,,,,,,,,,,,,,,,,,,,,,,,,,,,,,,,,,,,,,,,2018-04-30,,0.21,,post-market,,,,,,,,,,,,,5.0,,,,,,,,,,,,
2018-06-30,CGNX,,,,,,,,,,,,,,,,,,,,,,,,,,,,,,,,,,,,,,0.02,,,0.3,,,,,,,,,,,,,,,,,,,,,,,,,,,,,,,,,,,,,,,,,,,,,,,,,2018-07-30,,0.32,,post-market,,,,,,,,,,,,,6.6667,,,,,,,,,,,,
2018-09-30,CGNX,,,,,,,,,,,,,,,,,,,,,,,,,,,,,,,,,,,,,,0.08,,,0.37,,,,,,,,,,,,,,,,,,,,,,,,,,,,,,,,,,,,,,,,,,,,,,,,,2018-10-29,,0.45,,post-market,,,,,,,,,,,,,21.6216,,,,,,,,,,,,
2018-12-31,CGNX,,,,,,,,,,,,,,,,,,,,,,,,,,,,,,,,,,,,,,0.04,,,0.22,,,,,,,,,,,,,,,,,,,,,,,,,,,,,,,,,,,,,,,,,,,,,,,,,2019-02-14,,0.26,,post-market,,,,,,,,,,,,,18.1818,,,,,,,,,,,,
2019-03-31,CGNX,,,,,,,,,,,,,,,,,,,,,,,,,,,,,,,,,,,,,,0.02,,,0.17,,,,,,,,,,,,,,,,,,,,,,,,,,,,,,,,,,,,,,,,,,,,,,,,,2019-04-29,,0.19,,post-market,,,,,,,,,,,,,11.7647,,,,,,,,,,,,
2019-06-30,CGNX,,,,,,,,,,,,,,,,,,,,,,,,,,,,,,,,,,,,,,0.05,,,0.23,,,,,,,,,,,,,,,,,,,,,,,,,,,,,,,,,,,,,,,,,,,,,,,,,2019-07-29,,0.28,,post-market,,,,,,,,,,,,,21.7391,,,,,,,,,,,,
2019-09-30,CGNX,,,,,,,,,,,,,,,,,,,,,,,,,,,,,,,,,,,,,,0.03,,,0.21,,,,,,,,,,,,,,,,,,,,,,,,,,,,,,,,,,,,,,,,,,,,,,,,,2019-10-28,,0.24,,post-market,,,,,,,,,,,,,14.2857,,,,,,,,,,,,
2019-12-31,CGNX,,,,,,,,,,,,,,,,,,,,,,,,,,,,,,,,,,,,,,-0.02,,,0.13,,,,,,,,,,,,,,,,,,,,,,,,,,,,,,,,,,,,,,,,,,,,,,,,,2020-02-13,,0.11,,post-market,,,,,,,,,,,,,-15.3846,,,,,,,,,,,,
2020-03-31,CGNX,,,,,,,,,,,,,,,,,,,,,,,,,,,,,,,,,,,,,,0.03,,,0.08,,,,,,,,,,,,,,,,,,,,,,,,,,,,,,,,,,,,,,,,,,,,,,,,,2020-04-27,,0.11,,post-market,,,,,,,,,,,,,37.5,,,,,,,,,,,,
2020-06-30,CGNX,,,,,,,,,,,,,,,,,,,,,,,,,,,,,,,,,,,,,,0.04,,,0.11,,,,,,,,,,,,,,,,,,,,,,,,,,,,,,,,,,,,,,,,,,,,,,,,,2020-07-29,,0.15,,post-market,,,,,,,,,,,,,36.3636,,,,,,,,,,,,
2020-09-30,CGNX,,,,,,,,,,,,,,,,,,,,,,,,,,,,,,,,,,,,,,0.16,,,0.31,,,,,,,,,,,,,,,,,,,,,,,,,,,,,,,,,,,,,,,,,,,,,,,,,2020-10-28,,0.47,,post-market,,,,,,,,,,,,,51.6129,,,,,,,,,,,,
2020-12-31,CGNX,,,,,,,,,,,,,,,,,,,,,,,,,,,,,,,,,,,,,,0.04,,,0.28,,,,,,,,,,,,,,,,,,,,,,,,,,,,,,,,,,,,,,,,,,,,,,,,,2021-02-11,,0.32,,post-market,,,,,,,,,,,,,14.2857,,,,,,,,,,,,
2021-03-31,CGNX,,,,,,,,,,,,,,,,,,,,,,,,,,,,,,,,,,,,,,0.01,,,0.35,,,,,,,,,,,,,,,,,,,,,,,,,,,,,,,,,,,,,,,,,,,,,,,,,2021-05-06,,0.36,,post-market,,,,,,,,,,,,,2.8571,,,,,,,,,,,,
2021-06-30,CGNX,,,,,,,,,,,,,,,,,,,,,,,,,,,,,,,,,,,,,,0.01,,,0.42,,,,,,,,,,,,,,,,,,,,,,,,,,,,,,,,,,,,,,,,,,,,,,,,,2021-08-05,,0.43,,post-market,,,,,,,,,,,,,2.381,,,,,,,,,,,,
2021-09-30,CGNX,,,,,,,,,,,,,,,,,,,,,,,,,,,,,,,,,,,,,,-0.06,,,0.46,,,,,,,,,,,,,,,,,,,,,,,,,,,,,,,,,,,,,,,,,,,,,,,,,2021-11-04,,0.4,,post-market,,,,,,,,,,,,,-13.0435,,,,,,,,,,,,
2021-12-31,CGNX,,,,,,,,,,,,,,,,,,,,,,,,,,,,,,,,,,,,,,0.08,,,0.22,,,,,,,,,,,,,,,,,,,,,,,,,,,,,,,,,,,,,,,,,,,,,,,,,2022-02-17,,0.3,,post-market,,,,,,,,,,,,,36.3636,,,,,,,,,,,,
2022-03-31,CGNX,,,,,,,,,,,,,,,,,,,,,,,,,,,,,,,,,,,,,,0.03,,,0.39,,,,,,,,,,,,,,,,,,,,,,,,,,,,,,,,,,,,,,,,,,,,,,,,,2022-05-05,,0.42,,post-market,,,,,,,,,,,,,7.6923,,,,,,,,,,,,
2022-06-30,CGNX,,,,,,,,,,,,,,,,,,,,,,,,,,,,,,,,,,,,,,0.0,,,0.41,,,,,,,,,,,,,,,,,,,,,,,,,,,,,,,,,,,,,,,,,,,,,,,,,2022-08-02,,0.41,,post-market,,,,,,,,,,,,,0.0,,,,,,,,,,,,
2022-09-30,CGNX,,,,,,,,,,,,,,,,,,,,,,,,,,,,,,,,,,,,,,0.07,,,0.14,,,,,,,,,,,,,,,,,,,,,,,,,,,,,,,,,,,,,,,,,,,,,,,,,2022-11-03,,0.21,,post-market,,,,,,,,,,,,,50.0,,,,,,,,,,,,
2022-12-31,CGNX,,,,,,,,,,,,,,,,,,,,,,,,,,,,,,,,,,,,,,-0.05,,,0.32,,,,,,,,,,,,,,,,,,,,,,,,,,,,,,,,,,,,,,,,,,,,,,,,,2023-02-16,,0.27,,post-market,,,,,,,,,,,,,-15.625,,,,,,,,,,,,
2023-03-31,CGNX,,,,,,,,,,,,,,,,,,,,,,,,,,,,,,,,,,,,,,0.04,,,0.09,,,,,,,,,,,,,,,,,,,,,,,,,,,,,,,,,,,,,,,,,,,,,,,,,2023-05-04,,0.13,,pre-market,,,,,,,,,,,,,44.4444,,,,,,,,,,,,
2023-06-30,CGNX,,,,,,,,,,,,,,,,,,,,,,,,,,,,,,,,,,,,,,0.04,,,0.28,,,,,,,,,,,,,,,,,,,,,,,,,,,,,,,,,,,,,,,,,,,,,,,,,2023-08-03,,0.32,,pre-market,,,,,,,,,,,,,14.2857,,,,,,,,,,,,
2023-09-30,CGNX,,,,,,,,,,,,,,,,,,,,,,,,,,,,,,,,,,,,,,0.02,,,0.14,,,,,,,,,,,,,,,,,,,,,,,,,,,,,,,,,,,,,,,,,,,,,,,,,2023-10-31,,0.16,,pre-market,,,,,,,,,,,,,14.2857,,,,,,,,,,,,
2023-12-31,CGNX,,,,,,,,,,,,,,,,,,,,,,,,,,,,,,,,,,,,,,0.01,,,0.1,,,,,,,,,,,,,,,,,,,,,,,,,,,,,,,,,,,,,,,,,,,,,,,,,2024-02-15,,0.11,,pre-market,,,,,,,,,,,,,10.0,,,,,,,,,,,,
2024-03-31,CGNX,,,,,,,,,,,,,,,,,,,,,,,,,,,,,,,,,,,,,,0.03,,,0.08,,,,,,,,,,,,,,,,,,,,,,,,,,,,,,,,,,,,,,,,,,,,,,,,,2024-05-02,,0.11,,pre-market,,,,,,,,,,,,,37.5,,,,,,,,,,,,
2024-06-30,CGNX,,,,,,,,,,,,,,,,,,,,,,,,,,,,,,,,,,,,,,0.02,,,0.21,,,,,,,,,,,,,,,,,,,,,,,,,,,,,,,,,,,,,,,,,,,,,,,,,2024-07-31,,0.23,,post-market,,,,,,,,,,,,,9.5238,,,,,,,,,,,,
2024-09-30,CGNX,,,,,,,,,,,,,,,,,,,,,,,,,,,,,,,,,,,,,,0.01,,,0.19,,,,,,,,,,,,,,,,,,,,,,,,,,,,,,,,,,,,,,,,,,,,,,,,,2024-10-30,,0.2,,post-market,,,,,,,,,,,,,5.2632,,,,,,,,,,,,
2024-12-31,CGNX,,,,,,,,,,,,,,,,,,,,,,,,,,,,,,,,,,,,,,0.04,,,0.16,,,,,,,,,,,,,,,,,,,,,,,,,,,,,,,,,,,,,,,,,,,,,,,,,2025-02-12,,0.2,,post-market,,,,,,,,,,,,,25.0,,,,,,,,,,,,
2025-03-31,CGNX,,,,,,,,,,,,,,,,,,,,,,,,,,,,,,,,,,,,,,0.03,,,0.13,,,,,,,,,,,,,,,,,,,,,,,,,,,,,,,,,,,,,,,,,,,,,,,,,2025-04-30,,0.16,,post-market,,,,,,,,,,,,,23.0769,,,,,,,,,,,,
2025-06-30,CGNX,,,,,,,,,,,,,,,,,,,,,,,,,,,,,,,,,,,,,,0.01,,,0.24,,,,,,,,,,,,,,,,,,,,,,,,,,,,,,,,,,,,,,,,,,,,,,,,,2025-07-30,,0.25,,post-market,,,,,,,,,,,,,4.1667,,,,,,,,,,,,
2025-09-30,CGNX,,,,,,,,,,,,,,,,,,,,,,,,,,,,,,,,,,,,,,0.04,,,0.29,,,,,,,,,,,,,,,,,,,,,,,,,,,,,,,,,,,,,,,,,,,,,,,,,2025-10-29,,0.33,,post-market,,,,,,,,,,,,,13.7931,,,,,,,,,,,,
2025-12-28,CGNX,0.65,971705000.0,56.23,,1.524,8.89,,,,,,,,,,,,,,,,,,,,,,,,,,0.32,0.0087,,,,-0.412,0.04,,,0.29,,24.75,,657348000.0,,,,,,,,,,,,,,,,,,,0.209,,,,,,,,,,,,,1.85,4.112,6.3,,,,,,,,0.113,,,2025-10-29,,0.33,,post-market,,,0.0486,0.0721,0.18,5.75,,,,,36.26,39.64,13.7931,,,,,,,,,56.23,,49.65,22.52
2025-12-28,CGNX,0.65,971705000.0,56.23,,1.524,8.89,,,,,,,,,,,,,,,None,89602000,89602000,,,,,,None,7533000,,0.32,0.0087,,,,-0.412,0.04,62863000,70396000,0.29,2025-09-30,24.75,,657348000.0,187290000,62863000,45199000,,,None,None,None,,None,,,,,17664000,17664000,None,None,0.209,,129525000,57765000,,,,,None,,,,,1.85,4.112,6.3,,,,,,,,0.113,,,2025-10-29,quarterly,0.33,USD,post-market,35081000,,0.0486,0.0721,0.18,5.75,94444000,,,,36.26,39.64,13.7931,,,,,,,276892000,,56.23,,49.65,22.52
2025-12-28,CGNX,0.65,971705000.0,56.23,,1.524,8.89,,,,,,,,,,,,,,,None,81217000,81217000,,,,,,None,7999000,,0.32,0.0087,,,,-0.412,0.04,43433000,51432000,0.29,2025-06-30,24.75,,657348000.0,167876000,48062000,7551000,,,None,None,None,,None,,,,,40511000,40511000,None,None,0.209,,124443000,43433000,,,,,None,,,,,1.85,4.112,6.3,,,,,,,,0.113,,,2025-10-29,quarterly,0.33,USD,post-market,33102000,,0.0486,0.0721,0.18,5.75,91341000,,,,36.26,39.64,13.7931,,,,,,,249093000,,56.23,,49.65,22.52
2025-12-28,CGNX,0.65,971705000.0,56.23,,1.524,8.89,,,,,,,,,,,,,,,None,71713000,71713000,,,,,,None,7934000,,0.32,0.0087,,,,-0.412,0.04,26092000,34026000,0.29,2025-03-31,24.75,,657348000.0,144323000,27798000,4195000,,,None,None,None,,None,,,,,23603000,23603000,None,None,0.209,,118231000,26092000,,,,,None,,,,,1.85,4.112,6.3,,,,,,,,0.113,,,2025-10-29,quarterly,0.33,USD,post-market,34727000,,0.0486,0.0721,0.18,5.75,83504000,,,,36.26,39.64,13.7931,,,,,,,216036000,,56.23,,49.65,22.52
2025-12-28,CGNX,0.65,971705000.0,56.23,,1.524,8.89,,,,,,,,,,,,,,,None,71825000,71825000,,,,,,None,7859000,,0.32,0.0087,,,,-0.412,0.04,30840000,38699000,0.29,2024-12-31,24.75,,657348000.0,157859000,35800000,7454000,,,None,None,None,,None,,,,,28346000,28346000,None,None,0.209,,127019000,30840000,,,,,None,,,,,1.85,4.112,6.3,,,,,,,,0.113,,,2025-10-29,quarterly,0.33,USD,post-market,32538000,,0.0486,0.0721,0.18,5.75,94481000,,,,36.26,39.64,13.7931,,,,,,,229684000,,56.23,,49.65,22.52
2025-12-28,CGNX,0.65,971705000.0,56.23,,1.524,8.89,,,,,,,,,,,,,,,None,75343000,75343000,,,,,,None,8818000,,0.32,0.0087,,,,-0.412,0.04,31564000,40382000,0.29,2024-09-30,24.75,,657348000.0,159399000,36555000,6964000,,,None,None,None,,None,,,,,29591000,29591000,None,None,0.209,,127835000,31564000,,,,,None,,,,,1.85,4.112,6.3,,,,,,,,0.113,,,2025-10-29,quarterly,0.33,USD,post-market,35210000,,0.0486,0.0721,0.18,5.75,92625000,,,,36.26,39.64,13.7931,,,,,,,234742000,,56.23,,49.65,22.52
2025-12-28,CGNX,0.65,971705000.0,56.23,,1.524,8.89,,,,,,,,,,,,,,,None,72693000,72693000,,,,,,None,7920000,,0.32,0.0087,,,,-0.412,0.04,38457000,46377000,0.29,2024-06-30,24.75,,657348000.0,166599000,41568000,5356000,,,None,None,None,,None,,,,,36212000,36212000,None,None,0.209,,128142000,38457000,,,,,None,,,,,1.85,4.112,6.3,,,,,,,,0.113,,,2025-10-29,quarterly,0.33,USD,post-market,34962000,,0.0486,0.0721,0.18,5.75,93180000,,,,36.26,39.64,13.7931,,,,,,,239292000,,56.23,,49.65,22.52
2025-12-28,CGNX,0.65,971705000.0,56.23,,1.524,8.89,,,,,,,,,,,,,,,None,68860000,68860000,,,,,,None,8092000,,0.32,0.0087,,,,-0.412,0.04,14204000,22296000,0.29,2024-03-31,24.75,,657348000.0,141937000,17566000,5544000,,,None,None,None,,None,,,,,12022000,12022000,None,None,0.209,,127733000,14204000,,,,,None,,,,,1.85,4.112,6.3,,,,,,,,0.113,,,2025-10-29,quarterly,0.33,USD,post-market,37105000,,0.0486,0.0721,0.18,5.75,90628000,,,,36.26,39.64,13.7931,,,,,,,210797000,,56.23,,49.65,22.52
2025-12-28,CGNX,0.65,971705000.0,56.23,,1.524,8.89,,,,,,,,,,,,,,,None,61626000,61626000,,,,,,None,6895000,,0.32,0.0087,,,,-0.412,0.04,9979000,16874000,0.29,2023-12-31,24.75,,657348000.0,135044000,14354000,3125000,,,None,4054000,None,,None,,,,,11229000,11229000,None,None,0.209,,122315000,12729000,,,,,None,,,,,1.85,4.112,6.3,,,,,,,,0.113,,,2025-10-29,quarterly,0.33,USD,post-market,34693000,,0.0486,0.0721,0.18,5.75,90372000,,,,36.26,39.64,13.7931,,,,,,,196670000,,56.23,,49.65,22.52
2025-12-28,CGNX,0.65,971705000.0,56.23,,1.524,8.89,,,,,,,,,,,,,,,None,54467000,54467000,,,,,,None,5123000,,0.32,0.0087,,,,-0.412,0.04,27887000,33010000,0.29,2023-09-30,24.75,,657348000.0,142774000,27002000,8086000,,,None,None,None,,None,,,,,18916000,18916000,None,None,0.209,,112137000,30637000,,,,,None,,,,,1.85,4.112,6.3,,,,,,,,0.113,,,2025-10-29,quarterly,0.33,USD,post-market,32580000,,0.0486,0.0721,0.18,5.75,82307000,,,,36.26,39.64,13.7931,,,,,,,197241000,,56.23,,49.65,22.52
2025-12-28,CGNX,0.65,971705000.0,56.23,,1.524,8.89,,,,,,,,,,,,,,,None,62829000,62829000,,,,,,None,4934000,,0.32,0.0087,,,,-0.412,0.04,62675000,67609000,0.29,2023-06-30,24.75,,657348000.0,179683000,67777000,10303000,,,None,None,None,,None,,,,,57474000,57474000,None,None,0.209,,114508000,65175000,,,,,2602000,,,,,1.85,4.112,6.3,,,,,,,,0.113,,,2025-10-29,quarterly,0.33,USD,post-market,33585000,,0.0486,0.0721,0.18,5.75,83423000,,,,36.26,39.64,13.7931,,,,,,,242512000,,56.23,,49.65,22.52
2025-12-28,CGNX,0.65,971705000.0,56.23,,1.524,8.89,,,,,,,,,,,,,,,None,57384000,57384000,,,,,,None,4928000,,0.32,0.0087,,,,-0.412,0.04,22161000,27089000,0.29,2023-03-31,24.75,,657348000.0,143740000,26215000,600000,,,None,4054000,None,,None,,,,,25615000,25615000,None,None,0.209,,121579000,22161000,,,,,4054000,,,,,1.85,4.112,6.3,,,,,,,,0.113,,,2025-10-29,quarterly,0.33,USD,post-market,38542000,,0.0486,0.0721,0.18,5.75,83037000,,,,36.26,39.64,13.7931,,,,,,,201124000,,56.23,,49.65,22.52
2025-12-28,CGNX,0.65,971705000.0,56.23,,1.524,8.89,,,,,,,,,,,,,,,None,69869000,69869000,,,,,,None,4977000,,0.32,0.0087,,,,-0.412,0.04,65991000,70968000,0.29,2022-12-31,24.75,,657348000.0,169564000,59231000,3920000,,,None,10481000,None,,None,,,,,55311000,55311000,None,None,0.209,,115227000,54337000,,,,,4894000,,,,,1.85,4.112,6.3,,,,,,,,0.113,,,2025-10-29,quarterly,0.33,USD,post-market,37134000,,0.0486,0.0721,0.18,5.75,245668000,,,,36.26,39.64,13.7931,,,,,,,239433000,,56.23,,49.65,22.52
2025-12-28,CGNX,0.65,971705000.0,56.23,,1.524,8.89,,,,,,,,,,,,,,,None,57383000,57383000,,,,,,None,4868000,,0.32,0.0087,,,,-0.412,0.04,42914000,47782000,0.29,2022-09-30,24.75,,657348000.0,152239000,39345000,5365000,,,None,2270000,None,,None,,,,,33980000,33980000,None,None,0.209,,112216000,40023000,,,,,-678000,,,,,1.85,4.112,6.3,,,,,,,,0.113,,,2025-10-29,quarterly,0.33,USD,post-market,33954000,,0.0486,0.0721,0.18,5.75,79646000,,,,36.26,39.64,13.7931,,,,,,,209622000,,56.23,,49.65,22.52
2025-12-28,CGNX,0.65,971705000.0,56.23,,1.524,8.89,,,,,,,,,,,,,,,None,78143000,78143000,,,,,,None,4819000,,0.32,0.0087,,,,-0.412,0.04,82544000,87363000,0.29,2022-06-30,24.75,,657348000.0,196485000,64415000,5514000,,,None,29528000,None,,None,,,,,58901000,58901000,None,None,0.209,,131344000,65141000,,,,,-726000,,,,,1.85,4.112,6.3,,,,,,,,0.113,,,2025-10-29,quarterly,0.33,USD,post-market,33991000,,0.0486,0.0721,0.18,5.75,83221000,,,,36.26,39.64,13.7931,,,,,,,274628000,,56.23,,49.65,22.52
2025-12-28,CGNX,0.65,971705000.0,56.23,,1.524,8.89,,,,,,,,,,,,,,,None,78790000,78790000,,,,,,None,4957000,,0.32,0.0087,,,,-0.412,0.04,86728000,91685000,0.29,2022-03-31,24.75,,657348000.0,203617000,87704000,20371000,,,None,5932000,None,,None,,,,,67333000,67333000,None,None,0.209,,116889000,86728000,,,,,976000,,,,,1.85,4.112,6.3,,,,,,,,0.113,,,2025-10-29,quarterly,0.33,USD,post-market,36054000,,0.0486,0.0721,0.18,5.75,82801000,,,,36.26,39.64,13.7931,,,,,,,282407000,,56.23,,49.65,22.52
2025-12-28,CGNX,0.65,971705000.0,56.23,,1.524,8.89,,,,,,,,,,,,,,,None,69082000,69082000,,,,,,None,4869000,,0.32,0.0087,,,,-0.412,0.04,49491000,54360000,0.29,2021-12-31,24.75,,657348000.0,174983000,57947000,4412000,,,None,None,None,,None,,,,,53535000,53535000,None,None,0.209,,118463000,56520000,,,,,1427000,,,,,1.85,4.112,6.3,,,,,,,,0.113,,,2025-10-29,quarterly,0.33,USD,post-market,35489000,,0.0486,0.0721,0.18,5.75,75451000,,,,36.26,39.64,13.7931,,,,,,,244065000,,56.23,,49.65,22.52
2025-12-28,CGNX,0.65,971705000.0,56.23,,1.524,8.89,,,,,,,,,,,,,,,None,85712000,85712000,,,,,,None,5051000,,0.32,0.0087,,,,-0.412,0.04,87547000,92598000,0.29,2021-09-30,24.75,,657348000.0,199136000,88584000,9684000,,,None,None,None,,None,,,,,78900000,78900000,None,None,0.209,,111589000,87547000,,,,,1037000,,,,,1.85,4.112,6.3,,,,,,,,0.113,,,2025-10-29,quarterly,0.33,USD,post-market,34476000,,0.0486,0.0721,0.18,5.75,75451000,,,,36.26,39.64,13.7931,,,,,,,284848000,,56.23,,49.65,22.52
2025-12-28,CGNX,0.65,971705000.0,56.23,,1.524,8.89,,,,,,,,,,,,,,,None,68432000,68432000,,,,,,None,5177000,,0.32,0.0087,,,,-0.412,0.04,92581000,97758000,0.29,2021-06-30,24.75,,657348000.0,200726000,93538000,15940000,,,None,None,None,,None,,,,,77598000,77598000,None,None,0.209,,108145000,92581000,,,,,957000,,,,,1.85,4.112,6.3,,,,,,,,0.113,,,2025-10-29,quarterly,0.33,USD,post-market,31302000,,0.0486,0.0721,0.18,5.75,76843000,,,,36.26,39.64,13.7931,,,,,,,269158000,,56.23,,49.65,22.52
2025-12-28,CGNX,0.65,971705000.0,56.23,,1.524,8.89,,,,,,,,,,,,,,,None,54045000,54045000,,,,,,None,5186000,,0.32,0.0087,,,,-0.412,0.04,78453000,83639000,0.29,2021-03-31,24.75,,657348000.0,184982000,78831000,8983000,,,None,None,None,,None,,,,,69848000,69848000,None,None,0.209,,106529000,78453000,,,,,378000,,,,,1.85,4.112,6.3,,,,,,,,0.113,,,2025-10-29,quarterly,0.33,USD,post-market,34105000,,0.0486,0.0721,0.18,5.75,72424000,,,,36.26,39.64,13.7931,,,,,,,239027000,,56.23,,49.65,22.52
2025-12-28,CGNX,0.65,971705000.0,56.23,,1.524,8.89,,,,,,,,,,,,,,,None,55160000,55160000,,,,,,None,6599000,,0.32,0.0087,,,,-0.412,0.04,61547000,68146000,0.29,2020-12-31,24.75,,657348000.0,168455000,64920000,-4425000,,,None,None,None,,None,,,,,69345000,69345000,None,None,0.209,,109370000,59085000,,,,,5835000,,,,,1.85,4.112,6.3,,,,,,,,0.113,,,2025-10-29,quarterly,0.33,USD,post-market,34399000,,0.0486,0.0721,0.18,5.75,72283000,,,,36.26,39.64,13.7931,,,,,,,223615000,,56.23,,49.65,22.52
2025-12-28,CGNX,0.65,971705000.0,56.23,,1.524,8.89,,,,,,,,,,,,,,,None,59741000,59741000,,,,,,None,6160000,,0.32,0.0087,,,,-0.412,0.04,96886000,103046000,0.29,2020-09-30,24.75,,657348000.0,191332000,101309000,13803000,,,None,None,None,,None,,,,,87506000,87506000,None,None,0.209,,94697000,96635000,,,,,4674000,,,,,1.85,4.112,6.3,,,,,,,,0.113,,,2025-10-29,quarterly,0.33,USD,post-market,30240000,,0.0486,0.0721,0.18,5.75,64061000,,,,36.26,39.64,13.7931,,,,,,,251073000,,56.23,,49.65,22.52
2025-12-28,CGNX,0.65,971705000.0,56.23,,1.524,8.89,,,,,,,,,,,,,,,None,50320000,50320000,,,,,,None,6725000,,0.32,0.0087,,,,-0.412,0.04,28227000,34952000,0.29,2020-06-30,24.75,,657348000.0,118777000,-2312000,-1170000,,,None,3627000,None,,None,,,,,-1142000,-1142000,None,None,0.209,,124919000,-6142000,,,,,3830000,,,,,1.85,4.112,6.3,,,,,,,,0.113,,,2025-10-29,quarterly,0.33,USD,post-market,30397000,,0.0486,0.0721,0.18,5.75,58130000,,,,36.26,39.64,13.7931,,,,,,,169097000,,56.23,,49.65,22.52
2025-12-28,CGNX,0.65,971705000.0,56.23,,1.524,8.89,,,,,,,,,,,,,,,None,41200000,41200000,,,,,,None,7019000,,0.32,0.0087,,,,-0.412,0.04,20951000,27970000,0.29,2020-03-31,24.75,,657348000.0,126035000,22994000,2517000,,,None,2226000,None,,None,,,,,20477000,20477000,None,None,0.209,,105084000,20951000,,,,,2043000,,,,,1.85,4.112,6.3,,,,,,,,0.113,,,2025-10-29,quarterly,0.33,USD,post-market,35946000,,0.0486,0.0721,0.18,5.75,69138000,,,,36.26,39.64,13.7931,,,,,,,167235000,,56.23,,49.65,22.52
2025-12-28,CGNX,0.65,971705000.0,56.23,,1.524,8.89,,,,,,,,,,,,,,,None,44871000,44871000,,,,,,None,6981000,,0.32,0.0087,,,,-0.412,0.04,17607000,24588000,0.29,2019-12-31,24.75,,657348000.0,124898000,22921000,-57406000,,,None,None,5341000,,None,,,,,80327000,-1415000,None,None,0.209,,107291000,17607000,,,,,5314000,,,,,1.85,4.112,6.3,,,,,,,,0.113,,,2025-10-29,quarterly,0.33,USD,post-market,32991000,,0.0486,0.0721,0.18,5.75,74300000,,,,36.26,39.64,13.7931,,,,,,,169769000,,56.23,,49.65,22.52
2025-12-28,CGNX,0.65,971705000.0,56.23,,1.524,8.89,,,,,,,,,,,,,,,None,47632000,47632000,,,,,,None,5844000,,0.32,0.0087,,,,-0.412,0.04,43092000,48936000,0.29,2019-09-30,24.75,,657348000.0,135693000,47367000,5682000,,,None,3819000,None,,None,,,,,41685000,41685000,None,None,0.209,,92601000,43092000,,,,,4275000,,,,,1.85,4.112,6.3,,,,,,,,0.113,,,2025-10-29,quarterly,0.33,USD,post-market,28115000,,0.0486,0.0721,0.18,5.75,64486000,,,,36.26,39.64,13.7931,,,,,,,183325000,,56.23,,49.65,22.52
2025-12-28,CGNX,0.65,971705000.0,56.23,,1.524,8.89,,,,,,,,,,,,,,,None,50967000,50967000,,,,,,None,6131000,,0.32,0.0087,,,,-0.412,0.04,51756000,57887000,0.29,2019-06-30,24.75,,657348000.0,148080000,56975000,8226000,,,None,None,5363000,,None,,,,,48749000,48749000,None,None,0.209,,96324000,51756000,,,,,5219000,,,,,1.85,4.112,6.3,,,,,,,,0.113,,,2025-10-29,quarterly,0.33,USD,post-market,28079000,,0.0486,0.0721,0.18,5.75,68245000,,,,36.26,39.64,13.7931,,,,,,,199047000,,56.23,,49.65,22.52
2025-12-28,CGNX,0.65,971705000.0,56.23,,1.524,8.89,,,,,,,,,,,,,,,None,46284000,46284000,,,,,,None,5944000,,0.32,0.0087,,,,-0.412,0.04,30147000,36091000,0.29,2019-03-31,24.75,,657348000.0,127200000,35731000,2627000,,,None,None,4657000,,None,,,,,33104000,33104000,None,None,0.209,,97053000,30147000,,,,,5584000,,,,,1.85,4.112,6.3,,,,,,,,0.113,,,2025-10-29,quarterly,0.33,USD,post-market,30242000,,0.0486,0.0721,0.18,5.75,66811000,,,,36.26,39.64,13.7931,,,,,,,173484000,,56.23,,49.65,22.52
2025-12-28,CGNX,0.65,971705000.0,56.23,,1.524,8.89,,,,,,,,,,,,,,,None,52825000,52825000,,,,,,None,5768000,,0.32,0.0087,,,,-0.412,0.04,45247000,51015000,0.29,2018-12-31,24.75,,657348000.0,140461000,48749000,3331000,,,None,0,None,,None,,,,,45418000,45418000,None,None,0.209,,95214000,45247000,,,,,3502000,,,,,1.85,4.112,6.3,,,,,,,,0.113,,,2025-10-29,quarterly,0.33,USD,post-market,28781000,,0.0486,0.0721,0.18,5.75,66433000,,,,36.26,39.64,13.7931,,,,,,,193286000,,56.23,,49.65,22.52
2025-12-28,CGNX,0.65,971705000.0,56.23,,1.524,8.89,,,,,,,,,,,,,,,None,58860000,58860000,,,,,,None,5369000,,0.32,0.0087,,,,-0.412,0.04,77844000,83213000,0.29,2018-09-30,24.75,,657348000.0,173361000,81273000,837000,,,None,0,None,,None,,,,,80436000,80436000,None,None,0.209,,95517000,77844000,,,,,3429000,,,,,1.85,4.112,6.3,,,,,,,,0.113,,,2025-10-29,quarterly,0.33,USD,post-market,29700000,,0.0486,0.0721,0.18,5.75,65817000,,,,36.26,39.64,13.7931,,,,,,,232221000,,56.23,,49.65,22.52
2025-12-28,CGNX,0.65,971705000.0,56.23,,1.524,8.89,,,,,,,,,,,,,,,None,54169000,54169000,,,,,,None,5213000,,0.32,0.0087,,,,-0.412,0.04,63455000,68668000,0.29,2018-06-30,24.75,,657348000.0,157095000,66573000,10377000,,,None,3400000,None,,None,,,,,56196000,56196000,None,None,0.209,,93640000,63455000,,,,,3118000,,,,,1.85,4.112,6.3,,,,,,,,0.113,,,2025-10-29,quarterly,0.33,USD,post-market,26888000,,0.0486,0.0721,0.18,5.75,66800000,,,,36.26,39.64,13.7931,,,,,,,211264000,,56.23,,49.65,22.52
2025-12-28,CGNX,0.65,971705000.0,56.23,,1.524,8.89,,,,,,,,,,,,,,,None,40198000,40198000,,,,,,None,5199000,,0.32,0.0087,,,,-0.412,0.04,34596000,39795000,0.29,2018-03-31,24.75,,657348000.0,129369000,37979000,762000,,,None,3100000,None,,None,,,,,37217000,37217000,None,None,0.209,,94773000,34596000,,,,,3383000,,,,,1.85,4.112,6.3,,,,,,,,0.113,,,2025-10-29,quarterly,0.33,USD,post-market,31076000,,0.0486,0.0721,0.18,5.75,63700000,,,,36.26,39.64,13.7931,,,,,,,169567000,,56.23,,49.65,22.52
2025-12-28,CGNX,0.65,971705000.0,56.23,,1.524,8.89,,,,,,,,,,,,,,,None,40642000,40642000,,,,,,None,4641000,,0.32,0.0087,,,,-0.412,0.04,52108000,56749000,0.29,2017-12-31,24.75,,657348000.0,139723000,54004000,80901000,,,None,0,None,,None,,,,,-26897000,152591000,None,None,0.209,,87615000,52108000,,,,,1896000,,,,,1.85,4.112,6.3,,,,,,,,0.113,,,2025-10-29,quarterly,0.33,USD,post-market,26980000,,0.0486,0.0721,0.18,5.75,60635000,,,,36.26,39.64,13.7931,,,,,,,180365000,,56.23,,49.65,22.52
2025-12-28,CGNX,0.65,971705000.0,56.23,,1.524,8.89,,,,,,,,,,,,,,,None,68061000,68061000,,,,,,None,4322000,,0.32,0.0087,,,,-0.412,0.04,110849000,115171000,0.29,2017-09-30,24.75,,657348000.0,197981000,112752000,10259000,,,None,2300000,None,,None,,,,,102493000,102348000,None,None,0.209,,87132000,110849000,,,,,1903000,,,,,1.85,4.112,6.3,,,,,,,,0.113,,,2025-10-29,quarterly,0.33,USD,post-market,26078000,,0.0486,0.0721,0.18,5.75,61100000,,,,36.26,39.64,13.7931,,,,,,,266042000,,56.23,,49.65,22.52
2025-12-28,CGNX,0.65,971705000.0,56.23,,1.524,8.89,,,,,,,,,,,,,,,None,42164000,42164000,,,,,,None,4073000,,0.32,0.0087,,,,-0.412,0.04,60021000,64094000,0.29,2017-06-30,24.75,,657348000.0,135916000,61806000,5311000,,,None,2000000,None,,None,,,,,56495000,56072000,None,None,0.209,,75895000,60021000,,,,,1785000,,,,,1.85,4.112,6.3,,,,,,,,0.113,,,2025-10-29,quarterly,0.33,USD,post-market,23377000,,0.0486,0.0721,0.18,5.75,52500000,,,,36.26,39.64,13.7931,,,,,,,178080000,,56.23,,49.65,22.52
2025-12-28,CGNX,0.65,971705000.0,56.23,,1.524,8.89,,,,,,,,,,,,,,,None,32532000,32532000,,,,,,None,3955000,,0.32,0.0087,,,,-0.412,0.04,37216000,41171000,0.29,2017-03-31,24.75,,657348000.0,106507000,39235000,-6236000,,,None,1700000,None,,None,,,,,45471000,45655000,None,None,0.209,,69291000,37216000,,,,,2019000,,,,,1.85,4.112,6.3,,,,,,,,0.113,,,2025-10-29,quarterly,0.33,USD,post-market,22770000,,0.0486,0.0721,0.18,5.75,46500000,,,,36.26,39.64,13.7931,,,,,,,139039000,,56.23,,49.65,22.52
2025-12-28,CGNX,0.65,971705000.0,56.23,,1.524,8.89,,,,,,,,,,,,,,,None,26660000,26660000,,,,,,None,3937000,,0.32,0.0087,,,,-0.412,0.04,40237000,44174000,0.29,2016-12-31,24.75,,657348000.0,102662000,43191000,4938000,,,None,0,None,,None,,,,,38253000,76189000,None,None,0.209,,62425000,40237000,,,,,2954000,,,,,1.85,4.112,6.3,,,,,,,,0.113,,,2025-10-29,quarterly,0.33,USD,post-market,19440000,,0.0486,0.0721,0.18,5.75,42985000,,,,36.26,39.64,13.7931,,,,,,,129322000,,56.23,,49.65,22.52
2025-12-28,CGNX,0.65,971705000.0,56.23,,1.524,8.89,,,,,,,,,,,,,,,None,32749000,32749000,,,,,,None,3693000,,0.32,0.0087,,,,-0.412,0.04,54528000,58221000,0.29,2016-09-30,24.75,,657348000.0,115203000,56342000,2667000,,,None,1400000,None,,None,,,,,53675000,53675000,None,None,0.209,,60675000,54528000,,,,,1814000,,,,,1.85,4.112,6.3,,,,,,,,0.113,,,2025-10-29,quarterly,0.33,USD,post-market,18603000,,0.0486,0.0721,0.18,5.75,42100000,,,,36.26,39.64,13.7931,,,,,,,147952000,,56.23,,49.65,22.52
2025-12-28,CGNX,0.65,971705000.0,56.23,,1.524,8.89,,,,,,,,,,,,,,,None,35213000,35213000,,,,,,None,3637000,,0.32,0.0087,,,,-0.412,0.04,49675000,53312000,0.29,2016-06-30,24.75,,657348000.0,112061000,51674000,8660000,,,None,1800000,None,,None,,,,,42759000,43014000,None,None,0.209,,62386000,49675000,,,,,1999000,,,,,1.85,4.112,6.3,,,,,,,,0.113,,,2025-10-29,quarterly,0.33,USD,post-market,19671000,,0.0486,0.0721,0.18,5.75,42700000,,,,36.26,39.64,13.7931,,,,,,,147274000,,56.23,,49.65,22.52
2025-12-28,CGNX,0.65,971705000.0,56.23,,1.524,8.89,,,,,,,,,,,,,,,None,20968000,20968000,,,,,,None,3802000,,0.32,0.0087,,,,-0.412,0.04,16344000,20146000,0.29,2016-03-31,24.75,,657348000.0,75237000,17588000,2703000,,,None,1000000,None,,None,,,,,14885000,14885000,None,None,0.209,,58893000,16344000,,,,,1244000,,,,,1.85,4.112,6.3,,,,,,,,0.113,,,2025-10-29,quarterly,0.33,USD,post-market,20555000,,0.0486,0.0721,0.18,5.75,38300000,,,,36.26,39.64,13.7931,,,,,,,96205000,,56.23,,49.65,22.52
2025-12-28,CGNX,0.65,971705000.0,56.23,,1.524,8.89,,,,,,,,,,,,,,,None,23400000,23400000,,,,,,None,3692000,,0.32,0.0087,,,,-0.412,0.04,19148000,22840000,0.29,2015-12-31,24.75,,657348000.0,74368000,21749000,2895000,,,None,0,None,,None,,,,,18746000,56420000,None,None,0.209,,55220000,19148000,,,,,-75435000,,,,,1.85,4.112,6.3,,,,,,,,0.113,,,2025-10-29,quarterly,0.33,USD,post-market,17526000,,0.0486,0.0721,0.18,5.75,37694000,,,,36.26,39.64,13.7931,,,,,,,97768000,,56.23,,49.65,22.52
2025-12-28,CGNX,0.65,971705000.0,56.23,,1.524,8.89,,,,,,,,,,,,,,,None,26319000,26319000,,,,,,None,3427000,,0.32,0.0087,,,,-0.412,0.04,28485000,31912000,0.29,2015-09-30,24.75,,657348000.0,81268000,29263000,3441000,,,None,800000,None,,None,,,,,104112000,25822000,None,None,0.209,,52783000,28485000,,,,,79068000,,,,,1.85,4.112,6.3,,,,,,,,0.113,,,2025-10-29,quarterly,0.33,USD,post-market,16977000,,0.0486,0.0721,0.18,5.75,35800000,,,,36.26,39.64,13.7931,,,,,,,107587000,,56.23,,49.65,22.52
2025-12-28,CGNX,0.65,971705000.0,56.23,,1.524,8.89,,,,,,,,,,,,,,,None,30508000,30508000,,,,,,None,3560000,,0.32,0.0087,,,,-0.412,0.04,51778000,55338000,0.29,2015-06-30,24.75,,657348000.0,113321000,52641000,9125000,,,None,900000,None,,None,,,,,43714000,43516000,None,None,0.209,,61543000,51778000,,,,,863000,,,,,1.85,4.112,6.3,,,,,,,,0.113,,,2025-10-29,quarterly,0.33,USD,post-market,18302000,,0.0486,0.0721,0.18,5.75,43200000,,,,36.26,39.64,13.7931,,,,,,,143829000,,56.23,,49.65,22.52
2025-12-28,CGNX,0.65,971705000.0,56.23,,1.524,8.89,,,,,,,,,,,,,,,None,22344000,22344000,,,,,,None,3439000,,0.32,0.0087,,,,-0.412,0.04,22110000,25549000,0.29,2015-03-31,24.75,,657348000.0,79029000,23309000,3837000,,,None,1500000,None,,None,,,,,20502000,20502000,None,None,0.209,,56919000,22110000,,,,,945000,,,,,1.85,4.112,6.3,,,,,,,,0.113,,,2025-10-29,quarterly,0.33,USD,post-market,16986000,,0.0486,0.0721,0.18,5.75,39900000,,,,36.26,39.64,13.7931,,,,,,,101373000,,56.23,,49.65,22.52
2025-12-28,CGNX,0.65,971705000.0,56.23,,1.524,8.89,,,,,,,,,,,,,,,None,29819000,29819000,,,,,,None,3339000,,0.32,0.0087,,,,-0.412,0.04,31070000,34409000,0.29,2014-12-31,24.75,,657348000.0,87364000,32076000,5445000,,,None,0,None,,None,,,,,26631000,26631000,None,None,0.209,,56294000,31070000,,,,,1006000,,,,,1.85,4.112,6.3,,,,,,,,0.113,,,2025-10-29,quarterly,0.33,USD,post-market,15254000,,0.0486,0.0721,0.18,5.75,41040000,,,,36.26,39.64,13.7931,,,,,,,117183000,,56.23,,49.65,22.52
2025-12-28,CGNX,0.65,971705000.0,56.23,,1.524,8.89,,,,,,,,,,,,,,,None,37712000,37712000,,,,,,None,3247000,,0.32,0.0087,,,,-0.412,0.04,55339000,58586000,0.29,2014-09-30,24.75,,657348000.0,116644000,57111000,9430000,,,None,1600000,None,,None,,,,,50400000,50400000,None,None,0.209,,61305000,55339000,,,,,1694000,,,,,1.85,4.112,6.3,,,,,,,,0.113,,,2025-10-29,quarterly,0.33,USD,post-market,17532000,,0.0486,0.0721,0.18,5.75,43800000,,,,36.26,39.64,13.7931,,,,,,,154356000,,56.23,,49.65,22.52
2025-12-28,CGNX,0.65,971705000.0,56.23,,1.524,8.89,,,,,,,,,,,,,,,None,18190000,18190000,,,,,,None,2975000,,0.32,0.0087,,,,-0.412,0.04,26024000,28999000,0.29,2014-06-30,24.75,,657348000.0,74086000,26676000,4001000,,,None,700000,None,,None,,,,,25948000,25948000,None,None,0.209,,48062000,26024000,,,,,630000,,,,,1.85,4.112,6.3,,,,,,,,0.113,,,2025-10-29,quarterly,0.33,USD,post-market,12524000,,0.0486,0.0721,0.18,5.75,35500000,,,,36.26,39.64,13.7931,,,,,,,92276000,,56.23,,49.65,22.52
2025-12-28,CGNX,0.65,971705000.0,56.23,,1.524,8.89,,,,,,,,,,,,,,,None,21084000,21084000,,,,,,None,2906000,,0.32,0.0087,,,,-0.412,0.04,22443000,25349000,0.29,2014-03-31,24.75,,657348000.0,69845000,22847000,4341000,,,None,700000,None,,None,,,,,18506000,18506000,None,None,0.209,,47402000,22443000,,,,,404000,,,,,1.85,4.112,6.3,,,,,,,,0.113,,,2025-10-29,quarterly,0.33,USD,post-market,12502000,,0.0486,0.0721,0.18,5.75,31800000,,,,36.26,39.64,13.7931,,,,,,,90929000,,56.23,,49.65,22.52
2025-12-28,CGNX,0.65,971705000.0,56.23,,1.524,8.89,,,,,,,,,,,,,,,None,22159000,22159000,,,,,,None,2833000,,0.32,0.0087,,,,-0.412,0.04,24835000,27668000,0.29,2013-12-31,24.75,,657348000.0,73537000,24859000,4416000,,,None,0,None,,None,,,,,20443000,20443000,None,None,0.209,,48702000,24835000,,,,,24000,,,,,1.85,4.112,6.3,,,,,,,,0.113,,,2025-10-29,quarterly,0.33,USD,post-market,12695000,,0.0486,0.0721,0.18,5.75,34351000,,,,36.26,39.64,13.7931,,,,,,,95696000,,56.23,,49.65,22.52
2025-12-28,CGNX,0.65,971705000.0,56.23,,1.524,8.89,,,,,,,,,,,,,,,None,21348000,21348000,,,,,,None,2752000,,0.32,0.0087,,,,-0.412,0.04,23379000,26131000,0.29,2013-09-30,24.75,,657348000.0,69440000,23708000,2981000,,,None,500000,None,,None,,,,,20727000,20727000,None,None,0.209,,46061000,23379000,,,,,329000,,,,,1.85,4.112,6.3,,,,,,,,0.113,,,2025-10-29,quarterly,0.33,USD,post-market,12184000,,0.0486,0.0721,0.18,5.75,33900000,,,,36.26,39.64,13.7931,,,,,,,90788000,,56.23,,49.65,22.52
2025-12-28,CGNX,0.65,971705000.0,56.23,,1.524,8.89,,,,,,,,,,,,,,,None,21150000,21150000,,,,,,None,2728000,,0.32,0.0087,,,,-0.412,0.04,20173000,22901000,0.29,2013-06-30,24.75,,657348000.0,65360000,20766000,3946000,,,None,0,None,,None,,,,,16820000,16820000,None,None,0.209,,45187000,20173000,,,,,593000,,,,,1.85,4.112,6.3,,,,,,,,0.113,,,2025-10-29,quarterly,0.33,USD,post-market,11887000,,0.0486,0.0721,0.18,5.75,33300000,,,,36.26,39.64,13.7931,,,,,,,86510000,,56.23,,49.65,22.52
2025-12-28,CGNX,0.65,971705000.0,56.23,,1.524,8.89,,,,,,,,,,,,,,,None,19423000,19423000,,,,,,None,2789000,,0.32,0.0087,,,,-0.412,0.04,17981000,20770000,0.29,2013-03-31,24.75,,657348000.0,61469000,18553000,2970000,,,None,0,None,,None,,,,,15583000,15583000,None,None,0.209,,43488000,17981000,,,,,572000,,,,,1.85,4.112,6.3,,,,,,,,0.113,,,2025-10-29,quarterly,0.33,USD,post-market,11321000,,0.0486,0.0721,0.18,5.75,32167000,,,,36.26,39.64,13.7931,,,,,,,80892000,,56.23,,49.65,22.52
2025-12-28,CGNX,0.65,971705000.0,56.23,,1.524,8.89,,,,,,,,,,,,,,,None,20382000,20382000,,,,,,None,2757000,,0.32,0.0087,,,,-0.412,0.04,20513000,23270000,0.29,2012-12-31,24.75,,657348000.0,61786000,21444000,5200000,,,None,0,None,,None,,,,,16244000,16244000,None,None,0.209,,41273000,20513000,,,,,931000,,,,,1.85,4.112,6.3,,,,,,,,0.113,,,2025-10-29,quarterly,0.33,USD,post-market,10886000,,0.0486,0.0721,0.18,5.75,28595000,,,,36.26,39.64,13.7931,,,,,,,82168000,,56.23,,49.65,22.52
2025-12-28,CGNX,0.65,971705000.0,56.23,,1.524,8.89,,,,,,,,,,,,,,,None,19506000,19506000,,,,,,None,2835000,,0.32,0.0087,,,,-0.412,0.04,21803000,24638000,0.29,2012-09-30,24.75,,657348000.0,60570000,22086000,4281000,,,None,0,None,,None,,,,,17805000,17805000,None,None,0.209,,38767000,21803000,,,,,283000,,,,,1.85,4.112,6.3,,,,,,,,0.113,,,2025-10-29,quarterly,0.33,USD,post-market,10002000,,0.0486,0.0721,0.18,5.75,28765000,,,,36.26,39.64,13.7931,,,,,,,80076000,,56.23,,49.65,22.52
2025-12-28,CGNX,0.65,971705000.0,56.23,,1.524,8.89,,,,,,,,,,,,,,,None,20549000,20549000,,,,,,None,2672000,,0.32,0.0087,,,,-0.412,0.04,23350000,26022000,0.29,2012-06-30,24.75,,657348000.0,63777000,25022000,5255000,,,None,1800000,None,,None,,,,,19767000,19767000,None,None,0.209,,40427000,23350000,,,,,1672000,,,,,1.85,4.112,6.3,,,,,,,,0.113,,,2025-10-29,quarterly,0.33,USD,post-market,10300000,,0.0486,0.0721,0.18,5.75,30100000,,,,36.26,39.64,13.7931,,,,,,,84326000,,56.23,,49.65,22.52
2025-12-28,CGNX,0.65,971705000.0,56.23,,1.524,8.89,,,,,,,,,,,,,,,None,19058000,19058000,,,,,,None,2594000,,0.32,0.0087,,,,-0.412,0.04,17741000,20335000,0.29,2012-03-31,24.75,,657348000.0,58651000,18078000,3796000,,,None,300000,None,,None,,,,,14282000,14282000,None,None,0.209,,40910000,17741000,,,,,337000,,,,,1.85,4.112,6.3,,,,,,,,0.113,,,2025-10-29,quarterly,0.33,USD,post-market,10361000,,0.0486,0.0721,0.18,5.75,30500000,,,,36.26,39.64,13.7931,,,,,,,77709000,,56.23,,49.65,22.52
2025-12-28,CGNX,0.65,971705000.0,56.23,,1.524,8.89,,,,,,,,,,,,,,,None,21204000,21204000,,,,,,None,2493000,,0.32,0.0087,,,,-0.412,0.04,21556000,24049000,0.29,2011-12-31,24.75,,657348000.0,62838000,21688000,2589000,,,None,0,None,,None,,,,,19099000,19099000,None,None,0.209,,41282000,21556000,,,,,132000,,,,,1.85,4.112,6.3,,,,,,,,0.113,,,2025-10-29,quarterly,0.33,USD,post-market,10350000,,0.0486,0.0721,0.18,5.75,30932000,,,,36.26,39.64,13.7931,,,,,,,84042000,,56.23,,49.65,22.52
2025-12-28,CGNX,0.65,971705000.0,56.23,,1.524,8.89,,,,,,,,,,,,,,,None,18953000,18953000,,,,,,None,2464000,,0.32,0.0087,,,,-0.412,0.04,22389000,24853000,0.29,2011-09-30,24.75,,657348000.0,61132000,22919000,4882000,,,None,700000,None,,None,,,,,18037000,18037000,None,None,0.209,,38743000,22389000,,,,,530000,,,,,1.85,4.112,6.3,,,,,,,,0.113,,,2025-10-29,quarterly,0.33,USD,post-market,10608000,,0.0486,0.0721,0.18,5.75,28100000,,,,36.26,39.64,13.7931,,,,,,,80085000,,56.23,,49.65,22.52
2025-12-28,CGNX,0.65,971705000.0,56.23,,1.524,8.89,,,,,,,,,,,,,,,None,19379000,19379000,,,,,,None,2424000,,0.32,0.0087,,,,-0.412,0.04,24042000,26466000,0.29,2011-06-30,24.75,,657348000.0,64014000,24801000,5704000,,,None,900000,None,,None,,,,,19097000,19097000,None,None,0.209,,39972000,24042000,,,,,759000,,,,,1.85,4.112,6.3,,,,,,,,0.113,,,2025-10-29,quarterly,0.33,USD,post-market,10506000,,0.0486,0.0721,0.18,5.75,29500000,,,,36.26,39.64,13.7931,,,,,,,83393000,,56.23,,49.65,22.52
2025-12-28,CGNX,0.65,971705000.0,56.23,,1.524,8.89,,,,,,,,,,,,,,,None,18383000,18383000,,,,,,None,2375000,,0.32,0.0087,,,,-0.412,0.04,17368000,19743000,0.29,2011-03-31,24.75,,657348000.0,56011000,17709000,4073000,,,None,500000,None,,None,,,,,13636000,13636000,None,None,0.209,,38643000,17368000,,,,,341000,,,,,1.85,4.112,6.3,,,,,,,,0.113,,,2025-10-29,quarterly,0.33,USD,post-market,9482000,,0.0486,0.0721,0.18,5.75,29200000,,,,36.26,39.64,13.7931,,,,,,,74394000,,56.23,,49.65,22.52
2025-12-28,CGNX,0.65,971705000.0,56.23,,1.524,8.89,,,,,,,,,,,,,,,None,24017000,24017000,,,,,,None,608000,,0.32,0.0087,,,,-0.412,0.04,22945000,23553000,0.29,2010-12-31,24.75,,657348000.0,60903000,22988000,3224000,,,None,0,None,,None,,,,,19764000,0,None,None,0.209,,37958000,22945000,,,,,None,,,,,1.85,4.112,6.3,,,,,,,,0.113,,,2025-10-29,quarterly,0.33,USD,post-market,8940000,,0.0486,0.0721,0.18,5.75,29018000,,,,36.26,39.64,13.7931,,,,,,,84920000,,56.23,,49.65,22.52
2025-12-28,CGNX,0.65,971705000.0,56.23,,1.524,8.89,,,,,,,,,,,,,,,None,18913000,18913000,,,,,,None,2485000,,0.32,0.0087,,,,-0.412,0.04,22262000,24747000,0.29,2010-09-30,24.75,,657348000.0,56080000,22632000,4487000,,,None,500000,None,,None,,,,,18145000,18145000,None,None,0.209,,33805000,22275000,,,,,357000,,,,,1.85,4.112,6.3,,,,,,,,0.113,,,2025-10-29,quarterly,0.33,USD,post-market,7961000,,0.0486,0.0721,0.18,5.75,25900000,,,,36.26,39.64,13.7931,,,,,,,74993000,,56.23,,49.65,22.52
2025-12-28,CGNX,0.65,971705000.0,56.23,,1.524,8.89,,,,,,,,,,,,,,,None,18717000,18717000,,,,,,None,2364000,,0.32,0.0087,,,,-0.412,0.04,19280000,21644000,0.29,2010-06-30,24.75,,657348000.0,53094000,19385000,4458000,,,None,300000,None,,None,,,,,14927000,14927000,None,None,0.209,,33853000,19241000,,,,,144000,,,,,1.85,4.112,6.3,,,,,,,,0.113,,,2025-10-29,quarterly,0.33,USD,post-market,8076000,,0.0486,0.0721,0.18,5.75,25700000,,,,36.26,39.64,13.7931,,,,,,,71811000,,56.23,,49.65,22.52
2025-12-28,CGNX,0.65,971705000.0,56.23,,1.524,8.89,,,,,,,,,,,,,,,None,15941000,15941000,,,,,,None,2380000,,0.32,0.0087,,,,-0.412,0.04,11301000,13681000,0.29,2010-03-31,24.75,,657348000.0,43026000,11098000,2553000,,,None,100000,None,,None,,,,,8545000,0,None,None,0.209,,31774000,11252000,,,,,None,,,,,1.85,4.112,6.3,,,,,,,,0.113,,,2025-10-29,quarterly,0.33,USD,post-market,8103000,,0.0486,0.0721,0.18,5.75,23600000,,,,36.26,39.64,13.7931,,,,,,,58967000,,56.23,,49.65,22.52
2025-12-28,CGNX,0.65,971705000.0,56.23,,1.524,8.89,,,,,,,,,,,,,,,None,15909000,15909000,,,,,,None,1311000,,0.32,0.0087,,,,-0.412,0.04,1024000,2335000,0.29,2009-12-31,24.75,,657348000.0,35385000,469000,10000,,,None,0,None,,None,,,,,459000,0,None,None,0.209,,34629000,756000,,,,,None,,,,,1.85,4.112,6.3,,,,,,,,0.113,,,2025-10-29,quarterly,0.33,USD,post-market,7837000,,0.0486,0.0721,0.18,5.75,26524000,,,,36.26,39.64,13.7931,,,,,,,51294000,,56.23,,49.65,22.52
2025-12-28,CGNX,0.65,971705000.0,56.23,,1.524,8.89,,,,,,,,,,,,,,,None,12038000,12038000,,,,,,None,2647000,,0.32,0.0087,,,,-0.412,0.04,1103000,3750000,0.29,2009-09-30,24.75,,657348000.0,29140000,1142000,-3359000,,,None,400000,None,,None,,,,,4501000,0,None,None,0.209,,28260000,880000,,,,,None,,,,,1.85,4.112,6.3,,,,,,,,0.113,,,2025-10-29,quarterly,0.33,USD,post-market,6756000,,0.0486,0.0721,0.18,5.75,21300000,,,,36.26,39.64,13.7931,,,,,,,41178000,,56.23,,49.65,22.52
2025-12-28,CGNX,0.65,971705000.0,56.23,,1.524,8.89,,,,,,,,,,,,,,,None,14976000,14976000,,,,,,None,2691000,,0.32,0.0087,,,,-0.412,0.04,-4116000,-1425000,0.29,2009-06-30,24.75,,657348000.0,25992000,-7829000,-1410000,,,None,200000,None,,None,,,,,-6419000,0,None,None,0.209,,33846000,-7854000,,,,,None,,,,,1.85,4.112,6.3,,,,,,,,0.113,,,2025-10-29,quarterly,0.33,USD,post-market,7704000,,0.0486,0.0721,0.18,5.75,22400000,,,,36.26,39.64,13.7931,,,,,,,40968000,,56.23,,49.65,22.52
2025-12-28,CGNX,0.65,971705000.0,56.23,,1.524,8.89,,,,,,,,,,,,,,,None,13464000,13464000,,,,,,None,2931000,,0.32,0.0087,,,,-0.412,0.04,-6153000,-3222000,0.29,2009-03-31,24.75,,657348000.0,28823000,-4158000,-748000,,,None,500000,None,,None,,,,,-3410000,0,None,None,0.209,,35273000,-6450000,,,,,None,,,,,1.85,4.112,6.3,,,,,,,,0.113,,,2025-10-29,quarterly,0.33,USD,post-market,8835000,,0.0486,0.0721,0.18,5.75,25100000,,,,36.26,39.64,13.7931,,,,,,,42287000,,56.23,,49.65,22.52
2025-12-28,CGNX,0.65,971705000.0,56.23,,1.524,8.89,,,,,,,,,,,,,,,None,14939000,14939000,,,,,,None,2591000,,0.32,0.0087,,,,-0.412,0.04,-1354000,1237000,0.29,2008-12-31,24.75,,657348000.0,36883000,1906000,92000,,,None,0,None,,None,,,,,1814000,0,None,None,0.209,,38495000,-1612000,,,,,None,,,,,1.85,4.112,6.3,,,,,,,,0.113,,,2025-10-29,quarterly,0.33,USD,post-market,8970000,,0.0486,0.0721,0.18,5.75,29267000,,,,36.26,39.64,13.7931,,,,,,,51822000,,56.23,,49.65,22.52
2025-12-28,CGNX,0.65,971705000.0,56.23,,1.524,8.89,,,,,,,,,,,,,,,None,17408000,17408000,,,,,,None,2959000,,0.32,0.0087,,,,-0.412,0.04,7987000,10946000,0.29,2008-09-30,24.75,,657348000.0,45848000,10144000,-1189000,,,None,2200000,None,,None,,,,,11333000,0,None,None,0.209,,37861000,7987000,,,,,None,,,,,1.85,4.112,6.3,,,,,,,,0.113,,,2025-10-29,quarterly,0.33,USD,post-market,9073000,,0.0486,0.0721,0.18,5.75,28800000,,,,36.26,39.64,13.7931,,,,,,,63256000,,56.23,,49.65,22.52
2025-12-28,CGNX,0.65,971705000.0,56.23,,1.524,8.89,,,,,,,,,,,,,,,None,19025000,19025000,,,,,,None,2949000,,0.32,0.0087,,,,-0.412,0.04,10726000,13675000,0.29,2008-06-30,24.75,,657348000.0,48064000,11865000,3103000,,,None,1100000,None,,None,,,,,5653000,0,None,None,0.209,,37338000,10726000,,,,,None,,,,,1.85,4.112,6.3,,,,,,,,0.113,,,2025-10-29,quarterly,0.33,USD,post-market,9290000,,0.0486,0.0721,0.18,5.75,28000000,,,,36.26,39.64,13.7931,,,,,,,67089000,,56.23,,49.65,22.52
2025-12-28,CGNX,0.65,971705000.0,56.23,,1.524,8.89,,,,,,,,,,,,,,,None,17055000,17055000,,,,,,None,2876000,,0.32,0.0087,,,,-0.412,0.04,8003000,10879000,0.29,2008-03-31,24.75,,657348000.0,43458000,11453000,2863000,,,None,3100000,None,,None,,,,,8475000,0,None,None,0.209,,35455000,8003000,,,,,None,,,,,1.85,4.112,6.3,,,,,,,,0.113,,,2025-10-29,quarterly,0.33,USD,post-market,8929000,,0.0486,0.0721,0.18,5.75,26500000,,,,36.26,39.64,13.7931,,,,,,,60513000,,56.23,,49.65,22.52
2025-12-28,CGNX,0.65,971705000.0,56.23,,1.524,8.89,,,,,,,,,,,,,,,None,17464000,17464000,,,,,,None,2864000,,0.32,0.0087,,,,-0.412,0.04,11227000,14091000,0.29,2007-12-31,24.75,,657348000.0,47857000,13704000,2610000,,,None,0,None,,None,,,,,11094000,0,None,None,0.209,,36630000,11227000,,,,,None,,,,,1.85,4.112,6.3,,,,,,,,0.113,,,2025-10-29,quarterly,0.33,USD,post-market,9681000,,0.0486,0.0721,0.18,5.75,26949000,,,,36.26,39.64,13.7931,,,,,,,65321000,,56.23,,49.65,22.52
2025-12-28,CGNX,0.65,971705000.0,56.23,,1.524,8.89,,,,,,,,,,,,,,,None,14618000,14618000,,,,,,None,2844000,,0.32,0.0087,,,,-0.412,0.04,7120000,9964000,0.29,2007-09-30,24.75,,657348000.0,40127000,9354000,2011000,,,None,0,None,,None,,,,,7343000,0,None,None,0.209,,33007000,7120000,,,,,None,,,,,1.85,4.112,6.3,,,,,,,,0.113,,,2025-10-29,quarterly,0.33,USD,post-market,8704000,,0.0486,0.0721,0.18,5.75,24303000,,,,36.26,39.64,13.7931,,,,,,,54745000,,56.23,,49.65,22.52
2025-12-28,CGNX,0.65,971705000.0,56.23,,1.524,8.89,,,,,,,,,,,,,,,None,17981000,17981000,,,,,,None,2838000,,0.32,0.0087,,,,-0.412,0.04,4148000,6986000,0.29,2007-06-30,24.75,,657348000.0,36761000,5763000,1936000,,,None,1700000,None,,None,,,,,3827000,0,None,None,0.209,,32613000,4148000,,,,,None,,,,,1.85,4.112,6.3,,,,,,,,0.113,,,2025-10-29,quarterly,0.33,USD,post-market,8019000,,0.0486,0.0721,0.18,5.75,24600000,,,,36.26,39.64,13.7931,,,,,,,54742000,,56.23,,49.65,22.52
2025-12-28,CGNX,0.65,971705000.0,56.23,,1.524,8.89,,,,,,,,,,,,,,,None,14421000,14421000,,,,,,None,2812000,,0.32,0.0087,,,,-0.412,0.04,4604000,7416000,0.29,2007-03-31,24.75,,657348000.0,36508000,6264000,1629000,,,None,1800000,None,,None,,,,,4635000,0,None,None,0.209,,31904000,4604000,,,,,None,,,,,1.85,4.112,6.3,,,,,,,,0.113,,,2025-10-29,quarterly,0.33,USD,post-market,7931000,,0.0486,0.0721,0.18,5.75,24000000,,,,36.26,39.64,13.7931,,,,,,,50929000,,56.23,,49.65,22.52
2025-12-28,CGNX,0.65,971705000.0,56.23,,1.524,8.89,,,,,,,,,,,,,,,None,16193000,16193000,,,,,,None,2965000,,0.32,0.0087,,,,-0.412,0.04,9793000,12758000,0.29,2006-12-31,24.75,,657348000.0,42112000,11748000,2243000,,,None,0,None,,None,,,,,9505000,0,None,None,0.209,,32319000,9793000,,,,,None,,,,,1.85,4.112,6.3,,,,,,,,0.113,,,2025-10-29,quarterly,0.33,USD,post-market,8111000,,0.0486,0.0721,0.18,5.75,24208000,,,,36.26,39.64,13.7931,,,,,,,58305000,,56.23,,49.65,22.52
2025-12-28,CGNX,0.65,971705000.0,56.23,,1.524,8.89,,,,,,,,,,,,,,,None,15447000,15447000,,,,,,None,2966000,,0.32,0.0087,,,,-0.412,0.04,11147000,14113000,0.29,2006-09-30,24.75,,657348000.0,42558000,12383000,2267000,,,None,1200000,None,,None,,,,,10116000,0,None,None,0.209,,31411000,11147000,,,,,None,,,,,1.85,4.112,6.3,,,,,,,,0.113,,,2025-10-29,quarterly,0.33,USD,post-market,7997000,,0.0486,0.0721,0.18,5.75,23400000,,,,36.26,39.64,13.7931,,,,,,,58005000,,56.23,,49.65,22.52
2025-12-28,CGNX,0.65,971705000.0,56.23,,1.524,8.89,,,,,,,,,,,,,,,None,16593000,16593000,,,,,,None,2926000,,0.32,0.0087,,,,-0.412,0.04,12622000,15548000,0.29,2006-06-30,24.75,,657348000.0,46481000,14114000,2680000,,,None,1500000,None,,None,,,,,11434000,0,None,None,0.209,,33859000,12622000,,,,,None,,,,,1.85,4.112,6.3,,,,,,,,0.113,,,2025-10-29,quarterly,0.33,USD,post-market,8582000,,0.0486,0.0721,0.18,5.75,25300000,,,,36.26,39.64,13.7931,,,,,,,63074000,,56.23,,49.65,22.52
2025-12-28,CGNX,0.65,971705000.0,56.23,,1.524,8.89,,,,,,,,,,,,,,,None,16710000,16710000,,,,,,None,2810000,,0.32,0.0087,,,,-0.412,0.04,10634000,13444000,0.29,2006-03-31,24.75,,657348000.0,42330000,12055000,3255000,,,None,1400000,None,,None,,,,,8800000,0,None,None,0.209,,31696000,10634000,,,,,None,,,,,1.85,4.112,6.3,,,,,,,,0.113,,,2025-10-29,quarterly,0.33,USD,post-market,7917000,,0.0486,0.0721,0.18,5.75,23800000,,,,36.26,39.64,13.7931,,,,,,,59040000,,56.23,,49.65,22.52
2025-12-28,CGNX,0.65,971705000.0,56.23,,1.524,8.89,,,,,,,,,,,,,,,None,17289000,17289000,,,,,,None,2686000,,0.32,0.0087,,,,-0.412,0.04,14634000,17320000,0.29,2005-12-31,24.75,,657348000.0,43529000,15609000,4129000,,,None,0,None,,None,,,,,11750000,0,None,None,0.209,,28895000,14634000,,,,,None,,,,,1.85,4.112,6.3,,,,,,,,0.113,,,2025-10-29,quarterly,0.33,USD,post-market,6916000,,0.0486,0.0721,0.18,5.75,21979000,,,,36.26,39.64,13.7931,,,,,,,60818000,,56.23,,49.65,22.52
2025-12-28,CGNX,0.65,971705000.0,56.23,,1.524,8.89,,,,,,,,,,,,,,,None,15755000,15755000,,,,,,None,3332000,,0.32,0.0087,,,,-0.412,0.04,13926000,17258000,0.29,2005-09-30,24.75,,657348000.0,42501000,14672000,3814000,,,None,700000,None,,None,,,,,10858000,0,None,None,0.209,,28575000,13926000,,,,,None,,,,,1.85,4.112,6.3,,,,,,,,0.113,,,2025-10-29,quarterly,0.33,USD,post-market,7224000,,0.0486,0.0721,0.18,5.75,21400000,,,,36.26,39.64,13.7931,,,,,,,58256000,,56.23,,49.65,22.52
2025-12-28,CGNX,0.65,971705000.0,56.23,,1.524,8.89,,,,,,,,,,,,,,,None,288721000,288721000,,,,,,None,32689000,,0.32,0.0087,,,,-0.412,0.04,115065000,147754000,0.29,2024-12-31,24.75,,657348000.0,625794000,131489000,25318000,,,None,None,None,,None,,,,,106171000,106171000,None,None,0.209,,510729000,115065000,,,,,None,,,,,1.85,4.112,6.3,,,,,,,,0.113,,,2025-10-29,annual,0.33,USD,post-market,139815000,,0.0486,0.0721,0.18,5.75,370914000,,,,36.26,39.64,13.7931,,,,,,,914515000,,56.23,,49.65,22.52
2025-12-28,CGNX,0.65,971705000.0,56.23,,1.524,8.89,,,,,,,,,,,,,,,None,236306000,236306000,,,,,,None,21880000,,0.32,0.0087,,,,-0.412,0.04,122702000,144582000,0.29,2023-12-31,24.75,,657348000.0,601241000,135348000,22114000,,,None,None,None,,None,,,,,113234000,157316000,None,None,0.209,,470539000,130702000,,,,,None,,,,,1.85,4.112,6.3,,,,,,,,0.113,,,2025-10-29,annual,0.33,USD,post-market,139400000,,0.0486,0.0721,0.18,5.75,324718000,,,,36.26,39.64,13.7931,,,,,,,837547000,,56.23,,49.65,22.52
2025-12-28,CGNX,0.65,971705000.0,56.23,,1.524,8.89,,,,,,,,,,,,,,,None,284185000,284185000,,,,,,None,19621000,,0.32,0.0087,,,,-0.412,0.04,268665000,288286000,0.29,2022-12-31,24.75,,657348000.0,721905000,250695000,35170000,,,None,16319000,None,,None,,,,,215525000,215525000,None,None,0.209,,475676000,246229000,,,,,4466000,,,,,1.85,4.112,6.3,,,,,,,,0.113,,,2025-10-29,annual,0.33,USD,post-market,141133000,,0.0486,0.0721,0.18,5.75,312107000,,,,36.26,39.64,13.7931,,,,,,,1006090000,,56.23,,49.65,22.52
2025-12-28,CGNX,0.65,971705000.0,56.23,,1.524,8.89,,,,,,,,,,,,,,,None,277271000,277271000,,,,,,None,20283000,,0.32,0.0087,,,,-0.412,0.04,315101000,335384000,0.29,2021-12-31,24.75,,657348000.0,759827000,318900000,39019000,,,None,27881000,None,,None,,,,,279881000,279881000,None,None,0.209,,444726000,315101000,,,,,3799000,,,,,1.85,4.112,6.3,,,,,,,,0.113,,,2025-10-29,annual,0.33,USD,post-market,135372000,,0.0486,0.0721,0.18,5.75,309354000,,,,36.26,39.64,13.7931,,,,,,,1037098000,,56.23,,49.65,22.52
2025-12-28,CGNX,0.65,971705000.0,56.23,,1.524,8.89,,,,,,,,,,,,,,,None,206421000,206421000,,,,,,None,26503000,,0.32,0.0087,,,,-0.412,0.04,206024000,232527000,0.29,2020-12-31,24.75,,657348000.0,604599000,186911000,10725000,,,None,37917000,None,,None,,,,,176186000,176186000,None,None,0.209,,434070000,170529000,,,,,16382000,,,,,1.85,4.112,6.3,,,,,,,,0.113,,,2025-10-29,annual,0.33,USD,post-market,130982000,,0.0486,0.0721,0.18,5.75,267593000,,,,36.26,39.64,13.7931,,,,,,,811020000,,56.23,,49.65,22.52
2025-12-28,CGNX,0.65,971705000.0,56.23,,1.524,8.89,,,,,,,,,,,,,,,None,189754000,189754000,,,,,,None,24900000,,0.32,0.0087,,,,-0.412,0.04,142602000,167502000,0.29,2019-12-31,24.75,,657348000.0,535871000,162994000,-40871000,,,None,65684000,19180000,,None,,,,,203865000,122123000,None,None,0.209,,393269000,142602000,,,,,20392000,,,,,1.85,4.112,6.3,,,,,,,,0.113,,,2025-10-29,annual,0.33,USD,post-market,119427000,,0.0486,0.0721,0.18,5.75,273842000,,,,36.26,39.64,13.7931,,,,,,,725625000,,56.23,,49.65,22.52
2025-12-28,CGNX,0.65,971705000.0,56.23,,1.524,8.89,,,,,,,,,,,,,,,None,206052000,206052000,,,,,,None,21549000,,0.32,0.0087,,,,-0.412,0.04,221142000,242691000,0.29,2018-12-31,24.75,,657348000.0,600286000,234574000,15307000,,,None,0,13651000,,None,,,,,219267000,219267000,None,None,0.209,,379144000,221142000,,,,,13432000,,,,,1.85,4.112,6.3,,,,,,,,0.113,,,2025-10-29,annual,0.33,USD,post-market,116445000,,0.0486,0.0721,0.18,5.75,262699000,,,,36.26,39.64,13.7931,,,,,,,806338000,,56.23,,49.65,22.52
2025-12-28,CGNX,0.65,971705000.0,56.23,,1.524,8.89,,,,,,,,,,,,,,,None,187289000,187289000,,,,,,None,16991000,,0.32,0.0087,,,,-0.412,0.04,258861000,275852000,0.29,2017-12-31,24.75,,657348000.0,578794000,266464000,89752000,,,None,0,7941000,,None,,,,,176712000,356666000,None,None,0.209,,319933000,258861000,,,,,7603000,,,,,1.85,4.112,6.3,,,,,,,,0.113,,,2025-10-29,annual,0.33,USD,post-market,99205000,,0.0486,0.0721,0.18,5.75,220728000,,,,36.26,39.64,13.7931,,,,,,,766083000,,56.23,,49.65,22.52
2025-12-28,CGNX,0.65,971705000.0,56.23,,1.524,8.89,,,,,,,,,,,,,,,None,131070000,131070000,,,,,,None,15069000,,0.32,0.0087,,,,-0.412,0.04,154066000,169135000,0.29,2016-12-31,24.75,,657348000.0,398445000,162077000,18128000,,,None,0,7140000,,None,,,,,143694000,187763000,None,None,0.209,,244379000,154066000,,,,,8011000,,,,,1.85,4.112,6.3,,,,,,,,0.113,,,2025-10-29,annual,0.33,USD,post-market,78269000,,0.0486,0.0721,0.18,5.75,166110000,,,,36.26,39.64,13.7931,,,,,,,529515000,,56.23,,49.65,22.52
2025-12-28,CGNX,0.65,971705000.0,56.23,,1.524,8.89,,,,,,,,,,,,,,,None,102571000,102571000,,,,,,None,14118000,,0.32,0.0087,,,,-0.412,0.04,121521000,135639000,0.29,2015-12-31,24.75,,657348000.0,347986000,126962000,19298000,,,None,0,4796000,,None,,,,,187074000,146260000,None,None,0.209,,226465000,121521000,,,,,5441000,,,,,1.85,4.112,6.3,,,,,,,,0.113,,,2025-10-29,annual,0.33,USD,post-market,69791000,,0.0486,0.0721,0.18,5.75,156674000,,,,36.26,39.64,13.7931,,,,,,,450557000,,56.23,,49.65,22.52
2025-12-28,CGNX,0.65,971705000.0,56.23,,1.524,8.89,,,,,,,,,,,,,,,None,94067000,94067000,,,,,,None,12467000,,0.32,0.0087,,,,-0.412,0.04,127852000,140319000,0.29,2014-12-31,24.75,,657348000.0,332382000,131756000,20915000,,,None,0,None,,None,,,,,121485000,121485000,None,None,0.209,,204530000,127852000,,,,,3734000,,,,,1.85,4.112,6.3,,,,,,,,0.113,,,2025-10-29,annual,0.33,USD,post-market,55831000,,0.0486,0.0721,0.18,5.75,161667000,,,,36.26,39.64,13.7931,,,,,,,426449000,,56.23,,49.65,22.52
2025-12-28,CGNX,0.65,971705000.0,56.23,,1.524,8.89,,,,,,,,,,,,,,,None,62889000,62889000,,,,,,None,11102000,,0.32,0.0087,,,,-0.412,0.04,76938000,88040000,0.29,2013-12-31,24.75,,657348000.0,244762000,78456000,11273000,,,None,0,None,,None,,,,,73573000,73573000,None,None,0.209,,167824000,76938000,,,,,1518000,,,,,1.85,4.112,6.3,,,,,,,,0.113,,,2025-10-29,annual,0.33,USD,post-market,44315000,,0.0486,0.0721,0.18,5.75,135351000,,,,36.26,39.64,13.7931,,,,,,,307651000,,56.23,,49.65,22.52
2025-12-28,CGNX,0.65,971705000.0,56.23,,1.524,8.89,,,,,,,,,,,,,,,None,79495000,79495000,,,,,,None,10858000,,0.32,0.0087,,,,-0.412,0.04,83407000,94265000,0.29,2012-12-31,24.75,,657348000.0,244784000,86630000,18532000,,,None,0,None,,None,,,,,68098000,68098000,None,None,0.209,,161377000,83407000,,,,,3223000,,,,,1.85,4.112,6.3,,,,,,,,0.113,,,2025-10-29,annual,0.33,USD,post-market,41549000,,0.0486,0.0721,0.18,5.75,118036000,,,,36.26,39.64,13.7931,,,,,,,324279000,,56.23,,49.65,22.52
2025-12-28,CGNX,0.65,971705000.0,56.23,,1.524,8.89,,,,,,,,,,,,,,,None,77919000,77919000,,,,,,None,9756000,,0.32,0.0087,,,,-0.412,0.04,85355000,95111000,0.29,2011-12-31,24.75,,657348000.0,243995000,87117000,17248000,,,None,2902000,None,,None,,,,,69869000,69869000,None,None,0.209,,158640000,85355000,,,,,1762000,,,,,1.85,4.112,6.3,,,,,,,,0.113,,,2025-10-29,annual,0.33,USD,post-market,40946000,,0.0486,0.0721,0.18,5.75,117694000,,,,36.26,39.64,13.7931,,,,,,,321914000,,56.23,,49.65,22.52
2025-12-28,CGNX,0.65,971705000.0,56.23,,1.524,8.89,,,,,,,,,,,,,,,None,77588000,77588000,,,,,,None,9809000,,0.32,0.0087,,,,-0.412,0.04,75788000,85597000,0.29,2010-12-31,24.75,,657348000.0,213103000,76103000,14722000,,,None,1421000,None,,None,,,,,61381000,61381000,None,None,0.209,,137390000,75713000,,,,,390000,,,,,1.85,4.112,6.3,,,,,,,,0.113,,,2025-10-29,annual,0.33,USD,post-market,33080000,,0.0486,0.0721,0.18,5.75,104235000,,,,36.26,39.64,13.7931,,,,,,,290691000,,56.23,,49.65,22.52
2025-12-28,CGNX,0.65,971705000.0,56.23,,1.524,8.89,,,,,,,,,,,,,,,None,56387000,56387000,,,,,,None,9580000,,0.32,0.0087,,,,-0.412,0.04,-8142000,1438000,0.29,2009-12-31,24.75,,657348000.0,119340000,-10376000,-5507000,,,None,2185000,None,,None,,,,,-4869000,None,None,None,0.209,,132008000,-12668000,,,,,None,,,,,1.85,4.112,6.3,,,,,,,,0.113,,,2025-10-29,annual,0.33,USD,post-market,31132000,,0.0486,0.0721,0.18,5.75,96350000,,,,36.26,39.64,13.7931,,,,,,,175727000,,56.23,,49.65,22.52
2025-12-28,CGNX,0.65,971705000.0,56.23,,1.524,8.89,,,,,,,,,,,,,,,None,68427000,68427000,,,,,,None,11375000,,0.32,0.0087,,,,-0.412,0.04,25362000,36737000,0.29,2008-12-31,24.75,,657348000.0,174253000,35368000,4869000,,,None,7101000,None,,None,,,,,27275000,None,None,None,0.209,,149149000,25104000,,,,,None,,,,,1.85,4.112,6.3,,,,,,,,0.113,,,2025-10-29,annual,0.33,USD,post-market,36262000,,0.0486,0.0721,0.18,5.75,112629000,,,,36.26,39.64,13.7931,,,,,,,242680000,,56.23,,49.65,22.52
2025-12-28,CGNX,0.65,971705000.0,56.23,,1.524,8.89,,,,,,,,,,,,,,,None,64350000,64350000,,,,,,None,11358000,,0.32,0.0087,,,,-0.412,0.04,28136000,39494000,0.29,2007-12-31,24.75,,657348000.0,161333000,36122000,8575000,,,None,0,None,,None,,,,,26899000,None,None,None,0.209,,133197000,28136000,,,,,None,,,,,1.85,4.112,6.3,,,,,,,,0.113,,,2025-10-29,annual,0.33,USD,post-market,33384000,,0.0486,0.0721,0.18,5.75,99819000,,,,36.26,39.64,13.7931,,,,,,,225683000,,56.23,,49.65,22.52
2025-12-28,CGNX,0.65,971705000.0,56.23,,1.524,8.89,,,,,,,,,,,,,,,None,64838000,64838000,,,,,,None,11667000,,0.32,0.0087,,,,-0.412,0.04,44473000,56140000,0.29,2006-12-31,24.75,,657348000.0,173480000,50577000,10549000,,,None,0,None,,None,,,,,39855000,None,None,None,0.209,,129007000,44473000,,,,,None,,,,,1.85,4.112,6.3,,,,,,,,0.113,,,2025-10-29,annual,0.33,USD,post-market,32332000,,0.0486,0.0721,0.18,5.75,96678000,,,,36.26,39.64,13.7931,,,,,,,238318000,,56.23,,49.65,22.52
2025-12-28,CGNX,0.65,971705000.0,56.23,,1.524,8.89,,,,,,,,,,,,,,,None,62899000,62899000,,,,,,None,11425000,,0.32,0.0087,,,,-0.412,0.04,44004000,55429000,0.29,2005-12-31,24.75,,657348000.0,153976000,48246000,12544000,,,None,0,None,,None,,,,,35702000,None,None,None,0.209,,109972000,44004000,,,,,None,,,,,1.85,4.112,6.3,,,,,,,,0.113,,,2025-10-29,annual,0.33,USD,post-market,27640000,,0.0486,0.0721,0.18,5.75,82332000,,,,36.26,39.64,13.7931,,,,,,,216875000,,56.23,,49.65,22.52
2025-12-28,CGNX,0.65,971705000.0,56.23,None,1.524,8.89,,78925000,245898000,245898000,,,,,,,,,335000,169323000,None,62899000,62899000,45480000,None,None,171521000,None,None,11425000,,0.32,0.0087,,,,-0.412,0.04,44004000,55429000,0.29,2025-09-30,24.75,392084000,657348000.0,153976000,48246000,12544000,86751000,86751000,None,0,None,143679000,None,None,None,None,300078000,35702000,None,None,None,0.209,,109972000,44004000,55453000,86708000,None,88000,None,,,,,1.85,4.112,6.3,,,,,,,,0.113,,None,2025-10-29,quarterly,0.33,USD,post-market,27640000,412347000,0.0486,0.0721,0.18,5.75,82332000,78925000,10613000,54368000,36.26,39.64,13.7931,2002750000,670919000,169273000,513114000,1331831000,343841000,216875000,1489636000,56.23,None,49.65,22.52
2025-12-28,CGNX,0.65,971705000.0,56.23,None,1.524,8.89,,83185000,179311000,179311000,,,,,,,,,336000,168563000,None,62899000,62899000,42273000,None,None,186122000,None,None,11425000,,0.32,0.0087,,,,-0.412,0.04,44004000,55429000,0.29,2025-06-30,24.75,397389000,657348000.0,153976000,48246000,12544000,92135000,92135000,None,0,None,144577000,None,None,None,None,324348000,35702000,None,None,None,0.209,,109972000,44004000,66823000,78344000,None,91000,None,,,,,1.85,4.112,6.3,,,,,,,,0.113,,None,2025-10-29,quarterly,0.33,USD,post-market,27640000,433040000,0.0486,0.0721,0.18,5.75,82332000,83185000,11260000,48892000,36.26,39.64,13.7931,2003541000,625725000,190437000,497484000,1377816000,307047000,216875000,1506057000,56.23,None,49.65,22.52
2025-12-28,CGNX,0.65,971705000.0,56.23,None,1.524,8.89,,73702000,143744000,143744000,,,,,,,,,336000,170391000,None,62899000,62899000,43303000,None,None,163940000,None,None,11425000,,0.32,0.0087,,,,-0.412,0.04,44004000,55429000,0.29,2025-03-31,24.75,389929000,657348000.0,153976000,48246000,12544000,91134000,91134000,None,0,None,152113000,None,None,None,None,312310000,35702000,None,None,None,0.209,,109972000,44004000,61179000,67849000,None,87000,None,,,,,1.85,4.112,6.3,,,,,,,,0.113,,None,2025-10-29,quarterly,0.33,USD,post-market,27640000,405949000,0.0486,0.0721,0.18,5.75,82332000,73702000,10277000,56703000,36.26,39.64,13.7931,1932503000,577679000,183964000,486875000,1354824000,302911000,216875000,1445628000,56.23,None,49.65,22.52
2025-12-28,CGNX,0.65,971705000.0,56.23,None,1.524,8.89,,70217000,186094000,186094000,,,,,,,,,341000,172508000,None,62899000,62899000,38046000,None,None,146414000,None,None,11425000,,0.32,0.0087,,,,-0.412,0.04,44004000,55429000,0.29,2024-12-31,24.75,384937000,657348000.0,153976000,48246000,12544000,90684000,90684000,None,0,None,157527000,None,None,None,None,340898000,35702000,None,None,None,0.209,,109972000,44004000,63376000,71760000,None,1082000,None,,,,,1.85,4.112,6.3,,,,,,,,0.113,,None,2025-10-29,quarterly,0.33,USD,post-market,27640000,499303000,0.0486,0.0721,0.18,5.75,82332000,70217000,8854000,59956000,36.26,39.64,13.7931,1992850000,613367000,169380000,475345000,1379483000,305965000,216875000,1517505000,56.23,None,49.65,22.52
2025-12-28,CGNX,0.65,971705000.0,56.23,None,1.524,8.89,,77181000,197075000,197075000,,,,,,,,,343000,172753000,None,62899000,62899000,29984000,None,None,160085000,None,None,11425000,,0.32,0.0087,,,,-0.412,0.04,44004000,55429000,0.29,2024-09-30,24.75,391673000,657348000.0,153976000,48246000,12544000,102550000,102550000,None,0,None,155278000,None,None,None,None,319287000,35702000,None,None,None,0.209,,109972000,44004000,68841000,76675000,None,1251000,None,,,,,1.85,4.112,6.3,,,,,,,,0.113,,None,2025-10-29,quarterly,0.33,USD,post-market,27640000,527909000,0.0486,0.0721,0.18,5.75,82332000,77181000,9806000,90803000,36.26,39.64,13.7931,2063247000,672082000,170736000,496221000,1391165000,325485000,216875000,1567026000,56.23,None,49.65,22.52
2025-12-28,CGNX,0.65,971705000.0,56.23,None,1.524,8.89,,74183000,176626000,176626000,,,,,,,,,343000,172733000,None,62899000,62899000,22617000,None,None,161163000,None,None,11425000,,0.32,0.0087,,,,-0.412,0.04,44004000,55429000,0.29,2024-06-30,24.75,381042000,657348000.0,153976000,48246000,12544000,98548000,98548000,None,0,None,157255000,None,None,None,None,266214000,35702000,None,None,None,0.209,,109972000,44004000,73524000,75405000,None,1169000,None,,,,,1.85,4.112,6.3,,,,,,,,0.113,,None,2025-10-29,quarterly,0.33,USD,post-market,27640000,515142000,0.0486,0.0721,0.18,5.75,82332000,74183000,9405000,112449000,36.26,39.64,13.7931,2004084000,681017000,168783000,497354000,1323067000,328571000,216875000,1506730000,56.23,None,49.65,22.52
2025-12-28,CGNX,0.65,971705000.0,56.23,None,1.524,8.89,,77165000,138859000,138859000,,,,,,,,,343000,172594000,None,62899000,62899000,27459000,None,None,141293000,None,None,11425000,,0.32,0.0087,,,,-0.412,0.04,44004000,55429000,0.29,2024-03-31,24.75,386157000,657348000.0,153976000,48246000,12544000,105054000,105054000,None,0,None,170871000,None,None,None,None,278426000,35702000,None,None,None,0.209,,109972000,44004000,71173000,70429000,None,893000,None,,,,,1.85,4.112,6.3,,,,,,,,0.113,,None,2025-10-29,quarterly,0.33,USD,post-market,27640000,502338000,0.0486,0.0721,0.18,5.75,82332000,77165000,9798000,139334000,36.26,39.64,13.7931,2013233000,661530000,188102000,524044000,1351703000,335942000,216875000,1489189000,56.23,None,49.65,22.52
2025-12-28,CGNX,0.65,971705000.0,56.23,None,1.524,8.89,,78601000,202655000,202655000,,,,,,,,,343000,172571000,None,62899000,62899000,21454000,None,None,116566000,None,None,11425000,,0.32,0.0087,,,,-0.412,0.04,44004000,55429000,0.29,2023-12-31,24.75,393181000,657348000.0,153976000,48246000,12544000,112952000,112952000,None,0,None,162285000,None,None,None,None,244230000,35702000,None,None,None,0.209,,109972000,44004000,68099000,72374000,None,299000,None,,,,,1.85,4.112,6.3,,,,,,,,0.113,,None,2025-10-29,quarterly,0.33,USD,post-market,27640000,512543000,0.0486,0.0721,0.18,5.75,82332000,78601000,9624000,129392000,36.26,39.64,13.7931,2017812000,678997000,151884000,513060000,1338815000,361176000,216875000,1504752000,56.23,None,49.65,22.52
2025-12-28,CGNX,0.65,971705000.0,56.23,None,1.524,8.89,,68432000,395501000,395501000,,,,,,,,,344000,173354000,None,62899000,62899000,23053000,None,None,132130000,None,None,11425000,,0.32,0.0087,,,,-0.412,0.04,44004000,55429000,0.29,2023-09-30,24.75,241042000,657348000.0,153976000,48246000,12544000,9986000,9986000,None,0,None,133866000,None,None,None,None,332991000,35702000,None,None,None,0.209,,109972000,44004000,68347000,79121000,None,None,None,,,,,1.85,4.112,6.3,,,,,,,,0.113,,149725000,2025-10-29,quarterly,0.33,USD,post-market,27640000,534337000,0.0486,0.0721,0.18,5.75,82332000,68432000,7982000,117147000,36.26,39.64,13.7931,1989899000,846991000,169704000,501301000,1142908000,331597000,216875000,1488598000,56.23,None,49.65,22.52
2025-12-28,CGNX,0.65,971705000.0,56.23,None,1.524,8.89,,70040000,177485000,177485000,,,,,,,,,345000,173622000,None,62899000,62899000,26109000,None,None,150107000,None,None,11425000,,0.32,0.0087,,,,-0.412,0.04,44004000,55429000,0.29,2023-06-30,24.75,241582000,657348000.0,153976000,48246000,12544000,10729000,10729000,None,0,None,126226000,None,None,None,None,463494000,35702000,None,None,None,0.209,,109972000,44004000,73090000,83605000,None,99832000,None,,,,,1.85,4.112,6.3,,,,,,,,0.113,,81638000,2025-10-29,quarterly,0.33,USD,post-market,27640000,537947000,0.0486,0.0721,0.18,5.75,82332000,70040000,8188000,191474000,36.26,39.64,13.7931,1998114000,718382000,180462000,517651000,1279732000,337189000,216875000,1480463000,56.23,None,49.65,22.52
2025-12-28,CGNX,0.65,971705000.0,56.23,None,1.524,8.89,,39566000,164171000,164171000,,,,,,,,,345000,173903000,None,62899000,62899000,26939000,None,None,146508000,None,None,11425000,,0.32,0.0087,,,,-0.412,0.04,44004000,55429000,0.29,2023-03-31,24.75,242041000,657348000.0,153976000,48246000,12544000,11472000,11472000,None,0,None,127147000,None,None,None,None,463039000,35702000,None,None,None,0.209,,109972000,44004000,67634000,83527000,None,70201000,None,,,,,1.85,4.112,6.3,,,,,,,,0.113,,81274000,2025-10-29,quarterly,0.33,USD,post-market,27640000,517526000,0.0486,0.0721,0.18,5.75,82332000,39566000,8177000,216703000,36.26,39.64,13.7931,1974066000,722163000,213977000,527735000,1251903000,313758000,216875000,1446331000,56.23,None,49.65,22.52
2025-12-28,CGNX,0.65,971705000.0,56.23,None,1.524,8.89,,39752000,181374000,181374000,,,,,,,,,345000,172631000,None,62899000,62899000,27103000,None,None,127596000,None,None,11425000,,0.32,0.0087,,,,-0.412,0.04,44004000,55429000,0.29,2022-12-31,24.75,242630000,657348000.0,153976000,48246000,12544000,12414000,12414000,None,0,None,122480000,None,None,None,None,454117000,35702000,None,None,None,0.209,,109972000,44004000,67490000,93235000,None,82077000,None,,,,,1.85,4.112,6.3,,,,,,,,0.113,,79714000,2025-10-29,quarterly,0.33,USD,post-market,27640000,528179000,0.0486,0.0721,0.18,5.75,82332000,39752000,8454000,218759000,36.26,39.64,13.7931,1958140000,717699000,187708000,519746000,1240441000,332038000,216875000,1438394000,56.23,None,49.65,22.52
2025-12-28,CGNX,0.65,971705000.0,56.23,None,1.524,8.89,,33371000,266004000,266004000,,,,,,,,,346000,174327000,None,62899000,62899000,22220000,None,None,98434000,None,None,11425000,,0.32,0.0087,,,,-0.412,0.04,44004000,55429000,0.29,2022-09-30,24.75,237509000,657348000.0,153976000,48246000,12544000,9420000,9420000,None,0,None,108553000,None,None,None,None,343198000,35702000,None,None,None,0.209,,109972000,44004000,106046000,64115000,None,89788000,None,,,,,1.85,4.112,6.3,,,,,,,,0.113,,79425000,2025-10-29,quarterly,0.33,USD,post-market,27640000,510877000,0.0486,0.0721,0.18,5.75,82332000,33371000,8111000,208430000,36.26,39.64,13.7931,1900236000,787467000,161278000,511016000,1112769000,349738000,216875000,1389220000,56.23,None,49.65,22.52
2025-12-28,CGNX,0.65,971705000.0,56.23,None,1.524,8.89,,34252000,177046000,177046000,,,,,,,,,347000,174993000,None,62899000,62899000,20364000,None,None,173682000,None,None,11425000,,0.32,0.0087,,,,-0.412,0.04,44004000,55429000,0.29,2022-06-30,24.75,239798000,657348000.0,153976000,48246000,12544000,10226000,10226000,None,0,None,96012000,None,None,None,None,428401000,35702000,None,None,None,0.209,,109972000,44004000,105384000,70051000,None,89265000,None,,,,,1.85,4.112,6.3,,,,,,,,0.113,,79468000,2025-10-29,quarterly,0.33,USD,post-market,27640000,512230000,0.0486,0.0721,0.18,5.75,82332000,34252000,8156000,182634000,36.26,39.64,13.7931,1943083000,734758000,192241000,553098000,1208325000,360857000,216875000,1389985000,56.23,None,49.65,22.52
2025-12-28,CGNX,0.65,971705000.0,56.23,None,1.524,8.89,,34530000,165769000,165769000,,,,,,,,,347000,176668000,None,62899000,62899000,44733000,None,None,156912000,None,None,11425000,,0.32,0.0087,,,,-0.412,0.04,44004000,55429000,0.29,2022-03-31,24.75,241180000,657348000.0,153976000,48246000,12544000,11048000,11048000,None,0,None,136660000,None,None,None,None,479429000,35702000,None,None,None,0.209,,109972000,44004000,64573000,63122000,None,100515000,None,,,,,1.85,4.112,6.3,,,,,,,,0.113,,77870000,2025-10-29,quarterly,0.33,USD,post-market,27640000,488511000,0.0486,0.0721,0.18,5.75,82332000,34530000,8351000,148966000,36.26,39.64,13.7931,1934115000,672880000,195126000,575370000,1261235000,380244000,216875000,1358745000,56.23,None,49.65,22.52
2025-12-28,CGNX,0.65,971705000.0,56.23,None,1.524,8.89,,25581000,186161000,186161000,,,,,,,,,351000,179322000,None,62899000,62899000,44051000,None,None,134338000,None,None,11425000,,0.32,0.0087,,,,-0.412,0.04,44004000,55429000,0.29,2021-12-31,24.75,241713000,657348000.0,153976000,48246000,12544000,11888000,11888000,None,0,None,113102000,None,None,None,None,583748000,35702000,None,None,None,0.209,,109972000,44004000,68742000,92432000,None,91211000,None,,,,,1.85,4.112,6.3,,,,,,,,0.113,,77546000,2025-10-29,quarterly,0.33,USD,post-market,27640000,562882000,0.0486,0.0721,0.18,5.75,82332000,25581000,7786000,137455000,36.26,39.64,13.7931,2003662000,639798000,188589000,573569000,1363864000,384980000,216875000,1430093000,56.23,None,49.65,22.52
2025-12-28,CGNX,0.65,971705000.0,56.23,None,1.524,8.89,,26811000,203479000,203479000,,,,,,,,,354000,180342000,None,62899000,62899000,26797000,None,None,137109000,None,None,11425000,,0.32,0.0087,,,,-0.412,0.04,44004000,55429000,0.29,2021-09-30,24.75,241799000,657348000.0,153976000,48246000,12544000,12782000,12782000,None,0,None,81170000,None,None,None,None,592794000,35702000,None,None,None,0.209,,109972000,44004000,61196000,80337000,None,88686000,None,,,,,1.85,4.112,6.3,,,,,,,,0.113,,76882000,2025-10-29,quarterly,0.33,USD,post-market,27640000,634165000,0.0486,0.0721,0.18,5.75,82332000,26811000,7889000,189113000,36.26,39.64,13.7931,2048803000,672067000,165137000,555842000,1376736000,390705000,216875000,1492961000,56.23,None,49.65,22.52
2025-12-28,CGNX,0.65,971705000.0,56.23,None,1.524,8.89,,24250000,217037000,217037000,,,,,,,,,353000,179991000,None,62899000,62899000,32304000,None,None,150945000,None,None,11425000,,0.32,0.0087,,,,-0.412,0.04,44004000,55429000,0.29,2021-06-30,24.75,242906000,657348000.0,153976000,48246000,12544000,13702000,13702000,None,0,None,68503000,None,None,None,None,543965000,35702000,None,None,None,0.209,,109972000,44004000,65646000,76653000,None,11626000,None,,,,,1.85,4.112,6.3,,,,,,,,0.113,,98249000,2025-10-29,quarterly,0.33,USD,post-market,27640000,593290000,0.0486,0.0721,0.18,5.75,82332000,24250000,7888000,190747000,36.26,39.64,13.7931,2024921000,692878000,204934000,595467000,1332043000,390533000,216875000,1429454000,56.23,None,49.65,22.52
2025-12-28,CGNX,0.65,971705000.0,56.23,None,1.524,8.89,,24028000,242688000,242688000,,,,,,,,,353000,179971000,None,62899000,62899000,20970000,None,None,130485000,None,None,11425000,,0.32,0.0087,,,,-0.412,0.04,44004000,55429000,0.29,2021-03-31,24.75,243036000,657348000.0,153976000,48246000,12544000,14628000,14628000,None,0,None,61392000,None,None,None,None,490363000,35702000,None,None,None,0.209,,109972000,44004000,47773000,60422000,None,81391000,None,,,,,1.85,4.112,6.3,,,,,,,,0.113,,77081000,2025-10-29,quarterly,0.33,USD,post-market,27640000,540686000,0.0486,0.0721,0.18,5.75,82332000,24028000,7805000,143233000,36.26,39.64,13.7931,1908956000,625571000,159680000,551955000,1283385000,392275000,216875000,1357001000,56.23,None,49.65,22.52
2025-12-28,CGNX,0.65,971705000.0,56.23,None,1.524,8.89,,26230000,269073000,269073000,,,,,,,,,352000,172881000,None,62899000,62899000,16270000,None,None,131328000,None,None,11425000,,0.32,0.0087,,,,-0.412,0.04,44004000,55429000,0.29,2020-12-31,24.75,244078000,657348000.0,153976000,48246000,12544000,15555000,15555000,None,0,None,60830000,None,None,None,None,395125000,35702000,None,None,None,0.209,,109972000,44004000,37220000,77264000,None,91251000,None,,,,,1.85,4.112,6.3,,,,,,,,0.113,,79173000,2025-10-29,quarterly,0.33,USD,post-market,27640000,487912000,0.0486,0.0721,0.18,5.75,82332000,26230000,8110000,103240000,36.26,39.64,13.7931,1800702000,601691000,132297000,538500000,1199011000,406203000,216875000,1262202000,56.23,None,49.65,22.52
2025-12-28,CGNX,0.65,971705000.0,56.23,None,1.524,8.89,,27916000,298356000,298356000,,,,,,,,,349000,177138000,None,62899000,62899000,21464000,None,None,143144000,None,None,11425000,,0.32,0.0087,,,,-0.412,0.04,44004000,55429000,0.29,2020-09-30,24.75,243129000,657348000.0,153976000,48246000,12544000,16482000,16482000,None,0,None,53860000,None,None,None,None,619343000,35702000,None,None,None,0.209,,109972000,44004000,37411000,68348000,None,88585000,None,,,,,1.85,4.112,6.3,,,,,,,,0.113,,81225000,2025-10-29,quarterly,0.33,USD,post-market,27640000,780521000,0.0486,0.0721,0.18,5.75,82332000,27916000,7863000,95365000,36.26,39.64,13.7931,2060515000,628136000,139398000,554686000,1432379000,415288000,216875000,1505829000,56.23,None,49.65,22.52
2025-12-28,CGNX,0.65,971705000.0,56.23,None,1.524,8.89,,28836000,286021000,286021000,,,,,,,,,346000,172283000,None,62899000,62899000,17999000,None,None,112649000,None,None,11425000,,0.32,0.0087,,,,-0.412,0.04,44004000,55429000,0.29,2020-06-30,24.75,242436000,657348000.0,153976000,48246000,12544000,17337000,17337000,None,0,None,52953000,None,None,None,None,467087000,35702000,None,None,None,0.209,,109972000,44004000,51768000,66264000,None,87510000,None,,,,,1.85,4.112,6.3,,,,,,,,0.113,,83936000,2025-10-29,quarterly,0.33,USD,post-market,27640000,702597000,0.0486,0.0721,0.18,5.75,82332000,28836000,7628000,143084000,36.26,39.64,13.7931,1934864000,646475000,144581000,558386000,1288389000,413805000,216875000,1376478000,56.23,None,49.65,22.52
2025-12-28,CGNX,0.65,971705000.0,56.23,None,1.524,8.89,,17966000,239197000,239197000,,,,,,,,,344000,175602000,None,62899000,62899000,16195000,None,None,105948000,None,None,11425000,,0.32,0.0087,,,,-0.412,0.04,44004000,55429000,0.29,2020-03-31,24.75,242214000,657348000.0,153976000,48246000,12544000,38102000,38102000,None,0,None,54985000,None,None,None,None,446955000,35702000,None,None,None,0.209,,109972000,44004000,35913000,63955000,None,76408000,None,,,,,1.85,4.112,6.3,,,,,,,,0.113,,86702000,2025-10-29,quarterly,0.33,USD,post-market,27640000,713208000,0.0486,0.0721,0.18,5.75,82332000,17966000,5550000,159244000,36.26,39.64,13.7931,1885077000,595287000,150644000,557584000,1289790000,406940000,216875000,1327493000,56.23,None,49.65,22.52
2025-12-28,CGNX,0.65,971705000.0,56.23,None,1.524,8.89,,17973000,171431000,171431000,,,,,,,,,345000,175500000,None,62899000,62899000,17866000,None,None,108229000,None,None,11425000,,0.32,0.0087,,,,-0.412,0.04,44004000,55429000,0.29,2019-12-31,24.75,243445000,657348000.0,153976000,48246000,12544000,39490000,39490000,None,0,None,60261000,None,None,None,None,433452000,35702000,None,None,None,0.209,,109972000,44004000,26840000,52199000,None,77404000,None,,,,,1.85,4.112,6.3,,,,,,,,0.113,,89443000,2025-10-29,quarterly,0.33,USD,post-market,27640000,753268000,0.0486,0.0721,0.18,5.75,82332000,17973000,5647000,240470000,36.26,39.64,13.7931,1885935000,607231000,120477000,530225000,1278704000,409748000,216875000,1355710000,56.23,None,49.65,22.52
2025-12-28,CGNX,0.65,971705000.0,56.23,None,1.524,8.89,,16167000,121701000,121701000,,,,,,,,,342000,174449000,None,62899000,62899000,12766000,None,None,118617000,None,None,11425000,,0.32,0.0087,,,,-0.412,0.04,44004000,55429000,0.29,2019-09-30,24.75,113208000,657348000.0,153976000,48246000,12544000,7994000,7994000,None,0,None,65264000,None,None,None,None,504641000,35702000,None,None,None,0.209,,109972000,44004000,28127000,48561000,None,69730000,None,,,,,1.85,4.112,6.3,,,,,,,,0.113,,88429000,2025-10-29,quarterly,0.33,USD,post-market,27640000,682383000,0.0486,0.0721,0.18,5.75,82332000,16167000,5445000,292072000,36.26,39.64,13.7931,1390452000,625781000,81215000,151234000,764671000,70019000,216875000,1239218000,56.23,None,49.65,22.52
2025-12-28,CGNX,0.65,971705000.0,56.23,None,1.524,8.89,,17984000,89104000,89104000,,,,,,,,,341000,175448000,None,62899000,62899000,11729000,None,None,117943000,None,None,11425000,,0.32,0.0087,,,,-0.412,0.04,44004000,55429000,0.29,2019-06-30,24.75,113208000,657348000.0,153976000,48246000,12544000,8575000,8575000,None,0,None,72889000,None,None,None,None,408032000,35702000,None,None,None,0.209,,109972000,44004000,34451000,48709000,None,72597000,None,,,,,1.85,4.112,6.3,,,,,,,,0.113,,89342000,2025-10-29,quarterly,0.33,USD,post-market,27640000,649234000,0.0486,0.0721,0.18,5.75,82332000,17984000,5835000,364487000,36.26,39.64,13.7931,1349920000,678874000,85683000,158280000,671046000,72597000,216875000,1191640000,56.23,None,49.65,22.52
2025-12-28,CGNX,0.65,971705000.0,56.23,None,1.524,8.89,,17336000,105296000,105296000,,,,,,,,,343000,175607000,None,62899000,62899000,20529000,None,5383000,116626000,None,None,11425000,,0.32,0.0087,,,,-0.412,0.04,44004000,55429000,0.29,2019-03-31,24.75,113208000,657348000.0,153976000,48246000,12544000,9344000,9344000,None,0,None,79208000,None,None,11953000,None,317054000,35702000,None,None,None,0.209,,109972000,44004000,30778000,48948000,None,71868000,None,,,,,1.85,4.112,6.3,,,,,,,,0.113,,91273000,2025-10-29,quarterly,0.33,USD,post-market,27640000,670754000,0.0486,0.0721,0.18,5.75,82332000,17336000,5383000,441337000,36.26,39.64,13.7931,1353772000,773245000,93045000,164913000,580527000,71868000,216875000,1188859000,56.23,None,49.65,22.52
2025-12-28,CGNX,0.65,971705000.0,56.23,None,1.524,8.89,,None,108212000,108212000,,,,,,,,,342000,175527000,None,62899000,62899000,16230000,None,None,127484000,None,None,11425000,,0.32,0.0087,,,,-0.412,0.04,44004000,55429000,0.29,2018-12-31,24.75,113208000,657348000.0,153976000,48246000,12544000,10113000,10113000,None,0,None,83282000,None,None,None,None,262039000,35702000,None,None,None,0.209,,109972000,44004000,34000000,60220000,None,62085000,None,,,,,1.85,4.112,6.3,,,,,,,,0.113,,91396000,2025-10-29,quarterly,0.33,USD,post-market,27640000,646214000,0.0486,0.0721,0.18,5.75,82332000,None,4023000,427348000,36.26,39.64,13.7931,1289667000,780326000,91357000,154404000,509341000,63047000,216875000,1135263000,56.23,None,49.65,22.52
2025-12-28,CGNX,0.65,971705000.0,56.23,None,1.524,8.89,,None,107371000,107371000,,,,,,,,,345000,177245000,None,62899000,62899000,22295000,None,None,149389000,None,None,11425000,,0.32,0.0087,,,,-0.412,0.04,44004000,55429000,0.29,2018-09-30,24.75,113208000,657348000.0,153976000,48246000,12544000,10882000,10882000,None,0,None,94035000,None,None,0,None,281929000,35702000,None,None,None,0.209,,109972000,44004000,27687000,66632000,None,63727000,None,,,,,1.85,4.112,6.3,,,,,,,,0.113,,88930000,2025-10-29,quarterly,0.33,USD,post-market,27640000,670935000,0.0486,0.0721,0.18,5.75,82332000,None,967000,420016000,36.26,39.64,13.7931,1324696000,798498000,111153000,175252000,526198000,64099000,216875000,1149444000,56.23,0,49.65,22.52
2025-12-28,CGNX,0.65,971705000.0,56.23,None,1.524,8.89,,None,129202000,129202000,,,,,,,,,344000,177149000,None,62899000,62899000,12588000,None,None,139687000,None,None,11425000,,0.32,0.0087,,,,-0.412,0.04,44004000,55429000,0.29,2018-06-30,24.75,113208000,657348000.0,153976000,48246000,12544000,11651000,11651000,None,0,None,89556000,None,None,0,None,271941000,35702000,None,None,None,0.209,,109972000,44004000,47362000,58654000,None,72274000,None,,,,,1.85,4.112,6.3,,,,,,,,0.113,,87893000,2025-10-29,quarterly,0.33,USD,post-market,27640000,619212000,0.0486,0.0721,0.18,5.75,82332000,None,12477000,353740000,36.26,39.64,13.7931,1276310000,759547000,124600000,197178000,516763000,72578000,216875000,1079132000,56.23,0,49.65,22.52
2025-12-28,CGNX,0.65,971705000.0,56.23,None,1.524,8.89,,None,109572000,109572000,,,,,,,,,346000,179641000,None,62899000,62899000,29136000,None,None,100881000,None,None,11425000,,0.32,0.0087,,,,-0.412,0.04,44004000,55429000,0.29,2018-03-31,24.75,113208000,657348000.0,153976000,48246000,12544000,12420000,12420000,None,0,None,96399000,None,None,0,None,356181000,35702000,None,None,None,0.209,,109972000,44004000,26068000,56463000,None,78479000,None,,,,,1.85,4.112,6.3,,,,,,,,0.113,,85205000,2025-10-29,quarterly,0.33,USD,post-market,27640000,622856000,0.0486,0.0721,0.18,5.75,82332000,None,29470000,337629000,36.26,39.64,13.7931,1268915000,670549000,113018000,191816000,598366000,78798000,216875000,1077099000,56.23,0,49.65,22.52
2025-12-28,CGNX,0.65,971705000.0,56.23,None,1.524,8.89,,None,106582000,106582000,,,,,,,,,347000,173397000,None,62899000,62899000,23463000,None,None,126842000,None,None,11425000,,0.32,0.0087,,,,-0.412,0.04,44004000,55429000,0.29,2017-12-31,24.75,113208000,657348000.0,153976000,48246000,12544000,13189000,13189000,None,0,None,67923000,None,None,0,None,423441000,35702000,None,None,None,0.209,,109972000,44004000,30683000,68249000,None,79133000,None,,,,,1.85,4.112,6.3,,,,,,,,0.113,,78048000,2025-10-29,quarterly,0.33,USD,post-market,27640000,668267000,0.0486,0.0721,0.18,5.75,82332000,None,16683000,297961000,36.26,39.64,13.7931,1287870000,629991000,112635000,192517000,657762000,79445000,216875000,1095353000,56.23,0,49.65,22.52
2025-12-28,CGNX,0.65,971705000.0,56.23,None,1.524,8.89,,None,111349000,111349000,,,,,,,,,173000,179354000,None,62899000,62899000,30331000,None,None,173588000,None,None,11425000,,0.32,0.0087,,,,-0.412,0.04,44004000,55429000,0.29,2017-09-30,24.75,113208000,657348000.0,153976000,48246000,12544000,14427000,14427000,None,0,None,48061000,None,None,0,None,386501000,35702000,None,None,None,0.209,,109972000,44004000,38824000,53070000,None,15468000,None,,,,,1.85,4.112,6.3,,,,,,,,0.113,,65957000,2025-10-29,quarterly,0.33,USD,post-market,27640000,727319000,0.0486,0.0721,0.18,5.75,82332000,None,10053000,273261000,36.26,39.64,13.7931,1258517000,645083000,109526000,124994000,613434000,15468000,216875000,1133523000,56.23,0,49.65,22.52
2025-12-28,CGNX,0.65,971705000.0,56.23,None,1.524,8.89,,None,68266000,68266000,,,,,,,,,173000,179228000,None,62899000,62899000,22815000,None,None,84532000,None,None,11425000,,0.32,0.0087,,,,-0.412,0.04,44004000,55429000,0.29,2017-06-30,24.75,115089000,657348000.0,153976000,48246000,12544000,15226000,15226000,None,0,None,36491000,None,None,0,None,354658000,35702000,None,None,None,0.209,,109972000,44004000,50157000,42621000,None,15403000,None,,,,,1.85,4.112,6.3,,,,,,,,0.113,,61196000,2025-10-29,quarterly,0.33,USD,post-market,27640000,669347000,0.0486,0.0721,0.18,5.75,82332000,None,4957000,342402000,36.26,39.64,13.7931,1160998000,581848000,88404000,109022000,579150000,20618000,216875000,1051976000,56.23,0,49.65,22.52
2025-12-28,CGNX,0.65,971705000.0,56.23,None,1.524,8.89,,None,92428000,92428000,,,,,,,,,173000,178354000,None,62899000,62899000,17115000,None,None,59525000,None,None,11425000,,0.32,0.0087,,,,-0.412,0.04,44004000,55429000,0.29,2017-03-31,24.75,95280000,657348000.0,153976000,48246000,12544000,7440000,7440000,None,0,None,32615000,None,None,0,None,312850000,35702000,None,None,None,0.209,,109972000,44004000,33349000,38904000,None,9516000,None,,,,,1.85,4.112,6.3,,,,,,,,0.113,,57255000,2025-10-29,quarterly,0.33,USD,post-market,27640000,652917000,0.0486,0.0721,0.18,5.75,82332000,None,5696000,376027000,36.26,39.64,13.7931,1096244000,593944000,75516000,85032000,502300000,9516000,216875000,1011212000,56.23,0,49.65,22.52
2025-12-28,CGNX,0.65,971705000.0,56.23,None,1.524,8.89,,None,745170000,745170000,,,,,,,,,172000,176502000,None,62899000,62899000,52369000,None,None,57655000,None,None,11425000,,0.32,0.0087,,,,-0.412,0.04,44004000,55429000,0.29,2016-12-31,24.75,95280000,657348000.0,153976000,48246000,12544000,8312000,8312000,None,0,None,26984000,None,None,0,None,324335000,35702000,None,None,None,0.209,,109972000,44004000,20870000,42539000,None,10232000,None,,,,,1.85,4.112,6.3,,,,,,,,0.113,,53992000,2025-10-29,quarterly,0.33,USD,post-market,27640000,643825000,0.0486,0.0721,0.18,5.75,82332000,None,31985000,341194000,36.26,39.64,13.7931,1038604000,829809000,71134000,76005000,208795000,4871000,216875000,962599000,56.23,0,49.65,22.52
2025-12-28,CGNX,0.65,971705000.0,56.23,None,1.524,8.89,,None,61145000,61145000,,,,,,,,,171000,174692000,None,62899000,62899000,10106000,None,None,92158000,None,None,11425000,,0.32,0.0087,,,,-0.412,0.04,44004000,55429000,0.29,2016-09-30,24.75,82831000,657348000.0,153976000,48246000,12544000,4716000,4716000,None,0,None,27226000,None,None,0,None,315927000,35702000,None,None,None,0.209,,109972000,44004000,21921000,42593000,None,6719000,None,,,,,1.85,4.112,6.3,,,,,,,,0.113,,55730000,2025-10-29,quarterly,0.33,USD,post-market,27640000,640230000,0.0486,0.0721,0.18,5.75,82332000,None,470000,328378000,36.26,39.64,13.7931,1020087000,530828000,69074000,76139000,489259000,7065000,216875000,943948000,56.23,0,49.65,22.52
2025-12-28,CGNX,0.65,971705000.0,56.23,None,1.524,8.89,,None,54929000,54929000,,,,,,,,,170000,173612000,None,62899000,62899000,14157000,None,None,86719000,None,None,11425000,,0.32,0.0087,,,,-0.412,0.04,44004000,55429000,0.29,2016-06-30,24.75,81448000,657348000.0,153976000,48246000,12544000,4453000,4453000,None,0,None,25882000,None,None,0,None,307703000,35702000,None,None,None,0.209,,109972000,44004000,23601000,36061000,None,8281000,None,,,,,1.85,4.112,6.3,,,,,,,,0.113,,53406000,2025-10-29,quarterly,0.33,USD,post-market,27640000,603204000,0.0486,0.0721,0.18,5.75,82332000,None,3238000,294593000,36.26,39.64,13.7931,964440000,485724000,69189000,77796000,478716000,8607000,216875000,886644000,56.23,0,49.65,22.52
2025-12-28,CGNX,0.65,971705000.0,56.23,None,1.524,8.89,,None,79914000,79914000,,,,,,,,,170000,173082000,None,62899000,62899000,10296000,None,None,45095000,None,None,11425000,,0.32,0.0087,,,,-0.412,0.04,44004000,55429000,0.29,2016-03-31,24.75,81448000,657348000.0,153976000,48246000,12544000,5270000,5270000,None,0,None,35620000,None,None,0,None,249760000,35702000,None,None,None,0.209,,109972000,44004000,12512000,30653000,None,8279000,None,,,,,1.85,4.112,6.3,,,,,,,,0.113,,53413000,2025-10-29,quarterly,0.33,USD,post-market,27640000,575548000,0.0486,0.0721,0.18,5.75,82332000,None,1494000,319789000,36.26,39.64,13.7931,913637000,492930000,54305000,62918000,420707000,8613000,216875000,850719000,56.23,0,49.65,22.52
2025-12-28,CGNX,0.65,971705000.0,56.23,None,1.524,8.89,,None,621531000,621531000,,,,,,,,,170000,172424000,None,62899000,62899000,41132000,None,None,42846000,None,None,11425000,,0.32,0.0087,,,,-0.412,0.04,44004000,55429000,0.29,2015-12-31,24.75,81448000,657348000.0,153976000,48246000,12544000,6315000,6315000,None,0,None,37334000,None,None,0,None,273088000,35702000,None,None,None,0.209,,109972000,44004000,22975000,33179000,None,8082000,None,,,,,1.85,4.112,6.3,,,,,,,,0.113,,53285000,2025-10-29,quarterly,0.33,USD,post-market,27640000,566613000,0.0486,0.0721,0.18,5.75,82332000,None,27045000,296468000,36.26,39.64,13.7931,887756000,701711000,58837000,62089000,186045000,3252000,216875000,825667000,56.23,0,49.65,22.52
2025-12-28,CGNX,0.65,971705000.0,56.23,None,1.524,8.89,,None,79563000,79563000,,,,,,,,,170000,175552000,None,62899000,62899000,10026000,None,None,71012000,None,None,11425000,,0.32,0.0087,,,,-0.412,0.04,44004000,55429000,0.29,2015-09-30,24.75,81448000,657348000.0,153976000,48246000,12544000,7361000,7361000,None,0,None,39841000,None,None,0,None,240504000,35702000,None,None,None,0.209,,109972000,44004000,23135000,33373000,None,6785000,None,,,,,1.85,4.112,6.3,,,,,,,,0.113,,51105000,2025-10-29,quarterly,0.33,USD,post-market,27640000,553792000,0.0486,0.0721,0.18,5.75,82332000,None,9112000,272584000,36.26,39.64,13.7931,887400000,486135000,67822000,74607000,401265000,6785000,216875000,812793000,56.23,0,49.65,22.52
2025-12-28,CGNX,0.65,971705000.0,56.23,None,1.524,8.89,,None,61691000,61691000,,,,,,,,,174000,178370000,None,62899000,62899000,15202000,None,None,96376000,None,None,11425000,,0.32,0.0087,,,,-0.412,0.04,44004000,55429000,0.29,2015-06-30,24.75,77388000,657348000.0,153976000,48246000,12544000,7653000,7653000,None,0,None,39400000,None,None,0,None,233752000,35702000,None,None,None,0.209,,109972000,44004000,69172000,45874000,None,4603000,None,,,,,1.85,4.112,6.3,,,,,,,,0.113,,49905000,2025-10-29,quarterly,0.33,USD,post-market,27640000,546205000,0.0486,0.0721,0.18,5.75,82332000,None,31673000,223464000,36.26,39.64,13.7931,878206000,490103000,80467000,85070000,388103000,4603000,216875000,793136000,56.23,0,49.65,22.52
2025-12-28,CGNX,0.65,971705000.0,56.23,None,1.524,8.89,,None,548823000,548823000,,,,,,,,,174000,177498000,None,62899000,62899000,45535000,None,None,56264000,None,None,11425000,,0.32,0.0087,,,,-0.412,0.04,44004000,55429000,0.29,2015-03-31,24.75,81689000,657348000.0,153976000,48246000,12544000,9606000,9606000,None,0,None,48458000,None,None,0,None,370433000,35702000,None,None,None,0.209,,109972000,44004000,26847000,32240000,None,4372000,None,,,,,1.85,4.112,6.3,,,,,,,,0.113,,48692000,2025-10-29,quarterly,0.33,USD,post-market,27640000,544448000,0.0486,0.0721,0.18,5.75,82332000,None,26940000,142343000,36.26,39.64,13.7931,838345000,653545000,71282000,71282000,184800000,4372000,216875000,767063000,56.23,0,49.65,22.52
2025-12-28,CGNX,0.65,971705000.0,56.23,None,1.524,8.89,,None,546995000,546995000,,,,,,,,,173000,177698000,None,62899000,62899000,59063000,None,None,50938000,None,None,11425000,,0.32,0.0087,,,,-0.412,0.04,44004000,55429000,0.29,2014-12-31,24.75,81689000,657348000.0,153976000,48246000,12544000,10699000,10699000,None,0,None,35536000,None,None,0,None,400845000,35702000,None,None,None,0.209,,109972000,44004000,31982000,37663000,None,4623000,None,,,,,1.85,4.112,6.3,,,,,,,,0.113,,47907000,2025-10-29,quarterly,0.33,USD,post-market,27640000,523946000,0.0486,0.0721,0.18,5.75,82332000,None,31992000,90456000,36.26,39.64,13.7931,821734000,633469000,85297000,85297000,188265000,4623000,216875000,736437000,56.23,0,49.65,22.52
2025-12-28,CGNX,0.65,971705000.0,56.23,None,1.524,8.89,,None,38179000,38179000,,,,,,,,,174000,178334000,None,62899000,62899000,13302000,None,None,113241000,None,None,11425000,,0.32,0.0087,,,,-0.412,0.04,44004000,55429000,0.29,2014-09-30,24.75,81689000,657348000.0,153976000,48246000,12544000,11789000,11789000,None,0,None,31210000,None,None,0,None,409283000,35702000,None,None,None,0.209,,109972000,44004000,25361000,39503000,None,3942000,None,,,,,1.85,4.112,6.3,,,,,,,,0.113,,39318000,2025-10-29,quarterly,0.33,USD,post-market,27640000,521845000,0.0486,0.0721,0.18,5.75,82332000,None,1450000,49758000,36.26,39.64,13.7931,816402000,257749000,78508000,82450000,558653000,3942000,216875000,733952000,56.23,0,49.65,22.52
2025-12-28,CGNX,0.65,971705000.0,56.23,None,1.524,8.89,,None,40172000,40172000,,,,,,,,,174000,177930000,None,62899000,62899000,15329000,None,None,69780000,None,None,11425000,,0.32,0.0087,,,,-0.412,0.04,44004000,55429000,0.29,2014-06-30,24.75,81689000,657348000.0,153976000,48246000,12544000,12892000,12892000,None,0,None,30737000,None,None,0,None,343725000,35702000,None,None,None,0.209,,109972000,44004000,43890000,32921000,None,3803000,None,,,,,1.85,4.112,6.3,,,,,,,,0.113,,38321000,2025-10-29,quarterly,0.33,USD,post-market,27640000,479581000,0.0486,0.0721,0.18,5.75,82332000,None,569000,83677000,36.26,39.64,13.7931,760456000,268256000,74146000,77949000,492200000,3803000,216875000,682507000,56.23,0,49.65,22.52
2025-12-28,CGNX,0.65,971705000.0,56.23,None,1.524,8.89,,None,42463000,42463000,,,,,,,,,174000,178518000,None,62899000,62899000,9671000,None,None,51947000,None,None,11425000,,0.32,0.0087,,,,-0.412,0.04,44004000,55429000,0.29,2014-03-31,24.75,81689000,657348000.0,153976000,48246000,12544000,13807000,13807000,None,0,None,28434000,None,None,0,None,379916000,35702000,None,None,None,0.209,,109972000,44004000,25260000,26140000,None,3939000,None,,,,,1.85,4.112,6.3,,,,,,,,0.113,,37826000,2025-10-29,quarterly,0.33,USD,post-market,27640000,466350000,0.0486,0.0721,0.18,5.75,82332000,None,276000,41777000,36.26,39.64,13.7931,717517000,189881000,52530000,56469000,527636000,3939000,216875000,661048000,56.23,0,49.65,22.52
2025-12-28,CGNX,0.65,971705000.0,56.23,None,1.524,8.89,,None,455121000,455121000,,,,,,,,,174000,178530000,None,62899000,62899000,43818000,None,None,53015000,None,None,11425000,,0.32,0.0087,,,,-0.412,0.04,44004000,55429000,0.29,2013-12-31,24.75,81689000,657348000.0,153976000,48246000,12544000,14723000,14723000,None,0,None,25694000,None,None,0,None,229655000,35702000,None,None,None,0.209,,109972000,44004000,27876000,32959000,None,4765000,None,,,,,1.85,4.112,6.3,,,,,,,,0.113,,37136000,2025-10-29,quarterly,0.33,USD,post-market,27640000,462131000,0.0486,0.0721,0.18,5.75,82332000,None,26931000,184822000,36.26,39.64,13.7931,709699000,533830000,65787000,65787000,175869000,4765000,216875000,643912000,56.23,0,49.65,22.52
2025-12-28,CGNX,0.65,971705000.0,56.23,None,1.524,8.89,,None,443738000,443738000,,,,,,,,,175000,178718000,None,62899000,62899000,38824000,None,None,48832000,None,None,11425000,,0.32,0.0087,,,,-0.412,0.04,44004000,55429000,0.29,2013-09-30,24.75,81689000,657348000.0,153976000,48246000,12544000,11890000,11890000,None,0,None,27625000,None,None,0,None,226720000,35702000,None,None,None,0.209,,109972000,44004000,25592000,31367000,None,4390000,None,,,,,1.85,4.112,6.3,,,,,,,,0.113,,35565000,2025-10-29,quarterly,0.33,USD,post-market,27640000,461538000,0.0486,0.0721,0.18,5.75,82332000,None,26887000,186572000,36.26,39.64,13.7931,692750000,520195000,55026000,55026000,172555000,4390000,216875000,637724000,56.23,0,49.65,22.52
2025-12-28,CGNX,0.65,971705000.0,56.23,None,1.524,8.89,,None,47874000,47874000,,,,,,,,,87000,177428000,None,62899000,62899000,7157000,None,None,45215000,None,None,11425000,,0.32,0.0087,,,,-0.412,0.04,44004000,55429000,0.29,2013-06-30,24.75,81689000,657348000.0,153976000,48246000,12544000,12849000,12849000,None,0,None,26653000,None,None,0,None,243108000,35702000,None,None,None,0.209,,109972000,44004000,22148000,28279000,None,6255000,None,,,,,1.85,4.112,6.3,,,,,,,,0.113,,35343000,2025-10-29,quarterly,0.33,USD,post-market,27640000,456978000,0.0486,0.0721,0.18,5.75,82332000,None,208000,135289000,36.26,39.64,13.7931,670376000,277179000,49123000,55378000,393197000,6255000,216875000,614998000,56.23,0,49.65,22.52
2025-12-28,CGNX,0.65,971705000.0,56.23,None,1.524,8.89,,None,413652000,413652000,,,,,,,,,87000,176520000,None,62899000,62899000,31073000,None,None,42780000,None,None,11425000,,0.32,0.0087,,,,-0.412,0.04,44004000,55429000,0.29,2013-03-31,24.75,81689000,657348000.0,153976000,48246000,12544000,13809000,13809000,None,0,None,26057000,None,None,0,None,245484000,35702000,None,None,None,0.209,,109972000,44004000,20094000,24258000,None,5955000,None,,,,,1.85,4.112,6.3,,,,,,,,0.113,,34647000,2025-10-29,quarterly,0.33,USD,post-market,27640000,452049000,0.0486,0.0721,0.18,5.75,82332000,None,16083000,125411000,36.26,39.64,13.7931,652528000,482489000,53067000,53067000,170039000,5955000,216875000,599461000,56.23,0,49.65,22.52
2025-12-28,CGNX,0.65,971705000.0,56.23,None,1.524,8.89,,None,45160000,45160000,,,,,,,,,86000,173044000,None,62899000,62899000,6815000,None,None,42387000,None,None,11425000,,0.32,0.0087,,,,-0.412,0.04,44004000,55429000,0.29,2012-12-31,24.75,81689000,657348000.0,153976000,48246000,12544000,14770000,14770000,None,0,None,26182000,None,None,0,None,238255000,35702000,None,None,None,0.209,,109972000,44004000,20763000,26185000,None,5216000,None,,,,,1.85,4.112,6.3,,,,,,,,0.113,,34820000,2025-10-29,quarterly,0.33,USD,post-market,27640000,436466000,0.0486,0.0721,0.18,5.75,82332000,None,4414000,105105000,36.26,39.64,13.7931,627605000,239597000,50104000,55320000,388008000,5216000,216875000,572285000,56.23,0,49.65,22.52
2025-12-28,CGNX,0.65,971705000.0,56.23,None,1.524,8.89,,None,54158000,54158000,,,,,,,,,86000,174516000,None,62899000,62899000,7567000,None,None,44761000,None,None,11425000,,0.32,0.0087,,,,-0.412,0.04,44004000,55429000,0.29,2012-09-30,24.75,81689000,657348000.0,153976000,48246000,12544000,15783000,15783000,None,0,None,24995000,None,None,0,None,259910000,35702000,None,None,None,0.209,,109972000,44004000,24442000,40673000,None,4890000,None,,,,,1.85,4.112,6.3,,,,,,,,0.113,,34344000,2025-10-29,quarterly,0.33,USD,post-market,27640000,472729000,0.0486,0.0721,0.18,5.75,82332000,None,None,101870000,36.26,39.64,13.7931,662115000,250226000,51823000,56713000,411889000,4890000,216875000,605402000,56.23,0,49.65,22.52
2025-12-28,CGNX,0.65,971705000.0,56.23,None,1.524,8.89,,None,205992000,205992000,,,,,,,,,86000,174404000,None,62899000,62899000,34555000,None,None,48385000,None,None,11425000,,0.32,0.0087,,,,-0.412,0.04,44004000,55429000,0.29,2012-06-30,24.75,81820000,657348000.0,153976000,48246000,12544000,16820000,16820000,None,0,None,25113000,None,None,0,None,124748000,35702000,None,None,None,0.209,,109972000,44004000,390683000,28020000,None,5066000,None,,,,,1.85,4.112,6.3,,,,,,,,0.113,,33663000,2025-10-29,quarterly,0.33,USD,post-market,27640000,459645000,0.0486,0.0721,0.18,5.75,82332000,None,19175000,59943000,36.26,39.64,13.7931,646746000,464181000,55153000,55153000,182565000,5066000,216875000,591593000,56.23,0,49.65,22.52
2025-12-28,CGNX,0.65,971705000.0,56.23,None,1.524,8.89,,None,41559000,41559000,,,,,,,,,86000,174360000,None,62899000,62899000,7341000,None,None,45595000,None,None,11425000,,0.32,0.0087,,,,-0.412,0.04,44004000,55429000,0.29,2012-03-31,24.75,82181000,657348000.0,153976000,48246000,12544000,17873000,17873000,None,0,None,27807000,None,None,0,None,183965000,35702000,None,None,None,0.209,,109972000,44004000,28740000,35904000,None,4931000,None,,,,,1.85,4.112,6.3,,,,,,,,0.113,,32720000,2025-10-29,quarterly,0.33,USD,post-market,27640000,444592000,0.0486,0.0721,0.18,5.75,82332000,None,11461000,159209000,36.26,39.64,13.7931,637981000,302910000,44257000,49188000,335071000,4931000,216875000,588793000,56.23,0,49.65,22.52
2025-12-28,CGNX,0.65,971705000.0,56.23,None,1.524,8.89,,None,38103000,38103000,,,,,,,,,84000,171900000,None,62899000,62899000,7098000,None,None,48206000,None,None,11425000,,0.32,0.0087,,,,-0.412,0.04,44004000,55429000,0.29,2011-12-31,24.75,82029000,657348000.0,153976000,48246000,12544000,18910000,18910000,None,0,None,28098000,None,None,0,None,174906000,35702000,None,None,None,0.209,,109972000,44004000,26508000,45748000,None,4796000,None,,,,,1.85,4.112,6.3,,,,,,,,0.113,,31744000,2025-10-29,quarterly,0.33,USD,post-market,27640000,434581000,0.0486,0.0721,0.18,5.75,82332000,None,5621000,144431000,36.26,39.64,13.7931,611881000,285346000,54105000,58901000,326535000,4796000,216875000,552980000,56.23,0,49.65,22.52
2025-12-28,CGNX,0.65,971705000.0,56.23,None,1.524,8.89,,None,30175000,30175000,,,,,,,,,84000,171904000,None,62899000,62899000,7388000,None,None,45827000,None,None,11425000,,0.32,0.0087,,,,-0.412,0.04,44004000,55429000,0.29,2011-09-30,24.75,82277000,657348000.0,153976000,48246000,12544000,19969000,19969000,None,0,None,28595000,None,None,0,None,173521000,35702000,None,None,None,0.209,,109972000,44004000,27333000,43461000,None,4291000,None,,,,,1.85,4.112,6.3,,,,,,,,0.113,,30869000,2025-10-29,quarterly,0.33,USD,post-market,27640000,419699000,0.0486,0.0721,0.18,5.75,82332000,None,None,142409000,36.26,39.64,13.7931,598507000,274339000,52855000,57146000,324168000,4291000,216875000,541361000,56.23,0,49.65,22.52
2025-12-28,CGNX,0.65,971705000.0,56.23,None,1.524,8.89,,None,42676000,42676000,,,,,,,,,84000,171240000,None,62899000,62899000,6922000,None,None,42480000,None,None,11425000,,0.32,0.0087,,,,-0.412,0.04,44004000,55429000,0.29,2011-06-30,24.75,82654000,657348000.0,153976000,48246000,12544000,21047000,21047000,None,0,None,27004000,None,None,0,None,108700000,35702000,None,None,None,0.209,,109972000,44004000,28129000,41030000,None,5694000,None,,,,,1.85,4.112,6.3,,,,,,,,0.113,,30590000,2025-10-29,quarterly,0.33,USD,post-market,27640000,405463000,0.0486,0.0721,0.18,5.75,82332000,None,None,202012000,36.26,39.64,13.7931,602657000,342301000,56678000,62372000,260356000,5694000,216875000,540285000,56.23,0,49.65,22.52
2025-12-28,CGNX,0.65,971705000.0,56.23,None,1.524,8.89,,None,37014000,37014000,,,,,,,,,83000,169144000,None,62899000,62899000,8078000,None,None,42124000,None,None,11425000,,0.32,0.0087,,,,-0.412,0.04,44004000,55429000,0.29,2011-03-31,24.75,82524000,657348000.0,153976000,48246000,12544000,22084000,22084000,None,0,None,27262000,None,None,0,None,109069000,35702000,None,None,None,0.209,,109972000,44004000,26881000,35511000,None,5528000,None,,,,,1.85,4.112,6.3,,,,,,,,0.113,,30063000,2025-10-29,quarterly,0.33,USD,post-market,27640000,390146000,0.0486,0.0721,0.18,5.75,82332000,None,1466000,170342000,36.26,39.64,13.7931,564650000,303623000,53696000,59224000,261027000,5528000,216875000,505426000,56.23,0,49.65,22.52
2025-12-28,CGNX,0.65,971705000.0,56.23,None,1.524,8.89,,None,33203000,33203000,,,,,,,,,82000,159700000,None,62899000,62899000,7153000,None,None,45901000,None,None,11425000,,0.32,0.0087,,,,-0.412,0.04,44004000,55429000,0.29,2010-12-31,24.75,82204000,657348000.0,153976000,48246000,12544000,23130000,23130000,None,0,None,22717000,None,None,0,None,102055000,35702000,None,None,None,0.209,,109972000,44004000,29361000,29346000,None,5361000,None,,,,,1.85,4.112,6.3,,,,,,,,0.113,,29596000,2025-10-29,quarterly,0.33,USD,post-market,27640000,379826000,0.0486,0.0721,0.18,5.75,82332000,None,7771000,147823000,36.26,39.64,13.7931,533104000,279005000,54432000,59793000,254099000,5361000,216875000,473311000,56.23,0,49.65,22.52
2025-12-28,CGNX,0.65,971705000.0,56.23,None,1.524,8.89,,None,38213000,38213000,,,,,,,,,80000,159668000,None,62899000,62899000,6336000,None,None,47202000,None,None,11425000,,0.32,0.0087,,,,-0.412,0.04,44004000,55429000,0.29,2010-09-30,24.75,82313000,657348000.0,153976000,48246000,12544000,24480000,24480000,None,0,None,23867000,None,None,0,None,88590000,35702000,None,None,None,0.209,,109972000,44004000,34591000,26492000,None,4954000,None,,,,,1.85,4.112,6.3,,,,,,,,0.113,,28316000,2025-10-29,quarterly,0.33,USD,post-market,27640000,363329000,0.0486,0.0721,0.18,5.75,82332000,None,10299000,113516000,36.26,39.64,13.7931,499738000,257389000,59361000,64315000,242349000,4954000,216875000,435423000,56.23,0,49.65,22.52
2025-12-28,CGNX,0.65,971705000.0,56.23,None,1.524,8.89,,None,37942000,37942000,,,,,,,,,79000,159172000,None,62899000,62899000,7026000,None,None,41197000,None,None,11425000,,0.32,0.0087,,,,-0.412,0.04,44004000,55429000,0.29,2010-06-30,24.75,81720000,657348000.0,153976000,48246000,12544000,25721000,25721000,None,0,None,20100000,None,None,0,None,64549000,35702000,None,None,None,0.209,,109972000,44004000,31576000,24307000,None,4908000,None,,,,,1.85,4.112,6.3,,,,,,,,0.113,,27981000,2025-10-29,quarterly,0.33,USD,post-market,27640000,347566000,0.0486,0.0721,0.18,5.75,82332000,None,7732000,97350000,36.26,39.64,13.7931,454469000,228165000,54674000,59582000,226304000,4908000,216875000,394887000,56.23,0,49.65,22.52
2025-12-28,CGNX,0.65,971705000.0,56.23,None,1.524,8.89,,None,114664000,114664000,,,,,,,,,79000,158732000,None,62899000,62899000,24814000,None,None,33722000,None,None,11425000,,0.32,0.0087,,,,-0.412,0.04,44004000,55429000,0.29,2010-03-31,24.75,82262000,657348000.0,153976000,48246000,12544000,27037000,27037000,None,0,None,17877000,None,None,None,None,None,35702000,None,None,None,0.209,,109972000,44004000,26127000,18002000,None,None,None,,,,,1.85,4.112,6.3,,,,,,,,0.113,,28290000,2025-10-29,quarterly,0.33,USD,post-market,27640000,335021000,0.0486,0.0721,0.18,5.75,82332000,None,15376000,55330000,36.26,39.64,13.7931,443193000,247720000,42197000,49037000,195473000,6840000,216875000,394156000,56.23,None,49.65,22.52
2025-12-28,CGNX,0.65,971705000.0,56.23,None,1.524,8.89,,None,119831000,119831000,,,,,,,,,79000,158700000,None,62899000,62899000,4959000,None,None,30964000,None,None,11425000,,0.32,0.0087,,,,-0.412,0.04,44004000,55429000,0.29,2009-12-31,24.75,82604000,657348000.0,153976000,48246000,12544000,28337000,28337000,None,0,None,16832000,None,None,None,None,None,35702000,None,None,None,0.209,,109972000,44004000,26164000,18811000,None,None,None,,,,,1.85,4.112,6.3,,,,,,,,0.113,,28576000,2025-10-29,quarterly,0.33,USD,post-market,27640000,328459000,0.0486,0.0721,0.18,5.75,82332000,None,2000,55563000,36.26,39.64,13.7931,439869000,249354000,38680000,45421000,190515000,6741000,216875000,394448000,56.23,None,49.65,22.52
2025-12-28,CGNX,0.65,971705000.0,56.23,None,1.524,8.89,,None,127162000,127162000,,,,,,,,,79000,158664000,None,62899000,62899000,4851000,None,None,25246000,None,None,11425000,,0.32,0.0087,,,,-0.412,0.04,44004000,55429000,0.29,2009-09-30,24.75,82739000,657348000.0,153976000,48246000,12544000,29604000,29604000,None,0,None,20925000,None,None,None,None,None,35702000,None,None,None,0.209,,109972000,44004000,25266000,16079000,None,None,None,,,,,1.85,4.112,6.3,,,,,,,,0.113,,28959000,2025-10-29,quarterly,0.33,USD,post-market,27640000,329983000,0.0486,0.0721,0.18,5.75,82332000,None,462000,55527000,36.26,39.64,13.7931,446897000,254126000,32250000,38577000,192771000,6327000,216875000,408320000,56.23,None,49.65,22.52
2025-12-28,CGNX,0.65,971705000.0,56.23,None,1.524,8.89,,None,125454000,125454000,,,,,,,,,79000,158624000,None,62899000,62899000,3260000,None,None,23699000,None,None,11425000,,0.32,0.0087,,,,-0.412,0.04,44004000,55429000,0.29,2009-06-30,24.75,80839000,657348000.0,153976000,48246000,12544000,27711000,27711000,None,0,None,22378000,None,None,None,None,None,35702000,None,None,None,0.209,,109972000,44004000,25645000,18578000,None,None,None,,,,,1.85,4.112,6.3,,,,,,,,0.113,,28197000,2025-10-29,quarterly,0.33,USD,post-market,27640000,327465000,0.0486,0.0721,0.18,5.75,82332000,None,1717000,54594000,36.26,39.64,13.7931,444352000,251770000,35687000,45906000,192582000,10219000,216875000,398446000,56.23,None,49.65,22.52
2025-12-28,CGNX,0.65,971705000.0,56.23,None,1.524,8.89,,None,123020000,123020000,,,,,,,,,79000,158620000,None,62899000,62899000,4915000,None,None,21895000,None,None,11425000,,0.32,0.0087,,,,-0.412,0.04,44004000,55429000,0.29,2009-03-31,24.75,80453000,657348000.0,153976000,48246000,12544000,28779000,28779000,None,0,None,24395000,None,None,None,None,None,35702000,None,None,None,0.209,,109972000,44004000,26476000,17150000,None,None,None,,,,,1.85,4.112,6.3,,,,,,,,0.113,,28011000,2025-10-29,quarterly,0.33,USD,post-market,27640000,335867000,0.0486,0.0721,0.18,5.75,82332000,None,1861000,52494000,36.26,39.64,13.7931,445695000,248280000,39318000,49381000,197415000,10063000,216875000,396314000,56.23,None,49.65,22.52
2025-12-28,CGNX,0.65,971705000.0,56.23,None,1.524,8.89,,None,127138000,127138000,,,,,,,,,79000,165800000,None,62899000,62899000,6780000,None,None,30510000,None,None,11425000,,0.32,0.0087,,,,-0.412,0.04,44004000,55429000,0.29,2008-12-31,24.75,80765000,657348000.0,153976000,48246000,12544000,31278000,31278000,None,0,None,25063000,None,None,None,None,None,35702000,None,None,None,0.209,,109972000,44004000,29154000,21855000,None,None,None,,,,,1.85,4.112,6.3,,,,,,,,0.113,,27764000,2025-10-29,quarterly,0.33,USD,post-market,27640000,345225000,0.0486,0.0721,0.18,5.75,82332000,None,2986000,52559000,36.26,39.64,13.7931,474047000,264424000,51050000,60972000,209623000,9922000,216875000,413075000,56.23,None,49.65,22.52
2025-12-28,CGNX,0.65,971705000.0,56.23,None,1.524,8.89,,None,125094000,125094000,,,,,,,,,82000,165848000,None,62899000,62899000,5348000,None,None,44201000,None,None,11425000,,0.32,0.0087,,,,-0.412,0.04,44004000,55429000,0.29,2008-09-30,24.75,81041000,657348000.0,153976000,48246000,12544000,33752000,33752000,None,0,None,26563000,None,None,None,None,None,35702000,None,None,None,0.209,,109972000,44004000,24717000,28167000,None,None,None,,,,,1.85,4.112,6.3,,,,,,,,0.113,,27334000,2025-10-29,quarterly,0.33,USD,post-market,27640000,349350000,0.0486,0.0721,0.18,5.75,82332000,None,None,64091000,36.26,39.64,13.7931,501529000,284666000,51446000,61102000,216863000,9656000,216875000,440427000,56.23,None,49.65,22.52
2025-12-28,CGNX,0.65,971705000.0,56.23,None,1.524,8.89,,None,131363000,131363000,,,,,,,,,84000,170352000,None,62899000,62899000,9576000,None,None,40125000,None,None,11425000,,0.32,0.0087,,,,-0.412,0.04,44004000,55429000,0.29,2008-06-30,24.75,81488000,657348000.0,153976000,48246000,12544000,36888000,36888000,None,0,None,28815000,None,None,None,None,None,35702000,None,None,None,0.209,,109972000,44004000,26884000,24064000,None,None,None,,,,,1.85,4.112,6.3,,,,,,,,0.113,,28024000,2025-10-29,quarterly,0.33,USD,post-market,27640000,344146000,0.0486,0.0721,0.18,5.75,82332000,None,None,77052000,36.26,39.64,13.7931,534310000,304239000,48828000,68298000,230071000,19470000,216875000,466012000,56.23,None,49.65,22.52
2025-12-28,CGNX,0.65,971705000.0,56.23,None,1.524,8.89,,None,139464000,139464000,,,,,,,,,84000,172464000,None,62899000,62899000,6501000,None,None,44009000,None,None,11425000,,0.32,0.0087,,,,-0.412,0.04,44004000,55429000,0.29,2008-03-31,24.75,87358000,657348000.0,153976000,48246000,12544000,38593000,38593000,None,0,None,28128000,None,None,None,None,None,35702000,None,None,None,0.209,,109972000,44004000,22472000,25959000,None,None,None,,,,,1.85,4.112,6.3,,,,,,,,0.113,,27525000,2025-10-29,quarterly,0.33,USD,post-market,27640000,342048000,0.0486,0.0721,0.18,5.75,82332000,None,None,73469000,36.26,39.64,13.7931,532163000,307542000,47009000,66521000,224621000,19512000,216875000,465642000,56.23,None,49.65,22.52
2025-12-28,CGNX,0.65,971705000.0,56.23,None,1.524,8.89,,None,104144000,104144000,,,,,,,,,87000,172500000,None,62899000,62899000,7245000,None,None,38923000,None,None,11425000,,0.32,0.0087,,,,-0.412,0.04,44004000,55429000,0.29,2007-12-31,24.75,86461000,657348000.0,153976000,48246000,12544000,39724000,39724000,None,0,None,27459000,None,None,None,None,None,35702000,None,None,None,0.209,,109972000,44004000,23974000,23340000,None,None,None,,,,,1.85,4.112,6.3,,,,,,,,0.113,,26680000,2025-10-29,quarterly,0.33,USD,post-market,27640000,337231000,0.0486,0.0721,0.18,5.75,82332000,None,None,113179000,36.26,39.64,13.7931,539546000,307679000,43873000,63181000,231867000,19308000,216875000,476365000,56.23,None,49.65,22.52
2025-12-28,CGNX,0.65,971705000.0,56.23,None,1.524,8.89,,None,107343000,107343000,,,,,,,,,87000,174024000,None,62899000,62899000,4551000,None,None,39687000,None,None,11425000,,0.32,0.0087,,,,-0.412,0.04,44004000,55429000,0.29,2007-09-30,24.75,84621000,657348000.0,153976000,48246000,12544000,41023000,41023000,None,0,None,30048000,None,None,None,None,None,35702000,None,None,None,0.209,,109972000,44004000,24515000,39578000,None,None,None,,,,,1.85,4.112,6.3,,,,,,,,0.113,,26327000,2025-10-29,quarterly,0.33,USD,post-market,27640000,329820000,0.0486,0.0721,0.18,5.75,82332000,None,None,87824000,36.26,39.64,13.7931,538931000,289417000,59313000,77226000,249514000,17913000,216875000,461705000,56.23,None,49.65,22.52
2025-12-28,CGNX,0.65,971705000.0,56.23,None,1.524,8.89,,None,78765000,78765000,,,,,,,,,86000,177124000,None,62899000,62899000,4735000,None,None,35520000,None,None,11425000,,0.32,0.0087,,,,-0.412,0.04,44004000,55429000,0.29,2007-06-30,24.75,83975000,657348000.0,153976000,48246000,12544000,42249000,42249000,None,0,None,32658000,None,None,None,None,None,35702000,None,None,None,0.209,,109972000,44004000,24014000,35185000,None,None,None,,,,,1.85,4.112,6.3,,,,,,,,0.113,,26525000,2025-10-29,quarterly,0.33,USD,post-market,27640000,326158000,0.0486,0.0721,0.18,5.75,82332000,None,33512000,81857000,36.26,39.64,13.7931,512302000,252814000,50239000,63337000,259488000,13098000,216875000,448965000,56.23,None,49.65,22.52
2025-12-28,CGNX,0.65,971705000.0,56.23,None,1.524,8.89,,None,91666000,91666000,,,,,,,,,89000,179620000,None,62899000,62899000,5640000,None,None,38042000,None,None,11425000,,0.32,0.0087,,,,-0.412,0.04,44004000,55429000,0.29,2007-03-31,24.75,83391000,657348000.0,153976000,48246000,12544000,43617000,43617000,None,0,None,32724000,None,None,None,None,None,35702000,None,None,None,0.209,,109972000,44004000,24895000,34452000,None,None,None,,,,,1.85,4.112,6.3,,,,,,,,0.113,,26509000,2025-10-29,quarterly,0.33,USD,post-market,27640000,326087000,0.0486,0.0721,0.18,5.75,82332000,None,32487000,115463000,36.26,39.64,13.7931,534077000,302790000,48289000,61032000,231287000,12743000,216875000,473045000,56.23,None,49.65,22.52
2025-12-28,CGNX,0.65,971705000.0,56.23,None,1.524,8.89,,None,87361000,87361000,,,,,,,,,89000,182700000,None,62899000,62899000,6463000,None,None,40055000,None,None,11425000,,0.32,0.0087,,,,-0.412,0.04,44004000,55429000,0.29,2006-12-31,24.75,83318000,657348000.0,153976000,48246000,12544000,44988000,44988000,None,0,None,30583000,None,None,None,None,None,35702000,None,None,None,0.209,,109972000,44004000,26763000,33087000,None,None,None,,,,,1.85,4.112,6.3,,,,,,,,0.113,,26028000,2025-10-29,quarterly,0.33,USD,post-market,27640000,329251000,0.0486,0.0721,0.18,5.75,82332000,None,40612000,128319000,36.26,39.64,13.7931,528651000,313081000,46434000,54801000,215570000,8367000,216875000,473850000,56.23,None,49.65,22.52
2025-12-28,CGNX,0.65,971705000.0,56.23,None,1.524,8.89,,None,89550000,89550000,,,,,,,,,89000,182728000,None,62899000,62899000,5989000,None,None,39893000,None,None,11425000,,0.32,0.0087,,,,-0.412,0.04,44004000,55429000,0.29,2006-09-30,24.75,82976000,657348000.0,153976000,48246000,12544000,46300000,46300000,None,0,None,28195000,None,None,None,None,None,35702000,None,None,None,0.209,,109972000,44004000,21615000,51132000,None,None,None,,,,,1.85,4.112,6.3,,,,,,,,0.113,,24335000,2025-10-29,quarterly,0.33,USD,post-market,27640000,323537000,0.0486,0.0721,0.18,5.75,82332000,None,49477000,120638000,36.26,39.64,13.7931,529483000,299891000,63299000,63299000,229592000,None,216875000,466184000,56.23,None,49.65,22.52
2025-12-28,CGNX,0.65,971705000.0,56.23,None,1.524,8.89,,None,79050000,79050000,,,,,,,,,91000,190068000,None,62899000,62899000,7276000,None,None,44639000,None,None,11425000,,0.32,0.0087,,,,-0.412,0.04,44004000,55429000,0.29,2006-06-30,24.75,83060000,657348000.0,153976000,48246000,12544000,47822000,47822000,None,0,None,26039000,None,None,None,None,None,35702000,None,None,None,0.209,,109972000,44004000,20714000,50461000,None,None,None,,,,,1.85,4.112,6.3,,,,,,,,0.113,,24220000,2025-10-29,quarterly,0.33,USD,post-market,27640000,317227000,0.0486,0.0721,0.18,5.75,82332000,None,48798000,134781000,36.26,39.64,13.7931,538349000,305223000,64455000,64455000,233126000,None,216875000,473894000,56.23,None,49.65,22.52
2025-12-28,CGNX,0.65,971705000.0,56.23,None,1.524,8.89,,None,81880000,81880000,,,,,,,,,93000,193676000,None,62899000,62899000,6249000,None,None,42200000,None,None,11425000,,0.32,0.0087,,,,-0.412,0.04,44004000,55429000,0.29,2006-03-31,24.75,79922000,657348000.0,153976000,48246000,12544000,48704000,48704000,None,0,None,22021000,None,None,None,None,None,35702000,None,None,None,0.209,,109972000,44004000,19968000,46174000,None,None,None,,,,,1.85,4.112,6.3,,,,,,,,0.113,,24240000,2025-10-29,quarterly,0.33,USD,post-market,27640000,309469000,0.0486,0.0721,0.18,5.75,82332000,None,44438000,169162000,36.26,39.64,13.7931,555498000,335231000,59434000,59434000,220267000,None,216875000,496064000,56.23,None,49.65,22.52
2025-12-28,CGNX,0.65,971705000.0,56.23,None,1.524,8.89,,None,72856000,72856000,,,,,,,,,94000,193900000,None,62899000,62899000,7118000,None,None,42051000,None,None,11425000,,0.32,0.0087,,,,-0.412,0.04,44004000,55429000,0.29,2005-12-31,24.75,129856000,657348000.0,153976000,48246000,12544000,129856000,129856000,None,0,None,18819000,None,None,None,None,None,35702000,None,None,None,0.209,,109972000,44004000,23771000,45618000,None,None,None,,,,,1.85,4.112,6.3,,,,,,,,0.113,,24175000,2025-10-29,quarterly,0.33,USD,post-market,27640000,304454000,0.0486,0.0721,0.18,5.75,82332000,None,43476000,169156000,36.26,39.64,13.7931,564562000,326653000,58041000,58041000,237909000,None,216875000,506521000,56.23,None,49.65,22.52
2025-12-28,CGNX,0.65,971705000.0,56.23,None,1.524,8.89,,None,92025000,92025000,,,,,,,,,94000,193876000,None,62899000,62899000,4629000,None,None,38063000,None,None,11425000,,0.32,0.0087,,,,-0.412,0.04,44004000,55429000,0.29,2005-09-30,24.75,80700000,657348000.0,153976000,48246000,12544000,132270000,132270000,None,0,None,18579000,None,None,None,None,None,35702000,None,None,None,0.209,,109972000,44004000,23777000,48893000,None,None,None,,,,,1.85,4.112,6.3,,,,,,,,0.113,,24100000,2025-10-29,quarterly,0.33,USD,post-market,27640000,296491000,0.0486,0.0721,0.18,5.75,82332000,None,46109000,140959000,36.26,39.64,13.7931,560181000,313403000,59134000,59134000,246778000,None,216875000,501047000,56.23,None,49.65,22.52
2025-12-28,CGNX,0.65,971705000.0,56.23,None,1.524,8.89,,70217000,186094000,186094000,,,,,,,,,341000,172611000,None,62899000,62899000,38046000,None,None,146414000,None,None,11425000,,0.32,0.0087,,,,-0.412,0.04,44004000,55429000,0.29,2024-12-31,24.75,384937000,657348000.0,153976000,48246000,12544000,90684000,90684000,None,0,None,157527000,None,None,None,None,340898000,35702000,None,None,None,0.209,,109972000,44004000,63376000,96795000,None,1082000,None,,,,,1.85,4.112,6.3,,,,,,,,0.113,,None,2025-10-29,annual,0.33,USD,post-market,27640000,499303000,0.0486,0.0721,0.18,5.75,82332000,70217000,8854000,59956000,36.26,39.64,13.7931,1992850000,613367000,169380000,475345000,1379483000,305965000,216875000,1517505000,56.23,None,49.65,22.52
2025-12-28,CGNX,0.65,971705000.0,56.23,None,1.524,8.89,,78601000,202655000,202655000,,,,,,,,,343000,173399000,None,62899000,62899000,21454000,None,None,116566000,None,None,11425000,,0.32,0.0087,,,,-0.412,0.04,44004000,55429000,0.29,2023-12-31,24.75,393181000,657348000.0,153976000,48246000,12544000,112952000,112952000,None,0,None,162285000,None,None,None,None,244230000,35702000,None,None,None,0.209,,109972000,44004000,68099000,72374000,None,299000,None,,,,,1.85,4.112,6.3,,,,,,,,0.113,,None,2025-10-29,annual,0.33,USD,post-market,27640000,512543000,0.0486,0.0721,0.18,5.75,82332000,78601000,9624000,129392000,36.26,39.64,13.7931,2017812000,678997000,151884000,513060000,1338815000,361176000,216875000,1504752000,56.23,None,49.65,22.52
2025-12-28,CGNX,0.65,971705000.0,56.23,None,1.524,8.89,,39752000,181374000,181374000,,,,,,,,,345000,174869000,None,62899000,62899000,27103000,None,None,127596000,None,None,11425000,,0.32,0.0087,,,,-0.412,0.04,44004000,55429000,0.29,2022-12-31,24.75,242630000,657348000.0,153976000,48246000,12544000,12414000,12414000,None,0,None,122480000,None,None,None,None,454117000,35702000,None,None,None,0.209,,109972000,44004000,67490000,93235000,None,82077000,None,,,,,1.85,4.112,6.3,,,,,,,,0.113,,79714000,2025-10-29,annual,0.33,USD,post-market,27640000,528179000,0.0486,0.0721,0.18,5.75,82332000,39752000,8454000,218759000,36.26,39.64,13.7931,1958140000,717699000,187708000,519746000,1240441000,332038000,216875000,1438394000,56.23,None,49.65,22.52
2025-12-28,CGNX,0.65,971705000.0,56.23,None,1.524,8.89,,25581000,186161000,186161000,,,,,,,,,351000,179916000,None,62899000,62899000,44051000,None,None,134338000,None,None,11425000,,0.32,0.0087,,,,-0.412,0.04,44004000,55429000,0.29,2021-12-31,24.75,241713000,657348000.0,153976000,48246000,12544000,11888000,11888000,None,0,None,113102000,None,None,None,None,583748000,35702000,None,None,None,0.209,,109972000,44004000,68742000,92432000,None,91211000,None,,,,,1.85,4.112,6.3,,,,,,,,0.113,,77546000,2025-10-29,annual,0.33,USD,post-market,27640000,562882000,0.0486,0.0721,0.18,5.75,82332000,25581000,7786000,137455000,36.26,39.64,13.7931,2003662000,639798000,188589000,573569000,1363864000,384980000,216875000,1430093000,56.23,None,49.65,22.52
2025-12-28,CGNX,0.65,971705000.0,56.23,None,1.524,8.89,,26230000,269073000,269073000,,,,,,,,,352000,176592000,None,62899000,62899000,16270000,None,None,131328000,None,None,11425000,,0.32,0.0087,,,,-0.412,0.04,44004000,55429000,0.29,2020-12-31,24.75,244078000,657348000.0,153976000,48246000,12544000,15555000,15555000,None,0,None,60830000,None,None,None,None,395125000,35702000,None,None,None,0.209,,109972000,44004000,37220000,77264000,None,91251000,None,,,,,1.85,4.112,6.3,,,,,,,,0.113,,79173000,2025-10-29,annual,0.33,USD,post-market,27640000,487912000,0.0486,0.0721,0.18,5.75,82332000,26230000,8110000,103240000,36.26,39.64,13.7931,1800702000,601691000,132297000,538500000,1199011000,406203000,216875000,1262202000,56.23,None,49.65,22.52
2025-12-28,CGNX,0.65,971705000.0,56.23,None,1.524,8.89,,17973000,171431000,171431000,,,,,,,,,345000,175269000,None,62899000,62899000,17866000,None,None,108229000,None,None,11425000,,0.32,0.0087,,,,-0.412,0.04,44004000,55429000,0.29,2019-12-31,24.75,243445000,657348000.0,153976000,48246000,12544000,39490000,39490000,None,0,None,60261000,None,None,None,None,433452000,35702000,None,None,None,0.209,,109972000,44004000,26840000,52199000,None,77404000,None,,,,,1.85,4.112,6.3,,,,,,,,0.113,,89443000,2025-10-29,annual,0.33,USD,post-market,27640000,753268000,0.0486,0.0721,0.18,5.75,82332000,17973000,5647000,240470000,36.26,39.64,13.7931,1885935000,607231000,120477000,530225000,1278704000,409748000,216875000,1355710000,56.23,None,49.65,22.52
2025-12-28,CGNX,0.65,971705000.0,56.23,None,1.524,8.89,,None,108212000,108212000,,,,,,,,,342000,177406000,None,62899000,62899000,16230000,None,None,127484000,None,None,11425000,,0.32,0.0087,,,,-0.412,0.04,44004000,55429000,0.29,2018-12-31,24.75,113208000,657348000.0,153976000,48246000,12544000,10113000,10113000,None,0,None,83282000,None,None,None,None,262039000,35702000,None,None,None,0.209,,109972000,44004000,34000000,60220000,None,62085000,None,,,,,1.85,4.112,6.3,,,,,,,,0.113,,91396000,2025-10-29,annual,0.33,USD,post-market,27640000,646214000,0.0486,0.0721,0.18,5.75,82332000,None,5062000,427348000,36.26,39.64,13.7931,1289667000,780326000,91357000,154404000,509341000,63047000,216875000,1135263000,56.23,None,49.65,22.52
2025-12-28,CGNX,0.65,971705000.0,56.23,None,1.524,8.89,,None,106582000,106582000,,,,,,,,,347000,179551000,None,62899000,62899000,23463000,None,None,126842000,None,None,11425000,,0.32,0.0087,,,,-0.412,0.04,44004000,55429000,0.29,2017-12-31,24.75,113208000,657348000.0,153976000,48246000,12544000,13189000,13189000,None,0,None,67923000,None,None,0,None,423441000,35702000,None,None,None,0.209,,109972000,44004000,30683000,68249000,None,79133000,None,,,,,1.85,4.112,6.3,,,,,,,,0.113,,78048000,2025-10-29,annual,0.33,USD,post-market,27640000,668267000,0.0486,0.0721,0.18,5.75,82332000,None,16683000,297961000,36.26,39.64,13.7931,1287870000,629991000,112635000,192517000,657762000,79445000,216875000,1095353000,56.23,0,49.65,22.52
2025-12-28,CGNX,0.65,971705000.0,56.23,None,1.524,8.89,,None,745170000,745170000,,,,,,,,,172000,174144000,None,62899000,62899000,52369000,None,None,57655000,None,None,11425000,,0.32,0.0087,,,,-0.412,0.04,44004000,55429000,0.29,2016-12-31,24.75,95280000,657348000.0,153976000,48246000,12544000,8312000,8312000,None,0,None,26984000,None,None,0,None,324335000,35702000,None,None,None,0.209,,109972000,44004000,20870000,42539000,None,10232000,None,,,,,1.85,4.112,6.3,,,,,,,,0.113,,53992000,2025-10-29,annual,0.33,USD,post-market,27640000,643825000,0.0486,0.0721,0.18,5.75,82332000,None,31985000,341194000,36.26,39.64,13.7931,1038604000,829809000,71134000,76005000,208795000,4871000,216875000,962599000,56.23,0,49.65,22.52
2025-12-28,CGNX,0.65,971705000.0,56.23,None,1.524,8.89,,None,621531000,621531000,,,,,,,,,170000,175982000,None,62899000,62899000,41132000,None,None,42846000,None,None,11425000,,0.32,0.0087,,,,-0.412,0.04,44004000,55429000,0.29,2015-12-31,24.75,81448000,657348000.0,153976000,48246000,12544000,6315000,6315000,None,0,None,37334000,None,None,0,None,273088000,35702000,None,None,None,0.209,,109972000,44004000,22975000,33179000,None,8082000,None,,,,,1.85,4.112,6.3,,,,,,,,0.113,,53285000,2025-10-29,annual,0.33,USD,post-market,27640000,566613000,0.0486,0.0721,0.18,5.75,82332000,None,27045000,296468000,36.26,39.64,13.7931,887756000,701711000,58837000,62089000,186045000,3252000,216875000,825667000,56.23,0,49.65,22.52
2025-12-28,CGNX,0.65,971705000.0,56.23,None,1.524,8.89,,None,546995000,546995000,,,,,,,,,173000,178142000,None,62899000,62899000,59063000,None,None,50938000,None,None,11425000,,0.32,0.0087,,,,-0.412,0.04,44004000,55429000,0.29,2014-12-31,24.75,81689000,657348000.0,153976000,48246000,12544000,10699000,10699000,None,0,None,35536000,None,None,0,None,400845000,35702000,None,None,None,0.209,,109972000,44004000,31982000,37663000,None,4623000,None,,,,,1.85,4.112,6.3,,,,,,,,0.113,,47907000,2025-10-29,annual,0.33,USD,post-market,27640000,523946000,0.0486,0.0721,0.18,5.75,82332000,None,31992000,90456000,36.26,39.64,13.7931,821734000,633469000,85297000,85297000,188265000,4623000,216875000,736437000,56.23,0,49.65,22.52
2025-12-28,CGNX,0.65,971705000.0,56.23,None,1.524,8.89,,None,455121000,455121000,,,,,,,,,174000,177802000,None,62899000,62899000,43818000,None,None,53015000,None,None,11425000,,0.32,0.0087,,,,-0.412,0.04,44004000,55429000,0.29,2013-12-31,24.75,81689000,657348000.0,153976000,48246000,12544000,14723000,14723000,None,0,None,25694000,None,None,0,None,None,35702000,None,None,None,0.209,,109972000,44004000,27876000,32959000,None,None,None,,,,,1.85,4.112,6.3,,,,,,,,0.113,,37136000,2025-10-29,annual,0.33,USD,post-market,27640000,462131000,0.0486,0.0721,0.18,5.75,82332000,None,26931000,184822000,36.26,39.64,13.7931,709699000,533830000,65787000,65787000,175869000,4765000,216875000,643912000,56.23,0,49.65,22.52
2025-12-28,CGNX,0.65,971705000.0,56.23,None,1.524,8.89,,None,45160000,45160000,,,,,,,,,86000,174560000,None,62899000,62899000,6815000,None,None,42387000,None,None,11425000,,0.32,0.0087,,,,-0.412,0.04,44004000,55429000,0.29,2012-12-31,24.75,81689000,657348000.0,153976000,48246000,12544000,14770000,14770000,None,0,None,26182000,None,None,0,None,238255000,35702000,None,None,None,0.209,,109972000,44004000,20763000,26185000,None,5216000,None,,,,,1.85,4.112,6.3,,,,,,,,0.113,,34820000,2025-10-29,annual,0.33,USD,post-market,27640000,436466000,0.0486,0.0721,0.18,5.75,82332000,None,4414000,105105000,36.26,39.64,13.7931,627605000,239597000,50104000,55320000,388008000,5216000,216875000,572285000,56.23,0,49.65,22.52
2025-12-28,CGNX,0.65,971705000.0,56.23,None,1.524,8.89,,None,38103000,38103000,,,,,,,,,84000,171048000,None,62899000,62899000,39388000,None,None,48206000,None,None,11425000,,0.32,0.0087,,,,-0.412,0.04,44004000,55429000,0.29,2011-12-31,24.75,82029000,657348000.0,153976000,48246000,12544000,18910000,18910000,None,0,None,28098000,None,None,0,None,174906000,35702000,None,None,None,0.209,,109972000,44004000,357440000,32290000,None,4796000,None,,,,,1.85,4.112,6.3,,,,,,,,0.113,,31744000,2025-10-29,annual,0.33,USD,post-market,27640000,434581000,0.0486,0.0721,0.18,5.75,82332000,None,26235000,144431000,36.26,39.64,13.7931,611881000,433744000,58901000,58901000,178137000,4796000,216875000,552980000,56.23,0,49.65,22.52
2025-12-28,CGNX,0.65,971705000.0,56.23,None,1.524,8.89,,None,33203000,33203000,,,,,,,,,82000,161188000,None,62899000,62899000,7153000,None,None,45901000,None,None,11425000,,0.32,0.0087,,,,-0.412,0.04,44004000,55429000,0.29,2010-12-31,24.75,82204000,657348000.0,153976000,48246000,12544000,23130000,23130000,None,0,None,22717000,None,None,0,None,102055000,35702000,None,None,None,0.209,,109972000,44004000,29361000,29346000,None,5361000,None,,,,,1.85,4.112,6.3,,,,,,,,0.113,,29596000,2025-10-29,annual,0.33,USD,post-market,27640000,379826000,0.0486,0.0721,0.18,5.75,82332000,None,7771000,147823000,36.26,39.64,13.7931,533104000,279005000,54432000,59793000,254099000,5361000,216875000,473311000,56.23,0,49.65,22.52
2025-12-28,CGNX,0.65,971705000.0,56.23,None,1.524,8.89,,None,119831000,119831000,,,,,,,,,79000,158636000,None,62899000,62899000,23770000,None,None,30964000,None,None,11425000,,0.32,0.0087,,,,-0.412,0.04,44004000,55429000,0.29,2009-12-31,24.75,82604000,657348000.0,153976000,48246000,12544000,28337000,28337000,None,0,None,16832000,None,None,None,None,None,35702000,None,None,None,0.209,,109972000,44004000,26164000,18811000,None,None,None,,,,,1.85,4.112,6.3,,,,,,,,0.113,,28576000,2025-10-29,annual,0.33,USD,post-market,27640000,328459000,0.0486,0.0721,0.18,5.75,82332000,None,18809000,55563000,36.26,39.64,13.7931,439869000,249354000,38680000,45421000,190515000,6741000,216875000,394448000,56.23,None,49.65,22.52
2025-12-28,CGNX,0.65,971705000.0,56.23,None,1.524,8.89,,None,127138000,127138000,,,,,,,,,79000,166216000,None,62899000,62899000,6780000,None,None,30510000,None,None,11425000,,0.32,0.0087,,,,-0.412,0.04,44004000,55429000,0.29,2008-12-31,24.75,80765000,657348000.0,153976000,48246000,12544000,31278000,31278000,None,0,None,25063000,None,None,None,None,None,35702000,None,None,None,0.209,,109972000,44004000,29154000,21855000,None,None,None,,,,,1.85,4.112,6.3,,,,,,,,0.113,,27764000,2025-10-29,annual,0.33,USD,post-market,27640000,345225000,0.0486,0.0721,0.18,5.75,82332000,None,2986000,52559000,36.26,39.64,13.7931,474047000,264424000,51050000,60972000,209623000,9922000,216875000,413075000,56.23,None,49.65,22.52
2025-12-28,CGNX,0.65,971705000.0,56.23,None,1.524,8.89,,None,104144000,104144000,,,,,,,,,87000,176252000,None,62899000,62899000,7245000,None,None,38923000,None,None,11425000,,0.32,0.0087,,,,-0.412,0.04,44004000,55429000,0.29,2007-12-31,24.75,86461000,657348000.0,153976000,48246000,12544000,39724000,39724000,None,0,None,27459000,None,None,None,None,None,35702000,None,None,None,0.209,,109972000,44004000,23974000,23340000,None,None,None,,,,,1.85,4.112,6.3,,,,,,,,0.113,,26680000,2025-10-29,annual,0.33,USD,post-market,27640000,337231000,0.0486,0.0721,0.18,5.75,82332000,None,None,113179000,36.26,39.64,13.7931,539546000,307679000,43873000,63181000,231867000,19308000,216875000,476365000,56.23,None,49.65,22.52
2025-12-28,CGNX,0.65,971705000.0,56.23,None,1.524,8.89,,None,87361000,87361000,,,,,,,,,89000,186592000,None,62899000,62899000,6463000,None,None,40055000,None,None,11425000,,0.32,0.0087,,,,-0.412,0.04,44004000,55429000,0.29,2006-12-31,24.75,83318000,657348000.0,153976000,48246000,12544000,44988000,44988000,None,0,None,30583000,None,None,None,None,None,35702000,None,None,None,0.209,,109972000,44004000,26763000,33087000,None,None,None,,,,,1.85,4.112,6.3,,,,,,,,0.113,,26028000,2025-10-29,annual,0.33,USD,post-market,27640000,329251000,0.0486,0.0721,0.18,5.75,82332000,None,40612000,128319000,36.26,39.64,13.7931,528651000,313081000,46434000,54801000,215570000,8367000,216875000,473850000,56.23,None,49.65,22.52
2025-12-28,CGNX,0.65,971705000.0,56.23,None,1.524,8.89,,None,72856000,72856000,,,,,,,,,94000,191740000,None,62899000,62899000,7118000,None,None,42051000,None,None,11425000,,0.32,0.0087,,,,-0.412,0.04,44004000,55429000,0.29,2005-12-31,24.75,129856000,657348000.0,153976000,48246000,12544000,129856000,129856000,None,0,None,18819000,None,None,None,None,None,35702000,None,None,None,0.209,,109972000,44004000,23771000,45618000,None,None,None,,,,,1.85,4.112,6.3,,,,,,,,0.113,,24175000,2025-10-29,annual,0.33,USD,post-market,27640000,304454000,0.0486,0.0721,0.18,5.75,82332000,None,43476000,169156000,36.26,39.64,13.7931,564562000,326653000,58041000,58041000,237909000,None,216875000,506521000,56.23,None,49.65,22.52
2025-12-28,CGNX,0.65,971705000.0,56.23,None,1.524,8.89,1452000,None,72856000,72856000,-37571000,18503000,None,None,-1066000,None,None,None,94000,191740000,None,62899000,62899000,7118000,None,None,42051000,None,None,11425000,7533000,0.32,0.0087,13443000,13443000,None,-0.412,0.04,44004000,55429000,0.29,2025-09-30,24.75,129856000,657348000.0,153976000,48246000,12544000,129856000,129856000,None,0,None,18819000,None,None,None,None,None,17664000,None,None,None,0.209,87485000,109972000,44004000,23771000,45618000,None,None,None,None,None,None,None,1.85,4.112,6.3,None,None,None,None,None,-24000000,None,0.113,None,24175000,2025-10-29,quarterly,0.33,USD,post-market,27640000,304454000,0.0486,0.0721,0.18,5.75,82332000,None,43476000,169156000,36.26,39.64,13.7931,564562000,326653000,58041000,58041000,237909000,None,216875000,506521000,56.23,None,49.65,22.52
2025-12-28,CGNX,0.65,971705000.0,56.23,None,1.524,8.89,2194000,None,72856000,72856000,-13256000,-3966000,None,None,7470000,None,None,None,94000,191740000,None,62899000,62899000,7118000,None,None,42051000,None,None,11425000,7999000,0.32,0.0087,13431000,13431000,None,-0.412,0.04,44004000,55429000,0.29,2025-06-30,24.75,129856000,657348000.0,153976000,48246000,12544000,129856000,129856000,None,0,None,18819000,None,None,None,None,None,40511000,None,None,None,0.209,42625000,109972000,44004000,23771000,45618000,None,None,None,None,None,None,None,1.85,4.112,6.3,None,None,None,None,None,175000,None,0.113,None,24175000,2025-10-29,quarterly,0.33,USD,post-market,27640000,304454000,0.0486,0.0721,0.18,5.75,82332000,None,43476000,169156000,36.26,39.64,13.7931,564562000,326653000,58041000,58041000,237909000,None,216875000,506521000,56.23,None,49.65,22.52
2025-12-28,CGNX,0.65,971705000.0,56.23,None,1.524,8.89,2501000,None,72856000,72856000,-118370000,33087000,None,None,5474000,None,None,None,94000,191740000,None,62899000,62899000,7118000,None,None,42051000,None,None,11425000,7934000,0.32,0.0087,13550000,13550000,None,-0.412,0.04,44004000,55429000,0.29,2025-03-31,24.75,129856000,657348000.0,153976000,48246000,12544000,129856000,129856000,None,0,None,18819000,None,None,None,None,None,23603000,None,None,None,0.209,40502000,109972000,44004000,23771000,45618000,None,None,None,None,None,None,None,1.85,4.112,6.3,None,None,None,None,None,-102233000,None,0.113,None,24175000,2025-10-29,quarterly,0.33,USD,post-market,27640000,304454000,0.0486,0.0721,0.18,5.75,82332000,None,43476000,169156000,36.26,39.64,13.7931,564562000,326653000,58041000,58041000,237909000,None,216875000,506521000,56.23,None,49.65,22.52
2025-12-28,CGNX,0.65,971705000.0,56.23,None,1.524,8.89,2073000,None,72856000,72856000,-55755000,2225000,None,None,-4677000,None,None,None,94000,191740000,None,62899000,62899000,7118000,None,None,42051000,None,None,11425000,7859000,0.32,0.0087,13710000,13710000,None,-0.412,0.04,44004000,55429000,0.29,2024-12-31,24.75,129856000,657348000.0,153976000,48246000,12544000,129856000,129856000,None,0,None,18819000,None,None,None,None,None,28346000,None,None,None,0.209,51404000,109972000,44004000,23771000,45618000,None,None,None,None,None,None,None,1.85,4.112,6.3,None,None,None,None,None,-43244000,None,0.113,None,24175000,2025-10-29,quarterly,0.33,USD,post-market,27640000,304454000,0.0486,0.0721,0.18,5.75,82332000,None,43476000,169156000,36.26,39.64,13.7931,564562000,326653000,58041000,58041000,237909000,None,216875000,506521000,56.23,None,49.65,22.52
2025-12-28,CGNX,0.65,971705000.0,56.23,None,1.524,8.89,4399000,None,72856000,72856000,-15159000,-27409000,None,None,2279000,None,None,None,94000,191740000,None,62899000,62899000,7118000,None,None,42051000,None,None,11425000,8818000,0.32,0.0087,12863000,12863000,None,-0.412,0.04,44004000,55429000,0.29,2024-09-30,24.75,129856000,657348000.0,153976000,48246000,12544000,129856000,129856000,None,0,None,18819000,None,None,None,None,None,29591000,None,None,None,0.209,56271000,109972000,44004000,23771000,45618000,None,None,None,None,None,None,None,1.85,4.112,6.3,None,None,None,None,None,-3962000,None,0.113,None,24175000,2025-10-29,quarterly,0.33,USD,post-market,27640000,304454000,0.0486,0.0721,0.18,5.75,82332000,None,43476000,169156000,36.26,39.64,13.7931,564562000,326653000,58041000,58041000,237909000,None,216875000,506521000,56.23,None,49.65,22.52
2025-12-28,CGNX,0.65,971705000.0,56.23,None,1.524,8.89,4510000,None,72856000,72856000,-22418000,35238000,None,None,12083000,None,None,None,94000,191740000,None,62899000,62899000,7118000,None,None,42051000,None,None,11425000,7920000,0.32,0.0087,12868000,12868000,None,-0.412,0.04,44004000,55429000,0.29,2024-06-30,24.75,129856000,657348000.0,153976000,48246000,12544000,129856000,129856000,None,0,None,18819000,None,None,None,None,None,36212000,None,None,None,0.209,27763000,109972000,44004000,23771000,45618000,None,None,None,None,None,None,None,1.85,4.112,6.3,None,None,None,None,None,-10540000,None,0.113,None,24175000,2025-10-29,quarterly,0.33,USD,post-market,27640000,304454000,0.0486,0.0721,0.18,5.75,82332000,None,43476000,169156000,36.26,39.64,13.7931,564562000,326653000,58041000,58041000,237909000,None,216875000,506521000,56.23,None,49.65,22.52
2025-12-28,CGNX,0.65,971705000.0,56.23,None,1.524,8.89,4061000,None,72856000,72856000,-25088000,-49023000,None,None,-10938000,None,None,None,94000,191740000,None,62899000,62899000,7118000,None,None,42051000,None,None,11425000,8092000,0.32,0.0087,12888000,12888000,None,-0.412,0.04,44004000,55429000,0.29,2024-03-31,24.75,129856000,657348000.0,153976000,48246000,12544000,129856000,129856000,None,0,None,18819000,None,None,None,None,None,12022000,None,None,None,0.209,13643000,109972000,44004000,23771000,45618000,None,None,None,None,None,None,None,1.85,4.112,6.3,None,None,None,None,None,-9339000,None,0.113,None,24175000,2025-10-29,quarterly,0.33,USD,post-market,27640000,304454000,0.0486,0.0721,0.18,5.75,82332000,None,43476000,169156000,36.26,39.64,13.7931,564562000,326653000,58041000,58041000,237909000,None,216875000,506521000,56.23,None,49.65,22.52
2025-12-28,CGNX,0.65,971705000.0,56.23,None,1.524,8.89,7015000,None,72856000,72856000,-33032000,-179495000,None,None,-9637000,None,None,None,94000,191740000,None,62899000,62899000,7118000,None,None,42051000,None,None,11425000,6895000,0.32,0.0087,12870000,12870000,None,-0.412,0.04,44004000,55429000,0.29,2023-12-31,24.75,129856000,657348000.0,153976000,48246000,12544000,129856000,129856000,None,0,None,18819000,None,None,None,None,None,11229000,None,None,None,0.209,14491000,109972000,44004000,23771000,45618000,None,None,None,None,None,None,None,1.85,4.112,6.3,None,None,None,None,None,-20154000,None,0.113,None,24175000,2025-10-29,quarterly,0.33,USD,post-market,27640000,304454000,0.0486,0.0721,0.18,5.75,82332000,None,43476000,169156000,36.26,39.64,13.7931,564562000,326653000,58041000,58041000,237909000,None,216875000,506521000,56.23,None,49.65,22.52
2025-12-28,CGNX,0.65,971705000.0,56.23,None,1.524,8.89,5855000,None,72856000,72856000,-21905000,200274000,None,None,-7973000,None,None,None,94000,191740000,None,62899000,62899000,7118000,None,None,42051000,None,None,11425000,5123000,0.32,0.0087,12049000,12049000,None,-0.412,0.04,44004000,55429000,0.29,2023-09-30,24.75,129856000,657348000.0,153976000,48246000,12544000,129856000,129856000,None,0,None,18819000,None,None,None,None,None,18916000,None,None,None,0.209,41023000,109972000,44004000,23771000,45618000,None,None,None,None,None,None,None,1.85,4.112,6.3,None,None,None,None,None,-10477000,None,0.113,None,24175000,2025-10-29,quarterly,0.33,USD,post-market,27640000,304454000,0.0486,0.0721,0.18,5.75,82332000,None,43476000,169156000,36.26,39.64,13.7931,564562000,326653000,58041000,58041000,237909000,None,216875000,506521000,56.23,None,49.65,22.52
2025-12-28,CGNX,0.65,971705000.0,56.23,None,1.524,8.89,4700000,None,72856000,72856000,-31344000,17282000,15787000,None,357000,None,None,-5965000,94000,191740000,None,62899000,62899000,7118000,None,None,42051000,None,None,11425000,4934000,0.32,0.0087,12069000,12069000,None,-0.412,0.04,44004000,55429000,0.29,2023-06-30,24.75,129856000,657348000.0,153976000,48246000,12544000,129856000,129856000,None,0,None,18819000,None,None,None,None,None,57474000,None,None,None,0.209,29849000,109972000,44004000,23771000,45618000,None,None,None,None,None,None,None,1.85,4.112,6.3,None,None,None,None,None,-24985000,None,0.113,None,24175000,2025-10-29,quarterly,0.33,USD,post-market,27640000,304454000,0.0486,0.0721,0.18,5.75,82332000,None,43476000,169156000,36.26,39.64,13.7931,564562000,326653000,58041000,58041000,237909000,None,216875000,506521000,56.23,None,49.65,22.52
2025-12-28,CGNX,0.65,971705000.0,56.23,None,1.524,8.89,5507000,None,72856000,72856000,-39324000,-5788000,-17559000,None,-5338000,None,None,-18455000,94000,191740000,None,62899000,62899000,7118000,None,None,42051000,None,None,11425000,4928000,0.32,0.0087,12091000,12091000,None,-0.412,0.04,44004000,55429000,0.29,2023-03-31,24.75,129856000,657348000.0,153976000,48246000,12544000,129856000,129856000,None,0,None,18819000,None,None,None,None,None,25615000,None,None,None,0.209,27553000,109972000,44004000,23771000,45618000,None,None,None,None,None,None,None,1.85,4.112,6.3,None,None,None,None,None,-24178000,None,0.113,None,24175000,2025-10-29,quarterly,0.33,USD,post-market,27640000,304454000,0.0486,0.0721,0.18,5.75,82332000,None,43476000,169156000,36.26,39.64,13.7931,564562000,326653000,58041000,58041000,237909000,None,216875000,506521000,56.23,None,49.65,22.52
2025-12-28,CGNX,0.65,971705000.0,56.23,None,1.524,8.89,4062000,None,72856000,72856000,-32375000,-126965000,-93083000,None,-13119000,None,None,-27564000,94000,191740000,None,62899000,62899000,7118000,None,None,42051000,None,None,11425000,4977000,0.32,0.0087,12084000,12084000,None,-0.412,0.04,44004000,55429000,0.29,2022-12-31,24.75,129856000,657348000.0,153976000,48246000,12544000,129856000,129856000,None,0,None,18819000,None,None,None,None,None,55311000,None,None,None,0.209,66257000,109972000,44004000,23771000,45618000,None,None,None,None,None,None,None,1.85,4.112,6.3,None,None,None,None,None,-25927000,None,0.113,None,24175000,2025-10-29,quarterly,0.33,USD,post-market,27640000,304454000,0.0486,0.0721,0.18,5.75,82332000,None,43476000,169156000,36.26,39.64,13.7931,564562000,326653000,58041000,58041000,237909000,None,216875000,506521000,56.23,None,49.65,22.52
2025-12-28,CGNX,0.65,971705000.0,56.23,None,1.524,8.89,4352000,None,72856000,72856000,-35523000,46914000,94911000,None,-15693000,None,None,75136000,94000,191740000,None,62899000,62899000,7118000,None,None,42051000,None,None,11425000,4868000,0.32,0.0087,11264000,11264000,None,-0.412,0.04,44004000,55429000,0.29,2022-09-30,24.75,129856000,657348000.0,153976000,48246000,12544000,129856000,129856000,None,0,None,18819000,None,None,None,None,None,33980000,None,None,None,0.209,83520000,109972000,44004000,23771000,45618000,None,None,None,None,None,None,None,1.85,4.112,6.3,None,None,None,None,None,-24070000,None,0.113,None,24175000,2025-10-29,quarterly,0.33,USD,post-market,27640000,304454000,0.0486,0.0721,0.18,5.75,82332000,None,43476000,169156000,36.26,39.64,13.7931,564562000,326653000,58041000,58041000,237909000,None,216875000,506521000,56.23,None,49.65,22.52
2025-12-28,CGNX,0.65,971705000.0,56.23,None,1.524,8.89,6668000,None,72856000,72856000,-34362000,6361000,16111000,None,3778000,None,None,-19418000,94000,191740000,None,62899000,62899000,7118000,None,None,42051000,None,None,11425000,4819000,0.32,0.0087,11270000,11270000,None,-0.412,0.04,44004000,55429000,0.29,2022-06-30,24.75,129856000,657348000.0,153976000,48246000,12544000,129856000,129856000,None,0,None,18819000,None,None,None,None,None,58901000,None,None,None,0.209,44112000,109972000,44004000,23771000,45618000,None,None,None,None,None,None,None,1.85,4.112,6.3,None,None,None,None,None,-23912000,None,0.113,None,24175000,2025-10-29,quarterly,0.33,USD,post-market,27640000,304454000,0.0486,0.0721,0.18,5.75,82332000,None,43476000,169156000,36.26,39.64,13.7931,564562000,326653000,58041000,58041000,237909000,None,216875000,506521000,56.23,None,49.65,22.52
2025-12-28,CGNX,0.65,971705000.0,56.23,None,1.524,8.89,4585000,None,72856000,72856000,-138114000,69236000,-19361000,None,-23900000,None,None,-24700000,94000,191740000,None,62899000,62899000,7118000,None,None,42051000,None,None,11425000,4957000,0.32,0.0087,11303000,11303000,None,-0.412,0.04,44004000,55429000,0.29,2022-03-31,24.75,129856000,657348000.0,153976000,48246000,12544000,129856000,129856000,None,0,None,18819000,None,None,None,None,None,67333000,None,None,None,0.209,49517000,109972000,44004000,23771000,45618000,None,None,None,None,None,None,None,1.85,4.112,6.3,None,None,None,None,None,-130405000,None,0.113,None,24175000,2025-10-29,quarterly,0.33,USD,post-market,27640000,304454000,0.0486,0.0721,0.18,5.75,82332000,None,43476000,169156000,36.26,39.64,13.7931,564562000,326653000,58041000,58041000,237909000,None,216875000,506521000,56.23,None,49.65,22.52
2025-12-28,CGNX,0.65,971705000.0,56.23,None,1.524,8.89,4766000,None,72856000,72856000,-120630000,48434000,-16987000,None,-32386000,None,None,-208000,94000,191740000,None,62899000,62899000,7118000,None,None,42051000,None,None,11425000,4869000,0.32,0.0087,11463000,11463000,None,-0.412,0.04,44004000,55429000,0.29,2021-12-31,24.75,129856000,657348000.0,153976000,48246000,12544000,129856000,129856000,None,0,None,18819000,None,None,None,None,None,53535000,None,None,None,0.209,55209000,109972000,44004000,23771000,45618000,None,None,None,None,None,None,None,1.85,4.112,6.3,None,None,None,None,None,-113358000,None,0.113,None,24175000,2025-10-29,quarterly,0.33,USD,post-market,27640000,304454000,0.0486,0.0721,0.18,5.75,82332000,None,43476000,169156000,36.26,39.64,13.7931,564562000,326653000,58041000,58041000,237909000,None,216875000,506521000,56.23,None,49.65,22.52
2025-12-28,CGNX,0.65,971705000.0,56.23,None,1.524,8.89,4139000,None,72856000,72856000,-23331000,-53494000,-12694000,None,-13013000,None,None,19193000,94000,191740000,None,62899000,62899000,7118000,None,None,42051000,None,None,11425000,5051000,0.32,0.0087,10608000,10608000,None,-0.412,0.04,44004000,55429000,0.29,2021-09-30,24.75,129856000,657348000.0,153976000,48246000,12544000,129856000,129856000,None,0,None,18819000,None,None,None,None,None,78900000,None,None,None,0.209,64131000,109972000,44004000,23771000,45618000,None,None,None,None,None,None,None,1.85,4.112,6.3,None,None,None,None,None,-27417000,None,0.113,None,24175000,2025-10-29,quarterly,0.33,USD,post-market,27640000,304454000,0.0486,0.0721,0.18,5.75,82332000,None,43476000,169156000,36.26,39.64,13.7931,564562000,326653000,58041000,58041000,237909000,None,216875000,506521000,56.23,None,49.65,22.52
2025-12-28,CGNX,0.65,971705000.0,56.23,None,1.524,8.89,4114000,None,72856000,72856000,-15332000,-106684000,-25930000,None,-8198000,None,None,-19993000,94000,191740000,None,62899000,62899000,7118000,None,None,42051000,None,None,11425000,5177000,0.32,0.0087,10597000,10597000,None,-0.412,0.04,44004000,55429000,0.29,2021-06-30,24.75,129856000,657348000.0,153976000,48246000,12544000,129856000,129856000,None,0,None,18819000,None,None,None,None,None,77598000,None,None,None,0.209,96086000,109972000,44004000,23771000,45618000,None,None,None,None,None,None,None,1.85,4.112,6.3,None,None,None,None,None,-14398000,None,0.113,None,24175000,2025-10-29,quarterly,0.33,USD,post-market,27640000,304454000,0.0486,0.0721,0.18,5.75,82332000,None,43476000,169156000,36.26,39.64,13.7931,564562000,326653000,58041000,58041000,237909000,None,216875000,506521000,56.23,None,49.65,22.52
2025-12-28,CGNX,0.65,971705000.0,56.23,None,1.524,8.89,2436000,None,72856000,72856000,17670000,-140795000,-24486000,None,-1323000,None,None,-3495000,94000,191740000,None,62899000,62899000,7118000,None,None,42051000,None,None,11425000,5186000,0.32,0.0087,10595000,10595000,None,-0.412,0.04,44004000,55429000,0.29,2021-03-31,24.75,129856000,657348000.0,153976000,48246000,12544000,129856000,129856000,None,0,None,18819000,None,None,None,None,None,69848000,None,None,None,0.209,98639000,109972000,44004000,23771000,45618000,None,None,None,None,None,None,None,1.85,4.112,6.3,None,None,None,None,None,-6479000,None,0.113,None,24175000,2025-10-29,quarterly,0.33,USD,post-market,27640000,304454000,0.0486,0.0721,0.18,5.75,82332000,None,43476000,169156000,36.26,39.64,13.7931,564562000,326653000,58041000,58041000,237909000,None,216875000,506521000,56.23,None,49.65,22.52
2025-12-28,CGNX,0.65,971705000.0,56.23,None,1.524,8.89,3474000,None,72856000,72856000,-327629000,213470000,-31209000,None,-7254000,None,None,2593000,94000,191740000,None,62899000,62899000,7118000,None,None,42051000,None,None,11425000,6599000,0.32,0.0087,361954000,361954000,None,-0.412,0.04,44004000,55429000,0.29,2020-12-31,24.75,129856000,657348000.0,153976000,48246000,12544000,129856000,129856000,None,0,None,18819000,None,None,None,None,None,69345000,None,None,None,0.209,82950000,109972000,44004000,23771000,45618000,None,None,None,None,None,None,None,1.85,4.112,6.3,None,None,None,None,None,2801000,None,0.113,None,24175000,2025-10-29,quarterly,0.33,USD,post-market,27640000,304454000,0.0486,0.0721,0.18,5.75,82332000,None,43476000,169156000,36.26,39.64,13.7931,564562000,326653000,58041000,58041000,237909000,None,216875000,506521000,56.23,None,49.65,22.52
2025-12-28,CGNX,0.65,971705000.0,56.23,None,1.524,8.89,2844000,None,72856000,72856000,33573000,-107271000,6732000,None,-1401000,None,None,-14921000,94000,191740000,None,62899000,62899000,7118000,None,None,42051000,None,None,11425000,6160000,0.32,0.0087,9582000,9582000,None,-0.412,0.04,44004000,55429000,0.29,2020-09-30,24.75,129856000,657348000.0,153976000,48246000,12544000,129856000,129856000,None,0,None,18819000,None,None,None,None,None,87506000,None,None,None,0.209,80430000,109972000,44004000,23771000,45618000,None,None,None,None,None,None,None,1.85,4.112,6.3,None,None,None,None,None,-51036000,None,0.113,None,24175000,2025-10-29,quarterly,0.33,USD,post-market,27640000,304454000,0.0486,0.0721,0.18,5.75,82332000,None,43476000,169156000,36.26,39.64,13.7931,564562000,326653000,58041000,58041000,237909000,None,216875000,506521000,56.23,None,49.65,22.52
2025-12-28,CGNX,0.65,971705000.0,56.23,None,1.524,8.89,3911000,None,72856000,72856000,27756000,3718000,45352000,None,-6618000,None,None,-11139000,94000,191740000,None,62899000,62899000,7118000,None,None,42051000,None,None,11425000,6725000,0.32,0.0087,9469000,9469000,None,-0.412,0.04,44004000,55429000,0.29,2020-06-30,24.75,129856000,657348000.0,153976000,48246000,12544000,129856000,129856000,None,0,None,18819000,None,None,None,None,None,-1142000,None,None,None,0.209,13878000,109972000,44004000,23771000,45618000,None,None,None,None,None,None,None,1.85,4.112,6.3,None,None,None,None,None,38264000,None,0.113,None,24175000,2025-10-29,quarterly,0.33,USD,post-market,27640000,304454000,0.0486,0.0721,0.18,5.75,82332000,None,43476000,169156000,36.26,39.64,13.7931,564562000,326653000,58041000,58041000,237909000,None,216875000,506521000,56.23,None,49.65,22.52
2025-12-28,CGNX,0.65,971705000.0,56.23,None,1.524,8.89,3074000,None,72856000,72856000,-50568000,59522000,74096000,None,3889000,None,None,2182000,94000,191740000,None,62899000,62899000,7118000,None,None,42051000,None,None,11425000,7019000,0.32,0.0087,9503000,9503000,None,-0.412,0.04,44004000,55429000,0.29,2020-03-31,24.75,129856000,657348000.0,153976000,48246000,12544000,129856000,129856000,None,0,None,18819000,None,None,None,None,None,20477000,None,None,None,0.209,62035000,109972000,44004000,23771000,45618000,None,None,None,None,None,None,None,1.85,4.112,6.3,None,None,None,None,None,-51036000,None,0.113,None,24175000,2025-10-29,quarterly,0.33,USD,post-market,27640000,304454000,0.0486,0.0721,0.18,5.75,82332000,None,43476000,169156000,36.26,39.64,13.7931,564562000,326653000,58041000,58041000,237909000,None,216875000,506521000,56.23,None,49.65,22.52
2025-12-28,CGNX,0.65,971705000.0,56.23,None,1.524,8.89,8227000,None,72856000,72856000,23359000,-42384000,49730000,844000,5118000,None,None,11850000,94000,191740000,None,62899000,62899000,7118000,None,None,42051000,None,None,11425000,6981000,0.32,0.0087,9442000,9442000,None,-0.412,0.04,44004000,55429000,0.29,2019-12-31,24.75,129856000,657348000.0,153976000,48246000,12544000,129856000,129856000,None,0,None,18819000,None,None,None,None,None,80327000,None,None,None,0.209,67911000,109972000,44004000,23771000,45618000,None,None,None,None,None,None,None,1.85,4.112,6.3,None,None,None,None,None,32801000,None,0.113,None,24175000,2025-10-29,quarterly,0.33,USD,post-market,27640000,304454000,0.0486,0.0721,0.18,5.75,82332000,None,43476000,169156000,36.26,39.64,13.7931,564562000,326653000,58041000,58041000,237909000,None,216875000,506521000,56.23,None,49.65,22.52
2025-12-28,CGNX,0.65,971705000.0,56.23,None,1.524,8.89,4549000,None,72856000,72856000,-3173000,-28262000,32597000,-1132000,7625000,None,None,-907000,94000,191740000,None,62899000,62899000,7118000,None,None,42051000,None,None,11425000,5844000,0.32,0.0087,8536000,8536000,None,-0.412,0.04,44004000,55429000,0.29,2019-09-30,24.75,129856000,657348000.0,153976000,48246000,12544000,129856000,129856000,None,0,None,18819000,None,None,None,None,None,41685000,None,None,None,0.209,65164000,109972000,44004000,23771000,45618000,None,None,None,None,None,None,None,1.85,4.112,6.3,None,None,None,None,None,5363000,None,0.113,None,24175000,2025-10-29,quarterly,0.33,USD,post-market,27640000,304454000,0.0486,0.0721,0.18,5.75,82332000,None,43476000,169156000,36.26,39.64,13.7931,564562000,326653000,58041000,58041000,237909000,None,216875000,506521000,56.23,None,49.65,22.52
2025-12-28,CGNX,0.65,971705000.0,56.23,None,1.524,8.89,3891000,None,72856000,72856000,-58201000,-16588000,-16192000,-292000,6321000,None,None,-1543000,94000,191740000,None,62899000,62899000,7118000,None,None,42051000,None,None,11425000,6131000,0.32,0.0087,8582000,8582000,None,-0.412,0.04,44004000,55429000,0.29,2019-06-30,24.75,129856000,657348000.0,153976000,48246000,12544000,129856000,129856000,None,0,None,18819000,None,None,None,None,None,48749000,None,None,None,0.209,58889000,109972000,44004000,23771000,45618000,None,None,None,None,None,None,None,1.85,4.112,6.3,None,None,None,None,None,-61690000,None,0.113,None,24175000,2025-10-29,quarterly,0.33,USD,post-market,27640000,304454000,0.0486,0.0721,0.18,5.75,82332000,None,43476000,169156000,36.26,39.64,13.7931,564562000,326653000,58041000,58041000,237909000,None,216875000,506521000,56.23,None,49.65,22.52
2025-12-28,CGNX,0.65,971705000.0,56.23,None,1.524,8.89,5078000,None,72856000,72856000,5782000,-70102000,-2916000,143000,4073000,None,None,10937000,94000,191740000,None,62899000,62899000,7118000,None,None,42051000,None,None,11425000,5944000,0.32,0.0087,8564000,8564000,None,-0.412,0.04,44004000,55429000,0.29,2019-03-31,24.75,129856000,657348000.0,153976000,48246000,12544000,129856000,129856000,None,0,None,18819000,None,None,None,None,None,33104000,None,None,None,0.209,61261000,109972000,44004000,23771000,45618000,None,None,None,None,None,None,None,1.85,4.112,6.3,None,None,None,None,None,14346000,None,0.113,None,24175000,2025-10-29,quarterly,0.33,USD,post-market,27640000,304454000,0.0486,0.0721,0.18,5.75,82332000,None,43476000,169156000,36.26,39.64,13.7931,564562000,326653000,58041000,58041000,237909000,None,216875000,506521000,56.23,None,49.65,22.52
2025-12-28,CGNX,0.65,971705000.0,56.23,None,1.524,8.89,9739000,None,72856000,72856000,-69241000,-2543000,841000,863000,10753000,None,None,21905000,94000,191740000,None,62899000,62899000,7118000,None,None,42051000,None,None,11425000,5768000,0.32,0.0087,8582000,8582000,None,-0.412,0.04,44004000,55429000,0.29,2018-12-31,24.75,129856000,657348000.0,153976000,48246000,12544000,129856000,129856000,None,0,None,18819000,None,None,None,None,None,45418000,None,None,None,0.209,71762000,109972000,44004000,23771000,45618000,None,None,None,None,None,None,None,1.85,4.112,6.3,None,None,None,None,None,-61560000,None,0.113,None,24175000,2025-10-29,quarterly,0.33,USD,post-market,27640000,304454000,0.0486,0.0721,0.18,5.75,82332000,None,43476000,169156000,36.26,39.64,13.7931,564562000,326653000,58041000,58041000,237909000,None,216875000,506521000,56.23,None,49.65,22.52
2025-12-28,CGNX,0.65,971705000.0,56.23,None,1.524,8.89,5681000,None,72856000,72856000,-17642000,-81428000,-21831000,-1837000,-4479000,None,None,-9702000,94000,191740000,None,62899000,62899000,7118000,None,None,42051000,None,None,11425000,5369000,0.32,0.0087,7759000,7759000,None,-0.412,0.04,44004000,55429000,0.29,2018-09-30,24.75,129856000,657348000.0,153976000,48246000,12544000,129856000,129856000,None,0,None,18819000,None,None,None,None,None,80436000,None,None,None,0.209,79076000,109972000,44004000,23771000,45618000,None,None,None,None,None,None,None,1.85,4.112,6.3,None,None,None,None,None,-20954000,None,0.113,None,24175000,2025-10-29,quarterly,0.33,USD,post-market,27640000,304454000,0.0486,0.0721,0.18,5.75,82332000,None,43476000,169156000,36.26,39.64,13.7931,564562000,326653000,58041000,58041000,237909000,None,216875000,506521000,56.23,None,49.65,22.52
2025-12-28,CGNX,0.65,971705000.0,56.23,None,1.524,8.89,8405000,None,72856000,72856000,-57155000,60185000,19630000,-1230000,4101000,None,None,-43195000,94000,191740000,None,62899000,62899000,7118000,None,None,42051000,None,None,11425000,5213000,0.32,0.0087,7737000,7737000,None,-0.412,0.04,44004000,55429000,0.29,2018-06-30,24.75,129856000,657348000.0,153976000,48246000,12544000,129856000,129856000,None,0,None,18819000,None,None,None,None,None,56196000,None,None,None,0.209,17830000,109972000,44004000,23771000,45618000,None,None,None,None,None,None,None,1.85,4.112,6.3,None,None,None,None,None,-52106000,None,0.113,None,24175000,2025-10-29,quarterly,0.33,USD,post-market,27640000,304454000,0.0486,0.0721,0.18,5.75,82332000,None,43476000,169156000,36.26,39.64,13.7931,564562000,326653000,58041000,58041000,237909000,None,216875000,506521000,56.23,None,49.65,22.52
2025-12-28,CGNX,0.65,971705000.0,56.23,None,1.524,8.89,13270000,None,72856000,72856000,-65866000,12959000,2990000,1111000,-27321000,None,None,28219000,94000,191740000,None,62899000,62899000,7118000,None,None,42051000,None,None,11425000,5199000,0.32,0.0087,7787000,7787000,None,-0.412,0.04,44004000,55429000,0.29,2018-03-31,24.75,129856000,657348000.0,153976000,48246000,12544000,129856000,129856000,None,0,None,18819000,None,None,None,None,None,37217000,None,None,None,0.209,54786000,109972000,44004000,23771000,45618000,None,None,None,None,None,None,None,1.85,4.112,6.3,None,None,None,None,None,-69202000,None,0.113,None,24175000,2025-10-29,quarterly,0.33,USD,post-market,27640000,304454000,0.0486,0.0721,0.18,5.75,82332000,None,43476000,169156000,36.26,39.64,13.7931,564562000,326653000,58041000,58041000,237909000,None,216875000,506521000,56.23,None,49.65,22.52
2025-12-28,CGNX,0.65,971705000.0,56.23,None,1.524,8.89,8710000,None,72856000,72856000,-22362000,-73670000,-4767000,6996000,-18538000,None,None,44600000,94000,191740000,None,62899000,62899000,7118000,None,None,42051000,None,None,11425000,4641000,0.32,0.0087,7801000,7801000,None,-0.412,0.04,44004000,55429000,0.29,2017-12-31,24.75,129856000,657348000.0,153976000,48246000,12544000,129856000,129856000,None,0,None,18819000,None,None,None,None,None,-26897000,None,None,None,0.209,84269000,109972000,44004000,23771000,45618000,None,None,None,None,None,None,None,1.85,4.112,6.3,None,None,None,None,None,-24368000,None,0.113,None,24175000,2025-10-29,quarterly,0.33,USD,post-market,27640000,304454000,0.0486,0.0721,0.18,5.75,82332000,None,43476000,169156000,36.26,39.64,13.7931,564562000,326653000,58041000,58041000,237909000,None,216875000,506521000,56.23,None,49.65,22.52
2025-12-28,CGNX,0.65,971705000.0,56.23,None,1.524,8.89,7872000,None,72856000,72856000,-36602000,31054000,43083000,-803000,-10839000,None,None,-82233000,94000,191740000,None,62899000,62899000,7118000,None,None,42051000,None,None,11425000,4322000,0.32,0.0087,7372000,7372000,None,-0.412,0.04,44004000,55429000,0.29,2017-09-30,24.75,129856000,657348000.0,153976000,48246000,12544000,129856000,129856000,None,0,None,18819000,None,None,None,None,None,102348000,None,None,None,0.209,49434000,109972000,44004000,23771000,45618000,None,None,None,None,None,None,None,1.85,4.112,6.3,None,None,None,None,None,-37004000,None,0.113,None,24175000,2025-10-29,quarterly,0.33,USD,post-market,27640000,304454000,0.0486,0.0721,0.18,5.75,82332000,None,43476000,169156000,36.26,39.64,13.7931,564562000,326653000,58041000,58041000,237909000,None,216875000,506521000,56.23,None,49.65,22.52
2025-12-28,CGNX,0.65,971705000.0,56.23,None,1.524,8.89,6077000,None,72856000,72856000,-33732000,-34432000,-24162000,1097000,-2325000,None,None,-20871000,94000,191740000,None,62899000,62899000,7118000,None,None,42051000,None,None,11425000,4073000,0.32,0.0087,7367000,7367000,None,-0.412,0.04,44004000,55429000,0.29,2017-06-30,24.75,129856000,657348000.0,153976000,48246000,12544000,129856000,129856000,None,0,None,18819000,None,None,None,None,None,56072000,None,None,None,0.209,42905000,109972000,44004000,23771000,45618000,None,None,None,None,None,None,None,1.85,4.112,6.3,None,None,None,None,None,-32276000,None,0.113,None,24175000,2025-10-29,quarterly,0.33,USD,post-market,27640000,304454000,0.0486,0.0721,0.18,5.75,82332000,None,43476000,169156000,36.26,39.64,13.7931,564562000,326653000,58041000,58041000,237909000,None,216875000,506521000,56.23,None,49.65,22.52
2025-12-28,CGNX,0.65,971705000.0,56.23,None,1.524,8.89,6095000,None,72856000,72856000,-7425000,-28507000,12787000,1004000,-5386000,None,None,-1285000,94000,191740000,None,62899000,62899000,7118000,None,None,42051000,None,None,11425000,3955000,0.32,0.0087,6497000,6497000,None,-0.412,0.04,44004000,55429000,0.29,2017-03-31,24.75,129856000,657348000.0,153976000,48246000,12544000,129856000,129856000,None,0,None,18819000,None,None,None,None,None,45655000,None,None,None,0.209,47715000,109972000,44004000,23771000,45618000,None,None,None,None,None,None,None,1.85,4.112,6.3,None,None,None,None,None,-30067000,None,0.113,None,24175000,2025-10-29,quarterly,0.33,USD,post-market,27640000,304454000,0.0486,0.0721,0.18,5.75,82332000,None,43476000,169156000,36.26,39.64,13.7931,564562000,326653000,58041000,58041000,237909000,None,216875000,506521000,56.23,None,49.65,22.52
2025-12-28,CGNX,0.65,971705000.0,56.23,None,1.524,8.89,2325000,None,72856000,72856000,-14283000,-38997000,18496000,-3647000,-371000,None,None,32229000,94000,191740000,None,62899000,62899000,7118000,None,None,42051000,None,None,11425000,3937000,0.32,0.0087,6452000,6452000,None,-0.412,0.04,44004000,55429000,0.29,2016-12-31,24.75,129856000,657348000.0,153976000,48246000,12544000,129856000,129856000,None,0,None,18819000,None,None,None,None,None,38253000,None,None,None,0.209,75423000,109972000,44004000,23771000,45618000,None,None,None,None,None,None,None,1.85,4.112,6.3,None,None,None,None,None,-28208000,None,0.113,None,24175000,2025-10-29,quarterly,0.33,USD,post-market,27640000,304454000,0.0486,0.0721,0.18,5.75,82332000,None,43476000,169156000,36.26,39.64,13.7931,564562000,326653000,58041000,58041000,237909000,None,216875000,506521000,56.23,None,49.65,22.52
2025-12-28,CGNX,0.65,971705000.0,56.23,None,1.524,8.89,5144000,None,72856000,72856000,-2258000,-48656000,6216000,-217000,-1184000,None,None,-4544000,94000,191740000,None,62899000,62899000,7118000,None,None,42051000,None,None,11425000,3693000,0.32,0.0087,6426000,6426000,None,-0.412,0.04,44004000,55429000,0.29,2016-09-30,24.75,129856000,657348000.0,153976000,48246000,12544000,129856000,129856000,None,0,None,18819000,None,None,None,None,None,53675000,None,None,None,0.209,57347000,109972000,44004000,23771000,45618000,None,None,None,None,None,None,None,1.85,4.112,6.3,None,None,None,None,None,-10223000,None,0.113,None,24175000,2025-10-29,quarterly,0.33,USD,post-market,27640000,304454000,0.0486,0.0721,0.18,5.75,82332000,None,43476000,169156000,36.26,39.64,13.7931,564562000,326653000,58041000,58041000,237909000,None,216875000,506521000,56.23,None,49.65,22.52
2025-12-28,CGNX,0.65,971705000.0,56.23,None,1.524,8.89,3110000,None,72856000,72856000,-10180000,-35660000,-24985000,-876000,9318000,None,None,-42219000,94000,191740000,None,62899000,62899000,7118000,None,None,42051000,None,None,11425000,3637000,0.32,0.0087,6385000,6385000,None,-0.412,0.04,44004000,55429000,0.29,2016-06-30,24.75,129856000,657348000.0,153976000,48246000,12544000,129856000,129856000,None,0,None,18819000,None,None,None,None,None,43014000,None,None,None,0.209,21731000,109972000,44004000,23771000,45618000,None,None,None,None,None,None,None,1.85,4.112,6.3,None,None,None,None,None,-8718000,None,0.113,None,24175000,2025-10-29,quarterly,0.33,USD,post-market,27640000,304454000,0.0486,0.0721,0.18,5.75,82332000,None,43476000,169156000,36.26,39.64,13.7931,564562000,326653000,58041000,58041000,237909000,None,216875000,506521000,56.23,None,49.65,22.52
2025-12-28,CGNX,0.65,971705000.0,56.23,None,1.524,8.89,2237000,None,72856000,72856000,-2510000,1481000,27939000,1388000,2646000,None,None,-1025000,94000,191740000,None,62899000,62899000,7118000,None,None,42051000,None,None,11425000,3802000,0.32,0.0087,5950000,5950000,None,-0.412,0.04,44004000,55429000,0.29,2016-03-31,24.75,129856000,657348000.0,153976000,48246000,12544000,129856000,129856000,None,0,None,18819000,None,None,None,None,None,14885000,None,None,None,0.209,27580000,109972000,44004000,23771000,45618000,None,None,None,None,None,None,None,1.85,4.112,6.3,None,None,None,None,None,3400000,None,0.113,None,24175000,2025-10-29,quarterly,0.33,USD,post-market,27640000,304454000,0.0486,0.0721,0.18,5.75,82332000,None,43476000,169156000,36.26,39.64,13.7931,564562000,326653000,58041000,58041000,237909000,None,216875000,506521000,56.23,None,49.65,22.52
2025-12-28,CGNX,0.65,971705000.0,56.23,None,1.524,8.89,5211000,None,72856000,72856000,-5756000,-64439000,-27588000,-1698000,1906000,None,None,27430000,94000,191740000,None,62899000,62899000,7118000,None,None,42051000,None,None,11425000,3692000,0.32,0.0087,5925000,5925000,None,-0.412,0.04,44004000,55429000,0.29,2015-12-31,24.75,129856000,657348000.0,153976000,48246000,12544000,129856000,129856000,None,0,None,18819000,None,None,None,None,None,18854000,None,None,None,0.209,44305000,109972000,44004000,23771000,45618000,None,None,None,None,None,None,None,1.85,4.112,6.3,None,None,None,None,None,142000,None,0.113,None,24175000,2025-10-29,quarterly,0.33,USD,post-market,27640000,304454000,0.0486,0.0721,0.18,5.75,82332000,None,43476000,169156000,36.26,39.64,13.7931,564562000,326653000,58041000,58041000,237909000,None,216875000,506521000,56.23,None,49.65,22.52
2025-12-28,CGNX,0.65,971705000.0,56.23,None,1.524,8.89,3492000,None,72856000,72856000,-89968000,43958000,17872000,-1531000,-163000,None,None,-25993000,94000,191740000,None,62899000,62899000,7118000,None,None,42051000,None,None,11425000,3427000,0.32,0.0087,6027000,6027000,None,-0.412,0.04,44004000,55429000,0.29,2015-09-30,24.75,129856000,657348000.0,153976000,48246000,12544000,129856000,129856000,None,0,None,18819000,None,None,None,None,None,25822000,None,None,None,0.209,65413000,109972000,44004000,23771000,45618000,None,None,None,None,None,None,None,1.85,4.112,6.3,None,None,None,None,None,-90503000,None,0.113,None,24175000,2025-10-29,quarterly,0.33,USD,post-market,27640000,304454000,0.0486,0.0721,0.18,5.75,82332000,None,43476000,169156000,36.26,39.64,13.7931,564562000,326653000,58041000,58041000,237909000,None,216875000,506521000,56.23,None,49.65,22.52
2025-12-28,CGNX,0.65,971705000.0,56.23,None,1.524,8.89,15736000,None,72856000,72856000,-24503000,40805000,25644000,433000,3846000,None,None,-5387000,94000,191740000,None,62899000,62899000,7118000,None,None,42051000,None,None,11425000,3560000,0.32,0.0087,6110000,6110000,None,-0.412,0.04,44004000,55429000,0.29,2015-06-30,24.75,129856000,657348000.0,153976000,48246000,12544000,129856000,129856000,None,0,None,18819000,None,None,None,None,None,43714000,None,None,None,0.209,8909000,109972000,44004000,23771000,45618000,None,None,None,None,None,None,None,1.85,4.112,6.3,None,None,None,None,None,-35848000,None,0.113,None,24175000,2025-10-29,quarterly,0.33,USD,post-market,27640000,304454000,0.0486,0.0721,0.18,5.75,82332000,None,43476000,169156000,36.26,39.64,13.7931,564562000,326653000,58041000,58041000,237909000,None,216875000,506521000,56.23,None,49.65,22.52
2025-12-28,CGNX,0.65,971705000.0,56.23,None,1.524,8.89,4264000,None,72856000,72856000,13360000,-30871000,-19647000,-1872000,-15046000,None,None,None,94000,191740000,None,62899000,62899000,7118000,None,None,42051000,None,None,11425000,3439000,0.32,0.0087,0,0,None,-0.412,0.04,44004000,55429000,0.29,2015-03-31,24.75,129856000,657348000.0,153976000,48246000,12544000,129856000,129856000,None,0,None,18819000,None,None,None,None,None,20502000,None,None,None,0.209,-264000,109972000,44004000,23771000,45618000,None,None,None,None,None,None,None,1.85,4.112,6.3,None,None,None,None,None,9700000,None,0.113,None,24175000,2025-10-29,quarterly,0.33,USD,post-market,27640000,304454000,0.0486,0.0721,0.18,5.75,82332000,None,43476000,169156000,36.26,39.64,13.7931,564562000,326653000,58041000,58041000,237909000,None,216875000,506521000,56.23,None,49.65,22.52
2025-12-28,CGNX,0.65,971705000.0,56.23,None,1.524,8.89,11856000,None,72856000,72856000,-22561000,-50433000,17515000,-2474000,-5195000,None,None,51046000,94000,191740000,None,62899000,62899000,7118000,None,None,42051000,None,None,11425000,3339000,0.32,0.0087,18062000,18062000,None,-0.412,0.04,44004000,55429000,0.29,2014-12-31,24.75,129856000,657348000.0,153976000,48246000,12544000,129856000,129856000,None,0,None,18819000,None,None,None,None,None,26631000,None,None,None,0.209,92983000,109972000,44004000,23771000,45618000,None,None,None,None,None,None,None,1.85,4.112,6.3,None,None,None,None,None,-24533000,None,0.113,None,24175000,2025-10-29,quarterly,0.33,USD,post-market,27640000,304454000,0.0486,0.0721,0.18,5.75,82332000,None,43476000,169156000,36.26,39.64,13.7931,564562000,326653000,58041000,58041000,237909000,None,216875000,506521000,56.23,None,49.65,22.52
2025-12-28,CGNX,0.65,971705000.0,56.23,None,1.524,8.89,3737000,None,72856000,72856000,2186000,-35857000,-1993000,399000,-1405000,None,None,-35009000,94000,191740000,None,62899000,62899000,7118000,None,None,42051000,None,None,11425000,3247000,0.32,0.0087,0,0,None,-0.412,0.04,44004000,55429000,0.29,2014-09-30,24.75,129856000,657348000.0,153976000,48246000,12544000,129856000,129856000,None,0,None,18819000,None,None,None,None,None,50400000,None,None,None,0.209,31279000,109972000,44004000,23771000,45618000,None,None,None,None,None,None,None,1.85,4.112,6.3,None,None,None,None,None,-8136000,None,0.113,None,24175000,2025-10-29,quarterly,0.33,USD,post-market,27640000,304454000,0.0486,0.0721,0.18,5.75,82332000,None,43476000,169156000,36.26,39.64,13.7931,564562000,326653000,58041000,58041000,237909000,None,216875000,506521000,56.23,None,49.65,22.52
2025-12-28,CGNX,0.65,971705000.0,56.23,None,1.524,8.89,2656000,None,72856000,72856000,-8326000,-8141000,-2291000,-71000,-5150000,None,None,-16952000,94000,191740000,None,62899000,62899000,7118000,None,None,42051000,None,None,11425000,2975000,0.32,0.0087,0,0,None,-0.412,0.04,44004000,55429000,0.29,2014-06-30,24.75,129856000,657348000.0,153976000,48246000,12544000,129856000,129856000,None,0,None,18819000,None,None,None,None,None,25948000,None,None,None,0.209,14247000,109972000,44004000,23771000,45618000,None,None,None,None,None,None,None,1.85,4.112,6.3,None,None,None,None,None,-12717000,None,0.113,None,24175000,2025-10-29,quarterly,0.33,USD,post-market,27640000,304454000,0.0486,0.0721,0.18,5.75,82332000,None,43476000,169156000,36.26,39.64,13.7931,564562000,326653000,58041000,58041000,237909000,None,216875000,506521000,56.23,None,49.65,22.52
2025-12-28,CGNX,0.65,971705000.0,56.23,None,1.524,8.89,2685000,None,72856000,72856000,-6171000,-9666000,1819000,195000,0,None,None,None,94000,191740000,None,62899000,62899000,7118000,None,None,42051000,None,None,11425000,2906000,0.32,0.0087,0,0,None,-0.412,0.04,44004000,55429000,0.29,2014-03-31,24.75,129856000,657348000.0,153976000,48246000,12544000,129856000,129856000,None,0,None,18819000,None,None,None,None,None,18506000,None,None,None,0.209,17461000,109972000,44004000,23771000,45618000,None,None,None,None,None,None,None,1.85,4.112,6.3,None,None,None,None,None,-14287000,None,0.113,None,24175000,2025-10-29,quarterly,0.33,USD,post-market,27640000,304454000,0.0486,0.0721,0.18,5.75,82332000,None,43476000,169156000,36.26,39.64,13.7931,564562000,326653000,58041000,58041000,237909000,None,216875000,506521000,56.23,None,49.65,22.52
2025-12-28,CGNX,0.65,971705000.0,56.23,None,1.524,8.89,7228000,None,72856000,72856000,-16973000,-9257000,10198000,208000,666000,None,None,-11311000,94000,191740000,None,62899000,62899000,7118000,None,None,42051000,None,None,11425000,2833000,0.32,0.0087,0,0,None,-0.412,0.04,44004000,55429000,0.29,2013-12-31,24.75,129856000,657348000.0,153976000,48246000,12544000,129856000,129856000,None,0,None,18819000,None,None,None,None,None,20443000,None,None,None,0.209,36220000,109972000,44004000,23771000,45618000,None,None,None,None,None,None,None,1.85,4.112,6.3,None,None,None,None,None,-19849000,None,0.113,None,24175000,2025-10-29,quarterly,0.33,USD,post-market,27640000,304454000,0.0486,0.0721,0.18,5.75,82332000,None,43476000,169156000,36.26,39.64,13.7931,564562000,326653000,58041000,58041000,237909000,None,216875000,506521000,56.23,None,49.65,22.52
2025-12-28,CGNX,0.65,971705000.0,56.23,None,1.524,8.89,1842000,None,72856000,72856000,-2609000,-36180000,-17428000,1101000,-521000,None,None,None,94000,191740000,None,62899000,62899000,7118000,None,None,42051000,None,None,11425000,2752000,0.32,0.0087,0,0,None,-0.412,0.04,44004000,55429000,0.29,2013-09-30,24.75,129856000,657348000.0,153976000,48246000,12544000,129856000,129856000,None,0,None,18819000,None,None,None,None,None,20727000,None,None,None,0.209,20260000,109972000,44004000,23771000,45618000,None,None,None,None,None,None,None,1.85,4.112,6.3,None,None,None,None,None,-16168000,None,0.113,None,24175000,2025-10-29,quarterly,0.33,USD,post-market,27640000,304454000,0.0486,0.0721,0.18,5.75,82332000,None,43476000,169156000,36.26,39.64,13.7931,564562000,326653000,58041000,58041000,237909000,None,216875000,506521000,56.23,None,49.65,22.52
2025-12-28,CGNX,0.65,971705000.0,56.23,None,1.524,8.89,2402000,None,72856000,72856000,-3420000,-12279000,5117000,631000,-821000,None,None,None,94000,191740000,None,62899000,62899000,7118000,None,None,42051000,None,None,11425000,2728000,0.32,0.0087,0,0,None,-0.412,0.04,44004000,55429000,0.29,2013-06-30,24.75,129856000,657348000.0,153976000,48246000,12544000,129856000,129856000,None,0,None,18819000,None,None,None,None,None,16820000,None,None,None,0.209,20185000,109972000,44004000,23771000,45618000,None,None,None,None,None,None,None,1.85,4.112,6.3,None,None,None,None,None,-11891000,None,0.113,None,24175000,2025-10-29,quarterly,0.33,USD,post-market,27640000,304454000,0.0486,0.0721,0.18,5.75,82332000,None,43476000,169156000,36.26,39.64,13.7931,564562000,326653000,58041000,58041000,237909000,None,216875000,506521000,56.23,None,49.65,22.52
2025-12-28,CGNX,0.65,971705000.0,56.23,None,1.524,8.89,1908000,None,72856000,72856000,10544000,-30354000,-2403000,-1383000,0,None,None,None,94000,191740000,None,62899000,62899000,7118000,None,None,42051000,None,None,11425000,2789000,0.32,0.0087,0,0,None,-0.412,0.04,44004000,55429000,0.29,2013-03-31,24.75,129856000,657348000.0,153976000,48246000,12544000,129856000,129856000,None,0,None,18819000,None,None,None,None,None,15583000,None,None,None,0.209,18790000,109972000,44004000,23771000,45618000,None,None,None,None,None,None,None,1.85,4.112,6.3,None,None,None,None,None,9168000,None,0.113,None,24175000,2025-10-29,quarterly,0.33,USD,post-market,27640000,304454000,0.0486,0.0721,0.18,5.75,82332000,None,43476000,169156000,36.26,39.64,13.7931,564562000,326653000,58041000,58041000,237909000,None,216875000,506521000,56.23,None,49.65,22.52
2025-12-28,CGNX,0.65,971705000.0,56.23,None,1.524,8.89,2257000,None,72856000,72856000,-50280000,15037000,-8998000,-77000,1872000,None,None,5035000,94000,191740000,None,62899000,62899000,7118000,None,None,42051000,None,None,11425000,2757000,0.32,0.0087,52507000,52507000,None,-0.412,0.04,44004000,55429000,0.29,2012-12-31,24.75,129856000,657348000.0,153976000,48246000,12544000,129856000,129856000,None,0,None,18819000,None,None,None,None,None,16244000,None,None,None,0.209,26322000,109972000,44004000,23771000,45618000,None,None,None,None,None,None,None,1.85,4.112,6.3,None,None,None,None,None,1889000,None,0.113,None,24175000,2025-10-29,quarterly,0.33,USD,post-market,27640000,304454000,0.0486,0.0721,0.18,5.75,82332000,None,43476000,169156000,36.26,39.64,13.7931,564562000,326653000,58041000,58041000,237909000,None,216875000,506521000,56.23,None,49.65,22.52
2025-12-28,CGNX,0.65,971705000.0,56.23,None,1.524,8.89,2317000,None,72856000,72856000,-2784000,-182435000,-151834000,-1252000,0,None,None,None,94000,191740000,None,62899000,62899000,7118000,None,None,42051000,None,None,11425000,2835000,0.32,0.0087,4721000,4721000,None,-0.412,0.04,44004000,55429000,0.29,2012-09-30,24.75,129856000,657348000.0,153976000,48246000,12544000,129856000,129856000,None,0,None,18819000,None,None,None,None,None,17805000,None,None,None,0.209,34637000,109972000,44004000,23771000,45618000,None,None,None,None,None,None,None,1.85,4.112,6.3,None,None,None,None,None,1650000,None,0.113,None,24175000,2025-10-29,quarterly,0.33,USD,post-market,27640000,304454000,0.0486,0.0721,0.18,5.75,82332000,None,43476000,169156000,36.26,39.64,13.7931,564562000,326653000,58041000,58041000,237909000,None,216875000,506521000,56.23,None,49.65,22.52
2025-12-28,CGNX,0.65,971705000.0,56.23,None,1.524,8.89,2817000,None,72856000,72856000,-3758000,150564000,164433000,-9691000,0,None,None,None,94000,191740000,None,62899000,62899000,7118000,None,None,42051000,None,None,11425000,2672000,0.32,0.0087,4714000,4714000,None,-0.412,0.04,44004000,55429000,0.29,2012-06-30,24.75,129856000,657348000.0,153976000,48246000,12544000,129856000,129856000,None,0,None,18819000,None,None,None,None,None,19767000,None,None,None,0.209,27318000,109972000,44004000,23771000,45618000,None,None,None,None,None,None,None,1.85,4.112,6.3,None,None,None,None,None,800000,None,0.113,None,24175000,2025-10-29,quarterly,0.33,USD,post-market,27640000,304454000,0.0486,0.0721,0.18,5.75,82332000,None,43476000,169156000,36.26,39.64,13.7931,564562000,326653000,58041000,58041000,237909000,None,216875000,506521000,56.23,None,49.65,22.52
2025-12-28,CGNX,0.65,971705000.0,56.23,None,1.524,8.89,2487000,None,72856000,72856000,11671000,-22020000,3456000,951000,0,None,None,None,94000,191740000,None,62899000,62899000,7118000,None,None,42051000,None,None,11425000,2594000,0.32,0.0087,4271000,4271000,None,-0.412,0.04,44004000,55429000,0.29,2012-03-31,24.75,129856000,657348000.0,153976000,48246000,12544000,129856000,129856000,None,0,None,18819000,None,None,None,None,None,14282000,None,None,None,0.209,12854000,109972000,44004000,23771000,45618000,None,None,None,None,None,None,None,1.85,4.112,6.3,None,None,None,None,None,13100000,None,0.113,None,24175000,2025-10-29,quarterly,0.33,USD,post-market,27640000,304454000,0.0486,0.0721,0.18,5.75,82332000,None,43476000,169156000,36.26,39.64,13.7931,564562000,326653000,58041000,58041000,237909000,None,216875000,506521000,56.23,None,49.65,22.52
2025-12-28,CGNX,0.65,971705000.0,56.23,None,1.524,8.89,2275000,None,72856000,72856000,-770000,-13933000,7928000,-1093000,-5743000,None,None,-2031000,94000,191740000,None,62899000,62899000,7118000,None,None,42051000,None,None,11425000,2493000,0.32,0.0087,4217000,4217000,None,-0.412,0.04,44004000,55429000,0.29,2011-12-31,24.75,129856000,657348000.0,153976000,48246000,12544000,129856000,129856000,None,0,None,18819000,None,None,None,None,None,19099000,None,None,None,0.209,23724000,109972000,44004000,23771000,45618000,None,None,None,None,None,None,None,1.85,4.112,6.3,None,None,None,None,None,30863000,None,0.113,None,24175000,2025-10-29,quarterly,0.33,USD,post-market,27640000,304454000,0.0486,0.0721,0.18,5.75,82332000,None,43476000,169156000,36.26,39.64,13.7931,564562000,326653000,58041000,58041000,237909000,None,216875000,506521000,56.23,None,49.65,22.52
2025-12-28,CGNX,0.65,971705000.0,56.23,None,1.524,8.89,1920000,None,72856000,72856000,-5584000,-19108000,-12501000,-2100000,0,None,None,None,94000,191740000,None,62899000,62899000,7118000,None,None,42051000,None,None,11425000,2464000,0.32,0.0087,3801000,3801000,None,-0.412,0.04,44004000,55429000,0.29,2011-09-30,24.75,129856000,657348000.0,153976000,48246000,12544000,129856000,129856000,None,0,None,18819000,None,None,None,None,None,18037000,None,None,None,0.209,14291000,109972000,44004000,23771000,45618000,None,None,None,None,None,None,None,1.85,4.112,6.3,None,None,None,None,None,-3000000,None,0.113,None,24175000,2025-10-29,quarterly,0.33,USD,post-market,27640000,304454000,0.0486,0.0721,0.18,5.75,82332000,None,43476000,169156000,36.26,39.64,13.7931,564562000,326653000,58041000,58041000,237909000,None,216875000,506521000,56.23,None,49.65,22.52
2025-12-28,CGNX,0.65,971705000.0,56.23,None,1.524,8.89,2048000,None,72856000,72856000,9067000,-31236000,5662000,535000,0,None,None,None,94000,191740000,None,62899000,62899000,7118000,None,None,42051000,None,None,11425000,2424000,0.32,0.0087,3780000,3780000,None,-0.412,0.04,44004000,55429000,0.29,2011-06-30,24.75,129856000,657348000.0,153976000,48246000,12544000,129856000,129856000,None,0,None,18819000,None,None,None,None,None,19097000,None,None,None,0.209,27296000,109972000,44004000,23771000,45618000,None,None,None,None,None,None,None,1.85,4.112,6.3,None,None,None,None,None,11300000,None,0.113,None,24175000,2025-10-29,quarterly,0.33,USD,post-market,27640000,304454000,0.0486,0.0721,0.18,5.75,82332000,None,43476000,169156000,36.26,39.64,13.7931,564562000,326653000,58041000,58041000,237909000,None,216875000,506521000,56.23,None,49.65,22.52
2025-12-28,CGNX,0.65,971705000.0,56.23,None,1.524,8.89,1577000,None,72856000,72856000,7081000,-25751000,3811000,1698000,0,None,None,None,94000,191740000,None,62899000,62899000,7118000,None,None,42051000,None,None,11425000,2375000,0.32,0.0087,3316000,3316000,None,-0.412,0.04,44004000,55429000,0.29,2011-03-31,24.75,129856000,657348000.0,153976000,48246000,12544000,129856000,129856000,None,0,None,18819000,None,None,None,None,None,13636000,None,None,None,0.209,20783000,109972000,44004000,23771000,45618000,None,None,None,None,None,None,None,1.85,4.112,6.3,None,None,None,None,None,9500000,None,0.113,None,24175000,2025-10-29,quarterly,0.33,USD,post-market,27640000,304454000,0.0486,0.0721,0.18,5.75,82332000,None,43476000,169156000,36.26,39.64,13.7931,564562000,326653000,58041000,58041000,237909000,None,216875000,506521000,56.23,None,49.65,22.52
2025-12-28,CGNX,0.65,971705000.0,56.23,None,1.524,8.89,2545000,None,72856000,72856000,19653000,-54090000,None,None,-7699000,None,None,None,94000,191740000,None,62899000,62899000,7118000,None,None,42051000,None,None,11425000,608000,0.32,0.0087,3267000,3267000,None,-0.412,0.04,44004000,55429000,0.29,2010-12-31,24.75,129856000,657348000.0,153976000,48246000,12544000,129856000,129856000,None,0,None,18819000,None,None,None,None,None,19764000,None,None,None,0.209,29595000,109972000,44004000,23771000,45618000,None,None,None,None,None,None,None,1.85,4.112,6.3,None,None,None,None,None,28384000,None,0.113,None,24175000,2025-10-29,quarterly,0.33,USD,post-market,27640000,304454000,0.0486,0.0721,0.18,5.75,82332000,None,43476000,169156000,36.26,39.64,13.7931,564562000,326653000,58041000,58041000,237909000,None,216875000,506521000,56.23,None,49.65,22.52
2025-12-28,CGNX,0.65,971705000.0,56.23,None,1.524,8.89,1076000,None,72856000,72856000,4704000,-39366000,None,None,419000,None,None,None,94000,191740000,None,62899000,62899000,7118000,None,None,42051000,None,None,11425000,3366000,0.32,0.0087,2382000,2382000,None,-0.412,0.04,44004000,55429000,0.29,2010-09-30,24.75,129856000,657348000.0,153976000,48246000,12544000,129856000,129856000,None,0,None,18819000,None,None,None,None,None,18145000,None,None,None,0.209,25471000,109972000,44004000,23771000,45618000,None,None,None,None,None,None,None,1.85,4.112,6.3,None,None,None,None,None,6900000,None,0.113,None,24175000,2025-10-29,quarterly,0.33,USD,post-market,27640000,304454000,0.0486,0.0721,0.18,5.75,82332000,None,43476000,169156000,36.26,39.64,13.7931,564562000,326653000,58041000,58041000,237909000,None,216875000,506521000,56.23,None,49.65,22.52
2025-12-28,CGNX,0.65,971705000.0,56.23,None,1.524,8.89,1150000,None,72856000,72856000,-2220000,-75460000,None,None,403000,None,None,None,94000,191740000,None,62899000,62899000,7118000,None,None,42051000,None,None,11425000,3035000,0.32,0.0087,2382000,2382000,None,-0.412,0.04,44004000,55429000,0.29,2010-06-30,24.75,129856000,657348000.0,153976000,48246000,12544000,129856000,129856000,None,0,None,18819000,None,None,None,None,None,14927000,None,None,None,0.209,11566000,109972000,44004000,23771000,45618000,None,None,None,None,None,None,None,1.85,4.112,6.3,None,None,None,None,None,300000,None,0.113,None,24175000,2025-10-29,quarterly,0.33,USD,post-market,27640000,304454000,0.0486,0.0721,0.18,5.75,82332000,None,43476000,169156000,36.26,39.64,13.7931,564562000,326653000,58041000,58041000,237909000,None,216875000,506521000,56.23,None,49.65,22.52
2025-12-28,CGNX,0.65,971705000.0,56.23,None,1.524,8.89,1081000,None,72856000,72856000,-1909000,-7570000,None,None,539000,None,None,None,94000,191740000,None,62899000,62899000,7118000,None,None,42051000,None,None,11425000,2800000,0.32,0.0087,1983000,1983000,None,-0.412,0.04,44004000,55429000,0.29,2010-03-31,24.75,129856000,657348000.0,153976000,48246000,12544000,129856000,129856000,None,0,None,18819000,None,None,None,None,None,8545000,None,None,None,0.209,9711000,109972000,44004000,23771000,45618000,None,None,None,None,None,None,None,1.85,4.112,6.3,None,None,None,None,None,None,None,0.113,None,24175000,2025-10-29,quarterly,0.33,USD,post-market,27640000,304454000,0.0486,0.0721,0.18,5.75,82332000,None,43476000,169156000,36.26,39.64,13.7931,564562000,326653000,58041000,58041000,237909000,None,216875000,506521000,56.23,None,49.65,22.52
2025-12-28,CGNX,0.65,971705000.0,56.23,None,1.524,8.89,954000,None,72856000,72856000,-10997000,-5379000,None,None,5140000,None,None,None,94000,191740000,None,62899000,62899000,7118000,None,None,42051000,None,None,11425000,1311000,0.32,0.0087,1983000,1983000,None,-0.412,0.04,44004000,55429000,0.29,2009-12-31,24.75,129856000,657348000.0,153976000,48246000,12544000,129856000,129856000,None,0,None,18819000,None,None,None,None,None,459000,None,None,None,0.209,11861000,109972000,44004000,23771000,45618000,None,None,None,None,None,None,None,1.85,4.112,6.3,None,None,None,None,None,146000,None,0.113,None,24175000,2025-10-29,quarterly,0.33,USD,post-market,27640000,304454000,0.0486,0.0721,0.18,5.75,82332000,None,43476000,169156000,36.26,39.64,13.7931,564562000,326653000,58041000,58041000,237909000,None,216875000,506521000,56.23,None,49.65,22.52
2025-12-28,CGNX,0.65,971705000.0,56.23,None,1.524,8.89,1674000,None,72856000,72856000,-2191000,-4427000,None,None,544000,None,None,None,94000,191740000,None,62899000,62899000,7118000,None,None,42051000,None,None,11425000,2647000,0.32,0.0087,1983000,1983000,None,-0.412,0.04,44004000,55429000,0.29,2009-09-30,24.75,129856000,657348000.0,153976000,48246000,12544000,129856000,129856000,None,0,None,18819000,None,None,None,None,None,4501000,None,None,None,0.209,3768000,109972000,44004000,23771000,45618000,None,None,None,None,None,None,None,1.85,4.112,6.3,None,None,None,None,None,None,None,0.113,None,24175000,2025-10-29,quarterly,0.33,USD,post-market,27640000,304454000,0.0486,0.0721,0.18,5.75,82332000,None,43476000,169156000,36.26,39.64,13.7931,564562000,326653000,58041000,58041000,237909000,None,216875000,506521000,56.23,None,49.65,22.52
2025-12-28,CGNX,0.65,971705000.0,56.23,None,1.524,8.89,1097000,None,72856000,72856000,-2075000,1588000,None,None,1432000,None,None,None,94000,191740000,None,62899000,62899000,7118000,None,None,42051000,None,None,11425000,2691000,0.32,0.0087,1983000,1983000,None,-0.412,0.04,44004000,55429000,0.29,2009-06-30,24.75,129856000,657348000.0,153976000,48246000,12544000,129856000,129856000,None,0,None,18819000,None,None,None,None,None,-6419000,None,None,None,0.209,-3864000,109972000,44004000,23771000,45618000,None,None,None,None,None,None,None,1.85,4.112,6.3,None,None,None,None,None,100000,None,0.113,None,24175000,2025-10-29,quarterly,0.33,USD,post-market,27640000,304454000,0.0486,0.0721,0.18,5.75,82332000,None,43476000,169156000,36.26,39.64,13.7931,564562000,326653000,58041000,58041000,237909000,None,216875000,506521000,56.23,None,49.65,22.52
2025-12-28,CGNX,0.65,971705000.0,56.23,None,1.524,8.89,1741000,None,72856000,72856000,-6035000,7752000,None,None,1057000,None,None,None,94000,191740000,None,62899000,62899000,7118000,None,None,42051000,None,None,11425000,2931000,0.32,0.0087,5948000,5948000,None,-0.412,0.04,44004000,55429000,0.29,2009-03-31,24.75,129856000,657348000.0,153976000,48246000,12544000,129856000,129856000,None,0,None,18819000,None,None,None,None,None,-3410000,None,None,None,0.209,518000,109972000,44004000,23771000,45618000,None,None,None,None,None,None,None,1.85,4.112,6.3,None,None,None,None,None,None,None,0.113,None,24175000,2025-10-29,quarterly,0.33,USD,post-market,27640000,304454000,0.0486,0.0721,0.18,5.75,82332000,None,43476000,169156000,36.26,39.64,13.7931,564562000,326653000,58041000,58041000,237909000,None,216875000,506521000,56.23,None,49.65,22.52
2025-12-28,CGNX,0.65,971705000.0,56.23,None,1.524,8.89,1768000,None,72856000,72856000,-29692000,15591000,None,None,-959000,None,None,None,94000,191740000,None,62899000,62899000,7118000,None,None,42051000,None,None,11425000,2591000,0.32,0.0087,5939000,5939000,None,-0.412,0.04,44004000,55429000,0.29,2008-12-31,24.75,129856000,657348000.0,153976000,48246000,12544000,129856000,129856000,None,0,None,18819000,None,None,None,None,None,1814000,None,None,None,0.209,20194000,109972000,44004000,23771000,45618000,None,None,None,None,None,None,None,1.85,4.112,6.3,None,None,None,None,None,-24551000,None,0.113,None,24175000,2025-10-29,quarterly,0.33,USD,post-market,27640000,304454000,0.0486,0.0721,0.18,5.75,82332000,None,43476000,169156000,36.26,39.64,13.7931,564562000,326653000,58041000,58041000,237909000,None,216875000,506521000,56.23,None,49.65,22.52
2025-12-28,CGNX,0.65,971705000.0,56.23,None,1.524,8.89,737000,None,72856000,72856000,-28161000,18276000,None,None,513000,None,None,None,94000,191740000,None,62899000,62899000,7118000,None,None,42051000,None,None,11425000,2959000,0.32,0.0087,6129000,6129000,None,-0.412,0.04,44004000,55429000,0.29,2008-09-30,24.75,129856000,657348000.0,153976000,48246000,12544000,129856000,129856000,None,0,None,18819000,None,None,None,None,None,11333000,None,None,None,0.209,10748000,109972000,44004000,23771000,45618000,None,None,None,None,None,None,None,1.85,4.112,6.3,None,None,None,None,None,-22798000,None,0.113,None,24175000,2025-10-29,quarterly,0.33,USD,post-market,27640000,304454000,0.0486,0.0721,0.18,5.75,82332000,None,43476000,169156000,36.26,39.64,13.7931,564562000,326653000,58041000,58041000,237909000,None,216875000,506521000,56.23,None,49.65,22.52
2025-12-28,CGNX,0.65,971705000.0,56.23,None,1.524,8.89,1798000,None,72856000,72856000,-4691000,-16052000,None,None,1036000,None,None,None,94000,191740000,None,62899000,62899000,7118000,None,None,42051000,None,None,11425000,2949000,0.32,0.0087,3555000,3555000,None,-0.412,0.04,44004000,55429000,0.29,2008-06-30,24.75,129856000,657348000.0,153976000,48246000,12544000,129856000,129856000,None,0,None,18819000,None,None,None,None,None,5653000,None,None,None,0.209,14305000,109972000,44004000,23771000,45618000,None,None,None,None,None,None,None,1.85,4.112,6.3,None,None,None,None,None,-12932000,None,0.113,None,24175000,2025-10-29,quarterly,0.33,USD,post-market,27640000,304454000,0.0486,0.0721,0.18,5.75,82332000,None,43476000,169156000,36.26,39.64,13.7931,564562000,326653000,58041000,58041000,237909000,None,216875000,506521000,56.23,None,49.65,22.52
2025-12-28,CGNX,0.65,971705000.0,56.23,None,1.524,8.89,1709000,None,72856000,72856000,-32983000,46723000,None,None,223000,None,None,None,94000,191740000,None,62899000,62899000,7118000,None,None,42051000,None,None,11425000,2876000,0.32,0.0087,3658000,3658000,None,-0.412,0.04,44004000,55429000,0.29,2008-03-31,24.75,129856000,657348000.0,153976000,48246000,12544000,129856000,129856000,None,0,None,18819000,None,None,None,None,None,8475000,None,None,None,0.209,13690000,109972000,44004000,23771000,45618000,None,None,None,None,None,None,None,1.85,4.112,6.3,None,None,None,None,None,-32688000,None,0.113,None,24175000,2025-10-29,quarterly,0.33,USD,post-market,27640000,304454000,0.0486,0.0721,0.18,5.75,82332000,None,43476000,169156000,36.26,39.64,13.7931,564562000,326653000,58041000,58041000,237909000,None,216875000,506521000,56.23,None,49.65,22.52
2025-12-28,CGNX,0.65,971705000.0,56.23,None,1.524,8.89,1328000,None,72856000,72856000,-3280000,-7595000,None,None,124000,None,None,None,94000,191740000,None,62899000,62899000,7118000,None,None,42051000,None,None,11425000,2864000,0.32,0.0087,3683000,3683000,None,-0.412,0.04,44004000,55429000,0.29,2007-12-31,24.75,129856000,657348000.0,153976000,48246000,12544000,129856000,129856000,None,0,None,18819000,None,None,None,None,None,11094000,None,None,None,0.209,12476000,109972000,44004000,23771000,45618000,None,None,None,None,None,None,None,1.85,4.112,6.3,None,None,None,None,None,39482000,None,0.113,None,24175000,2025-10-29,quarterly,0.33,USD,post-market,27640000,304454000,0.0486,0.0721,0.18,5.75,82332000,None,43476000,169156000,36.26,39.64,13.7931,564562000,326653000,58041000,58041000,237909000,None,216875000,506521000,56.23,None,49.65,22.52
2025-12-28,CGNX,0.65,971705000.0,56.23,None,1.524,8.89,746000,None,72856000,72856000,-1845000,8510000,None,None,None,None,None,None,94000,191740000,None,62899000,62899000,7118000,None,None,42051000,None,None,11425000,2844000,0.32,0.0087,3681000,3681000,None,-0.412,0.04,44004000,55429000,0.29,2007-09-30,24.75,129856000,657348000.0,153976000,48246000,12544000,129856000,129856000,None,0,None,18819000,None,None,None,None,None,7343000,None,None,None,0.209,18008000,109972000,44004000,23771000,45618000,None,None,None,None,None,None,None,1.85,4.112,6.3,None,None,None,None,None,None,None,0.113,None,24175000,2025-10-29,quarterly,0.33,USD,post-market,27640000,304454000,0.0486,0.0721,0.18,5.75,82332000,None,43476000,169156000,36.26,39.64,13.7931,564562000,326653000,58041000,58041000,237909000,None,216875000,506521000,56.23,None,49.65,22.52
2025-12-28,CGNX,0.65,971705000.0,56.23,None,1.524,8.89,1074000,None,72856000,72856000,-30154000,5549000,None,None,None,None,None,None,94000,191740000,None,62899000,62899000,7118000,None,None,42051000,None,None,11425000,2838000,0.32,0.0087,3756000,3756000,None,-0.412,0.04,44004000,55429000,0.29,2007-06-30,24.75,129856000,657348000.0,153976000,48246000,12544000,129856000,129856000,None,0,None,18819000,None,None,None,None,None,3827000,None,None,None,0.209,11501000,109972000,44004000,23771000,45618000,None,None,None,None,None,None,None,1.85,4.112,6.3,None,None,None,None,None,-29993000,None,0.113,None,24175000,2025-10-29,quarterly,0.33,USD,post-market,27640000,304454000,0.0486,0.0721,0.18,5.75,82332000,None,43476000,169156000,36.26,39.64,13.7931,564562000,326653000,58041000,58041000,237909000,None,216875000,506521000,56.23,None,49.65,22.52
2025-12-28,CGNX,0.65,971705000.0,56.23,None,1.524,8.89,1487000,None,72856000,72856000,-5222000,2236000,None,None,None,None,None,None,94000,191740000,None,62899000,62899000,7118000,None,None,42051000,None,None,11425000,2812000,0.32,0.0087,3778000,3778000,None,-0.412,0.04,44004000,55429000,0.29,2007-03-31,24.75,129856000,657348000.0,153976000,48246000,12544000,129856000,129856000,None,0,None,18819000,None,None,None,None,None,4635000,None,None,None,0.209,6488000,109972000,44004000,23771000,45618000,None,None,None,None,None,None,None,1.85,4.112,6.3,None,None,None,None,None,-2670000,None,0.113,None,24175000,2025-10-29,quarterly,0.33,USD,post-market,27640000,304454000,0.0486,0.0721,0.18,5.75,82332000,None,43476000,169156000,36.26,39.64,13.7931,564562000,326653000,58041000,58041000,237909000,None,216875000,506521000,56.23,None,49.65,22.52
2025-12-28,CGNX,0.65,971705000.0,56.23,None,1.524,8.89,993000,None,72856000,72856000,-6320000,-2738000,None,None,None,None,None,None,94000,191740000,None,62899000,62899000,7118000,None,None,42051000,None,None,11425000,2965000,0.32,0.0087,3791000,3791000,None,-0.412,0.04,44004000,55429000,0.29,2006-12-31,24.75,129856000,657348000.0,153976000,48246000,12544000,129856000,129856000,None,0,None,18819000,None,None,None,None,None,9505000,None,None,None,0.209,5946000,109972000,44004000,23771000,45618000,None,None,None,None,None,None,None,1.85,4.112,6.3,None,None,None,None,None,-5000000,None,0.113,None,24175000,2025-10-29,quarterly,0.33,USD,post-market,27640000,304454000,0.0486,0.0721,0.18,5.75,82332000,None,43476000,169156000,36.26,39.64,13.7931,564562000,326653000,58041000,58041000,237909000,None,216875000,506521000,56.23,None,49.65,22.52
2025-12-28,CGNX,0.65,971705000.0,56.23,None,1.524,8.89,1208000,None,72856000,72856000,-21363000,16457000,None,None,None,None,None,None,94000,191740000,None,62899000,62899000,7118000,None,None,42051000,None,None,11425000,2966000,0.32,0.0087,3806000,3806000,None,-0.412,0.04,44004000,55429000,0.29,2006-09-30,24.75,129856000,657348000.0,153976000,48246000,12544000,129856000,129856000,None,0,None,18819000,None,None,None,None,None,10116000,None,None,None,0.209,15950000,109972000,44004000,23771000,45618000,None,None,None,None,None,None,None,1.85,4.112,6.3,None,None,None,None,None,-19413000,None,0.113,None,24175000,2025-10-29,quarterly,0.33,USD,post-market,27640000,304454000,0.0486,0.0721,0.18,5.75,82332000,None,43476000,169156000,36.26,39.64,13.7931,564562000,326653000,58041000,58041000,237909000,None,216875000,506521000,56.23,None,49.65,22.52
2025-12-28,CGNX,0.65,971705000.0,56.23,None,1.524,8.89,992000,None,72856000,72856000,-39321000,22227000,None,None,None,None,None,None,94000,191740000,None,62899000,62899000,7118000,None,None,42051000,None,None,11425000,2926000,0.32,0.0087,3676000,3676000,None,-0.412,0.04,44004000,55429000,0.29,2006-06-30,24.75,129856000,657348000.0,153976000,48246000,12544000,129856000,129856000,None,0,None,18819000,None,None,None,None,None,11434000,None,None,None,0.209,12223000,109972000,44004000,23771000,45618000,None,None,None,None,None,None,None,1.85,4.112,6.3,None,None,None,None,None,-36856000,None,0.113,None,24175000,2025-10-29,quarterly,0.33,USD,post-market,27640000,304454000,0.0486,0.0721,0.18,5.75,82332000,None,43476000,169156000,36.26,39.64,13.7931,564562000,326653000,58041000,58041000,237909000,None,216875000,506521000,56.23,None,49.65,22.52
2025-12-28,CGNX,0.65,971705000.0,56.23,None,1.524,8.89,1031000,None,72856000,72856000,-22578000,16579000,None,None,None,None,None,None,94000,191740000,None,62899000,62899000,7118000,None,None,42051000,None,None,11425000,2810000,0.32,0.0087,3785000,3785000,None,-0.412,0.04,44004000,55429000,0.29,2006-03-31,24.75,129856000,657348000.0,153976000,48246000,12544000,129856000,129856000,None,0,None,18819000,None,None,None,None,None,8800000,None,None,None,0.209,14360000,109972000,44004000,23771000,45618000,None,None,None,None,None,None,None,1.85,4.112,6.3,None,None,None,None,None,-25027000,None,0.113,None,24175000,2025-10-29,quarterly,0.33,USD,post-market,27640000,304454000,0.0486,0.0721,0.18,5.75,82332000,None,43476000,169156000,36.26,39.64,13.7931,564562000,326653000,58041000,58041000,237909000,None,216875000,506521000,56.23,None,49.65,22.52
2025-12-28,CGNX,0.65,971705000.0,56.23,None,1.524,8.89,910000,None,72856000,72856000,-9510000,-20291000,None,None,1048000,None,None,None,94000,191740000,None,62899000,62899000,7118000,None,None,42051000,None,None,11425000,2686000,0.32,0.0087,3787000,3787000,None,-0.412,0.04,44004000,55429000,0.29,2005-12-31,24.75,129856000,657348000.0,153976000,48246000,12544000,129856000,129856000,None,0,None,18819000,None,None,None,None,None,11750000,None,None,None,0.209,12093000,109972000,44004000,23771000,45618000,None,None,None,None,None,None,None,1.85,4.112,6.3,None,None,None,None,None,None,None,0.113,None,24175000,2025-10-29,quarterly,0.33,USD,post-market,27640000,304454000,0.0486,0.0721,0.18,5.75,82332000,None,43476000,169156000,36.26,39.64,13.7931,564562000,326653000,58041000,58041000,237909000,None,216875000,506521000,56.23,None,49.65,22.52
2025-12-28,CGNX,0.65,971705000.0,56.23,None,1.524,8.89,1095000,None,72856000,72856000,13261000,-1781000,None,None,None,None,None,None,94000,191740000,None,62899000,62899000,7118000,None,None,42051000,None,None,11425000,3332000,0.32,0.0087,3768000,3768000,None,-0.412,0.04,44004000,55429000,0.29,2005-09-30,24.75,129856000,657348000.0,153976000,48246000,12544000,129856000,129856000,None,0,None,18819000,None,None,None,None,None,10858000,None,None,None,0.209,15668000,109972000,44004000,23771000,45618000,None,None,None,None,None,None,None,1.85,4.112,6.3,None,None,None,None,None,17000000,None,0.113,None,24175000,2025-10-29,quarterly,0.33,USD,post-market,27640000,304454000,0.0486,0.0721,0.18,5.75,82332000,None,43476000,169156000,36.26,39.64,13.7931,564562000,326653000,58041000,58041000,237909000,None,216875000,506521000,56.23,None,49.65,22.52
2025-12-28,CGNX,0.65,971705000.0,56.23,None,1.524,8.89,15043000,None,72856000,72856000,-118420000,-38969000,None,None,2505000,None,None,None,94000,191740000,None,62899000,62899000,7118000,None,None,42051000,None,None,11425000,32689000,0.32,0.0087,52329000,52329000,None,-0.412,0.04,44004000,55429000,0.29,2024-12-31,24.75,129856000,657348000.0,153976000,48246000,12544000,129856000,129856000,None,0,None,18819000,None,None,None,None,None,106171000,None,None,None,0.209,149081000,109972000,44004000,23771000,45618000,None,None,None,None,None,None,None,1.85,4.112,6.3,None,None,None,None,None,-67085000,None,0.113,None,24175000,2025-10-29,annual,0.33,USD,post-market,27640000,304454000,0.0486,0.0721,0.18,5.75,82332000,None,43476000,169156000,36.26,39.64,13.7931,564562000,326653000,58041000,58041000,237909000,None,216875000,506521000,56.23,None,49.65,22.52
2025-12-28,CGNX,0.65,971705000.0,56.23,None,1.524,8.89,23077000,None,72856000,72856000,-125605000,32273000,None,None,3775000,None,None,None,94000,191740000,None,62899000,62899000,7118000,None,None,42051000,None,None,11425000,21880000,0.32,0.0087,49079000,49079000,None,-0.412,0.04,44004000,55429000,0.29,2023-12-31,24.75,129856000,657348000.0,153976000,48246000,12544000,129856000,129856000,None,0,None,18819000,None,None,None,None,None,113234000,None,None,None,0.209,112916000,109972000,44004000,23771000,45618000,None,None,None,None,None,None,None,1.85,4.112,6.3,None,None,None,None,None,-79794000,None,0.113,None,24175000,2025-10-29,annual,0.33,USD,post-market,27640000,304454000,0.0486,0.0721,0.18,5.75,82332000,None,43476000,169156000,36.26,39.64,13.7931,564562000,326653000,58041000,58041000,237909000,None,216875000,506521000,56.23,None,49.65,22.52
2025-12-28,CGNX,0.65,971705000.0,56.23,None,1.524,8.89,19667000,None,72856000,72856000,-240374000,-4454000,-1422000,None,-48934000,None,None,3454000,94000,191740000,None,62899000,62899000,7118000,None,None,42051000,None,None,11425000,19621000,0.32,0.0087,45921000,45921000,None,-0.412,0.04,44004000,55429000,0.29,2022-12-31,24.75,129856000,657348000.0,153976000,48246000,12544000,129856000,129856000,None,0,None,18819000,None,None,None,None,None,215525000,None,None,None,0.209,243406000,109972000,44004000,23771000,45618000,None,None,None,None,None,None,None,1.85,4.112,6.3,None,None,None,None,None,-204314000,None,0.113,None,24175000,2025-10-29,annual,0.33,USD,post-market,27640000,304454000,0.0486,0.0721,0.18,5.75,82332000,None,43476000,169156000,36.26,39.64,13.7931,564562000,326653000,58041000,58041000,237909000,None,216875000,506521000,56.23,None,49.65,22.52
2025-12-28,CGNX,0.65,971705000.0,56.23,None,1.524,8.89,15455000,None,72856000,72856000,-141623000,-252539000,-80097000,None,-54920000,None,None,-4503000,94000,191740000,None,62899000,62899000,7118000,None,None,42051000,None,None,11425000,20283000,0.32,0.0087,43263000,43263000,None,-0.412,0.04,44004000,55429000,0.29,2021-12-31,24.75,129856000,657348000.0,153976000,48246000,12544000,129856000,129856000,None,0,None,18819000,None,None,None,None,None,279881000,None,None,None,0.209,314065000,109972000,44004000,23771000,45618000,None,None,None,None,None,None,None,1.85,4.112,6.3,None,None,None,None,None,-161652000,None,0.113,None,24175000,2025-10-29,annual,0.33,USD,post-market,27640000,304454000,0.0486,0.0721,0.18,5.75,82332000,None,43476000,169156000,36.26,39.64,13.7931,564562000,326653000,58041000,58041000,237909000,None,216875000,506521000,56.23,None,49.65,22.52
2025-12-28,CGNX,0.65,971705000.0,56.23,None,1.524,8.89,13303000,None,72856000,72856000,-316868000,169439000,94971000,None,-10319000,None,None,-21285000,94000,191740000,None,62899000,62899000,7118000,None,None,42051000,None,None,11425000,26503000,0.32,0.0087,390508000,390508000,None,-0.412,0.04,44004000,55429000,0.29,2020-12-31,24.75,129856000,657348000.0,153976000,48246000,12544000,129856000,129856000,None,0,None,18819000,None,None,None,None,None,176186000,None,None,None,0.209,242400000,109972000,44004000,23771000,45618000,None,None,None,None,None,None,None,1.85,4.112,6.3,None,None,None,None,None,-51036000,None,0.113,None,24175000,2025-10-29,annual,0.33,USD,post-market,27640000,304454000,0.0486,0.0721,0.18,5.75,82332000,None,43476000,169156000,36.26,39.64,13.7931,564562000,326653000,58041000,58041000,237909000,None,216875000,506521000,56.23,None,49.65,22.52
2025-12-28,CGNX,0.65,971705000.0,56.23,None,1.524,8.89,21745000,None,72856000,72856000,-32233000,-157336000,63219000,-437000,23137000,None,None,20337000,94000,191740000,None,62899000,62899000,7118000,None,None,42051000,None,None,11425000,24900000,0.32,0.0087,35124000,35124000,None,-0.412,0.04,44004000,55429000,0.29,2019-12-31,24.75,129856000,657348000.0,153976000,48246000,12544000,129856000,129856000,None,0,None,18819000,None,None,None,None,None,203865000,None,None,None,0.209,253225000,109972000,44004000,23771000,45618000,None,None,None,None,None,None,None,1.85,4.112,6.3,None,None,None,None,None,-61690000,None,0.113,None,24175000,2025-10-29,annual,0.33,USD,post-market,27640000,304454000,0.0486,0.0721,0.18,5.75,82332000,None,43476000,169156000,36.26,39.64,13.7931,564562000,326653000,58041000,58041000,237909000,None,216875000,506521000,56.23,None,49.65,22.52
2025-12-28,CGNX,0.65,971705000.0,56.23,None,1.524,8.89,37095000,None,72856000,72856000,-209904000,-10827000,1630000,-1093000,-16946000,None,None,-2773000,94000,191740000,None,62899000,62899000,7118000,None,None,42051000,None,None,11425000,21549000,0.32,0.0087,31865000,31865000,None,-0.412,0.04,44004000,55429000,0.29,2018-12-31,24.75,129856000,657348000.0,153976000,48246000,12544000,129856000,129856000,None,0,None,18819000,None,None,None,None,None,219267000,None,None,None,0.209,223454000,109972000,44004000,23771000,45618000,None,None,None,None,None,None,None,1.85,4.112,6.3,None,None,None,None,None,-203822000,None,0.113,None,24175000,2025-10-29,annual,0.33,USD,post-market,27640000,304454000,0.0486,0.0721,0.18,5.75,82332000,None,43476000,169156000,36.26,39.64,13.7931,564562000,326653000,58041000,58041000,237909000,None,216875000,506521000,56.23,None,49.65,22.52
2025-12-28,CGNX,0.65,971705000.0,56.23,None,1.524,8.89,28754000,None,72856000,72856000,-100121000,-105555000,26941000,8294000,-37088000,None,None,-59789000,94000,191740000,None,62899000,62899000,7118000,None,None,42051000,None,None,11425000,16991000,0.32,0.0087,29037000,29037000,None,-0.412,0.04,44004000,55429000,0.29,2017-12-31,24.75,129856000,657348000.0,153976000,48246000,12544000,129856000,129856000,None,0,None,18819000,None,None,None,None,None,177178000,None,None,None,0.209,224323000,109972000,44004000,23771000,45618000,None,None,None,None,None,None,None,1.85,4.112,6.3,None,None,None,None,None,-123715000,None,0.113,None,24175000,2025-10-29,annual,0.33,USD,post-market,27640000,304454000,0.0486,0.0721,0.18,5.75,82332000,None,43476000,169156000,36.26,39.64,13.7931,564562000,326653000,58041000,58041000,237909000,None,216875000,506521000,56.23,None,49.65,22.52
2025-12-28,CGNX,0.65,971705000.0,56.23,None,1.524,8.89,12816000,None,72856000,72856000,-29231000,-121832000,27666000,-3352000,10409000,None,None,-15559000,94000,191740000,None,62899000,62899000,7118000,None,None,42051000,None,None,11425000,15069000,0.32,0.0087,25213000,25213000,None,-0.412,0.04,44004000,55429000,0.29,2016-12-31,24.75,129856000,657348000.0,153976000,48246000,12544000,129856000,129856000,None,0,None,18819000,None,None,None,None,None,149827000,None,None,None,0.209,182081000,109972000,44004000,23771000,45618000,None,None,None,None,None,None,None,1.85,4.112,6.3,None,None,None,None,None,-47149000,None,0.113,None,24175000,2025-10-29,annual,0.33,USD,post-market,27640000,304454000,0.0486,0.0721,0.18,5.75,82332000,None,43476000,169156000,36.26,39.64,13.7931,564562000,326653000,58041000,58041000,237909000,None,216875000,506521000,56.23,None,49.65,22.52
2025-12-28,CGNX,0.65,971705000.0,56.23,None,1.524,8.89,28703000,None,72856000,72856000,-106867000,-10547000,-3719000,-4668000,-9457000,None,None,-3950000,94000,191740000,None,62899000,62899000,7118000,None,None,42051000,None,None,11425000,14118000,0.32,0.0087,18062000,18062000,None,-0.412,0.04,44004000,55429000,0.29,2015-12-31,24.75,129856000,657348000.0,153976000,48246000,12544000,129856000,129856000,None,0,None,18819000,None,None,None,None,None,108892000,None,None,None,0.209,118363000,109972000,44004000,23771000,45618000,None,None,None,None,None,None,None,1.85,4.112,6.3,None,None,None,None,None,-126351000,None,0.113,None,24175000,2025-10-29,annual,0.33,USD,post-market,27640000,304454000,0.0486,0.0721,0.18,5.75,82332000,None,43476000,169156000,36.26,39.64,13.7931,564562000,326653000,58041000,58041000,237909000,None,216875000,506521000,56.23,None,49.65,22.52
2025-12-28,CGNX,0.65,971705000.0,56.23,None,1.524,8.89,20934000,None,72856000,72856000,-34872000,-104097000,15050000,-1951000,-11750000,None,None,-915000,94000,191740000,None,62899000,62899000,7118000,None,None,42051000,None,None,11425000,12467000,0.32,0.0087,18062000,18062000,None,-0.412,0.04,44004000,55429000,0.29,2014-12-31,24.75,129856000,657348000.0,153976000,48246000,12544000,129856000,129856000,None,0,None,18819000,None,None,None,None,None,121485000,None,None,None,0.209,155970000,109972000,44004000,23771000,45618000,None,None,None,None,None,None,None,1.85,4.112,6.3,None,None,None,None,None,-59673000,None,0.113,None,24175000,2025-10-29,annual,0.33,USD,post-market,27640000,304454000,0.0486,0.0721,0.18,5.75,82332000,None,43476000,169156000,36.26,39.64,13.7931,564562000,326653000,58041000,58041000,237909000,None,216875000,506521000,56.23,None,49.65,22.52
2025-12-28,CGNX,0.65,971705000.0,56.23,None,1.524,8.89,13380000,None,72856000,72856000,-12458000,-88070000,-4516000,557000,666000,None,None,-11311000,94000,191740000,None,62899000,62899000,7118000,None,None,42051000,None,None,11425000,11102000,0.32,0.0087,0,0,None,-0.412,0.04,44004000,55429000,0.29,2013-12-31,24.75,129856000,657348000.0,153976000,48246000,12544000,129856000,129856000,None,0,None,18819000,None,None,None,None,None,73573000,None,None,None,0.209,95455000,109972000,44004000,23771000,45618000,None,None,None,None,None,None,None,1.85,4.112,6.3,None,None,None,None,None,-47908000,None,0.113,None,24175000,2025-10-29,annual,0.33,USD,post-market,27640000,304454000,0.0486,0.0721,0.18,5.75,82332000,None,43476000,169156000,36.26,39.64,13.7931,564562000,326653000,58041000,58041000,237909000,None,216875000,506521000,56.23,None,49.65,22.52
2025-12-28,CGNX,0.65,971705000.0,56.23,None,1.524,8.89,9878000,None,72856000,72856000,-45151000,-38854000,7057000,-10069000,1872000,None,None,5035000,94000,191740000,None,62899000,62899000,7118000,None,None,42051000,None,None,11425000,10858000,0.32,0.0087,66213000,66213000,None,-0.412,0.04,44004000,55429000,0.29,2012-12-31,24.75,129856000,657348000.0,153976000,48246000,12544000,129856000,129856000,None,0,None,18819000,None,None,None,None,None,68098000,None,None,None,0.209,101131000,109972000,44004000,23771000,45618000,None,None,None,None,None,None,None,1.85,4.112,6.3,None,None,None,None,None,17468000,None,0.113,None,24175000,2025-10-29,annual,0.33,USD,post-market,27640000,304454000,0.0486,0.0721,0.18,5.75,82332000,None,43476000,169156000,36.26,39.64,13.7931,564562000,326653000,58041000,58041000,237909000,None,216875000,506521000,56.23,None,49.65,22.52
2025-12-28,CGNX,0.65,971705000.0,56.23,None,1.524,8.89,7820000,None,72856000,72856000,9794000,-90028000,4900000,-960000,-5743000,None,None,-2031000,94000,191740000,None,62899000,62899000,7118000,None,None,42051000,None,None,11425000,9756000,0.32,0.0087,15114000,15114000,None,-0.412,0.04,44004000,55429000,0.29,2011-12-31,24.75,129856000,657348000.0,153976000,48246000,12544000,129856000,129856000,None,0,None,18819000,None,None,None,None,None,69869000,None,None,None,0.209,86094000,109972000,44004000,23771000,45618000,None,None,None,None,None,None,None,1.85,4.112,6.3,None,None,None,None,None,-10000000,None,0.113,None,24175000,2025-10-29,annual,0.33,USD,post-market,27640000,304454000,0.0486,0.0721,0.18,5.75,82332000,None,43476000,169156000,36.26,39.64,13.7931,564562000,326653000,58041000,58041000,237909000,None,216875000,506521000,56.23,None,49.65,22.52
2025-12-28,CGNX,0.65,971705000.0,56.23,None,1.524,8.89,5852000,None,72856000,72856000,20228000,-176486000,-86628000,-6713000,-7699000,None,None,-14535000,94000,191740000,None,62899000,62899000,7118000,None,None,42051000,None,None,11425000,9809000,0.32,0.0087,10014000,10014000,None,-0.412,0.04,44004000,55429000,0.29,2010-12-31,24.75,129856000,657348000.0,153976000,48246000,12544000,129856000,129856000,None,0,None,18819000,None,None,None,None,None,61381000,None,None,None,0.209,76343000,109972000,44004000,23771000,45618000,None,None,None,None,None,None,None,1.85,4.112,6.3,None,None,None,None,None,28384000,None,0.113,None,24175000,2025-10-29,annual,0.33,USD,post-market,27640000,304454000,0.0486,0.0721,0.18,5.75,82332000,None,43476000,169156000,36.26,39.64,13.7931,564562000,326653000,58041000,58041000,237909000,None,216875000,506521000,56.23,None,49.65,22.52
2025-12-28,CGNX,0.65,971705000.0,56.23,None,1.524,8.89,5466000,None,72856000,72856000,-21298000,-466000,None,None,5140000,None,None,None,94000,191740000,None,62899000,62899000,7118000,None,None,42051000,None,None,11425000,9580000,0.32,0.0087,11897000,11897000,None,-0.412,0.04,44004000,55429000,0.29,2009-12-31,24.75,129856000,657348000.0,153976000,48246000,12544000,129856000,129856000,None,0,None,18819000,None,None,None,None,None,-4869000,None,None,None,0.209,12283000,109972000,44004000,23771000,45618000,None,None,None,None,None,None,None,1.85,4.112,6.3,None,None,None,None,None,146000,None,0.113,None,24175000,2025-10-29,annual,0.33,USD,post-market,27640000,304454000,0.0486,0.0721,0.18,5.75,82332000,None,43476000,169156000,36.26,39.64,13.7931,564562000,326653000,58041000,58041000,237909000,None,216875000,506521000,56.23,None,49.65,22.52
2025-12-28,CGNX,0.65,971705000.0,56.23,None,1.524,8.89,6012000,None,72856000,72856000,-95527000,64538000,None,None,-959000,None,None,None,94000,191740000,None,62899000,62899000,7118000,None,None,42051000,None,None,11425000,11375000,0.32,0.0087,19281000,19281000,None,-0.412,0.04,44004000,55429000,0.29,2008-12-31,24.75,129856000,657348000.0,153976000,48246000,12544000,129856000,129856000,None,0,None,18819000,None,None,None,None,None,27275000,None,None,None,0.209,58937000,109972000,44004000,23771000,45618000,None,None,None,None,None,None,None,1.85,4.112,6.3,None,None,None,None,None,-92969000,None,0.113,None,24175000,2025-10-29,annual,0.33,USD,post-market,27640000,304454000,0.0486,0.0721,0.18,5.75,82332000,None,43476000,169156000,36.26,39.64,13.7931,564562000,326653000,58041000,58041000,237909000,None,216875000,506521000,56.23,None,49.65,22.52
2025-12-28,CGNX,0.65,971705000.0,56.23,None,1.524,8.89,4635000,None,72856000,72856000,-40501000,8700000,None,None,124000,None,None,None,94000,191740000,None,62899000,62899000,7118000,None,None,42051000,None,None,11425000,11358000,0.32,0.0087,14898000,14898000,None,-0.412,0.04,44004000,55429000,0.29,2007-12-31,24.75,129856000,657348000.0,153976000,48246000,12544000,129856000,129856000,None,0,None,18819000,None,None,None,None,None,26899000,None,None,None,0.209,48473000,109972000,44004000,23771000,45618000,None,None,None,None,None,None,None,1.85,4.112,6.3,None,None,None,None,None,-32663000,None,0.113,None,24175000,2025-10-29,annual,0.33,USD,post-market,27640000,304454000,0.0486,0.0721,0.18,5.75,82332000,None,43476000,169156000,36.26,39.64,13.7931,564562000,326653000,58041000,58041000,237909000,None,216875000,506521000,56.23,None,49.65,22.52
2025-12-28,CGNX,0.65,971705000.0,56.23,None,1.524,8.89,4224000,None,72856000,72856000,-89582000,52525000,None,None,-10178000,None,None,None,94000,191740000,None,62899000,62899000,7118000,None,None,42051000,None,None,11425000,11667000,0.32,0.0087,15058000,15058000,None,-0.412,0.04,44004000,55429000,0.29,2006-12-31,24.75,129856000,657348000.0,153976000,48246000,12544000,129856000,129856000,None,0,None,18819000,None,None,None,None,None,39855000,None,None,None,0.209,48479000,109972000,44004000,23771000,45618000,None,None,None,None,None,None,None,1.85,4.112,6.3,None,None,None,None,None,-86296000,None,0.113,None,24175000,2025-10-29,annual,0.33,USD,post-market,27640000,304454000,0.0486,0.0721,0.18,5.75,82332000,None,43476000,169156000,36.26,39.64,13.7931,564562000,326653000,58041000,58041000,237909000,None,216875000,506521000,56.23,None,49.65,22.52
2025-12-28,CGNX,0.65,971705000.0,56.23,None,1.524,8.89,3819000,None,72856000,72856000,565000,-21095000,None,None,1048000,None,None,None,94000,191740000,None,62899000,62899000,7118000,None,None,42051000,None,None,11425000,11425000,0.32,0.0087,14960000,14960000,None,-0.412,0.04,44004000,55429000,0.29,2005-12-31,24.75,129856000,657348000.0,153976000,48246000,12544000,129856000,129856000,None,0,None,18819000,None,None,None,None,None,35702000,None,None,None,0.209,42761000,109972000,44004000,23771000,45618000,None,None,None,None,None,None,None,1.85,4.112,6.3,None,None,None,None,None,-11690000,None,0.113,None,24175000,2025-10-29,annual,0.33,USD,post-market,27640000,304454000,0.0486,0.0721,0.18,5.75,82332000,None,43476000,169156000,36.26,39.64,13.7931,564562000,326653000,58041000,58041000,237909000,None,216875000,506521000,56.23,None,49.65,22.52
