date,symbol,eps,revenue_ttm,pe_ratio,accumulateddepreciationamortizationppe,beta,book_value,capitalexpenditures,capitalleaseobligations,cashandcashequivalentsatcarryingvalue,cashandshortterminvestments,cashflowfromfinancing,cashflowfrominvestment,changeincashandcashequivalents,changeinexchangerate,changeininventory,changeinoperatingassets,changeinoperatingliabilities,changeinreceivables,commonstock,commonstocksharesoutstanding,comprehensiveincomenetoftax,costofgoodsandservicessold,costofrevenue,currentaccountspayable,currentdebt,currentlongtermdebt,currentnetreceivables,deferredrevenue,depreciation,depreciationandamortization,depreciationdepletionandamortization,dividendpayout,dividendpayoutcommonstock,dividendpayoutpreferredstock,earnings_growth_yoy,earnings_surprise,ebit,ebitda,estimated_eps,fiscaldateending,forward_pe,goodwill,gross_profit_ttm,grossprofit,incomebeforetax,incometaxexpense,intangibleassets,intangibleassetsexcludinggoodwill,interestanddebtexpense,interestexpense,interestincome,inventory,investmentincomenet,investments,longtermdebt,longtermdebtnoncurrent,longterminvestments,netincome,netincomefromcontinuingoperations,netinterestincome,noninterestincome,operating_margin_ttm,operatingcashflow,operatingexpenses,operatingincome,othercurrentassets,othercurrentliabilities,othernoncurrentassets,othernoncurrentliabilities,othernonoperatingincome,paymentsforoperatingactivities,paymentsforrepurchaseofcommonstock,paymentsforrepurchaseofequity,paymentsforrepurchaseofpreferredstock,peg_ratio,price_to_book,price_to_sales_ttm,proceedsfromissuanceofcommonstock,proceedsfromissuanceoflongtermdebtandcapitalsecuritiesnet,proceedsfromissuanceofpreferredstock,proceedsfromoperatingactivities,proceedsfromrepaymentsofshorttermdebt,proceedsfromrepurchaseofequity,proceedsfromsaleoftreasurystock,profit_margin,profitloss,propertyplantequipment,report_date,report_type,reported_eps,reportedcurrency,reporttime,researchanddevelopment,retainedearnings,return_on_assets_ttm,return_on_equity_ttm,revenue_growth_yoy,revenue_per_share_ttm,sellinggeneralandadministrative,shortlongtermdebttotal,shorttermdebt,shortterminvestments,sma_200,sma_50,surprise_pct,totalassets,totalcurrentassets,totalcurrentliabilities,totalliabilities,totalnoncurrentassets,totalnoncurrentliabilities,totalrevenue,totalshareholderequity,trailing_pe,treasurystock,week_52_high,week_52_low
2009-12-31,CHTR,,,,,,,,,,,,,,,,,,,,,,,,,,,,,,,,,,,,0.0,,,,,,,,,,,,,,,,,,,,,,,,,,,,,,,,,,,,,,,,,,,,,,,,,,,,2010-03-02,,122.5021,,pre-market,,,,,,,,,,,,,,,,,,,,,,,,,
2010-03-31,CHTR,,,,,,,,,,,,,,,,,,,,,,,,,,,,,,,,,,,,-0.54,,,0.77,,,,,,,,,,,,,,,,,,,,,,,,,,,,,,,,,,,,,,,,,,,,,,,,,2010-05-06,,0.23,,pre-market,,,,,,,,,,,,,-70.1299,,,,,,,,,,,,
2010-06-30,CHTR,,,,,,,,,,,,,,,,,,,,,,,,,,,,,,,,,,,,-1.39,,,0.59,,,,,,,,,,,,,,,,,,,,,,,,,,,,,,,,,,,,,,,,,,,,,,,,,2010-08-04,,-0.8,,pre-market,,,,,,,,,,,,,-235.5932,,,,,,,,,,,,
2010-09-30,CHTR,,,,,,,,,,,,,,,,,,,,,,,,,,,,,,,,,,,,-0.96,,,0.03,,,,,,,,,,,,,,,,,,,,,,,,,,,,,,,,,,,,,,,,,,,,,,,,,2010-11-03,,-0.93,,pre-market,,,,,,,,,,,,,-3200.0,,,,,,,,,,,,
2010-12-31,CHTR,,,,,,,,,,,,,,,,,,,,,,,,,,,,,,,,,,,,-1.05,,,0.22,,,,,,,,,,,,,,,,,,,,,,,,,,,,,,,,,,,,,,,,,,,,,,,,,2011-03-01,,-0.83,,pre-market,,,,,,,,,,,,,-477.2727,,,,,,,,,,,,
2011-03-31,CHTR,,,,,,,,,,,,,,,,,,,,,,,,,,,,,,,,,,,,-0.65,,,0.23,,,,,,,,,,,,,,,,,,,,,,,,,,,,,,,,,,,,,,,,,,,,,,,,,2011-05-03,,-0.42,,pre-market,,,,,,,,,,,,,-282.6087,,,,,,,,,,,,
2011-06-30,CHTR,,,,,,,,,,,,,,,,,,,,,,,,,,,,,,,,,,,,-1.3,,,0.22,,,,,,,,,,,,,,,,,,,,,,,,,,,,,,,,,,,,,,,,,,,,,,,,,2011-08-02,,-1.08,,pre-market,,,,,,,,,,,,,-590.9091,,,,,,,,,,,,
2011-09-30,CHTR,,,,,,,,,,,,,,,,,,,,,,,,,,,,,,,,,,,,-0.7,,,-0.17,,,,,,,,,,,,,,,,,,,,,,,,,,,,,,,,,,,,,,,,,,,,,,,,,2011-11-01,,-0.87,,pre-market,,,,,,,,,,,,,-411.7647,,,,,,,,,,,,
2011-12-31,CHTR,,,,,,,,,,,,,,,,,,,,,,,,,,,,,,,,,,,,-0.35,,,-0.35,,,,,,,,,,,,,,,,,,,,,,,,,,,,,,,,,,,,,,,,,,,,,,,,,2012-02-27,,-0.7,,pre-market,,,,,,,,,,,,,-100.0,,,,,,,,,,,,
2012-03-31,CHTR,,,,,,,,,,,,,,,,,,,,,,,,,,,,,,,,,,,,-0.42,,,-0.63,,,,,,,,,,,,,,,,,,,,,,,,,,,,,,,,,,,,,,,,,,,,,,,,,2012-05-08,,-1.05,,pre-market,,,,,,,,,,,,,-66.6667,,,,,,,,,,,,
2012-06-30,CHTR,,,,,,,,,,,,,,,,,,,,,,,,,,,,,,,,,,,,-0.52,,,-0.41,,,,,,,,,,,,,,,,,,,,,,,,,,,,,,,,,,,,,,,,,,,,,,,,,2012-08-07,,-0.93,,pre-market,,,,,,,,,,,,,-126.8293,,,,,,,,,,,,
2012-09-30,CHTR,,,,,,,,,,,,,,,,,,,,,,,,,,,,,,,,,,,,-0.5,,,-0.46,,,,,,,,,,,,,,,,,,,,,,,,,,,,,,,,,,,,,,,,,,,,,,,,,2012-11-06,,-0.96,,pre-market,,,,,,,,,,,,,-108.6957,,,,,,,,,,,,
2012-12-31,CHTR,,,,,,,,,,,,,,,,,,,,,,,,,,,,,,,,,,,,-0.14,,,-0.31,,,,,,,,,,,,,,,,,,,,,,,,,,,,,,,,,,,,,,,,,,,,,,,,,2013-02-22,,-0.45,,pre-market,,,,,,,,,,,,,-45.1613,,,,,,,,,,,,
2013-03-31,CHTR,,,,,,,,,,,,,,,,,,,,,,,,,,,,,,,,,,,,0.21,,,-0.67,,,,,,,,,,,,,,,,,,,,,,,,,,,,,,,,,,,,,,,,,,,,,,,,,2013-05-07,,-0.46,,pre-market,,,,,,,,,,,,,31.3433,,,,,,,,,,,,
2013-06-30,CHTR,,,,,,,,,,,,,,,,,,,,,,,,,,,,,,,,,,,,-1.44,,,0.38,,,,,,,,,,,,,,,,,,,,,,,,,,,,,,,,,,,,,,,,,,,,,,,,,2013-08-06,,-1.06,,pre-market,,,,,,,,,,,,,-378.9474,,,,,,,,,,,,
2013-09-30,CHTR,,,,,,,,,,,,,,,,,,,,,,,,,,,,,,,,,,,,-0.86,,,0.11,,,,,,,,,,,,,,,,,,,,,,,,,,,,,,,,,,,,,,,,,,,,,,,,,2013-11-05,,-0.75,,pre-market,,,,,,,,,,,,,-781.8182,,,,,,,,,,,,
2013-12-31,CHTR,,,,,,,,,,,,,,,,,,,,,,,,,,,,,,,,,,,,0.13,,,0.26,,,,,,,,,,,,,,,,,,,,,,,,,,,,,,,,,,,,,,,,,,,,,,,,,2014-02-21,,0.39,,pre-market,,,,,,,,,,,,,50.0,,,,,,,,,,,,
2014-03-31,CHTR,,,,,,,,,,,,,,,,,,,,,,,,,,,,,,,,,,,,-0.52,,,0.13,,,,,,,,,,,,,,,,,,,,,,,,,,,,,,,,,,,,,,,,,,,,,,,,,2014-04-28,,-0.39,,pre-market,,,,,,,,,,,,,-400.0,,,,,,,,,,,,
2014-06-30,CHTR,,,,,,,,,,,,,,,,,,,,,,,,,,,,,,,,,,,,-0.69,,,0.23,,,,,,,,,,,,,,,,,,,,,,,,,,,,,,,,,,,,,,,,,,,,,,,,,2014-07-31,,-0.46,,pre-market,,,,,,,,,,,,,-300.0,,,,,,,,,,,,
2014-09-30,CHTR,,,,,,,,,,,,,,,,,,,,,,,,,,,,,,,,,,,,-0.62,,,0.08,,,,,,,,,,,,,,,,,,,,,,,,,,,,,,,,,,,,,,,,,,,,,,,,,2014-10-29,,-0.54,,pre-market,,,,,,,,,,,,,-775.0,,,,,,,,,,,,
2014-12-31,CHTR,,,,,,,,,,,,,,,,,,,,,,,,,,,,,,,,,,,,-0.54,,,0.01,,,,,,,,,,,,,,,,,,,,,,,,,,,,,,,,,,,,,,,,,,,,,,,,,2015-02-05,,-0.53,,pre-market,,,,,,,,,,,,,-5400.0,,,,,,,,,,,,
2015-03-31,CHTR,,,,,,,,,,,,,,,,,,,,,,,,,,,,,,,,,,,,-0.85,,,0.04,,,,,,,,,,,,,,,,,,,,,,,,,,,,,,,,,,,,,,,,,,,,,,,,,2015-05-01,,-0.81,,pre-market,,,,,,,,,,,,,-2125.0,,,,,,,,,,,,
2015-06-30,CHTR,,,,,,,,,,,,,,,,,,,,,,,,,,,,,,,,,,,,-0.48,,,0.3,,,,,,,,,,,,,,,,,,,,,,,,,,,,,,,,,,,,,,,,,,,,,,,,,2015-08-04,,-0.18,,pre-market,,,,,,,,,,,,,-160.0,,,,,,,,,,,,
2015-09-30,CHTR,,,,,,,,,,,,,,,,,,,,,,,,,,,,,,,,,,,,0.8,,,-0.07,,,,,,,,,,,,,,,,,,,,,,,,,,,,,,,,,,,,,,,,,,,,,,,,,2015-10-29,,0.73,,pre-market,,,,,,,,,,,,,1142.8571,,,,,,,,,,,,
2015-12-31,CHTR,,,,,,,,,,,,,,,,,,,,,,,,,,,,,,,,,,,,-0.89,,,-0.32,,,,,,,,,,,,,,,,,,,,,,,,,,,,,,,,,,,,,,,,,,,,,,,,,2016-02-04,,-1.21,,pre-market,,,,,,,,,,,,,-278.125,,,,,,,,,,,,
2016-03-31,CHTR,,,,,,,,,,,,,,,,,,,,,,,,,,,,,,,,,,,,-0.65,,,-1.21,,,,,,,,,,,,,,,,,,,,,,,,,,,,,,,,,,,,,,,,,,,,,,,,,2016-04-28,,-1.86,,pre-market,,,,,,,,,,,,,-53.719,,,,,,,,,,,,
2016-06-30,CHTR,,,,,,,,,,,,,,,,,,,,,,,,,,,,,,,,,,,,15.09,,,0.08,,,,,,,,,,,,,,,,,,,,,,,,,,,,,,,,,,,,,,,,,,,,,,,,,2016-08-09,,15.17,,pre-market,,,,,,,,,,,,,18862.5,,,,,,,,,,,,
2016-09-30,CHTR,,,,,,,,,,,,,,,,,,,,,,,,,,,,,,,,,,,,0.06,,,0.63,,,,,,,,,,,,,,,,,,,,,,,,,,,,,,,,,,,,,,,,,,,,,,,,,2016-11-03,,0.69,,pre-market,,,,,,,,,,,,,9.5238,,,,,,,,,,,,
2016-12-31,CHTR,,,,,,,,,,,,,,,,,,,,,,,,,,,,,,,,,,,,0.67,,,1.0,,,,,,,,,,,,,,,,,,,,,,,,,,,,,,,,,,,,,,,,,,,,,,,,,2017-02-16,,1.67,,pre-market,,,,,,,,,,,,,67.0,,,,,,,,,,,,
2017-03-31,CHTR,,,,,,,,,,,,,,,,,,,,,,,,,,,,,,,,,,,,-0.39,,,0.96,,,,,,,,,,,,,,,,,,,,,,,,,,,,,,,,,,,,,,,,,,,,,,,,,2017-05-02,,0.57,,pre-market,,,,,,,,,,,,,-40.625,,,,,,,,,,,,
2017-06-30,CHTR,,,,,,,,,,,,,,,,,,,,,,,,,,,,,,,,,,,,-0.35,,,0.87,,,,,,,,,,,,,,,,,,,,,,,,,,,,,,,,,,,,,,,,,,,,,,,,,2017-07-27,,0.52,,pre-market,,,,,,,,,,,,,-40.2299,,,,,,,,,,,,
2017-09-30,CHTR,,,,,,,,,,,,,,,,,,,,,,,,,,,,,,,,,,,,-0.83,,,1.02,,,,,,,,,,,,,,,,,,,,,,,,,,,,,,,,,,,,,,,,,,,,,,,,,2017-10-26,,0.19,,pre-market,,,,,,,,,,,,,-81.3725,,,,,,,,,,,,
2017-12-31,CHTR,,,,,,,,,,,,,,,,,,,,,,,,,,,,,,,,,,,,0.27,,,0.87,,,,,,,,,,,,,,,,,,,,,,,,,,,,,,,,,,,,,,,,,,,,,,,,,2018-02-02,,1.14,,pre-market,,,,,,,,,,,,,31.0345,,,,,,,,,,,,
2018-03-31,CHTR,,,,,,,,,,,,,,,,,,,,,,,,,,,,,,,,,,,,0.18,,,0.52,,,,,,,,,,,,,,,,,,,,,,,,,,,,,,,,,,,,,,,,,,,,,,,,,2018-04-27,,0.7,,pre-market,,,,,,,,,,,,,34.6154,,,,,,,,,,,,
2018-06-30,CHTR,,,,,,,,,,,,,,,,,,,,,,,,,,,,,,,,,,,,0.16,,,0.99,,,,,,,,,,,,,,,,,,,,,,,,,,,,,,,,,,,,,,,,,,,,,,,,,2018-07-31,,1.15,,pre-market,,,,,,,,,,,,,16.1616,,,,,,,,,,,,
2018-09-30,CHTR,,,,,,,,,,,,,,,,,,,,,,,,,,,,,,,,,,,,0.32,,,1.04,,,,,,,,,,,,,,,,,,,,,,,,,,,,,,,,,,,,,,,,,,,,,,,,,2018-10-26,,1.36,,pre-market,,,,,,,,,,,,,30.7692,,,,,,,,,,,,
2018-12-31,CHTR,,,,,,,,,,,,,,,,,,,,,,,,,,,,,,,,,,,,-0.22,,,1.51,,,,,,,,,,,,,,,,,,,,,,,,,,,,,,,,,,,,,,,,,,,,,,,,,2019-01-31,,1.29,,pre-market,,,,,,,,,,,,,-14.5695,,,,,,,,,,,,
2019-03-31,CHTR,,,,,,,,,,,,,,,,,,,,,,,,,,,,,,,,,,,,-0.31,,,1.42,,,,,,,,,,,,,,,,,,,,,,,,,,,,,,,,,,,,,,,,,,,,,,,,,2019-04-30,,1.11,,pre-market,,,,,,,,,,,,,-21.831,,,,,,,,,,,,
2019-06-30,CHTR,,,,,,,,,,,,,,,,,,,,,,,,,,,,,,,,,,,,-0.46,,,1.85,,,,,,,,,,,,,,,,,,,,,,,,,,,,,,,,,,,,,,,,,,,,,,,,,2019-07-26,,1.39,,pre-market,,,,,,,,,,,,,-24.8649,,,,,,,,,,,,
2019-09-30,CHTR,,,,,,,,,,,,,,,,,,,,,,,,,,,,,,,,,,,,0.07,,,1.67,,,,,,,,,,,,,,,,,,,,,,,,,,,,,,,,,,,,,,,,,,,,,,,,,2019-10-25,,1.74,,pre-market,,,,,,,,,,,,,4.1916,,,,,,,,,,,,
2019-12-31,CHTR,,,,,,,,,,,,,,,,,,,,,,,,,,,,,,,,,,,,0.79,,,2.49,,,,,,,,,,,,,,,,,,,,,,,,,,,,,,,,,,,,,,,,,,,,,,,,,2020-01-31,,3.28,,pre-market,,,,,,,,,,,,,31.7269,,,,,,,,,,,,
2020-03-31,CHTR,,,,,,,,,,,,,,,,,,,,,,,,,,,,,,,,,,,,-0.87,,,2.73,,,,,,,,,,,,,,,,,,,,,,,,,,,,,,,,,,,,,,,,,,,,,,,,,2020-05-01,,1.86,,pre-market,,,,,,,,,,,,,-31.8681,,,,,,,,,,,,
2020-06-30,CHTR,,,,,,,,,,,,,,,,,,,,,,,,,,,,,,,,,,,,1.19,,,2.44,,,,,,,,,,,,,,,,,,,,,,,,,,,,,,,,,,,,,,,,,,,,,,,,,2020-07-31,,3.63,,pre-market,,,,,,,,,,,,,48.7705,,,,,,,,,,,,
2020-09-30,CHTR,,,,,,,,,,,,,,,,,,,,,,,,,,,,,,,,,,,,0.87,,,3.03,,,,,,,,,,,,,,,,,,,,,,,,,,,,,,,,,,,,,,,,,,,,,,,,,2020-10-30,,3.9,,pre-market,,,,,,,,,,,,,28.7129,,,,,,,,,,,,
2020-12-31,CHTR,,,,,,,,,,,,,,,,,,,,,,,,,,,,,,,,,,,,1.16,,,4.89,,,,,,,,,,,,,,,,,,,,,,,,,,,,,,,,,,,,,,,,,,,,,,,,,2021-01-29,,6.05,,pre-market,,,,,,,,,,,,,23.7219,,,,,,,,,,,,
2021-03-31,CHTR,,,,,,,,,,,,,,,,,,,,,,,,,,,,,,,,,,,,-0.15,,,4.26,,,,,,,,,,,,,,,,,,,,,,,,,,,,,,,,,,,,,,,,,,,,,,,,,2021-04-30,,4.11,,pre-market,,,,,,,,,,,,,-3.5211,,,,,,,,,,,,
2021-06-30,CHTR,,,,,,,,,,,,,,,,,,,,,,,,,,,,,,,,,,,,0.51,,,4.78,,,,,,,,,,,,,,,,,,,,,,,,,,,,,,,,,,,,,,,,,,,,,,,,,2021-07-30,,5.29,,pre-market,,,,,,,,,,,,,10.6695,,,,,,,,,,,,
2021-09-30,CHTR,,,,,,,,,,,,,,,,,,,,,,,,,,,,,,,,,,,,0.79,,,5.71,,,,,,,,,,,,,,,,,,,,,,,,,,,,,,,,,,,,,,,,,,,,,,,,,2021-10-29,,6.5,,pre-market,,,,,,,,,,,,,13.8354,,,,,,,,,,,,
2021-12-31,CHTR,,,,,,,,,,,,,,,,,,,,,,,,,,,,,,,,,,,,2.04,,,6.89,,,,,,,,,,,,,,,,,,,,,,,,,,,,,,,,,,,,,,,,,,,,,,,,,2022-01-28,,8.93,,pre-market,,,,,,,,,,,,,29.6081,,,,,,,,,,,,
2022-03-31,CHTR,,,,,,,,,,,,,,,,,,,,,,,,,,,,,,,,,,,,0.43,,,6.47,,,,,,,,,,,,,,,,,,,,,,,,,,,,,,,,,,,,,,,,,,,,,,,,,2022-04-29,,6.9,,pre-market,,,,,,,,,,,,,6.6461,,,,,,,,,,,,
2022-06-30,CHTR,,,,,,,,,,,,,,,,,,,,,,,,,,,,,,,,,,,,1.91,,,6.89,,,,,,,,,,,,,,,,,,,,,,,,,,,,,,,,,,,,,,,,,,,,,,,,,2022-07-29,,8.8,,pre-market,,,,,,,,,,,,,27.7213,,,,,,,,,,,,
2022-09-30,CHTR,,,,,,,,,,,,,,,,,,,,,,,,,,,,,,,,,,,,-0.85,,,8.23,,,,,,,,,,,,,,,,,,,,,,,,,,,,,,,,,,,,,,,,,,,,,,,,,2022-10-28,,7.38,,pre-market,,,,,,,,,,,,,-10.3281,,,,,,,,,,,,
2022-12-31,CHTR,,,,,,,,,,,,,,,,,,,,,,,,,,,,,,,,,,,,-1.1,,,8.79,,,,,,,,,,,,,,,,,,,,,,,,,,,,,,,,,,,,,,,,,,,,,,,,,2023-01-27,,7.69,,pre-market,,,,,,,,,,,,,-12.5142,,,,,,,,,,,,
2023-03-31,CHTR,,,,,,,,,,,,,,,,,,,,,,,,,,,,,,,,,,,,-0.83,,,7.48,,,,,,,,,,,,,,,,,,,,,,,,,,,,,,,,,,,,,,,,,,,,,,,,,2023-04-28,,6.65,,pre-market,,,,,,,,,,,,,-11.0963,,,,,,,,,,,,
2023-06-30,CHTR,,,,,,,,,,,,,,,,,,,,,,,,,,,,,,,,,,,,0.09,,,7.96,,,,,,,,,,,,,,,,,,,,,,,,,,,,,,,,,,,,,,,,,,,,,,,,,2023-07-28,,8.05,,pre-market,,,,,,,,,,,,,1.1307,,,,,,,,,,,,
2023-09-30,CHTR,,,,,,,,,,,,,,,,,,,,,,,,,,,,,,,,,,,,0.31,,,7.94,,,,,,,,,,,,,,,,,,,,,,,,,,,,,,,,,,,,,,,,,,,,,,,,,2023-10-27,,8.25,,pre-market,,,,,,,,,,,,,3.9043,,,,,,,,,,,,
2023-12-31,CHTR,,,,,,,,,,,,,,,,,,,,,,,,,,,,,,,,,,,,-1.66,,,8.73,,,,,,,,,,,,,,,,,,,,,,,,,,,,,,,,,,,,,,,,,,,,,,,,,2024-02-02,,7.07,,pre-market,,,,,,,,,,,,,-19.0149,,,,,,,,,,,,
2024-03-31,CHTR,,,,,,,,,,,,,,,,,,,,,,,,,,,,,,,,,,,,-0.37,,,7.92,,,,,,,,,,,,,,,,,,,,,,,,,,,,,,,,,,,,,,,,,,,,,,,,,2024-04-26,,7.55,,pre-market,,,,,,,,,,,,,-4.6717,,,,,,,,,,,,
2024-06-30,CHTR,,,,,,,,,,,,,,,,,,,,,,,,,,,,,,,,,,,,0.51,,,7.98,,,,,,,,,,,,,,,,,,,,,,,,,,,,,,,,,,,,,,,,,,,,,,,,,2024-07-26,,8.49,,pre-market,,,,,,,,,,,,,6.391,,,,,,,,,,,,
2024-09-30,CHTR,,,,,,,,,,,,,,,,,,,,,,,,,,,,,,,,,,,,0.33,,,8.49,,,,,,,,,,,,,,,,,,,,,,,,,,,,,,,,,,,,,,,,,,,,,,,,,2024-11-01,,8.82,,pre-market,,,,,,,,,,,,,3.8869,,,,,,,,,,,,
2024-12-31,CHTR,,,,,,,,,,,,,,,,,,,,,,,,,,,,,,,,,,,,0.88,,,9.22,,,,,,,,,,,,,,,,,,,,,,,,,,,,,,,,,,,,,,,,,,,,,,,,,2025-01-31,,10.1,,pre-market,,,,,,,,,,,,,9.5445,,,,,,,,,,,,
2025-03-31,CHTR,,,,,,,,,,,,,,,,,,,,,,,,,,,,,,,,,,,,0.05,,,8.37,,,,,,,,,,,,,,,,,,,,,,,,,,,,,,,,,,,,,,,,,,,,,,,,,2025-04-25,,8.42,,pre-market,,,,,,,,,,,,,0.5974,,,,,,,,,,,,
2025-06-30,CHTR,,,,,,,,,,,,,,,,,,,,,,,,,,,,,,,,,,,,-0.48,,,9.66,,,,,,,,,,,,,,,,,,,,,,,,,,,,,,,,,,,,,,,,,,,,,,,,,2025-07-25,,9.18,,pre-market,,,,,,,,,,,,,-4.9689,,,,,,,,,,,,
2025-09-30,CHTR,,,,,,,,,,,,,,,,,,,,,,,,,,,,,,,,,,,,-1.08,,,9.42,,,,,,,,,,,,,,,,,,,,,,,,,,,,,,,,,,,,,,,,,,,,,,,,,2025-10-31,,8.34,,pre-market,,,,,,,,,,,,,-11.465,,,,,,,,,,,,
2025-12-28,CHTR,36.07,55098999000.0,5.74,,1.065,118.54,,,,,,,,,,,,,,,,,,,,,,,,,,,,,-0.054,-1.08,,,9.42,,4.864,,30435000000.0,,,,,,,,,,,,,,,,,,,0.239,,,,,,,,,,,,,0.434,1.759,0.514,,,,,,,,0.0929,,,2025-10-31,,8.34,,pre-market,,,0.0555,0.313,-0.009,396.69,,,,,308.58,217.1,-11.465,,,,,,,,,5.74,,437.06,193.0
2025-12-28,CHTR,36.07,55098999000.0,5.74,,1.065,118.54,,,,,,,,,,,,,,,None,7349000000,7349000000,,,,,,None,2160000000,,,,,-0.054,-1.08,3002000000,5162000000,9.42,2025-09-30,4.864,,30435000000.0,6323000000,1734000000,418000000,,,None,1268000000,None,,None,,,,,1137000000,1316000000,-1268000000,None,0.239,,3073000000,3250000000,,,,,None,,,,,0.434,1.759,0.514,,,,,,,,0.0929,,,2025-10-31,quarterly,8.34,USD,pre-market,None,,0.0555,0.313,-0.009,396.69,151000000,,,,308.58,217.1,-11.465,,,,,,,13672000000,,5.74,,437.06,193.0
2025-12-28,CHTR,36.07,55098999000.0,5.74,,1.065,118.54,,,,,,,,,,,,,,,None,7374000000,7374000000,,,,,,None,2176000000,,,,,-0.054,-1.08,3172000000,5348000000,9.42,2025-06-30,4.864,,30435000000.0,6392000000,1909000000,414000000,,,None,1263000000,None,,None,,,,,1301000000,1495000000,-1263000000,None,0.239,,3032000000,3360000000,,,,,None,,,,,0.434,1.759,0.514,,,,,,,,0.0929,,,2025-10-31,quarterly,8.34,USD,pre-market,None,,0.0555,0.313,-0.009,396.69,3032000000,,,,308.58,217.1,-11.465,,,,,,,13766000000,,5.74,,437.06,193.0
2025-12-28,CHTR,36.07,55098999000.0,5.74,,1.065,118.54,,,,,,,,,,,,,,,None,7357000000,7357000000,,,,,,None,2181000000,,,,,-0.054,-1.08,3095000000,5276000000,9.42,2025-03-31,4.864,,30435000000.0,6378000000,1854000000,445000000,,,None,1241000000,None,,None,,,,,1217000000,1409000000,-1241000000,None,0.239,,3018000000,3360000000,,,,,None,,,,,0.434,1.759,0.514,,,,,,,,0.0929,,,2025-10-31,quarterly,8.34,USD,pre-market,None,,0.0555,0.313,-0.009,396.69,222000000,,,,308.58,217.1,-11.465,,,,,,,13735000000,,5.74,,437.06,193.0
2025-12-28,CHTR,36.07,55098999000.0,5.74,,1.065,118.54,,,,,,,,,,,,,,,None,5072000000,5072000000,,,,,,None,2168000000,,,,,-0.054,-1.08,3320000000,5488000000,9.42,2024-12-31,4.864,,30435000000.0,8854000000,2046000000,370000000,,,None,1274000000,None,,None,,,,,1466000000,1676000000,-1274000000,None,0.239,,5400000000,3454000000,,,,,None,,,,,0.434,1.759,0.514,,,,,,,,0.0929,,,2025-10-31,quarterly,8.34,USD,pre-market,None,,0.0555,0.313,-0.009,396.69,2068000000,,,,308.58,217.1,-11.465,,,,,,,13926000000,,5.74,,437.06,193.0
2025-12-28,CHTR,36.07,55098999000.0,5.74,,1.065,118.54,,,,,,,,,,,,,,,None,8215000000,8215000000,,,,,,None,2145000000,,,,,-0.054,-1.08,3191000000,5336000000,9.42,2024-09-30,4.864,,30435000000.0,5580000000,1880000000,406000000,,,None,1311000000,None,,None,,,,,1280000000,1474000000,-1311000000,None,0.239,,2224000000,3356000000,,,,,None,,,,,0.434,1.759,0.514,,,,,,,,0.0929,,,2025-10-31,quarterly,8.34,USD,pre-market,None,,0.0555,0.313,-0.009,396.69,5432000000,,,,308.58,217.1,-11.465,,,,,,,13795000000,,5.74,,437.06,193.0
2025-12-28,CHTR,36.07,55098999000.0,5.74,,1.065,118.54,,,,,,,,,,,,,,,None,8161000000,8161000000,,,,,,None,2170000000,,,,,-0.054,-1.08,3178000000,5348000000,9.42,2024-06-30,4.864,,30435000000.0,5524000000,1850000000,427000000,,,None,1328000000,None,,None,,,,,1231000000,1423000000,-1328000000,None,0.239,,2182000000,3342000000,,,,,None,,,,,0.434,1.759,0.514,,,,,,,,0.0929,,,2025-10-31,quarterly,8.34,USD,pre-market,None,,0.0555,0.313,-0.009,396.69,153000000,,,,308.58,217.1,-11.465,,,,,,,13685000000,,5.74,,437.06,193.0
2025-12-28,CHTR,36.07,55098999000.0,5.74,,1.065,118.54,,,,,,,,,,,,,,,None,8312000000,8312000000,,,,,,None,2190000000,,,,,-0.054,-1.08,3042000000,5232000000,9.42,2024-03-31,4.864,,30435000000.0,5367000000,1726000000,446000000,,,None,1316000000,None,,None,,,,,1106000000,1280000000,-1316000000,None,0.239,,2274000000,3093000000,,,,,None,,,,,0.434,1.759,0.514,,,,,,,,0.0929,,,2025-10-31,quarterly,8.34,USD,pre-market,None,,0.0555,0.313,-0.009,396.69,214000000,,,,308.58,217.1,-11.465,,,,,,,13679000000,,5.74,,437.06,193.0
2025-12-28,CHTR,36.07,55098999000.0,5.74,,1.065,118.54,,,,,,,,,,,,,,,None,8308000000,8308000000,,,,,,None,2188000000,,,,,-0.054,-1.08,2954000000,5142000000,9.42,2023-12-31,4.864,,30435000000.0,5403000000,1635000000,406000000,,,None,1319000000,None,,None,,,,,1058000000,1229000000,-1319000000,None,0.239,,2170000000,3233000000,,,,,None,,,,,0.434,1.759,0.514,,,,,,,,0.0929,,,2025-10-31,quarterly,8.34,USD,pre-market,None,,0.0555,0.313,-0.009,396.69,221000000,,,,308.58,217.1,-11.465,,,,,,,13711000000,,5.74,,437.06,193.0
2025-12-28,CHTR,36.07,55098999000.0,5.74,,1.065,118.54,,,,,,,,,,,,,,,None,6867000000,6867000000,,,,,,None,2130000000,,,,,-0.054,-1.08,3111000000,5241000000,9.42,2023-09-30,4.864,,30435000000.0,6717000000,1805000000,369000000,,,None,1306000000,None,,None,,,,,1255000000,1436000000,-1306000000,None,0.239,,3562000000,3155000000,,,,,None,,,,,0.434,1.759,0.514,,,,,,,,0.0929,,,2025-10-31,quarterly,8.34,USD,pre-market,None,,0.0555,0.313,-0.009,396.69,2000000,,,,308.58,217.1,-11.465,,,,,,,13584000000,,5.74,,437.06,193.0
2025-12-28,CHTR,36.07,55098999000.0,5.74,,1.065,118.54,,,,,,,,,,,,,,,None,6981000000,6981000000,,,,,,None,2172000000,,,,,-0.054,-1.08,3155000000,5327000000,9.42,2023-06-30,4.864,,30435000000.0,6678000000,1857000000,444000000,,,None,1298000000,None,,None,,,,,1223000000,1413000000,-1298000000,None,0.239,,3496000000,3182000000,,,,,-85000000,,,,,0.434,1.759,0.514,,,,,,,,0.0929,,,2025-10-31,quarterly,8.34,USD,pre-market,None,,0.0555,0.313,-0.009,396.69,1000000,,,,308.58,217.1,-11.465,,,,,,,13659000000,,5.74,,437.06,193.0
2025-12-28,CHTR,36.07,55098999000.0,5.74,,1.065,118.54,,,,,,,,,,,,,,,None,7100000000,7100000000,,,,,,None,2206000000,,,,,-0.054,-1.08,2822000000,5028000000,9.42,2023-03-31,4.864,,30435000000.0,6553000000,1557000000,374000000,,,None,1265000000,None,,None,,,,,1021000000,1183000000,-1265000000,None,0.239,,3617000000,2936000000,,,,,-104000000,,,,,0.434,1.759,0.514,,,,,,,,0.0929,,,2025-10-31,quarterly,8.34,USD,pre-market,None,,0.0555,0.313,-0.009,396.69,2000000,,,,308.58,217.1,-11.465,,,,,,,13653000000,,5.74,,437.06,193.0
2025-12-28,CHTR,36.07,55098999000.0,5.74,,1.065,118.54,,,,,,,,,,,,,,,None,7524000000,7524000000,,,,,,None,2192000000,,,,,-0.054,-1.08,3031000000,5223000000,9.42,2022-12-31,4.864,,30435000000.0,6150000000,1804000000,419000000,,,None,1227000000,None,,None,,,,,1196000000,1385000000,-1227000000,None,0.239,,2970000000,3180000000,,,,,-9000000,,,,,0.434,1.759,0.514,,,,,,,,0.0929,,,2025-10-31,quarterly,8.34,USD,pre-market,None,,0.0555,0.313,-0.009,396.69,13000000,,,,308.58,217.1,-11.465,,,,,,,13674000000,,5.74,,437.06,193.0
2025-12-28,CHTR,36.07,55098999000.0,5.74,,1.065,118.54,,,,,,,,,,,,,,,None,7617000000,7617000000,,,,,,None,2177000000,,,,,-0.054,-1.08,2887000000,5064000000,9.42,2022-09-30,4.864,,30435000000.0,5933000000,1727000000,360000000,,,None,1160000000,None,,None,,,,,1185000000,1367000000,-1160000000,None,0.239,,2807000000,3126000000,,,,,-37000000,,,,,0.434,1.759,0.514,,,,,,,,0.0929,,,2025-10-31,quarterly,8.34,USD,pre-market,None,,0.0555,0.313,-0.009,396.69,861000000,,,,308.58,217.1,-11.465,,,,,,,13550000000,,5.74,,437.06,193.0
2025-12-28,CHTR,36.07,55098999000.0,5.74,,1.065,118.54,,,,,,,,,,,,,,,None,7731000000,7731000000,,,,,,None,2240000000,,,,,-0.054,-1.08,3306000000,5546000000,9.42,2022-06-30,4.864,,30435000000.0,5867000000,2197000000,489000000,,,None,1109000000,None,,None,,,,,1471000000,1708000000,-1109000000,None,0.239,,2702000000,3165000000,,,,,79000000,,,,,0.434,1.759,0.514,,,,,,,,0.0929,,,2025-10-31,quarterly,8.34,USD,pre-market,None,,0.0555,0.313,-0.009,396.69,806000000,,,,308.58,217.1,-11.465,,,,,,,13598000000,,5.74,,437.06,193.0
2025-12-28,CHTR,36.07,55098999000.0,5.74,,1.065,118.54,,,,,,,,,,,,,,,None,7726000000,7726000000,,,,,,None,2294000000,,,,,-0.054,-1.08,2794000000,5088000000,9.42,2022-03-31,4.864,,30435000000.0,5474000000,1734000000,345000000,,,None,1060000000,None,,None,,,,,1203000000,1389000000,-1060000000,None,0.239,,2702000000,2772000000,,,,,23000000,,,,,0.434,1.759,0.514,,,,,,,,0.0929,,,2025-10-31,quarterly,8.34,USD,pre-market,None,,0.0555,0.313,-0.009,396.69,826000000,,,,308.58,217.1,-11.465,,,,,,,13200000000,,5.74,,437.06,193.0
2025-12-28,CHTR,36.07,55098999000.0,5.74,,1.065,118.54,,,,,,,,,,,,,,,None,7630000000,7630000000,,,,,,None,2280000000,,,,,-0.054,-1.08,3092000000,5372000000,9.42,2021-12-31,4.864,,30435000000.0,5582000000,2058000000,224000000,,,None,1034000000,None,,None,,,,,1610000000,1834000000,-1034000000,None,0.239,,2581000000,3001000000,,,,,136000000,,,,,0.434,1.759,0.514,,,,,,,,0.0929,,,2025-10-31,quarterly,8.34,USD,pre-market,None,,0.0555,0.313,-0.009,396.69,98000000,,,,308.58,217.1,-11.465,,,,,,,13212000000,,5.74,,437.06,193.0
2025-12-28,CHTR,36.07,55098999000.0,5.74,,1.065,118.54,,,,,,,,,,,,,,,None,7786000000,7786000000,,,,,,None,2270000000,,,,,-0.054,-1.08,2770000000,5040000000,9.42,2021-09-30,4.864,,30435000000.0,5360000000,1754000000,347000000,,,None,1016000000,None,,None,,,,,1217000000,1407000000,-1016000000,None,0.239,,2442000000,2918000000,,,,,-157000000,,,,,0.434,1.759,0.514,,,,,,,,0.0929,,,2025-10-31,quarterly,8.34,USD,pre-market,None,,0.0555,0.313,-0.009,396.69,788000000,,,,308.58,217.1,-11.465,,,,,,,13146000000,,5.74,,437.06,193.0
2025-12-28,CHTR,36.07,55098999000.0,5.74,,1.065,118.54,,,,,,,,,,,,,,,None,7827000000,7827000000,,,,,,None,2354000000,,,,,-0.054,-1.08,2443000000,4797000000,9.42,2021-06-30,4.864,,30435000000.0,4975000000,1439000000,281000000,,,None,1004000000,None,,None,,,,,1020000000,1158000000,-1004000000,None,0.239,,2409000000,2566000000,,,,,-132000000,,,,,0.434,1.759,0.514,,,,,,,,0.0929,,,2025-10-31,quarterly,8.34,USD,pre-market,None,,0.0555,0.313,-0.009,396.69,741000000,,,,308.58,217.1,-11.465,,,,,,,12802000000,,5.74,,437.06,193.0
2025-12-28,CHTR,36.07,55098999000.0,5.74,,1.065,118.54,,,,,,,,,,,,,,,None,7833000000,7833000000,,,,,,None,2441000000,,,,,-0.054,-1.08,2120000000,4561000000,9.42,2021-03-31,4.864,,30435000000.0,4689000000,1137000000,216000000,,,None,983000000,None,,None,,,,,807000000,921000000,-983000000,None,0.239,,2319000000,2370000000,,,,,52000000,,,,,0.434,1.759,0.514,,,,,,,,0.0929,,,2025-10-31,quarterly,8.34,USD,pre-market,None,,0.0555,0.313,-0.009,396.69,751000000,,,,308.58,217.1,-11.465,,,,,,,12522000000,,5.74,,437.06,193.0
2025-12-28,CHTR,36.07,55098999000.0,5.74,,1.065,118.54,,,,,,,,,,,,,,,None,7724000000,7724000000,,,,,,None,2409000000,,,,,-0.054,-1.08,2620000000,5029000000,9.42,2020-12-31,4.864,,30435000000.0,4900000000,1655000000,254000000,,,None,965000000,None,,None,,,,,1246000000,1401000000,-965000000,None,0.239,,2403000000,2497000000,,,,,2095000000,,,,,0.434,1.759,0.514,,,,,,,,0.0929,,,2025-10-31,quarterly,8.34,USD,pre-market,None,,0.0555,0.313,-0.009,396.69,28000000,,,,308.58,217.1,-11.465,,,,,,,12624000000,,5.74,,437.06,193.0
2025-12-28,CHTR,36.07,55098999000.0,5.74,,1.065,118.54,,,,,,,,,,,,,,,None,7611000000,7611000000,,,,,,None,2370000000,,,,,-0.054,-1.08,2055000000,4425000000,9.42,2020-09-30,4.864,,30435000000.0,4428000000,1109000000,177000000,,,None,946000000,None,,None,,,,,814000000,932000000,-946000000,None,0.239,,2242000000,2186000000,,,,,-117000000,,,,,0.434,1.759,0.514,,,,,,,,0.0929,,,2025-10-31,quarterly,8.34,USD,pre-market,None,,0.0555,0.313,-0.009,396.69,83000000,,,,308.58,217.1,-11.465,,,,,,,12039000000,,5.74,,437.06,193.0
2025-12-28,CHTR,36.07,55098999000.0,5.74,,1.065,118.54,,,,,,,,,,,,,,,None,7637000000,7637000000,,,,,,None,2428000000,,,,,-0.054,-1.08,1999000000,4427000000,9.42,2020-06-30,4.864,,30435000000.0,4059000000,1042000000,166000000,,,None,957000000,None,,None,,,,,766000000,876000000,-957000000,None,0.239,,2088000000,1971000000,,,,,-927000000,,,,,0.434,1.759,0.514,,,,,,,,0.0929,,,2025-10-31,quarterly,8.34,USD,pre-market,None,,0.0555,0.313,-0.009,396.69,None,,,,308.58,217.1,-11.465,,,,,,,11696000000,,5.74,,437.06,193.0
2025-12-28,CHTR,36.07,55098999000.0,5.74,,1.065,118.54,,,,,,,,,,,,,,,None,7788000000,7788000000,,,,,,None,2497000000,,,,,-0.054,-1.08,1476000000,3973000000,9.42,2020-03-31,4.864,,30435000000.0,3950000000,496000000,29000000,,,None,980000000,1298000000,,None,,,,,396000000,467000000,-980000000,None,0.239,,2141000000,1809000000,,,,,-1306000000,,,,,0.434,1.759,0.514,,,,,,,,0.0929,,,2025-10-31,quarterly,8.34,USD,pre-market,None,,0.0555,0.313,-0.009,396.69,856000000,,,,308.58,217.1,-11.465,,,,,,,11738000000,,5.74,,437.06,193.0
2025-12-28,CHTR,36.07,55098999000.0,5.74,,1.065,118.54,,,,,,,,,,,,,,,None,7659000000,7659000000,,,,,,None,2461000000,,,,,-0.054,-1.08,1896000000,4357000000,9.42,2019-12-31,4.864,,30435000000.0,4102000000,932000000,110000000,,,None,964000000,918000000,,None,,,,,714000000,822000000,-964000000,None,0.239,,2111000000,1991000000,,,,,-63000000,,,,,0.434,1.759,0.514,,,,,,,,0.0929,,,2025-10-31,quarterly,8.34,USD,pre-market,None,,0.0555,0.313,-0.009,396.69,96000000,,,,308.58,217.1,-11.465,,,,,,,11761000000,,5.74,,437.06,193.0
2025-12-28,CHTR,36.07,55098999000.0,5.74,,1.065,118.54,,,,,,,,,,,,,,,None,7711000000,7711000000,,,,,,None,2415000000,,,,,-0.054,-1.08,1556000000,3971000000,9.42,2019-09-30,4.864,,30435000000.0,3739000000,593000000,126000000,,,None,963000000,997000000,,None,,,,,387000000,467000000,-963000000,None,0.239,,2139000000,1600000000,,,,,-30000000,,,,,0.434,1.759,0.514,,,,,,,,0.0929,,,2025-10-31,quarterly,8.34,USD,pre-market,None,,0.0555,0.313,-0.009,396.69,864000000,,,,308.58,217.1,-11.465,,,,,,,11450000000,,5.74,,437.06,193.0
2025-12-28,CHTR,36.07,55098999000.0,5.74,,1.065,118.54,,,,,,,,,,,,,,,None,7691000000,7691000000,,,,,,None,2500000000,,,,,-0.054,-1.08,1415000000,3915000000,9.42,2019-06-30,4.864,,30435000000.0,3656000000,470000000,84000000,,,None,945000000,1075000000,,None,,,,,314000000,386000000,-945000000,None,0.239,,2053000000,1603000000,,,,,-126000000,,,,,0.434,1.759,0.514,,,,,,,,0.0929,,,2025-10-31,quarterly,8.34,USD,pre-market,None,,0.0555,0.313,-0.009,396.69,850000000,,,,308.58,217.1,-11.465,,,,,,,11347000000,,5.74,,437.06,193.0
2025-12-28,CHTR,36.07,55098999000.0,5.74,,1.065,118.54,,,,,,,,,,,,,,,None,7798000000,7798000000,,,,,,None,2550000000,,,,,-0.054,-1.08,1361000000,3911000000,9.42,2019-03-31,4.864,,30435000000.0,3408000000,436000000,119000000,,,None,925000000,998000000,,None,,,,,253000000,317000000,-925000000,None,0.239,,1988000000,1420000000,,,,,-64000000,,,,,0.434,1.759,0.514,,,,,,,,0.0929,,,2025-10-31,quarterly,8.34,USD,pre-market,None,,0.0555,0.313,-0.009,396.69,9000000,,,,308.58,217.1,-11.465,,,,,,,11206000000,,5.74,,437.06,193.0
2025-12-28,CHTR,36.07,55098999000.0,5.74,,1.065,118.54,,,,,,,,,,,,,,,None,7731000000,7731000000,,,,,,None,2534000000,,,,,-0.054,-1.08,1272000000,3806000000,9.42,2018-12-31,4.864,,30435000000.0,3500000000,362000000,2000000,,,None,910000000,None,,None,,,,,296000000,360000000,None,None,0.239,,1942000000,1558000000,,,,,-167000000,,,,,0.434,1.759,0.514,,,,,,,,0.0929,,,2025-10-31,quarterly,8.34,USD,pre-market,0,,0.0555,0.313,-0.009,396.69,55000000,,,,308.58,217.1,-11.465,,,,,,,11231000000,,5.74,,437.06,193.0
2025-12-28,CHTR,36.07,55098999000.0,5.74,,1.065,118.54,,,,,,,,,,,,,,,None,7660000000,7660000000,,,,,,None,2482000000,,,,,-0.054,-1.08,1594000000,4076000000,9.42,2018-09-30,4.864,,30435000000.0,3232000000,693000000,109000000,,,None,901000000,None,,None,,,,,493000000,584000000,None,None,0.239,,1834000000,1398000000,,,,,214000000,,,,,0.434,1.759,0.514,,,,,,,,0.0929,,,2025-10-31,quarterly,8.34,USD,pre-market,0,,0.0555,0.313,-0.009,396.69,2008000000,,,,308.58,217.1,-11.465,,,,,,,10892000000,,5.74,,437.06,193.0
2025-12-28,CHTR,36.07,55098999000.0,5.74,,1.065,118.54,,,,,,,,,,,,,,,None,7739000000,7739000000,,,,,,None,2592000000,,,,,-0.054,-1.08,1258000000,3850000000,9.42,2018-06-30,4.864,,30435000000.0,3115000000,380000000,41000000,,,None,878000000,None,,None,,,,,273000000,339000000,None,None,0.239,,1726000000,1389000000,,,,,-102000000,,,,,0.434,1.759,0.514,,,,,,,,0.0929,,,2025-10-31,quarterly,8.34,USD,pre-market,0,,0.0555,0.313,-0.009,396.69,2183000000,,,,308.58,217.1,-11.465,,,,,,,10854000000,,5.74,,437.06,193.0
2025-12-28,CHTR,36.07,55098999000.0,5.74,,1.065,118.54,,,,,,,,,,,,,,,None,7850000000,7850000000,,,,,,None,2710000000,,,,,-0.054,-1.08,1102000000,3812000000,9.42,2018-03-31,4.864,,30435000000.0,2807000000,251000000,28000000,,,None,851000000,None,,None,,,,,168000000,223000000,None,None,0.239,,1696000000,1111000000,,,,,60000000,,,,,0.434,1.759,0.514,,,,,,,,0.0929,,,2025-10-31,quarterly,8.34,USD,pre-market,0,,0.0555,0.313,-0.009,396.69,20000000,,,,308.58,217.1,-11.465,,,,,,,10657000000,,5.74,,437.06,193.0
2025-12-28,CHTR,36.07,55098999000.0,5.74,,1.065,118.54,,,,,,,,,,,,,,,None,7879000000,7879000000,,,,,,None,2742000000,,,,,-0.054,-1.08,1271000000,4013000000,9.42,2017-12-31,4.864,,30435000000.0,2723000000,431000000,-9186000000,,,None,840000000,None,,None,,,,,9553000000,9617000000,None,None,0.239,,1547000000,1176000000,,,,,67000000,,,,,0.434,1.759,0.514,,,,,,,,0.0929,,,2025-10-31,quarterly,8.34,USD,pre-market,0,,0.0555,0.313,-0.009,396.69,8000000,,,,308.58,217.1,-11.465,,,,,,,10602000000,,5.74,,437.06,193.0
2025-12-28,CHTR,36.07,55098999000.0,5.74,,1.065,118.54,,,,,,,,,,,,,,,None,7866000000,7866000000,,,,,,None,2701000000,,,,,-0.054,-1.08,906000000,3607000000,9.42,2017-09-30,4.864,,30435000000.0,2592000000,118000000,26000000,,,None,788000000,None,,None,,,,,48000000,92000000,None,None,0.239,,1538000000,1054000000,,,,,-3000000,,,,,0.434,1.759,0.514,,,,,,,,0.0929,,,2025-10-31,quarterly,8.34,USD,pre-market,0,,0.0555,0.313,-0.009,396.69,0,,,,308.58,217.1,-11.465,,,,,,,10458000000,,5.74,,437.06,193.0
2025-12-28,CHTR,36.07,55098999000.0,5.74,,1.065,118.54,,,,,,,,,,,,,,,None,7683000000,7683000000,,,,,,None,2595000000,,,,,-0.054,-1.08,992000000,3587000000,9.42,2017-06-30,4.864,,30435000000.0,2674000000,243000000,48000000,,,None,749000000,None,,None,,,,,139000000,195000000,None,None,0.239,,1487000000,1187000000,,,,,-60000000,,,,,0.434,1.759,0.514,,,,,,,,0.0929,,,2025-10-31,quarterly,8.34,USD,pre-market,0,,0.0555,0.313,-0.009,396.69,65000000,,,,308.58,217.1,-11.465,,,,,,,10357000000,,5.74,,437.06,193.0
2025-12-28,CHTR,36.07,55098999000.0,5.74,,1.065,118.54,,,,,,,,,,,,,,,None,7467000000,7467000000,,,,,,None,2550000000,,,,,-0.054,-1.08,949000000,3499000000,9.42,2017-03-31,4.864,,30435000000.0,2697000000,236000000,25000000,,,None,713000000,None,,None,,,,,155000000,211000000,None,None,0.239,,1662000000,1035000000,,,,,8000000,,,,,0.434,1.759,0.514,,,,,,,,0.0929,,,2025-10-31,quarterly,8.34,USD,pre-market,0,,0.0555,0.313,-0.009,396.69,0,,,,308.58,217.1,-11.465,,,,,,,10164000000,,5.74,,437.06,193.0
2025-12-28,CHTR,36.07,55098999000.0,5.74,,1.065,118.54,,,,,,,,,,,,,,,None,7236000000,7236000000,,,,,,None,2495000000,,,,,-0.054,-1.08,1507000000,4002000000,9.42,2016-12-31,4.864,,30435000000.0,3039000000,779000000,210000000,,,None,728000000,None,,None,,,,,454000000,569000000,None,None,0.239,,1757000000,1282000000,,,,,-2431000000,,,,,0.434,1.759,0.514,,,,,,,,0.0929,,,2025-10-31,quarterly,8.34,USD,pre-market,0,,0.0555,0.313,-0.009,396.69,366000000,,,,308.58,217.1,-11.465,,,,,,,10275000000,,5.74,,437.06,193.0
2025-12-28,CHTR,36.07,55098999000.0,5.74,,1.065,118.54,,,,,,,,,,,,,,,None,7174000000,7174000000,,,,,,None,2437000000,,,,,-0.054,-1.08,990000000,3427000000,9.42,2016-09-30,4.864,,30435000000.0,2863000000,266000000,16000000,,,None,724000000,None,,None,,,,,189000000,250000000,None,None,0.239,,1745000000,1118000000,,,,,66000000,,,,,0.434,1.759,0.514,,,,,,,,0.0929,,,2025-10-31,quarterly,8.34,USD,pre-market,0,,0.0555,0.313,-0.009,396.69,13000000,,,,308.58,217.1,-11.465,,,,,,,10037000000,,5.74,,437.06,193.0
2025-12-28,CHTR,36.07,55098999000.0,5.74,,1.065,118.54,,,,,,,,,,,,,,,None,4004000000,4004000000,,,,,,None,1436000000,,,,,-0.054,-1.08,1266000000,2702000000,9.42,2016-06-30,4.864,,30435000000.0,2157000000,-65000000,-3179000000,,,None,593000000,None,,None,,,,,3067000000,3114000000,None,None,0.239,,916000000,690000000,,,,,-162000000,,,,,0.434,1.759,0.514,,,,,,,,0.0929,,,2025-10-31,quarterly,8.34,USD,pre-market,0,,0.0555,0.313,-0.009,396.69,-520000000,,,,308.58,217.1,-11.465,,,,,,,6161000000,,5.74,,437.06,193.0
2025-12-28,CHTR,36.07,55098999000.0,5.74,,1.065,118.54,,,,,,,,,,,,,,,None,1671000000,1671000000,,,,,,None,539000000,,,,,-0.054,-1.08,341000000,880000000,9.42,2016-03-31,4.864,,30435000000.0,859000000,-160000000,28000000,,,None,454000000,None,,None,,,,,-188000000,-188000000,None,None,0.239,,539000000,302000000,,,,,-8000000,,,,,0.434,1.759,0.514,,,,,,,,0.0929,,,2025-10-31,quarterly,8.34,USD,pre-market,0,,0.0555,0.313,-0.009,396.69,0,,,,308.58,217.1,-11.465,,,,,,,2530000000,,5.74,,437.06,193.0
2025-12-28,CHTR,36.07,55098999000.0,5.74,,1.065,118.54,,,,,,,,,,,,,,,None,1624000000,1624000000,,,,,,None,545000000,,,,,-0.054,-1.08,365000000,910000000,9.42,2015-12-31,4.864,,30435000000.0,888000000,-110000000,12000000,,,None,435000000,None,,None,,,,,-122000000,-122000000,None,None,0.239,,545000000,323000000,,,,,2000000,,,,,0.434,1.759,0.514,,,,,,,,0.0929,,,2025-10-31,quarterly,8.34,USD,pre-market,0,,0.0555,0.313,-0.009,396.69,20000000,,,,308.58,217.1,-11.465,,,,,,,2512000000,,5.74,,437.06,193.0
2025-12-28,CHTR,36.07,55098999000.0,5.74,,1.065,118.54,,,,,,,,,,,,,,,None,1620000000,1620000000,,,,,,None,538000000,,,,,-0.054,-1.08,304000000,842000000,9.42,2015-09-30,4.864,,30435000000.0,830000000,-88000000,-142000000,,,None,353000000,None,,None,,,,,54000000,54000000,None,None,0.239,,538000000,273000000,,,,,-8000000,,,,,0.434,1.759,0.514,,,,,,,,0.0929,,,2025-10-31,quarterly,8.34,USD,pre-market,0,,0.0555,0.313,-0.009,396.69,0,,,,308.58,217.1,-11.465,,,,,,,2450000000,,5.74,,437.06,193.0
2025-12-28,CHTR,36.07,55098999000.0,5.74,,1.065,118.54,,,,,,,,,,,,,,,None,1601000000,1601000000,,,,,,None,528000000,,,,,-0.054,-1.08,318000000,846000000,9.42,2015-06-30,4.864,,30435000000.0,829000000,-87000000,35000000,,,None,229000000,None,,None,,,,,-122000000,-122000000,None,None,0.239,,528000000,269000000,,,,,-127000000,,,,,0.434,1.759,0.514,,,,,,,,0.0929,,,2025-10-31,quarterly,8.34,USD,pre-market,0,,0.0555,0.313,-0.009,396.69,0,,,,308.58,217.1,-11.465,,,,,,,2430000000,,5.74,,437.06,193.0
2025-12-28,CHTR,36.07,55098999000.0,5.74,,1.065,118.54,,,,,,,,,,,,,,,None,1581000000,1581000000,,,,,,None,514000000,,,,,-0.054,-1.08,288000000,802000000,9.42,2015-03-31,4.864,,30435000000.0,781000000,-46000000,35000000,,,None,289000000,None,,None,,,,,-81000000,-81000000,None,None,0.239,,514000000,249000000,,,,,-6000000,,,,,0.434,1.759,0.514,,,,,,,,0.0929,,,2025-10-31,quarterly,8.34,USD,pre-market,0,,0.0555,0.313,-0.009,396.69,0,,,,308.58,217.1,-11.465,,,,,,,2362000000,,5.74,,437.06,193.0
2025-12-28,CHTR,36.07,55098999000.0,5.74,,1.065,118.54,,,,,,,,,,,,,,,None,1529000000,1529000000,,,,,,None,534000000,,,,,-0.054,-1.08,308000000,842000000,9.42,2014-12-31,4.864,,30435000000.0,831000000,253000000,48000000,,,None,273000000,None,,None,,,,,-48000000,-48000000,None,None,0.239,,534000000,277000000,,,,,13000000,,,,,0.434,1.759,0.514,,,,,,,,0.0929,,,2025-10-31,quarterly,8.34,USD,pre-market,0,,0.0555,0.313,-0.009,396.69,14000000,,,,308.58,217.1,-11.465,,,,,,,2360000000,,5.74,,437.06,193.0
2025-12-28,CHTR,36.07,55098999000.0,5.74,,1.065,118.54,,,,,,,,,,,,,,,None,1518000000,1518000000,,,,,,None,535000000,,,,,-0.054,-1.08,237000000,772000000,9.42,2014-09-30,4.864,,30435000000.0,769000000,6000000,59000000,,,None,217000000,None,,None,,,,,-53000000,-53000000,None,None,0.239,,535000000,218000000,,,,,5000000,,,,,0.434,1.759,0.514,,,,,,,,0.0929,,,2025-10-31,quarterly,8.34,USD,pre-market,0,,0.0555,0.313,-0.009,396.69,14000000,,,,308.58,217.1,-11.465,,,,,,,2287000000,,5.74,,437.06,193.0
2025-12-28,CHTR,36.07,55098999000.0,5.74,,1.065,118.54,,,,,,,,,,,,,,,None,1479000000,1479000000,,,,,,None,528000000,,,,,-0.054,-1.08,252000000,780000000,9.42,2014-06-30,4.864,,30435000000.0,780000000,20000000,65000000,,,None,210000000,None,,None,,,,,-45000000,-45000000,None,None,0.239,,528000000,250000000,,,,,-20000000,,,,,0.434,1.759,0.514,,,,,,,,0.0929,,,2025-10-31,quarterly,8.34,USD,pre-market,0,,0.0555,0.313,-0.009,396.69,0,,,,308.58,217.1,-11.465,,,,,,,2259000000,,5.74,,437.06,193.0
2025-12-28,CHTR,36.07,55098999000.0,5.74,,1.065,118.54,,,,,,,,,,,,,,,None,1447000000,1447000000,,,,,,None,505000000,,,,,-0.054,-1.08,250000000,755000000,9.42,2014-03-31,4.864,,30435000000.0,755000000,27000000,64000000,,,None,211000000,None,,None,,,,,-37000000,-37000000,None,None,0.239,,505000000,243000000,,,,,-5000000,,,,,0.434,1.759,0.514,,,,,,,,0.0929,,,2025-10-31,quarterly,8.34,USD,pre-market,0,,0.0555,0.313,-0.009,396.69,12000000,,,,308.58,217.1,-11.465,,,,,,,2202000000,,5.74,,437.06,193.0
2025-12-28,CHTR,36.07,55098999000.0,5.74,,1.065,118.54,,,,,,,,,,,,,,,None,1395000000,1395000000,,,,,,None,500000000,,,,,-0.054,-1.08,246000000,746000000,9.42,2013-12-31,4.864,,30435000000.0,753000000,35000000,-4000000,,,None,211000000,None,,None,,,,,39000000,39000000,None,None,0.239,,500000000,246000000,,,,,None,,,,,0.434,1.759,0.514,,,,,,,,0.0929,,,2025-10-31,quarterly,8.34,USD,pre-market,0,,0.0555,0.313,-0.009,396.69,11000000,,,,308.58,217.1,-11.465,,,,,,,2148000000,,5.74,,437.06,193.0
2025-12-28,CHTR,36.07,55098999000.0,5.74,,1.065,118.54,,,,,,,,,,,,,,,None,1397000000,1397000000,,,,,,None,493000000,,,,,-0.054,-1.08,228000000,721000000,9.42,2013-09-30,4.864,,30435000000.0,721000000,-13000000,57000000,,,None,214000000,None,,None,,,,,-70000000,-70000000,None,None,0.239,,493000000,220000000,,,,,-19000000,,,,,0.434,1.759,0.514,,,,,,,,0.0929,,,2025-10-31,quarterly,8.34,USD,pre-market,0,,0.0555,0.313,-0.009,396.69,0,,,,308.58,217.1,-11.465,,,,,,,2118000000,,5.74,,437.06,193.0
2025-12-28,CHTR,36.07,55098999000.0,5.74,,1.065,118.54,,,,,,,,,,,,,,,None,1295000000,1295000000,,,,,,None,436000000,,,,,-0.054,-1.08,173000000,609000000,9.42,2013-06-30,4.864,,30435000000.0,677000000,-38000000,58000000,,,None,211000000,None,,None,,,,,-96000000,-96000000,None,None,0.239,,436000000,236000000,,,,,-63000000,,,,,0.434,1.759,0.514,,,,,,,,0.0929,,,2025-10-31,quarterly,8.34,USD,pre-market,0,,0.0555,0.313,-0.009,396.69,0,,,,308.58,217.1,-11.465,,,,,,,1972000000,,5.74,,437.06,193.0
2025-12-28,CHTR,36.07,55098999000.0,5.74,,1.065,118.54,,,,,,,,,,,,,,,None,1258000000,1258000000,,,,,,None,425000000,,,,,-0.054,-1.08,177000000,602000000,9.42,2013-03-31,4.864,,30435000000.0,659000000,-33000000,9000000,,,None,210000000,None,,None,,,,,-42000000,-42000000,None,None,0.239,,425000000,223000000,,,,,-46000000,,,,,0.434,1.759,0.514,,,,,,,,0.0929,,,2025-10-31,quarterly,8.34,USD,pre-market,0,,0.0555,0.313,-0.009,396.69,0,,,,308.58,217.1,-11.465,,,,,,,1917000000,,5.74,,437.06,193.0
2025-12-28,CHTR,36.07,55098999000.0,5.74,,1.065,118.54,,,,,,,,,,,,,,,None,2357000000,2357000000,,,,,,None,466000000,,,,,-0.054,-1.08,150000000,616000000,9.42,2012-12-31,4.864,,30435000000.0,-444000000,9000000,49000000,,,None,216000000,None,,None,,,,,-40000000,-40000000,None,None,0.239,,-665000000,221000000,,,,,19000000,,,,,0.434,1.759,0.514,,,,,,,,0.0929,,,2025-10-31,quarterly,8.34,USD,pre-market,0,,0.0555,0.313,-0.009,396.69,384000000,,,,308.58,217.1,-11.465,,,,,,,1913000000,,5.74,,437.06,193.0
2025-12-28,CHTR,36.07,55098999000.0,5.74,,1.065,118.54,,,,,,,,,,,,,,,None,858000000,858000000,,,,,,None,424000000,,,,,-0.054,-1.08,211000000,635000000,9.42,2012-09-30,4.864,,30435000000.0,1022000000,-18000000,69000000,,,None,229000000,None,,None,,,,,-87000000,-87000000,None,None,0.239,,811000000,211000000,,,,,None,,,,,0.434,1.759,0.514,,,,,,,,0.0929,,,2025-10-31,quarterly,8.34,USD,pre-market,0,,0.0555,0.313,-0.009,396.69,384000000,,,,308.58,217.1,-11.465,,,,,,,1880000000,,5.74,,437.06,193.0
2025-12-28,CHTR,36.07,55098999000.0,5.74,,1.065,118.54,,,,,,,,,,,,,,,None,831000000,831000000,,,,,,None,415000000,,,,,-0.054,-1.08,210000000,625000000,9.42,2012-06-30,4.864,,30435000000.0,1053000000,-15000000,68000000,,,None,225000000,None,,None,,,,,-83000000,-83000000,None,None,0.239,,784000000,269000000,,,,,-59000000,,,,,0.434,1.759,0.514,,,,,,,,0.0929,,,2025-10-31,quarterly,8.34,USD,pre-market,0,,0.0555,0.313,-0.009,396.69,373000000,,,,308.58,217.1,-11.465,,,,,,,1884000000,,5.74,,437.06,193.0
2025-12-28,CHTR,36.07,55098999000.0,5.74,,1.065,118.54,,,,,,,,,,,,,,,None,814000000,814000000,,,,,,None,408000000,,,,,-0.054,-1.08,214000000,622000000,9.42,2012-03-31,4.864,,30435000000.0,1013000000,-23000000,71000000,,,None,237000000,None,,None,,,,,-94000000,-94000000,None,None,0.239,,783000000,230000000,,,,,-16000000,,,,,0.434,1.759,0.514,,,,,,,,0.0929,,,2025-10-31,quarterly,8.34,USD,pre-market,0,,0.0555,0.313,-0.009,396.69,372000000,,,,308.58,217.1,-11.465,,,,,,,1827000000,,5.74,,437.06,193.0
2025-12-28,CHTR,36.07,55098999000.0,5.74,,1.065,118.54,,,,,,,,,,,,,,,None,794000000,794000000,,,,,,None,411000000,,,,,-0.054,-1.08,245000000,656000000,9.42,2011-12-31,4.864,,30435000000.0,1040000000,245000000,67000000,,,None,245000000,None,,None,,,,,-67000000,-67000000,None,None,0.239,,782000000,258000000,,,,,-20000000,,,,,0.434,1.759,0.514,,,,,,,,0.0929,,,2025-10-31,quarterly,8.34,USD,pre-market,0,,0.0555,0.313,-0.009,396.69,364000000,,,,308.58,217.1,-11.465,,,,,,,1834000000,,5.74,,437.06,193.0
2025-12-28,CHTR,36.07,55098999000.0,5.74,,1.065,118.54,,,,,,,,,,,,,,,None,792000000,792000000,,,,,,None,405000000,,,,,-0.054,-1.08,237000000,642000000,9.42,2011-09-30,4.864,,30435000000.0,1017000000,-13000000,72000000,,,None,244000000,None,,None,,,,,-85000000,-85000000,None,None,0.239,,779000000,238000000,,,,,-6000000,,,,,0.434,1.759,0.514,,,,,,,,0.0929,,,2025-10-31,quarterly,8.34,USD,pre-market,0,,0.0555,0.313,-0.009,396.69,374000000,,,,308.58,217.1,-11.465,,,,,,,1809000000,,5.74,,437.06,193.0
2025-12-28,CHTR,36.07,55098999000.0,5.74,,1.065,118.54,,,,,,,,,,,,,,,None,784000000,784000000,,,,,,None,393000000,,,,,-0.054,-1.08,215000000,608000000,9.42,2011-06-30,4.864,,30435000000.0,1007000000,-26000000,81000000,,,None,241000000,None,,None,,,,,-107000000,-107000000,None,None,0.239,,736000000,271000000,,,,,-55000000,,,,,0.434,1.759,0.514,,,,,,,,0.0929,,,2025-10-31,quarterly,8.34,USD,pre-market,0,,0.0555,0.313,-0.009,396.69,343000000,,,,308.58,217.1,-11.465,,,,,,,1791000000,,5.74,,437.06,193.0
2025-12-28,CHTR,36.07,55098999000.0,5.74,,1.065,118.54,,,,,,,,,,,,,,,None,768000000,768000000,,,,,,None,383000000,,,,,-0.054,-1.08,202000000,585000000,9.42,2011-03-31,4.864,,30435000000.0,1002000000,-31000000,79000000,,,None,233000000,None,,None,,,,,-110000000,-110000000,None,None,0.239,,733000000,269000000,,,,,-67000000,,,,,0.434,1.759,0.514,,,,,,,,0.0929,,,2025-10-31,quarterly,8.34,USD,pre-market,0,,0.0555,0.313,-0.009,396.69,345000000,,,,308.58,217.1,-11.465,,,,,,,1770000000,,5.74,,437.06,193.0
2025-12-28,CHTR,36.07,55098999000.0,5.74,,1.065,118.54,,,,,,,,,,,,,,,None,747000000,747000000,,,,,,None,390000000,,,,,-0.054,-1.08,190000000,580000000,9.42,2010-12-31,4.864,,30435000000.0,1037000000,-1000000,84000000,,,None,232000000,None,,None,,,,,-85000000,0,None,None,0.239,,733000000,304000000,,,,,None,,,,,0.434,1.759,0.514,,,,,,,,0.0929,,,2025-10-31,quarterly,8.34,USD,pre-market,0,,0.0555,0.313,-0.009,396.69,362000000,,,,308.58,217.1,-11.465,,,,,,,1784000000,,5.74,,437.06,193.0
2025-12-28,CHTR,36.07,55098999000.0,5.74,,1.065,118.54,,,,,,,,,,,,,,,None,788000000,788000000,,,,,,None,385000000,,,,,-0.054,-1.08,236000000,621000000,9.42,2010-09-30,4.864,,30435000000.0,981000000,14000000,109000000,,,None,222000000,None,,None,,,,,-95000000,0,None,None,0.239,,741000000,240000000,,,,,None,,,,,0.434,1.759,0.514,,,,,,,,0.0929,,,2025-10-31,quarterly,8.34,USD,pre-market,0,,0.0555,0.313,-0.009,396.69,356000000,,,,308.58,217.1,-11.465,,,,,,,1769000000,,5.74,,437.06,193.0
2025-12-28,CHTR,36.07,55098999000.0,5.74,,1.065,118.54,,,,,,,,,,,,,,,None,766000000,766000000,,,,,,None,380000000,,,,,-0.054,-1.08,259000000,639000000,9.42,2010-06-30,4.864,,30435000000.0,1005000000,2000000,83000000,,,None,219000000,None,,None,,,,,-81000000,0,None,None,0.239,,751000000,254000000,,,,,None,,,,,0.434,1.759,0.514,,,,,,,,0.0929,,,2025-10-31,quarterly,8.34,USD,pre-market,0,,0.0555,0.313,-0.009,396.69,364000000,,,,308.58,217.1,-11.465,,,,,,,1771000000,,5.74,,437.06,193.0
2025-12-28,CHTR,36.07,55098999000.0,5.74,,1.065,118.54,,,,,,,,,,,,,,,None,751000000,751000000,,,,,,None,369000000,,,,,-0.054,-1.08,251000000,620000000,9.42,2010-03-31,4.864,,30435000000.0,984000000,43000000,19000000,,,None,204000000,None,,None,,,,,24000000,0,None,None,0.239,,733000000,251000000,,,,,None,,,,,0.434,1.759,0.514,,,,,,,,0.0929,,,2025-10-31,quarterly,8.34,USD,pre-market,0,,0.0555,0.313,-0.009,396.69,352000000,,,,308.58,217.1,-11.465,,,,,,,1735000000,,5.74,,437.06,193.0
2025-12-28,CHTR,36.07,55098999000.0,5.74,,1.065,118.54,,,,,,,,,,,,,,,None,735000000,735000000,,,,,,None,339000000,,,,,-0.054,-1.08,13636000000,13975000000,9.42,2009-12-31,4.864,,30435000000.0,975000000,13125000000,101000000,,,None,817000000,None,,None,,,,,12718000000,0,None,None,0.239,,-12355000000,13330000000,,,,,None,,,,,0.434,1.759,0.514,,,,,,,,0.0929,,,2025-10-31,quarterly,8.34,USD,pre-market,0,,0.0555,0.313,-0.009,396.69,346000000,,,,308.58,217.1,-11.465,,,,,,,1710000000,,5.74,,437.06,193.0
2025-12-28,CHTR,36.07,55098999000.0,5.74,,1.065,118.54,,,,,,,,,,,,,,,None,736000000,736000000,,,,,,None,327000000,,,,,-0.054,-1.08,263000000,590000000,9.42,2009-09-30,4.864,,30435000000.0,957000000,-2995000000,-565000000,,,None,206000000,None,,None,,,,,-1035000000,0,None,None,0.239,,694000000,263000000,,,,,None,,,,,0.434,1.759,0.514,,,,,,,,0.0929,,,2025-10-31,quarterly,8.34,USD,pre-market,0,,0.0555,0.313,-0.009,396.69,357000000,,,,308.58,217.1,-11.465,,,,,,,1693000000,,5.74,,437.06,193.0
2025-12-28,CHTR,36.07,55098999000.0,5.74,,1.065,118.54,,,,,,,,,,,,,,,None,715000000,715000000,,,,,,None,329000000,,,,,-0.054,-1.08,301000000,630000000,9.42,2009-06-30,4.864,,30435000000.0,975000000,-99000000,60000000,,,None,216000000,None,,None,,,,,-112000000,0,None,None,0.239,,674000000,301000000,,,,,None,,,,,0.434,1.759,0.514,,,,,,,,0.0929,,,2025-10-31,quarterly,8.34,USD,pre-market,0,,0.0555,0.313,-0.009,396.69,343000000,,,,308.58,217.1,-11.465,,,,,,,1690000000,,5.74,,437.06,193.0
2025-12-28,CHTR,36.07,55098999000.0,5.74,,1.065,118.54,,,,,,,,,,,,,,,None,713000000,713000000,,,,,,None,321000000,,,,,-0.054,-1.08,334000000,655000000,9.42,2009-03-31,4.864,,30435000000.0,949000000,-273000000,61000000,,,None,463000000,None,,None,,,,,-205000000,0,None,None,0.239,,615000000,334000000,,,,,None,,,,,0.434,1.759,0.514,,,,,,,,0.0929,,,2025-10-31,quarterly,8.34,USD,pre-market,0,,0.0555,0.313,-0.009,396.69,344000000,,,,308.58,217.1,-11.465,,,,,,,1662000000,,5.74,,437.06,193.0
2025-12-28,CHTR,36.07,55098999000.0,5.74,,1.065,118.54,,,,,,,,,,,,,,,None,703000000,703000000,,,,,,None,329000000,,,,,-0.054,-1.08,-1294000000,-965000000,9.42,2008-12-31,4.864,,30435000000.0,953000000,-1772000000,-277000000,,,None,1903000000,None,,None,,,,,-1495000000,0,None,None,0.239,,633000000,320000000,,,,,None,,,,,0.434,1.759,0.514,,,,,,,,0.0929,,,2025-10-31,quarterly,8.34,USD,pre-market,0,,0.0555,0.313,-0.009,396.69,342000000,,,,308.58,217.1,-11.465,,,,,,,1656000000,,5.74,,437.06,193.0
2025-12-28,CHTR,36.07,55098999000.0,5.74,,1.065,118.54,,,,,,,,,,,,,,,None,710000000,710000000,,,,,,None,332000000,,,,,-0.054,-1.08,208000000,540000000,9.42,2008-09-30,4.864,,30435000000.0,926000000,-265000000,57000000,,,None,478000000,None,,None,,,,,-322000000,0,None,None,0.239,,718000000,208000000,,,,,None,,,,,0.434,1.759,0.514,,,,,,,,0.0929,,,2025-10-31,quarterly,8.34,USD,pre-market,0,,0.0555,0.313,-0.009,396.69,371000000,,,,308.58,217.1,-11.465,,,,,,,1636000000,,5.74,,437.06,193.0
2025-12-28,CHTR,36.07,55098999000.0,5.74,,1.065,118.54,,,,,,,,,,,,,,,None,698000000,698000000,,,,,,None,328000000,,,,,-0.054,-1.08,230000000,558000000,9.42,2008-06-30,4.864,,30435000000.0,925000000,-217000000,59000000,,,None,475000000,None,,None,,,,,-276000000,0,None,None,0.239,,695000000,230000000,,,,,None,,,,,0.434,1.759,0.514,,,,,,,,0.0929,,,2025-10-31,quarterly,8.34,USD,pre-market,0,,0.0555,0.313,-0.009,396.69,342000000,,,,308.58,217.1,-11.465,,,,,,,1623000000,,5.74,,437.06,193.0
2025-12-28,CHTR,36.07,55098999000.0,5.74,,1.065,118.54,,,,,,,,,,,,,,,None,681000000,681000000,,,,,,None,321000000,,,,,-0.054,-1.08,205000000,526000000,9.42,2008-03-31,4.864,,30435000000.0,883000000,-300000000,58000000,,,None,466000000,None,,None,,,,,-358000000,0,None,None,0.239,,678000000,205000000,,,,,None,,,,,0.434,1.759,0.514,,,,,,,,0.0929,,,2025-10-31,quarterly,8.34,USD,pre-market,0,,0.0555,0.313,-0.009,396.69,357000000,,,,308.58,217.1,-11.465,,,,,,,1564000000,,5.74,,437.06,193.0
2025-12-28,CHTR,36.07,55098999000.0,5.74,,1.065,118.54,,,,,,,,,,,,,,,None,663000000,663000000,,,,,,None,329000000,,,,,-0.054,-1.08,85000000,414000000,9.42,2007-12-31,4.864,,30435000000.0,890000000,-428000000,40000000,,,None,1877000000,None,,None,,,,,-468000000,0,None,None,0.239,,805000000,85000000,,,,,None,,,,,0.434,1.759,0.514,,,,,,,,0.0929,,,2025-10-31,quarterly,8.34,USD,pre-market,0,,0.0555,0.313,-0.009,396.69,328000000,,,,308.58,217.1,-11.465,,,,,,,1553000000,,5.74,,437.06,193.0
2025-12-28,CHTR,36.07,55098999000.0,5.74,,1.065,118.54,,,,,,,,,,,,,,,None,679000000,679000000,,,,,,None,334000000,,,,,-0.054,-1.08,107000000,441000000,9.42,2007-09-30,4.864,,30435000000.0,846000000,-366000000,41000000,,,None,452000000,None,,None,,,,,-407000000,0,None,None,0.239,,739000000,107000000,,,,,None,,,,,0.434,1.759,0.514,,,,,,,,0.0929,,,2025-10-31,quarterly,8.34,USD,pre-market,0,,0.0555,0.313,-0.009,396.69,341000000,,,,308.58,217.1,-11.465,,,,,,,1525000000,,5.74,,437.06,193.0
2025-12-28,CHTR,36.07,55098999000.0,5.74,,1.065,118.54,,,,,,,,,,,,,,,None,647000000,647000000,,,,,,None,334000000,,,,,-0.054,-1.08,200000000,534000000,9.42,2007-06-30,4.864,,30435000000.0,852000000,-301000000,59000000,,,None,471000000,None,,None,,,,,-360000000,0,None,None,0.239,,652000000,200000000,,,,,None,,,,,0.434,1.759,0.514,,,,,,,,0.0929,,,2025-10-31,quarterly,8.34,USD,pre-market,0,,0.0555,0.313,-0.009,396.69,318000000,,,,308.58,217.1,-11.465,,,,,,,1499000000,,5.74,,437.06,193.0
2025-12-28,CHTR,36.07,55098999000.0,5.74,,1.065,118.54,,,,,,,,,,,,,,,None,631000000,631000000,,,,,,None,331000000,,,,,-0.054,-1.08,156000000,487000000,9.42,2007-03-31,4.864,,30435000000.0,794000000,-312000000,69000000,,,None,464000000,None,,None,,,,,-381000000,0,None,None,0.239,,638000000,156000000,,,,,None,,,,,0.434,1.759,0.514,,,,,,,,0.0929,,,2025-10-31,quarterly,8.34,USD,pre-market,0,,0.0555,0.313,-0.009,396.69,307000000,,,,308.58,217.1,-11.465,,,,,,,1425000000,,5.74,,437.06,193.0
2025-12-28,CHTR,36.07,55098999000.0,5.74,,1.065,118.54,,,,,,,,,,,,,,,None,608000000,608000000,,,,,,None,330000000,,,,,-0.054,-1.08,163000000,493000000,9.42,2006-12-31,4.864,,30435000000.0,805000000,-315000000,63000000,,,None,1887000000,None,,None,,,,,-396000000,0,None,None,0.239,,642000000,163000000,,,,,None,,,,,0.434,1.759,0.514,,,,,,,,0.0929,,,2025-10-31,quarterly,8.34,USD,pre-market,0,,0.0555,0.313,-0.009,396.69,305000000,,,,308.58,217.1,-11.465,,,,,,,1413000000,,5.74,,437.06,193.0
2025-12-28,CHTR,36.07,55098999000.0,5.74,,1.065,118.54,,,,,,,,,,,,,,,None,615000000,615000000,,,,,,None,334000000,,,,,-0.054,-1.08,66000000,400000000,9.42,2006-09-30,4.864,,30435000000.0,773000000,-269000000,64000000,,,None,466000000,None,,None,,,,,-133000000,0,None,None,0.239,,707000000,66000000,,,,,None,,,,,0.434,1.759,0.514,,,,,,,,0.0929,,,2025-10-31,quarterly,8.34,USD,pre-market,0,,0.0555,0.313,-0.009,396.69,309000000,,,,308.58,217.1,-11.465,,,,,,,1388000000,,5.74,,437.06,193.0
2025-12-28,CHTR,36.07,55098999000.0,5.74,,1.065,118.54,,,,,,,,,,,,,,,None,611000000,611000000,,,,,,None,340000000,,,,,-0.054,-1.08,146000000,486000000,9.42,2006-06-30,4.864,,30435000000.0,772000000,-350000000,52000000,,,None,451000000,None,,None,,,,,-382000000,0,None,None,0.239,,626000000,146000000,,,,,None,,,,,0.434,1.759,0.514,,,,,,,,0.0929,,,2025-10-31,quarterly,8.34,USD,pre-market,0,,0.0555,0.313,-0.009,396.69,279000000,,,,308.58,217.1,-11.465,,,,,,,1383000000,,5.74,,437.06,193.0
2025-12-28,CHTR,36.07,55098999000.0,5.74,,1.065,118.54,,,,,,,,,,,,,,,None,626000000,626000000,,,,,,None,358000000,,,,,-0.054,-1.08,91000000,449000000,9.42,2006-03-31,4.864,,30435000000.0,748000000,-450000000,8000000,,,None,468000000,None,,None,,,,,-459000000,0,None,None,0.239,,741000000,7000000,,,,,None,,,,,0.434,1.759,0.514,,,,,,,,0.0929,,,2025-10-31,quarterly,8.34,USD,pre-market,0,,0.0555,0.313,-0.009,396.69,284000000,,,,308.58,217.1,-11.465,,,,,,,1374000000,,5.74,,437.06,193.0
2025-12-28,CHTR,36.07,55098999000.0,5.74,,1.065,118.54,,,,,,,,,,,,,,,None,579000000,579000000,,,,,,None,365000000,,,,,-0.054,-1.08,119000000,484000000,9.42,2005-12-31,4.864,,30435000000.0,763000000,-305000000,40000000,,,None,1789000000,None,,None,,,,,-336000000,0,None,None,0.239,,644000000,119000000,,,,,None,,,,,0.434,1.759,0.514,,,,,,,,0.0929,,,2025-10-31,quarterly,8.34,USD,pre-market,0,,0.0555,0.313,-0.009,396.69,275000000,,,,308.58,217.1,-11.465,,,,,,,1342000000,,5.74,,437.06,193.0
2025-12-28,CHTR,36.07,55098999000.0,5.74,,1.065,118.54,,,,,,,,,,,,,,,None,586000000,586000000,,,,,,None,375000000,,,,,-0.054,-1.08,54000000,429000000,9.42,2005-09-30,4.864,,30435000000.0,732000000,108000000,24000000,,,None,462000000,None,,None,,,,,76000000,0,None,None,0.239,,669000000,63000000,,,,,None,,,,,0.434,1.759,0.514,,,,,,,,0.0929,,,2025-10-31,quarterly,8.34,USD,pre-market,0,,0.0555,0.313,-0.009,396.69,272000000,,,,308.58,217.1,-11.465,,,,,,,1318000000,,5.74,,437.06,193.0
2025-12-28,CHTR,36.07,55098999000.0,5.74,,1.065,118.54,,,,,,,,,,,,,,,None,29760000000,29760000000,,,,,,None,8673000000,,,,,-0.054,-1.08,12731000000,21404000000,9.42,2024-12-31,4.864,,30435000000.0,25325000000,7502000000,1649000000,,,None,5229000000,None,,None,,,,,5083000000,5853000000,-5229000000,None,0.239,,12080000000,13245000000,,,,,None,,,,,0.434,1.759,0.514,,,,,,,,0.0929,,,2025-10-31,annual,8.34,USD,pre-market,None,,0.0555,0.313,-0.009,396.69,12080000000,,,,308.58,217.1,-11.465,,,,,,,55085000000,,5.74,,437.06,193.0
2025-12-28,CHTR,36.07,55098999000.0,5.74,,1.065,118.54,,,,,,,,,,,,,,,None,33336000000,33336000000,,,,,,None,8696000000,,,,,-0.054,-1.08,12042000000,20738000000,9.42,2023-12-31,4.864,,30435000000.0,21271000000,6854000000,1593000000,,,None,5188000000,None,,None,,,,,4557000000,5417000000,-5096000000,None,0.239,,8765000000,12506000000,,,,,None,,,,,0.434,1.759,0.514,,,,,,,,0.0929,,,2025-10-31,annual,8.34,USD,pre-market,None,,0.0555,0.313,-0.009,396.69,692000000,,,,308.58,217.1,-11.465,,,,,,,54607000000,,5.74,,437.06,193.0
2025-12-28,CHTR,36.07,55098999000.0,5.74,,1.065,118.54,,,,,,,,,,,,,,,None,30598000000,30598000000,,,,,,None,8903000000,,,,,-0.054,-1.08,12018000000,20921000000,9.42,2022-12-31,4.864,,30435000000.0,23424000000,7462000000,1613000000,,,None,4556000000,None,,None,,,,,5055000000,5849000000,-4556000000,None,0.239,,11181000000,12243000000,,,,,56000000,,,,,0.434,1.759,0.514,,,,,,,,0.0929,,,2025-10-31,annual,8.34,USD,pre-market,None,,0.0555,0.313,-0.009,396.69,470000000,,,,308.58,217.1,-11.465,,,,,,,54022000000,,5.74,,437.06,193.0
2025-12-28,CHTR,36.07,55098999000.0,5.74,,1.065,118.54,,,,,,,,,,,,,,,None,31076000000,31076000000,,,,,,None,9345000000,,,,,-0.054,-1.08,10425000000,19770000000,9.42,2021-12-31,4.864,,30435000000.0,20606000000,6388000000,1068000000,,,None,4037000000,None,,None,,,,,4654000000,5320000000,-4037000000,None,0.239,,9751000000,10855000000,,,,,-101000000,,,,,0.434,1.759,0.514,,,,,,,,0.0929,,,2025-10-31,annual,8.34,USD,pre-market,None,,0.0555,0.313,-0.009,396.69,430000000,,,,308.58,217.1,-11.465,,,,,,,51682000000,,5.74,,437.06,193.0
2025-12-28,CHTR,36.07,55098999000.0,5.74,,1.065,118.54,,,,,,,,,,,,,,,None,30760000000,30760000000,,,,,,None,9704000000,,,,,-0.054,-1.08,8150000000,17854000000,9.42,2020-12-31,4.864,,30435000000.0,17337000000,4302000000,626000000,,,None,3848000000,None,,None,,,,,3222000000,3676000000,-3848000000,None,0.239,,8874000000,8463000000,,,,,-255000000,,,,,0.434,1.759,0.514,,,,,,,,0.0929,,,2025-10-31,annual,8.34,USD,pre-market,None,,0.0555,0.313,-0.009,396.69,351000000,,,,308.58,217.1,-11.465,,,,,,,48097000000,,5.74,,437.06,193.0
2025-12-28,CHTR,36.07,55098999000.0,5.74,,1.065,118.54,,,,,,,,,,,,,,,None,30859000000,30859000000,,,,,,None,9926000000,,,,,-0.054,-1.08,6228000000,16154000000,9.42,2019-12-31,4.864,,30435000000.0,14905000000,2431000000,439000000,,,None,3797000000,3988000000,,None,,,,,1668000000,1992000000,-3797000000,None,0.239,,8291000000,6614000000,,,,,-283000000,,,,,0.434,1.759,0.514,,,,,,,,0.0929,,,2025-10-31,annual,8.34,USD,pre-market,None,,0.0555,0.313,-0.009,396.69,315000000,,,,308.58,217.1,-11.465,,,,,,,45764000000,,5.74,,437.06,193.0
2025-12-28,CHTR,36.07,55098999000.0,5.74,,1.065,118.54,,,,,,,,,,,,,,,None,30979000000,30979000000,,,,,,None,10318000000,,,,,-0.054,-1.08,5226000000,15544000000,9.42,2018-12-31,4.864,,30435000000.0,12655000000,1686000000,180000000,,,None,3540000000,3727000000,,None,,,,,1230000000,1506000000,-3540000000,None,0.239,,7199000000,5456000000,,,,,5000000,,,,,0.434,1.759,0.514,,,,,,,,0.0929,,,2025-10-31,annual,8.34,USD,pre-market,0,,0.0555,0.313,-0.009,396.69,192000000,,,,308.58,217.1,-11.465,,,,,,,43634000000,,5.74,,437.06,193.0
2025-12-28,CHTR,36.07,55098999000.0,5.74,,1.065,118.54,,,,,,,,,,,,,,,None,31028000000,31028000000,,,,,,None,10588000000,,,,,-0.054,-1.08,4118000000,14706000000,9.42,2017-12-31,4.864,,30435000000.0,10553000000,1028000000,-9087000000,,,None,3090000000,3021000000,,None,,,,,9895000000,10115000000,-3090000000,None,0.239,,6101000000,4452000000,,,,,12000000,,,,,0.434,1.759,0.514,,,,,,,,0.0929,,,2025-10-31,annual,8.34,USD,pre-market,0,,0.0555,0.313,-0.009,396.69,261000000,,,,308.58,217.1,-11.465,,,,,,,41581000000,,5.74,,437.06,193.0
2025-12-28,CHTR,36.07,55098999000.0,5.74,,1.065,118.54,,,,,,,,,,,,,,,None,20581000000,20581000000,,,,,,None,6907000000,,,,,-0.054,-1.08,3319000000,10226000000,9.42,2016-12-31,4.864,,30435000000.0,8422000000,820000000,-2925000000,,,None,2499000000,2410000000,,None,,,,,3522000000,3745000000,-2499000000,None,0.239,,4981000000,3441000000,,,,,-2535000000,,,,,0.434,1.759,0.514,,,,,,,,0.0929,,,2025-10-31,annual,8.34,USD,pre-market,0,,0.0555,0.313,-0.009,396.69,899000000,,,,308.58,217.1,-11.465,,,,,,,29003000000,,5.74,,437.06,193.0
2025-12-28,CHTR,36.07,55098999000.0,5.74,,1.065,118.54,,,,,,,,,,,,,,,None,6943000000,6943000000,,,,,,None,2125000000,,,,,-0.054,-1.08,975000000,3100000000,9.42,2015-12-31,4.864,,30435000000.0,2811000000,-331000000,-60000000,,,None,1306000000,1310000000,,None,,,,,-271000000,-271000000,None,None,0.239,,1536000000,1275000000,,,,,-139000000,,,,,0.434,1.759,0.514,,,,,,,,0.0929,,,2025-10-31,annual,8.34,USD,pre-market,0,,0.0555,0.313,-0.009,396.69,78000000,,,,308.58,217.1,-11.465,,,,,,,9754000000,,5.74,,437.06,193.0
2025-12-28,CHTR,36.07,55098999000.0,5.74,,1.065,118.54,,,,,,,,,,,,,,,None,6664000000,6664000000,,,,,,None,2102000000,,,,,-0.054,-1.08,964000000,3066000000,9.42,2014-12-31,4.864,,30435000000.0,2444000000,53000000,236000000,,,None,911000000,None,,None,,,,,-183000000,-183000000,None,None,0.239,,1411000000,1033000000,,,,,-7000000,,,,,0.434,1.759,0.514,,,,,,,,0.0929,,,2025-10-31,annual,8.34,USD,pre-market,0,,0.0555,0.313,-0.009,396.69,55000000,,,,308.58,217.1,-11.465,,,,,,,9108000000,,5.74,,437.06,193.0
2025-12-28,CHTR,36.07,55098999000.0,5.74,,1.065,118.54,,,,,,,,,,,,,,,None,5913000000,5913000000,,,,,,None,1854000000,,,,,-0.054,-1.08,787000000,2641000000,9.42,2013-12-31,4.864,,30435000000.0,2242000000,-49000000,120000000,,,None,846000000,None,,None,,,,,-169000000,-169000000,None,None,0.239,,1286000000,956000000,,,,,-128000000,,,,,0.434,1.759,0.514,,,,,,,,0.0929,,,2025-10-31,annual,8.34,USD,pre-market,0,,0.0555,0.313,-0.009,396.69,48000000,,,,308.58,217.1,-11.465,,,,,,,8155000000,,5.74,,437.06,193.0
2025-12-28,CHTR,36.07,55098999000.0,5.74,,1.065,118.54,,,,,,,,,,,,,,,None,5424000000,5424000000,,,,,,None,1713000000,,,,,-0.054,-1.08,824000000,2537000000,9.42,2012-12-31,4.864,,30435000000.0,2080000000,-47000000,257000000,,,None,907000000,None,,None,,,,,-304000000,-304000000,None,None,0.239,,1149000000,931000000,,,,,-56000000,,,,,0.434,1.759,0.514,,,,,,,,0.0929,,,2025-10-31,annual,8.34,USD,pre-market,0,,0.0555,0.313,-0.009,396.69,0,,,,308.58,217.1,-11.465,,,,,,,7504000000,,5.74,,437.06,193.0
2025-12-28,CHTR,36.07,55098999000.0,5.74,,1.065,118.54,,,,,,,,,,,,,,,None,4730000000,4730000000,,,,,,None,1592000000,,,,,-0.054,-1.08,854000000,2446000000,9.42,2011-12-31,4.864,,30435000000.0,2474000000,-70000000,299000000,,,None,963000000,None,,None,,,,,-369000000,-369000000,None,None,0.239,,1426000000,1048000000,,,,,-148000000,,,,,0.434,1.759,0.514,,,,,,,,0.0929,,,2025-10-31,annual,8.34,USD,pre-market,0,,0.0555,0.313,-0.009,396.69,1426000000,,,,308.58,217.1,-11.465,,,,,,,7204000000,,5.74,,437.06,193.0
2025-12-28,CHTR,36.07,55098999000.0,5.74,,1.065,118.54,,,,,,,,,,,,,,,None,4588000000,4588000000,,,,,,None,1524000000,,,,,-0.054,-1.08,935000000,2459000000,9.42,2010-12-31,4.864,,30435000000.0,2471000000,58000000,295000000,,,None,877000000,None,,None,,,,,-237000000,None,None,None,0.239,,1422000000,1049000000,,,,,None,,,,,0.434,1.759,0.514,,,,,,,,0.0929,,,2025-10-31,annual,8.34,USD,pre-market,None,,0.0555,0.313,-0.009,396.69,1422000000,,,,308.58,217.1,-11.465,,,,,,,7059000000,,5.74,,437.06,193.0
2025-12-28,CHTR,36.07,55098999000.0,5.74,,1.065,118.54,,,,,,,,,,,,,,,None,4211000000,4211000000,,,,,,None,1316000000,,,,,-0.054,-1.08,10846000000,12162000000,9.42,2009-12-31,4.864,,30435000000.0,2544000000,9758000000,-8000000,,,None,-68000000,None,,None,,,,,11366000000,None,None,None,0.239,,1394000000,1150000000,,,,,None,,,,,0.434,1.759,0.514,,,,,,,,0.0929,,,2025-10-31,annual,8.34,USD,pre-market,None,,0.0555,0.313,-0.009,396.69,1380000000,,,,308.58,217.1,-11.465,,,,,,,6755000000,,5.74,,437.06,193.0
2025-12-28,CHTR,36.07,55098999000.0,5.74,,1.065,118.54,,,,,,,,,,,,,,,None,4102000000,4102000000,,,,,,None,1310000000,,,,,-0.054,-1.08,-647000000,663000000,9.42,2008-12-31,4.864,,30435000000.0,2377000000,-2554000000,-103000000,,,None,1903000000,None,,None,,,,,-2451000000,None,None,None,0.239,,1401000000,976000000,,,,,None,,,,,0.434,1.759,0.514,,,,,,,,0.0929,,,2025-10-31,annual,8.34,USD,pre-market,None,,0.0555,0.313,-0.009,396.69,1401000000,,,,308.58,217.1,-11.465,,,,,,,6479000000,,5.74,,437.06,193.0
2025-12-28,CHTR,36.07,55098999000.0,5.74,,1.065,118.54,,,,,,,,,,,,,,,None,3948000000,3948000000,,,,,,None,1328000000,,,,,-0.054,-1.08,451000000,1779000000,9.42,2007-12-31,4.864,,30435000000.0,2054000000,-1407000000,209000000,,,None,1851000000,None,,None,,,,,-1616000000,None,None,None,0.239,,1289000000,765000000,,,,,None,,,,,0.434,1.759,0.514,,,,,,,,0.0929,,,2025-10-31,annual,8.34,USD,pre-market,None,,0.0555,0.313,-0.009,396.69,1289000000,,,,308.58,217.1,-11.465,,,,,,,6002000000,,5.74,,437.06,193.0
2025-12-28,CHTR,36.07,55098999000.0,5.74,,1.065,118.54,,,,,,,,,,,,,,,None,3792000000,3792000000,,,,,,None,1362000000,,,,,-0.054,-1.08,492000000,1854000000,9.42,2006-12-31,4.864,,30435000000.0,1712000000,-1399000000,187000000,,,None,1887000000,None,,None,,,,,-1370000000,None,None,None,0.239,,1165000000,547000000,,,,,None,,,,,0.434,1.759,0.514,,,,,,,,0.0929,,,2025-10-31,annual,8.34,USD,pre-market,None,,0.0555,0.313,-0.009,396.69,1165000000,,,,308.58,217.1,-11.465,,,,,,,5504000000,,5.74,,437.06,193.0
2025-12-28,CHTR,36.07,55098999000.0,5.74,,1.065,118.54,,,,,,,,,,,,,,,None,3646000000,3646000000,,,,,,None,1499000000,,,,,-0.054,-1.08,897000000,2396000000,9.42,2005-12-31,4.864,,30435000000.0,1387000000,-852000000,112000000,,,None,1789000000,None,,None,,,,,-967000000,None,None,None,0.239,,1012000000,375000000,,,,,None,,,,,0.434,1.759,0.514,,,,,,,,0.0929,,,2025-10-31,annual,8.34,USD,pre-market,None,,0.0555,0.313,-0.009,396.69,1048000000,,,,308.58,217.1,-11.465,,,,,,,5254000000,,5.74,,437.06,193.0
2025-12-28,CHTR,36.07,55098999000.0,5.74,None,1.065,118.54,,None,464000000,464000000,,,,,,,,,None,136395000,None,3646000000,3646000000,965000000,None,1287000000,3598000000,None,None,1499000000,,,,,-0.054,-1.08,897000000,2396000000,9.42,2025-09-30,4.864,29710000000,30435000000.0,1387000000,-852000000,112000000,68023000000,68023000000,None,1789000000,None,None,None,None,95778000000,None,None,-967000000,None,None,None,0.239,,1012000000,375000000,805000000,10301000000,None,4886000000,None,,,,,0.434,1.759,0.514,,,,,,,,0.0929,,None,2025-10-31,quarterly,8.34,USD,pre-market,None,-4095000000,0.0555,0.313,-0.009,396.69,1048000000,95700000000,1287000000,None,308.58,217.1,-11.465,152850000000,4867000000,12994000000,133262000000,147983000000,120268000000,5254000000,15340000000,5.74,None,437.06,193.0
2025-12-28,CHTR,36.07,55098999000.0,5.74,None,1.065,118.54,,None,606000000,606000000,,,,,,,,,None,141684000,None,3646000000,3646000000,967000000,None,3114000000,3549000000,None,None,1499000000,,,,,-0.054,-1.08,897000000,2396000000,9.42,2025-06-30,4.864,29674000000,30435000000.0,1387000000,-852000000,112000000,68140000000,68140000000,None,1789000000,None,None,None,None,93169000000,None,None,-967000000,None,None,None,0.239,,1012000000,375000000,657000000,10018000000,None,4739000000,None,,,,,0.434,1.759,0.514,,,,,,,,0.0929,,None,2025-10-31,quarterly,8.34,USD,pre-market,None,-5232000000,0.0555,0.313,-0.009,396.69,1048000000,96283000000,3114000000,None,308.58,217.1,-11.465,151589000000,4812000000,14556000000,131221000000,146777000000,116665000000,5254000000,16209000000,5.74,None,437.06,193.0
2025-12-28,CHTR,36.07,55098999000.0,5.74,None,1.065,118.54,,None,796000000,796000000,,,,,,,,,None,144575000,None,3646000000,3646000000,929000000,None,2393000000,3311000000,None,None,1499000000,,,,,-0.054,-1.08,897000000,2396000000,9.42,2025-03-31,4.864,29674000000,30435000000.0,1387000000,-852000000,112000000,68286000000,68286000000,None,1789000000,None,None,None,None,93164000000,None,None,-967000000,None,None,None,0.239,,1012000000,375000000,861000000,8849000000,None,4774000000,None,,,,,0.434,1.759,0.514,,,,,,,,0.0929,,None,2025-10-31,quarterly,8.34,USD,pre-market,None,-6533000000,0.0555,0.313,-0.009,396.69,1048000000,95557000000,2393000000,None,308.58,217.1,-11.465,150954000000,4968000000,13672000000,130432000000,145986000000,116760000000,5254000000,16247000000,5.74,None,437.06,193.0
2025-12-28,CHTR,36.07,55098999000.0,5.74,None,1.065,118.54,,None,459000000,459000000,,,,,,,,,None,145364000,None,3646000000,3646000000,880000000,None,2557000000,3097000000,None,None,1499000000,,,,,-0.054,-1.08,897000000,2396000000,9.42,2024-12-31,4.864,29674000000,30435000000.0,1387000000,-852000000,112000000,68437000000,68437000000,None,1789000000,None,None,None,None,93206000000,None,None,-967000000,None,None,None,0.239,,1012000000,375000000,677000000,8666000000,None,4776000000,None,,,,,0.434,1.759,0.514,,,,,,,,0.0929,,None,2025-10-31,quarterly,8.34,USD,pre-market,None,-7750000000,0.0555,0.313,-0.009,396.69,1048000000,95763000000,2835000000,None,308.58,217.1,-11.465,150020000000,4233000000,13486000000,130313000000,145787000000,116827000000,5254000000,15587000000,5.74,None,437.06,193.0
2025-12-28,CHTR,36.07,55098999000.0,5.74,None,1.065,118.54,,None,721000000,721000000,,,,,,,,,None,145059000,None,3646000000,3646000000,855000000,None,1798000000,3067000000,None,None,1499000000,,,,,-0.054,-1.08,897000000,2396000000,9.42,2024-09-30,4.864,29668000000,30435000000.0,1387000000,-852000000,112000000,68603000000,68603000000,None,1789000000,None,None,None,None,94515000000,None,None,-967000000,None,None,None,0.239,,1012000000,375000000,704000000,9301000000,None,4659000000,None,,,,,0.434,1.759,0.514,,,,,,,,0.0929,,None,2025-10-31,quarterly,8.34,USD,pre-market,None,-8643000000,0.0555,0.313,-0.009,396.69,1048000000,96313000000,1798000000,29000000,308.58,217.1,-11.465,149371000000,4492000000,13160000000,131317000000,144879000000,118157000000,5254000000,14099000000,5.74,None,437.06,193.0
2025-12-28,CHTR,36.07,55098999000.0,5.74,None,1.065,118.54,,None,602000000,602000000,,,,,,,,,None,144915000,None,3646000000,3646000000,832000000,None,None,3000000000,None,None,1499000000,,,,,-0.054,-1.08,897000000,2396000000,9.42,2024-06-30,4.864,29668000000,30435000000.0,1387000000,-852000000,112000000,68763000000,68763000000,None,1789000000,None,None,None,None,97565000000,None,None,-967000000,None,None,None,0.239,,1012000000,375000000,531000000,8518000000,None,4679000000,None,,,,,0.434,1.759,0.514,,,,,,,,0.0929,,None,2025-10-31,quarterly,8.34,USD,pre-market,None,-9923000000,0.0555,0.313,-0.009,396.69,1048000000,97565000000,None,None,308.58,217.1,-11.465,148611000000,4133000000,10726000000,131897000000,144478000000,121171000000,5254000000,12879000000,5.74,None,437.06,193.0
2025-12-28,CHTR,36.07,55098999000.0,5.74,None,1.065,118.54,,None,661000000,661000000,,,,,,,,,None,146643000,None,3646000000,3646000000,850000000,None,None,3004000000,None,None,1499000000,,,,,-0.054,-1.08,897000000,2396000000,9.42,2024-03-31,4.864,29668000000,30435000000.0,1387000000,-852000000,112000000,68905000000,68905000000,None,1789000000,None,None,None,None,97965000000,None,None,-967000000,None,None,None,0.239,,1012000000,375000000,731000000,8591000000,None,4581000000,None,,,,,0.434,1.759,0.514,,,,,,,,0.0929,,None,2025-10-31,quarterly,8.34,USD,pre-market,None,-11154000000,0.0555,0.313,-0.009,396.69,1048000000,97965000000,None,None,308.58,217.1,-11.465,148044000000,4396000000,10926000000,132438000000,143648000000,121512000000,5254000000,11874000000,5.74,None,437.06,193.0
2025-12-28,CHTR,36.07,55098999000.0,5.74,None,1.065,118.54,,None,709000000,709000000,,,,,,,,,None,149651000,None,3646000000,3646000000,931000000,None,2000000000,2965000000,None,None,1499000000,,,,,-0.054,-1.08,897000000,2396000000,9.42,2023-12-31,4.864,29668000000,30435000000.0,1387000000,-852000000,112000000,69141000000,69141000000,None,1789000000,None,None,None,None,95777000000,None,None,-967000000,None,None,None,0.239,,1012000000,375000000,458000000,9093000000,None,4530000000,None,,,,,0.434,1.759,0.514,,,,,,,,0.0929,,None,2025-10-31,quarterly,8.34,USD,pre-market,None,-12260000000,0.0555,0.313,-0.009,396.69,1048000000,98905000000,2000000000,19787000000,308.58,217.1,-11.465,147193000000,4132000000,13214000000,132475000000,143061000000,119261000000,5254000000,11086000000,5.74,None,437.06,193.0
2025-12-28,CHTR,36.07,55098999000.0,5.74,None,1.065,118.54,,291000000,571000000,571000000,,,,,,,,,None,152019000,None,3646000000,3646000000,771000000,None,1999000000,2932000000,None,None,1499000000,,,,,-0.054,-1.08,897000000,2396000000,9.42,2023-09-30,4.864,29672000000,30435000000.0,1387000000,-852000000,112000000,69379000000,69379000000,None,1789000000,None,None,None,None,95800000000,None,None,-967000000,None,None,None,0.239,,1012000000,375000000,613000000,8375000000,None,4517000000,None,,,,,0.434,1.759,0.514,,,,,,,,0.0929,,38617000000,2025-10-31,quarterly,8.34,USD,pre-market,None,-11322000000,0.0555,0.313,-0.009,396.69,1048000000,98090000000,2290000000,None,308.58,217.1,-11.465,146682000000,4116000000,12625000000,131938000000,142566000000,119313000000,5254000000,11098000000,5.74,None,437.06,193.0
2025-12-28,CHTR,36.07,55098999000.0,5.74,None,1.065,118.54,,293000000,478000000,478000000,,,,,,,,,None,151975698,None,3646000000,3646000000,748000000,None,1999000000,2864000000,None,None,1499000000,,,,,-0.054,-1.08,897000000,2396000000,9.42,2023-06-30,4.864,29672000000,30435000000.0,1387000000,-852000000,112000000,69618000000,69618000000,None,1789000000,None,None,None,None,95971000000,None,None,-967000000,None,None,None,0.239,,1012000000,375000000,587000000,7863000000,None,4660000000,None,,,,,0.434,1.759,0.514,,,,,,,,0.0929,,37546000000,2025-10-31,quarterly,8.34,USD,pre-market,None,-12577000000,0.0555,0.313,-0.009,396.69,1048000000,98263000000,2292000000,None,308.58,217.1,-11.465,145615000000,3929000000,11975000000,131588000000,141686000000,119613000000,5254000000,10460000000,5.74,-1250000000,437.06,193.0
2025-12-28,CHTR,36.07,55098999000.0,5.74,None,1.065,118.54,,292000000,534000000,534000000,,,,,,,,,None,153538359,None,3646000000,3646000000,746000000,None,1999000000,2851000000,None,None,1499000000,,,,,-0.054,-1.08,897000000,2396000000,9.42,2023-03-31,4.864,29563000000,30435000000.0,1387000000,-852000000,112000000,69845000000,69845000000,None,1789000000,None,None,None,None,95973000000,None,None,-967000000,None,None,None,0.239,,1012000000,375000000,682000000,7712000000,None,4723000000,None,,,,,0.434,1.759,0.514,,,,,,,,0.0929,,36602000000,2025-10-31,quarterly,8.34,USD,pre-market,None,-13800000000,0.0555,0.313,-0.009,396.69,1048000000,98264000000,2291000000,None,308.58,217.1,-11.465,144870000000,4067000000,12242000000,131968000000,140803000000,119726000000,5254000000,9418000000,5.74,-920000000,437.06,193.0
2025-12-28,CHTR,36.07,55098999000.0,5.74,None,1.065,118.54,,295000000,645000000,645000000,,,,,,,,,None,155554890,None,3646000000,3646000000,952000000,None,1510000000,2921000000,None,None,1499000000,,,,,-0.054,-1.08,897000000,2396000000,9.42,2022-12-31,4.864,29563000000,30435000000.0,1387000000,-852000000,112000000,70135000000,70135000000,None,1789000000,None,None,None,None,96093000000,None,None,-967000000,None,None,None,0.239,,1012000000,375000000,451000000,8130000000,None,4758000000,None,,,,,0.434,1.759,0.514,,,,,,,,0.0929,,36039000000,2025-10-31,quarterly,8.34,USD,pre-market,None,-14821000000,0.0555,0.313,-0.009,396.69,1048000000,97898000000,1805000000,None,308.58,217.1,-11.465,144523000000,4017000000,12065000000,131974000000,140506000000,119909000000,5254000000,9119000000,5.74,None,437.06,193.0
2025-12-28,CHTR,36.07,55098999000.0,5.74,None,1.065,118.54,,291000000,480000000,480000000,,,,,,,,,None,160638186,None,3646000000,3646000000,740000000,None,1522000000,2841000000,None,None,1499000000,,,,,-0.054,-1.08,897000000,2396000000,9.42,2022-09-30,4.864,29563000000,30435000000.0,1387000000,-852000000,112000000,70436000000,70436000000,None,1789000000,None,None,None,None,95510000000,None,None,-967000000,None,None,None,0.239,,1012000000,375000000,433000000,7806000000,None,5061000000,None,,,,,0.434,1.759,0.514,,,,,,,,0.0929,,35005000000,2025-10-31,quarterly,8.34,USD,pre-market,None,-8816000000,0.0555,0.313,-0.009,396.69,1048000000,97323000000,1813000000,None,308.58,217.1,-11.465,143669000000,3754000000,11595000000,131319000000,139915000000,119724000000,5254000000,8889000000,5.74,-9245000000,437.06,193.0
2025-12-28,CHTR,36.07,55098999000.0,5.74,None,1.065,118.54,,281000000,483000000,483000000,,,,,,,,,9879000000,167090925,None,3646000000,3646000000,718000000,None,1533000000,2779000000,None,None,1499000000,,,,,-0.054,-1.08,897000000,2396000000,9.42,2022-06-30,4.864,29563000000,30435000000.0,1387000000,-852000000,112000000,70727000000,70727000000,None,1789000000,None,None,None,None,94468000000,None,None,-967000000,None,None,None,0.239,,1012000000,375000000,476000000,7517000000,None,4759000000,None,,,,,0.434,1.759,0.514,,,,,,,,0.0929,,34472000000,2025-10-31,quarterly,8.34,USD,pre-market,None,-10001000000,0.0555,0.313,-0.009,396.69,1048000000,96282000000,1814000000,None,308.58,217.1,-11.465,143258000000,3738000000,11395000000,129745000000,139520000000,118350000000,5254000000,9879000000,5.74,-7020000000,437.06,193.0
2025-12-28,CHTR,36.07,55098999000.0,5.74,None,1.065,118.54,,275000000,2431000000,2431000000,,,,,,,,,None,174500472,None,3646000000,3646000000,706000000,None,4543000000,2530000000,None,None,1499000000,,,,,-0.054,-1.08,897000000,2396000000,9.42,2022-03-31,4.864,29563000000,30435000000.0,1387000000,-852000000,112000000,71046000000,71046000000,None,1789000000,None,None,None,None,90679000000,None,None,-967000000,None,None,None,0.239,,1012000000,375000000,555000000,7087000000,None,4326000000,None,,,,,0.434,1.759,0.514,,,,,,,,0.0929,,34173000000,2025-10-31,quarterly,8.34,USD,pre-market,None,-11472000000,0.0555,0.313,-0.009,396.69,1048000000,95497000000,4818000000,None,308.58,217.1,-11.465,143948000000,5516000000,13929000000,128004000000,138432000000,114075000000,5254000000,12060000000,5.74,-3333000000,437.06,193.0
2025-12-28,CHTR,36.07,55098999000.0,5.74,None,1.065,118.54,,269000000,601000000,601000000,,,,,,,,,None,180417622,None,3646000000,3646000000,724000000,None,2997000000,2579000000,None,None,1499000000,,,,,-0.054,-1.08,897000000,2396000000,9.42,2021-12-31,4.864,29562000000,30435000000.0,1387000000,-852000000,112000000,71406000000,71406000000,None,1789000000,None,None,None,None,88564000000,None,None,-967000000,None,None,None,0.239,,1012000000,375000000,386000000,7415000000,None,4217000000,None,,,,,0.434,1.759,0.514,,,,,,,,0.0929,,34310000000,2025-10-31,quarterly,8.34,USD,pre-market,None,-12675000000,0.0555,0.313,-0.009,396.69,1048000000,91830000000,3266000000,None,308.58,217.1,-11.465,142491000000,3566000000,12458000000,124335000000,138925000000,111877000000,5254000000,14050000000,5.74,None,437.06,193.0
2025-12-28,CHTR,36.07,55098999000.0,5.74,None,1.065,118.54,,262000000,466000000,466000000,,,,,,,,,None,187166071,None,3646000000,3646000000,686000000,None,2996000000,2645000000,None,None,1499000000,,,,,-0.054,-1.08,897000000,2396000000,9.42,2021-09-30,4.864,29554000000,30435000000.0,1387000000,-852000000,112000000,72597000000,72597000000,None,1789000000,None,None,None,None,85376000000,None,None,-967000000,None,None,None,0.239,,1012000000,375000000,387000000,7154000000,None,4376000000,None,,,,,0.434,1.759,0.514,,,,,,,,0.0929,,34179000000,2025-10-31,quarterly,8.34,USD,pre-market,None,-2151000000,0.0555,0.313,-0.009,396.69,1048000000,88634000000,3258000000,135474000000,308.58,217.1,-11.465,142495000000,3498000000,12237000000,120969000000,138997000000,108732000000,5254000000,17030000000,5.74,-10834000000,437.06,193.0
2025-12-28,CHTR,36.07,55098999000.0,5.74,None,1.065,118.54,,258000000,1711000000,1711000000,,,,,,,,,None,199077390,None,3646000000,3646000000,704000000,None,1002000000,2583000000,None,None,1499000000,,,,,-0.054,-1.08,897000000,2396000000,9.42,2021-06-30,4.864,29554000000,30435000000.0,1387000000,-852000000,112000000,72109000000,72109000000,None,1789000000,None,None,None,None,86962000000,None,None,-967000000,None,None,None,0.239,,1012000000,375000000,388000000,6959000000,None,4262000000,None,,,,,0.434,1.759,0.514,,,,,,,,0.0929,,35494000000,2025-10-31,quarterly,8.34,USD,pre-market,None,-3368000000,0.0555,0.313,-0.009,396.69,1048000000,88222000000,1260000000,135869000000,308.58,217.1,-11.465,144026000000,4682000000,10038000000,119940000000,139344000000,109902000000,5254000000,19342000000,5.74,-7168000000,437.06,193.0
2025-12-28,CHTR,36.07,55098999000.0,5.74,None,1.065,118.54,,245000000,772000000,772000000,,,,,,,,,None,205872536,None,3646000000,3646000000,724000000,None,1005000000,2395000000,None,None,1499000000,,,,,-0.054,-1.08,897000000,2396000000,9.42,2021-03-31,4.864,29554000000,30435000000.0,1387000000,-852000000,112000000,73381000000,73381000000,None,1789000000,None,None,None,None,83882000000,None,None,-967000000,None,None,None,0.239,,1012000000,375000000,496000000,6896000000,None,4233000000,None,,,,,0.434,1.759,0.514,,,,,,,,0.0929,,34184000000,2025-10-31,quarterly,8.34,USD,pre-market,None,-4388000000,0.0555,0.313,-0.009,396.69,1048000000,85132000000,1250000000,136245000000,308.58,217.1,-11.465,143439000000,3663000000,9916000000,116258000000,139776000000,106342000000,5254000000,20997000000,5.74,-3652000000,437.06,193.0
2025-12-28,CHTR,36.07,55098999000.0,5.74,None,1.065,118.54,,235000000,1001000000,1001000000,,,,,,,,,None,212077917,None,3646000000,3646000000,763000000,None,1008000000,2539000000,None,None,1499000000,,,,,-0.054,-1.08,897000000,2396000000,9.42,2020-12-31,4.864,29554000000,30435000000.0,1387000000,-852000000,112000000,72937000000,72937000000,None,1789000000,None,None,None,None,81744000000,None,None,-967000000,None,None,None,0.239,,1012000000,375000000,369000000,6878000000,None,4198000000,None,,,,,0.434,1.759,0.514,,,,,,,,0.0929,,34357000000,2025-10-31,quarterly,8.34,USD,pre-market,None,-5195000000,0.0555,0.313,-0.009,396.69,1048000000,82987000000,1243000000,136848000000,308.58,217.1,-11.465,144206000000,3909000000,9875000000,113925000000,140300000000,104050000000,5254000000,23805000000,5.74,None,437.06,193.0
2025-12-28,CHTR,36.07,55098999000.0,5.74,None,1.065,118.54,,233000000,1283000000,1283000000,,,,,,,,,26906000000,208722129,None,3646000000,3646000000,728000000,None,1715000000,2068000000,None,None,1499000000,,,,,-0.054,-1.08,897000000,2396000000,9.42,2020-09-30,4.864,29554000000,30435000000.0,1387000000,-852000000,112000000,73372000000,73372000000,None,1789000000,None,None,None,None,77947000000,None,None,-967000000,None,None,None,0.239,,1012000000,375000000,709000000,6518000000,None,4349000000,None,,,,,0.434,1.759,0.514,,,,,,,,0.0929,,34196000000,2025-10-31,quarterly,8.34,USD,pre-market,None,2016000000,0.0555,0.313,-0.009,396.69,1048000000,79895000000,1948000000,None,308.58,217.1,-11.465,144193000000,4060000000,10256000000,110481000000,140133000000,100225000000,5254000000,26906000000,5.74,-6868000000,437.06,193.0
2025-12-28,CHTR,36.07,55098999000.0,5.74,None,1.065,118.54,,223000000,2097000000,2097000000,,,,,,,,,None,210906946,None,3646000000,3646000000,667000000,None,706000000,1994000000,None,None,1499000000,,,,,-0.054,-1.08,897000000,2396000000,9.42,2020-06-30,4.864,29554000000,30435000000.0,1387000000,-852000000,112000000,74231000000,74231000000,None,1789000000,None,None,None,None,77663000000,None,None,-967000000,None,None,None,0.239,,1012000000,375000000,674000000,6493000000,None,4141000000,None,,,,,0.434,1.759,0.514,,,,,,,,0.0929,,34074000000,2025-10-31,quarterly,8.34,USD,pre-market,None,1202000000,0.0555,0.313,-0.009,396.69,1048000000,78592000000,929000000,None,308.58,217.1,-11.465,145136000000,4765000000,9142000000,108735000000,140371000000,99593000000,5254000000,29356000000,5.74,-3507000000,437.06,193.0
2025-12-28,CHTR,36.07,55098999000.0,5.74,None,1.065,118.54,,218000000,2908000000,2908000000,,,,,,,,,None,212810613,None,3646000000,3646000000,733000000,None,4905000000,2091000000,None,None,1499000000,,,,,-0.054,-1.08,897000000,2396000000,9.42,2020-03-31,4.864,29554000000,30435000000.0,1387000000,-852000000,112000000,74709000000,74709000000,None,1789000000,None,None,None,None,74787000000,None,None,-967000000,None,None,None,0.239,,1012000000,375000000,760000000,6371000000,None,4163000000,None,,,,,0.434,1.759,0.514,,,,,,,,0.0929,,34096000000,2025-10-31,quarterly,8.34,USD,pre-market,None,436000000,0.0555,0.313,-0.009,396.69,1048000000,79910000000,5123000000,None,308.58,217.1,-11.465,146552000000,5759000000,13215000000,109830000000,140793000000,96615000000,5254000000,29628000000,5.74,-2352000000,437.06,193.0
2025-12-28,CHTR,36.07,55098999000.0,5.74,None,1.065,118.54,,1193000000,3483000000,3483000000,,,,,,,,,None,217778099,None,3646000000,3646000000,786000000,None,3500000000,2227000000,None,None,1499000000,,,,,-0.054,-1.08,897000000,2396000000,9.42,2019-12-31,4.864,29554000000,30435000000.0,1387000000,-852000000,112000000,74775000000,74775000000,None,1789000000,None,None,None,None,75578000000,None,330000000,-967000000,None,None,None,0.239,,1012000000,375000000,761000000,6888000000,None,2724000000,None,,,,,0.434,1.759,0.514,,,,,,,,0.0929,,34591000000,2025-10-31,quarterly,8.34,USD,pre-market,None,40000000,0.0555,0.313,-0.009,396.69,1048000000,80271000000,3714000000,None,308.58,217.1,-11.465,148188000000,6471000000,12385000000,109377000000,141717000000,96992000000,5254000000,31445000000,5.74,None,437.06,193.0
2025-12-28,CHTR,36.07,55098999000.0,5.74,None,1.065,118.54,,1201000000,508000000,508000000,,,,,,,,,None,222355867,None,3646000000,3646000000,663000000,None,3509000000,2284000000,None,None,1499000000,,,,,-0.054,-1.08,897000000,2396000000,9.42,2019-09-30,4.864,29554000000,30435000000.0,1387000000,-852000000,112000000,75731000000,75731000000,None,1789000000,None,None,None,None,71390000000,None,None,-967000000,None,None,None,0.239,,1012000000,375000000,596000000,6499000000,None,2773000000,None,,,,,0.434,1.759,0.514,,,,,,,,0.0929,,34218000000,2025-10-31,quarterly,8.34,USD,pre-market,None,3734000000,0.0555,0.313,-0.009,396.69,1048000000,76100000000,3929000000,None,308.58,217.1,-11.465,145267000000,3388000000,11982000000,104745000000,141879000000,92763000000,5254000000,32974000000,5.74,-4568000000,437.06,193.0
2025-12-28,CHTR,36.07,55098999000.0,5.74,None,1.065,118.54,,1260000000,696000000,696000000,,,,,,,,,None,225942172,None,3646000000,3646000000,790000000,None,1522000000,2070000000,None,None,1499000000,,,,,-0.054,-1.08,897000000,2396000000,9.42,2019-06-30,4.864,29554000000,30435000000.0,1387000000,-852000000,112000000,76234000000,76234000000,None,1789000000,None,None,None,None,71784000000,None,None,-967000000,None,None,None,0.239,,1012000000,375000000,574000000,6423000000,None,2758000000,None,,,,,0.434,1.759,0.514,,,,,,,,0.0929,,34475000000,2025-10-31,quarterly,8.34,USD,pre-market,None,3347000000,0.0555,0.313,-0.009,396.69,1048000000,74566000000,1938000000,None,308.58,217.1,-11.465,146085000000,3340000000,9875000000,102991000000,142745000000,93116000000,5254000000,35286000000,5.74,-1801000000,437.06,193.0
2025-12-28,CHTR,36.07,55098999000.0,5.74,None,1.065,118.54,,1186000000,1451000000,1451000000,,,,,,,,,None,227595365,None,3646000000,3646000000,661000000,None,3532000000,1578000000,None,None,1499000000,,,,,-0.054,-1.08,897000000,2396000000,9.42,2019-03-31,4.864,29554000000,30435000000.0,1387000000,-852000000,112000000,76316000000,76316000000,None,1789000000,None,None,None,None,70567000000,None,None,-967000000,None,None,None,0.239,,1012000000,375000000,722000000,6575000000,None,2643000000,None,,,,,0.434,1.759,0.514,,,,,,,,0.0929,,34859000000,2025-10-31,quarterly,8.34,USD,pre-market,None,3033000000,0.0555,0.313,-0.009,396.69,1048000000,75285000000,3942000000,None,308.58,217.1,-11.465,147257000000,3751000000,11950000000,103614000000,143506000000,91664000000,5254000000,35734000000,5.74,-940000000,437.06,193.0
2025-12-28,CHTR,36.07,55098999000.0,5.74,None,1.065,118.54,,None,551000000,551000000,,,,,,,,,36285000000,230131933,None,3646000000,3646000000,758000000,None,3290000000,1733000000,None,None,1499000000,,,,,-0.054,-1.08,897000000,2396000000,9.42,2018-12-31,4.864,29554000000,30435000000.0,1387000000,-852000000,112000000,76884000000,76884000000,None,1789000000,None,None,None,None,69537000000,None,476000000,-967000000,None,None,None,0.239,,1012000000,375000000,446000000,7027000000,None,2837000000,None,,,,,0.434,1.759,0.514,,,,,,,,0.0929,,35126000000,2025-10-31,quarterly,8.34,USD,pre-market,None,2780000000,0.0555,0.313,-0.009,396.69,1048000000,72827000000,3290000000,None,308.58,217.1,-11.465,146130000000,2730000000,12095000000,101858000000,143400000000,89763000000,5254000000,36285000000,5.74,None,437.06,193.0
2025-12-28,CHTR,36.07,55098999000.0,5.74,None,1.065,118.54,,None,612000000,612000000,,,,,,,,,0,233607414,None,3646000000,3646000000,604000000,None,3339000000,1736000000,None,None,1499000000,,,,,-0.054,-1.08,897000000,2396000000,9.42,2018-09-30,4.864,29554000000,30435000000.0,1387000000,-852000000,112000000,77929000000,77929000000,None,1789000000,None,0,None,None,69135000000,None,None,-967000000,None,None,None,0.239,,1012000000,375000000,381000000,6834000000,None,2451000000,None,,,,,0.434,1.759,0.514,,,,,,,,0.0929,,34740000000,2025-10-31,quarterly,8.34,USD,pre-market,None,4828000000,0.0555,0.313,-0.009,396.69,1048000000,72474000000,3339000000,0,308.58,217.1,-11.465,146085000000,2729000000,11850000000,100857000000,143356000000,89007000000,5254000000,37105000000,5.74,-3214000000,437.06,193.0
2025-12-28,CHTR,36.07,55098999000.0,5.74,None,1.065,118.54,,None,773000000,773000000,,,,,,,,,0,237073566,None,3646000000,3646000000,732000000,None,5387000000,1619000000,None,None,1499000000,,,,,-0.054,-1.08,897000000,2396000000,9.42,2018-06-30,4.864,29554000000,30435000000.0,1387000000,-852000000,112000000,78470000000,78470000000,None,1789000000,None,0,None,None,66730000000,None,None,-967000000,None,None,None,0.239,,1012000000,375000000,358000000,6861000000,None,2479000000,None,,,,,0.434,1.759,0.514,,,,,,,,0.0929,,34411000000,2025-10-31,quarterly,8.34,USD,pre-market,None,4307000000,0.0555,0.313,-0.009,396.69,1048000000,72117000000,5387000000,0,308.58,217.1,-11.465,146251000000,2750000000,14024000000,100609000000,143501000000,86585000000,5254000000,37443000000,5.74,-2281000000,437.06,193.0
2025-12-28,CHTR,36.07,55098999000.0,5.74,None,1.065,118.54,,None,576000000,576000000,,,,,,,,,0,241420722,None,3646000000,3646000000,622000000,None,3340000000,1409000000,None,None,1499000000,,,,,-0.054,-1.08,897000000,2396000000,9.42,2018-03-31,4.864,29554000000,30435000000.0,1387000000,-852000000,112000000,78634000000,78634000000,None,1789000000,None,0,None,None,67609000000,None,None,-967000000,None,None,None,0.239,,1012000000,375000000,413000000,6654000000,None,2464000000,None,,,,,0.434,1.759,0.514,,,,,,,,0.0929,,34002000000,2025-10-31,quarterly,8.34,USD,pre-market,None,4034000000,0.0555,0.313,-0.009,396.69,1048000000,70949000000,3340000000,0,308.58,217.1,-11.465,146151000000,2398000000,11602000000,99026000000,143753000000,87424000000,5254000000,38768000000,5.74,-617000000,437.06,193.0
2025-12-28,CHTR,36.07,55098999000.0,5.74,None,1.065,118.54,,None,621000000,621000000,,,,,,,,,0,278257245,None,3646000000,3646000000,740000000,None,2045000000,1635000000,None,None,1499000000,,,,,-0.054,-1.08,897000000,2396000000,9.42,2017-12-31,4.864,29554000000,30435000000.0,1387000000,-852000000,112000000,79270000000,79270000000,None,1789000000,None,0,None,None,68186000000,None,497000000,-967000000,None,None,None,0.239,,1012000000,375000000,299000000,7354000000,None,2502000000,None,,,,,0.434,1.759,0.514,,,,,,,,0.0929,,33888000000,2025-10-31,quarterly,8.34,USD,pre-market,None,3832000000,0.0555,0.313,-0.009,396.69,1048000000,70231000000,2045000000,0,308.58,217.1,-11.465,146623000000,2555000000,11090000000,99092000000,144068000000,88002000000,5254000000,39084000000,5.74,0,437.06,193.0
2025-12-28,CHTR,36.07,55098999000.0,5.74,None,1.065,118.54,,None,2164000000,2164000000,,,,,,,,,0,258341851,None,3646000000,3646000000,572000000,None,2068000000,1652000000,None,None,1499000000,,,,,-0.054,-1.08,897000000,2396000000,9.42,2017-09-30,4.864,29554000000,30435000000.0,1387000000,-852000000,112000000,80556000000,80556000000,None,1789000000,None,0,None,None,66064000000,None,None,-967000000,None,None,None,0.239,,1012000000,375000000,316000000,6782000000,None,2591000000,None,,,,,0.434,1.759,0.514,,,,,,,,0.0929,,33300000000,2025-10-31,quarterly,8.34,USD,pre-market,None,1206000000,0.0555,0.313,-0.009,396.69,1048000000,68132000000,2068000000,0,308.58,217.1,-11.465,148228000000,4132000000,10419000000,105650000000,144096000000,95231000000,5254000000,33229000000,5.74,-7748000000,437.06,193.0
2025-12-28,CHTR,36.07,55098999000.0,5.74,None,1.065,118.54,,None,694000000,694000000,,,,,,,,,0,267309261,None,3646000000,3646000000,584000000,None,63248000000,1489000000,None,None,1499000000,,,,,-0.054,-1.08,897000000,2396000000,9.42,2017-06-30,4.864,29554000000,30435000000.0,1387000000,-852000000,112000000,80547000000,80547000000,None,1789000000,None,0,None,None,63248000000,None,None,-967000000,None,None,None,0.239,,1012000000,375000000,381000000,6627000000,None,2582000000,None,,,,,0.434,1.759,0.514,,,,,,,,0.0929,,32948000000,2025-10-31,quarterly,8.34,USD,pre-market,None,1158000000,0.0555,0.313,-0.009,396.69,1048000000,63796000000,548000000,0,308.58,217.1,-11.465,146960000000,2564000000,8123000000,100527000000,144396000000,92404000000,5254000000,36628000000,5.74,-4223000000,437.06,193.0
2025-12-28,CHTR,36.07,55098999000.0,5.74,None,1.065,118.54,,None,2920000000,2920000000,,,,,,,,,0,273199509,None,3646000000,3646000000,522000000,None,2007000000,1311000000,None,None,1499000000,,,,,-0.054,-1.08,897000000,2396000000,9.42,2017-03-31,4.864,29526000000,30435000000.0,1387000000,-852000000,112000000,81859000000,81859000000,None,1789000000,None,0,None,None,60837000000,None,None,-967000000,None,None,None,0.239,,1012000000,375000000,435000000,6155000000,None,2607000000,None,,,,,0.434,1.759,0.514,,,,,,,,0.0929,,32699000000,2025-10-31,quarterly,8.34,USD,pre-market,None,1019000000,0.0555,0.313,-0.009,396.69,1048000000,62844000000,2007000000,0,308.58,217.1,-11.465,149444000000,4666000000,9520000000,99540000000,144778000000,90020000000,5254000000,39720000000,5.74,-895000000,437.06,193.0
2025-12-28,CHTR,36.07,55098999000.0,5.74,None,1.065,118.54,,None,1535000000,1535000000,,,,,,,,,0,272624270,None,3646000000,3646000000,454000000,None,2028000000,1432000000,None,None,1499000000,,,,,-0.054,-1.08,897000000,2396000000,9.42,2016-12-31,4.864,29509000000,30435000000.0,1387000000,-852000000,112000000,81924000000,81924000000,None,1789000000,None,0,None,None,59719000000,None,530000000,-967000000,None,None,None,0.239,,1012000000,375000000,333000000,6200000000,None,2745000000,None,,,,,0.434,1.759,0.514,,,,,,,,0.0929,,32963000000,2025-10-31,quarterly,8.34,USD,pre-market,None,733000000,0.0555,0.313,-0.009,396.69,1048000000,61747000000,2028000000,0,308.58,217.1,-11.465,149067000000,3300000000,9572000000,98701000000,145767000000,89129000000,5254000000,40139000000,5.74,0,437.06,193.0
2025-12-28,CHTR,36.07,55098999000.0,5.74,None,1.065,118.54,,None,1165000000,1165000000,,,,,,,,,0,275373202,None,3646000000,3646000000,478000000,None,2050000000,1242000000,None,None,1499000000,,,,,-0.054,-1.08,897000000,2396000000,9.42,2016-09-30,4.864,30165000000,30435000000.0,1387000000,-852000000,112000000,82362000000,82362000000,None,1789000000,None,0,None,None,59946000000,None,None,-967000000,None,None,None,0.239,,1012000000,375000000,374000000,5773000000,None,2969000000,None,,,,,0.434,1.759,0.514,,,,,,,,0.0929,,32881000000,2025-10-31,quarterly,8.34,USD,pre-market,None,1007000000,0.0555,0.313,-0.009,396.69,1048000000,61996000000,2050000000,0,308.58,217.1,-11.465,148897000000,2781000000,8647000000,97822000000,146116000000,89175000000,5254000000,40277000000,5.74,-448000000,437.06,193.0
2025-12-28,CHTR,36.07,55098999000.0,5.74,None,1.065,118.54,,None,555000000,555000000,,,,,,,,,0,205214266,None,3646000000,3646000000,448000000,None,2071000000,1340000000,None,None,1499000000,,,,,-0.054,-1.08,897000000,2396000000,9.42,2016-06-30,4.864,29692000000,30435000000.0,1387000000,-852000000,112000000,83087000000,83087000000,None,1789000000,None,0,None,None,60132000000,None,None,-967000000,None,None,None,0.239,,1012000000,375000000,430000000,5897000000,None,2885000000,None,,,,,0.434,1.759,0.514,,,,,,,,0.0929,,33358000000,2025-10-31,quarterly,8.34,USD,pre-market,None,818000000,0.0555,0.313,-0.009,396.69,1048000000,62203000000,2071000000,0,308.58,217.1,-11.465,149195000000,2325000000,8807000000,98163000000,146870000000,89356000000,5254000000,40240000000,5.74,-99000000,437.06,193.0
2025-12-28,CHTR,36.07,55098999000.0,5.74,None,1.065,118.54,,None,1278000000,1278000000,,,,,,,,,0,101552093,None,3646000000,3646000000,140000000,None,None,253000000,None,None,1499000000,,,,,-0.054,-1.08,897000000,2396000000,9.42,2016-03-31,4.864,1168000000,30435000000.0,1387000000,-852000000,112000000,7059000000,7059000000,None,1789000000,None,0,None,None,37124000000,None,None,-967000000,None,None,None,0.239,,1012000000,375000000,81000000,1685000000,None,76000000,None,,,,,0.434,1.759,0.514,,,,,,,,0.0929,,8294000000,2025-10-31,quarterly,8.34,USD,pre-market,None,-2249000000,0.0555,0.313,-0.009,396.69,1048000000,37124000000,None,0,308.58,217.1,-11.465,40524000000,1612000000,1925000000,40743000000,38912000000,38818000000,5254000000,-219000000,5.74,-16000000,437.06,193.0
2025-12-28,CHTR,36.07,55098999000.0,5.74,None,1.065,118.54,,None,5000000,5000000,,,,,,,,,0,101366475,None,3646000000,3646000000,134000000,None,35733000000,279000000,None,None,1499000000,,,,,-0.054,-1.08,897000000,2396000000,9.42,2015-12-31,4.864,1168000000,30435000000.0,1387000000,-852000000,112000000,6862000000,6862000000,None,1789000000,None,0,None,None,35723000000,None,55000000,-967000000,None,None,None,0.239,,1012000000,375000000,61000000,1742000000,None,77000000,None,,,,,0.434,1.759,0.514,,,,,,,,0.0929,,8345000000,2025-10-31,quarterly,8.34,USD,pre-market,None,-2061000000,0.0555,0.313,-0.009,396.69,1048000000,71456000000,35733000000,0,308.58,217.1,-11.465,39316000000,345000000,1972000000,39362000000,38971000000,37390000000,5254000000,-46000000,5.74,0,437.06,193.0
2025-12-28,CHTR,36.07,55098999000.0,5.74,None,1.065,118.54,,None,19626000000,19626000000,,,,,,,,,0,102481924,None,3646000000,3646000000,121000000,None,None,292000000,None,None,1499000000,,,,,-0.054,-1.08,897000000,2396000000,9.42,2015-09-30,4.864,1168000000,30435000000.0,1387000000,-852000000,112000000,7179000000,7179000000,None,1789000000,None,-19626000000,None,None,33281000000,None,None,-967000000,None,None,None,0.239,,1012000000,375000000,114000000,1615000000,None,87000000,None,,,,,0.434,1.759,0.514,,,,,,,,0.0929,,8281000000,2025-10-31,quarterly,8.34,USD,pre-market,None,-1911000000,0.0555,0.313,-0.009,396.69,1048000000,33281000000,None,0,308.58,217.1,-11.465,36873000000,406000000,1829000000,36813000000,36467000000,34984000000,5254000000,60000000,5.74,-24000000,437.06,193.0
2025-12-28,CHTR,36.07,55098999000.0,5.74,None,1.065,118.54,,None,30000000,30000000,,,,,,,,,0,101074644,None,3646000000,3646000000,124000000,None,None,321000000,None,None,1499000000,,,,,-0.054,-1.08,897000000,2396000000,9.42,2015-06-30,4.864,1168000000,30435000000.0,1387000000,-852000000,112000000,7244000000,7244000000,None,1789000000,None,0,None,None,13896000000,None,None,-967000000,None,None,None,0.239,,1012000000,375000000,78000000,1423000000,None,73000000,None,,,,,0.434,1.759,0.514,,,,,,,,0.0929,,8244000000,2025-10-31,quarterly,8.34,USD,pre-market,None,-1965000000,0.0555,0.313,-0.009,396.69,1048000000,13896000000,None,0,308.58,217.1,-11.465,17319000000,456000000,1636000000,17350000000,16863000000,15714000000,5254000000,-31000000,5.74,-23000000,437.06,193.0
2025-12-28,CHTR,36.07,55098999000.0,5.74,None,1.065,118.54,,None,20000000,20000000,,,,,,,,,0,100959008,None,3646000000,3646000000,128000000,None,None,264000000,None,None,1499000000,,,,,-0.054,-1.08,897000000,2396000000,9.42,2015-03-31,4.864,1168000000,30435000000.0,1387000000,-852000000,112000000,7309000000,7309000000,None,1789000000,None,0,None,None,13981000000,None,None,-967000000,None,None,None,0.239,,1012000000,375000000,7195000000,1369000000,None,77000000,None,,,,,0.434,1.759,0.514,,,,,,,,0.0929,,8275000000,2025-10-31,quarterly,8.34,USD,pre-market,None,-1843000000,0.0555,0.313,-0.009,396.69,1048000000,20964000000,6983000000,7112000000,308.58,217.1,-11.465,24410000000,7502000000,8569000000,24333000000,16908000000,15764000000,5254000000,77000000,5.74,-16000000,437.06,193.0
2025-12-28,CHTR,36.07,55098999000.0,5.74,None,1.065,118.54,,None,3000000,3000000,,,,,,,,,0,99681274,None,3646000000,3646000000,140000000,None,20903000000,285000000,None,None,1499000000,,,,,-0.054,-1.08,897000000,2396000000,9.42,2014-12-31,4.864,1168000000,30435000000.0,1387000000,-852000000,112000000,7111000000,7111000000,None,1789000000,None,0,None,None,21023000000,None,None,-967000000,None,None,None,0.239,,1012000000,375000000,83000000,1410000000,None,72000000,None,,,,,0.434,1.759,0.514,,,,,,,,0.0929,,8373000000,2025-10-31,quarterly,8.34,USD,pre-market,None,-1762000000,0.0555,0.313,-0.009,396.69,1048000000,41926000000,20903000000,0,308.58,217.1,-11.465,24550000000,371000000,1635000000,24404000000,24179000000,22769000000,5254000000,146000000,5.74,0,437.06,193.0
2025-12-28,CHTR,36.07,55098999000.0,5.74,None,1.065,118.54,,None,10000000,10000000,,,,,,,,,0,98370273,None,3646000000,3646000000,105000000,None,None,270000000,None,None,1499000000,,,,,-0.054,-1.08,897000000,2396000000,9.42,2014-09-30,4.864,1170000000,30435000000.0,1387000000,-852000000,112000000,7184000000,7184000000,None,1789000000,None,0,None,None,17595000000,None,None,-967000000,None,None,None,0.239,,1012000000,375000000,90000000,1397000000,None,62000000,None,,,,,0.434,1.759,0.514,,,,,,,,0.0929,,8305000000,2025-10-31,quarterly,8.34,USD,pre-market,None,-1703000000,0.0555,0.313,-0.009,396.69,1048000000,17595000000,None,0,308.58,217.1,-11.465,20950000000,370000000,1586000000,20853000000,20580000000,19267000000,5254000000,97000000,5.74,-18000000,437.06,193.0
2025-12-28,CHTR,36.07,55098999000.0,5.74,None,1.065,118.54,,None,9000000,9000000,,,,,,,,,0,97631842,None,3646000000,3646000000,110000000,None,None,252000000,None,None,1499000000,,,,,-0.054,-1.08,897000000,2396000000,9.42,2014-06-30,4.864,1170000000,30435000000.0,1387000000,-852000000,112000000,7500000000,7500000000,None,1789000000,None,0,None,None,14019000000,None,None,-967000000,None,None,None,0.239,,1012000000,375000000,60000000,1410000000,None,71000000,None,,,,,0.434,1.759,0.514,,,,,,,,0.0929,,8197000000,2025-10-31,quarterly,8.34,USD,pre-market,None,-1650000000,0.0555,0.313,-0.009,396.69,1048000000,14019000000,None,0,308.58,217.1,-11.465,17369000000,337000000,1606000000,17250000000,17032000000,15644000000,5254000000,119000000,5.74,-17000000,437.06,193.0
2025-12-28,CHTR,36.07,55098999000.0,5.74,None,1.065,118.54,,None,4000000,4000000,,,,,,,,,0,96242322,None,3646000000,3646000000,125000000,None,None,217000000,None,None,1499000000,,,,,-0.054,-1.08,897000000,2396000000,9.42,2014-03-31,4.864,1177000000,30435000000.0,1387000000,-852000000,112000000,7326000000,7326000000,None,1789000000,None,0,None,None,14090000000,None,None,-967000000,None,None,None,0.239,,1012000000,375000000,68000000,1310000000,None,65000000,None,,,,,0.434,1.759,0.514,,,,,,,,0.0929,,8079000000,2025-10-31,quarterly,8.34,USD,pre-market,None,-1605000000,0.0555,0.313,-0.009,396.69,1048000000,14090000000,None,0,308.58,217.1,-11.465,17297000000,304000000,1523000000,17170000000,16993000000,15647000000,5254000000,127000000,5.74,-11000000,437.06,193.0
2025-12-28,CHTR,36.07,55098999000.0,5.74,None,1.065,118.54,,None,21000000,21000000,,,,,,,,,0,100742330,None,3646000000,3646000000,91000000,None,None,234000000,None,None,1499000000,,,,,-0.054,-1.08,897000000,2396000000,9.42,2013-12-31,4.864,1177000000,30435000000.0,1387000000,-852000000,112000000,7398000000,7398000000,None,1789000000,None,0,None,None,14181000000,None,None,-967000000,None,None,None,0.239,,1012000000,375000000,51000000,1286000000,None,65000000,None,,,,,0.434,1.759,0.514,,,,,,,,0.0929,,7981000000,2025-10-31,quarterly,8.34,USD,pre-market,None,-1568000000,0.0555,0.313,-0.009,396.69,1048000000,14181000000,None,0,308.58,217.1,-11.465,17295000000,322000000,1467000000,17144000000,16973000000,15677000000,5254000000,151000000,5.74,0,437.06,193.0
2025-12-28,CHTR,36.07,55098999000.0,5.74,None,1.065,118.54,,None,41000000,41000000,,,,,,,,,0,93064281,None,3646000000,3646000000,81000000,None,None,235000000,None,None,1499000000,,,,,-0.054,-1.08,897000000,2396000000,9.42,2013-09-30,4.864,1159000000,30435000000.0,1387000000,-852000000,112000000,7722000000,7722000000,None,1789000000,None,0,None,None,14306000000,None,None,-967000000,None,None,None,0.239,,1012000000,375000000,64000000,1211000000,None,69000000,None,,,,,0.434,1.759,0.514,,,,,,,,0.0929,,7838000000,2025-10-31,quarterly,8.34,USD,pre-market,None,-1600000000,0.0555,0.313,-0.009,396.69,1048000000,14306000000,None,0,308.58,217.1,-11.465,17250000000,357000000,1382000000,17189000000,16893000000,15807000000,5254000000,61000000,5.74,-11000000,437.06,193.0
2025-12-28,CHTR,36.07,55098999000.0,5.74,None,1.065,118.54,,None,44000000,44000000,,,,,,,,,0,90963133,None,3646000000,3646000000,86000000,None,None,223000000,None,None,1499000000,,,,,-0.054,-1.08,897000000,2396000000,9.42,2013-06-30,4.864,953000000,30435000000.0,1387000000,-852000000,112000000,6824000000,6824000000,None,1789000000,None,0,None,None,12812000000,None,None,-967000000,None,None,None,0.239,,1012000000,375000000,66000000,1110000000,None,62000000,None,,,,,0.434,1.759,0.514,,,,,,,,0.0929,,7313000000,2025-10-31,quarterly,8.34,USD,pre-market,None,-1530000000,0.0555,0.313,-0.009,396.69,1048000000,12812000000,None,0,308.58,217.1,-11.465,15589000000,333000000,1280000000,15528000000,15256000000,14248000000,5254000000,61000000,5.74,-10000000,437.06,193.0
2025-12-28,CHTR,36.07,55098999000.0,5.74,None,1.065,118.54,,None,65000000,65000000,,,,,,,,,0,90716051,None,3646000000,3646000000,89000000,None,None,208000000,None,None,1499000000,,,,,-0.054,-1.08,897000000,2396000000,9.42,2013-03-31,4.864,953000000,30435000000.0,1387000000,-852000000,112000000,6887000000,6887000000,None,1789000000,None,0,None,None,12816000000,None,None,-967000000,None,None,None,0.239,,1012000000,375000000,101000000,1120000000,None,125000000,None,,,,,0.434,1.759,0.514,,,,,,,,0.0929,,7259000000,2025-10-31,quarterly,8.34,USD,pre-market,None,-1434000000,0.0555,0.313,-0.009,396.69,1048000000,12816000000,None,27000000,308.58,217.1,-11.465,15639000000,374000000,1290000000,15510000000,15265000000,14220000000,5254000000,129000000,5.74,-5000000,437.06,193.0
2025-12-28,CHTR,36.07,55098999000.0,5.74,None,1.065,118.54,,None,7000000,7000000,,,,,,,,,0,90716051,None,3646000000,3646000000,107000000,None,None,234000000,None,None,1499000000,,,,,-0.054,-1.08,897000000,2396000000,9.42,2012-12-31,4.864,953000000,30435000000.0,1387000000,-852000000,112000000,6945000000,6945000000,None,1789000000,None,0,None,None,12808000000,None,None,-967000000,None,None,None,0.239,,1012000000,375000000,89000000,1036000000,None,296000000,None,,,,,0.434,1.759,0.514,,,,,,,,0.0929,,7206000000,2025-10-31,quarterly,8.34,USD,pre-market,None,-1392000000,0.0555,0.313,-0.009,396.69,1048000000,12808000000,None,27000000,308.58,217.1,-11.465,15599000000,333000000,1224000000,15450000000,15266000000,14226000000,5254000000,149000000,5.74,0,437.06,193.0
2025-12-28,CHTR,36.07,55098999000.0,5.74,None,1.065,118.54,,None,868000000,868000000,,,,,,,,,0,90143922,None,3646000000,3646000000,157000000,None,None,254000000,None,None,1499000000,,,,,-0.054,-1.08,897000000,2396000000,9.42,2012-09-30,4.864,953000000,30435000000.0,1387000000,-852000000,112000000,6779000000,6779000000,None,1789000000,None,0,None,None,12820000000,None,None,-967000000,None,None,None,0.239,,1012000000,375000000,107000000,1089000000,None,334000000,None,,,,,0.434,1.759,0.514,,,,,,,,0.0929,,7159000000,2025-10-31,quarterly,8.34,USD,pre-market,None,-1348000000,0.0555,0.313,-0.009,396.69,1048000000,13690000000,870000000,27000000,308.58,217.1,-11.465,16497000000,1229000000,2116000000,16324000000,15268000000,14208000000,5254000000,173000000,5.74,-1000000,437.06,193.0
2025-12-28,CHTR,36.07,55098999000.0,5.74,None,1.065,118.54,,None,5000000,5000000,,,,,,,,,0,89964965,None,3646000000,3646000000,155000000,None,None,256000000,None,None,1499000000,,,,,-0.054,-1.08,897000000,2396000000,9.42,2012-06-30,4.864,953000000,30435000000.0,1387000000,-852000000,112000000,6849000000,6849000000,None,1789000000,None,0,None,None,12786000000,None,None,-967000000,None,None,None,0.239,,1012000000,375000000,106000000,1039000000,None,342000000,None,,,,,0.434,1.759,0.514,,,,,,,,0.0929,,7024000000,2025-10-31,quarterly,8.34,USD,pre-market,None,-1261000000,0.0555,0.313,-0.009,396.69,1048000000,12786000000,None,27000000,308.58,217.1,-11.465,15553000000,367000000,1194000000,15309000000,15186000000,14115000000,5254000000,244000000,5.74,-1000000,437.06,193.0
2025-12-28,CHTR,36.07,55098999000.0,5.74,None,1.065,118.54,,None,4000000,4000000,,,,,,,,,0,89907282,None,3646000000,3646000000,161000000,None,None,231000000,None,None,1499000000,,,,,-0.054,-1.08,897000000,2396000000,9.42,2012-03-31,4.864,954000000,30435000000.0,1387000000,-852000000,112000000,6925000000,6925000000,None,1789000000,None,0,None,None,12802000000,None,None,-967000000,None,None,None,0.239,,1012000000,375000000,103000000,979000000,None,334000000,None,,,,,0.434,1.759,0.514,,,,,,,,0.0929,,6906000000,2025-10-31,quarterly,8.34,USD,pre-market,None,-1178000000,0.0555,0.313,-0.009,396.69,1048000000,12802000000,None,27000000,308.58,217.1,-11.465,15519000000,338000000,1140000000,15193000000,15181000000,14053000000,5254000000,326000000,5.74,0,437.06,193.0
2025-12-28,CHTR,36.07,55098999000.0,5.74,None,1.065,118.54,,None,2000000,2000000,,,,,,,,,0,89907282,None,3646000000,3646000000,174000000,None,None,272000000,None,None,1499000000,,,,,-0.054,-1.08,897000000,2396000000,9.42,2011-12-31,4.864,954000000,30435000000.0,1387000000,-852000000,112000000,6992000000,6992000000,None,1789000000,None,0,None,None,12856000000,None,None,-967000000,None,None,None,0.239,,1012000000,375000000,96000000,979000000,None,340000000,None,,,,,0.434,1.759,0.514,,,,,,,,0.0929,,6897000000,2025-10-31,quarterly,8.34,USD,pre-market,None,-1082000000,0.0555,0.313,-0.009,396.69,1048000000,13703000000,847000000,27000000,308.58,217.1,-11.465,15605000000,370000000,1153000000,15196000000,15235000000,14043000000,5254000000,409000000,5.74,0,437.06,193.0
2025-12-28,CHTR,36.07,55098999000.0,5.74,None,1.065,118.54,,None,5000000,5000000,,,,,,,,,0,98033516,None,3646000000,3646000000,167000000,None,None,253000000,None,None,1499000000,,,,,-0.054,-1.08,897000000,2396000000,9.42,2011-09-30,4.864,954000000,30435000000.0,1387000000,-852000000,112000000,7066000000,7066000000,None,1789000000,None,0,None,None,12581000000,None,None,-967000000,None,None,None,0.239,,1012000000,375000000,77000000,914000000,None,1112000000,None,,,,,0.434,1.759,0.514,,,,,,,,0.0929,,6903000000,2025-10-31,quarterly,8.34,USD,pre-market,None,-537000000,0.0555,0.313,-0.009,396.69,1048000000,12581000000,None,27000000,308.58,217.1,-11.465,15638000000,335000000,1081000000,14774000000,15303000000,13693000000,5254000000,864000000,5.74,-329000000,437.06,193.0
2025-12-28,CHTR,36.07,55098999000.0,5.74,None,1.065,118.54,,None,166000000,166000000,,,,,,,,,0,98798205,None,3646000000,3646000000,155000000,None,None,243000000,None,None,1499000000,,,,,-0.054,-1.08,897000000,2396000000,9.42,2011-06-30,4.864,951000000,30435000000.0,1387000000,-852000000,112000000,7103000000,7103000000,None,1789000000,None,0,None,None,12620000000,None,None,-967000000,None,None,None,0.239,,1012000000,375000000,81000000,932000000,None,1038000000,None,,,,,0.434,1.759,0.514,,,,,,,,0.0929,,6879000000,2025-10-31,quarterly,8.34,USD,pre-market,None,-452000000,0.0555,0.313,-0.009,396.69,1048000000,12620000000,None,28000000,308.58,217.1,-11.465,15809000000,490000000,1087000000,14745000000,15319000000,13658000000,5254000000,1064000000,5.74,-213000000,437.06,193.0
2025-12-28,CHTR,36.07,55098999000.0,5.74,None,1.065,118.54,,None,26000000,26000000,,,,,,,,,0,102377414,None,3646000000,3646000000,166000000,None,None,223000000,None,None,1499000000,,,,,-0.054,-1.08,897000000,2396000000,9.42,2011-03-31,4.864,951000000,30435000000.0,1387000000,-852000000,112000000,7180000000,7180000000,None,1789000000,None,0,None,None,12554000000,None,None,-967000000,None,None,None,0.239,,1012000000,375000000,84000000,862000000,None,941000000,None,,,,,0.434,1.759,0.514,,,,,,,,0.0929,,6870000000,2025-10-31,quarterly,8.34,USD,pre-market,None,-345000000,0.0555,0.313,-0.009,396.69,1048000000,12554000000,None,28000000,308.58,217.1,-11.465,15705000000,333000000,1028000000,14523000000,15372000000,13495000000,5254000000,1182000000,5.74,-213000000,437.06,193.0
2025-12-28,CHTR,36.07,55098999000.0,5.74,None,1.065,118.54,,None,4000000,4000000,,,,,,,,,None,102377414,None,3646000000,3646000000,168000000,None,None,247000000,None,None,1499000000,,,,,-0.054,-1.08,897000000,2396000000,9.42,2010-12-31,4.864,951000000,30435000000.0,1387000000,-852000000,112000000,7257000000,7257000000,None,1789000000,None,None,None,None,12306000000,None,None,-967000000,None,None,None,0.239,,1012000000,375000000,75000000,881000000,None,None,None,,,,,0.434,1.759,0.514,,,,,,,,0.0929,,6819000000,2025-10-31,quarterly,8.34,USD,pre-market,None,-235000000,0.0555,0.313,-0.009,396.69,1048000000,12306000000,None,28000000,308.58,217.1,-11.465,15707000000,326000000,1049000000,14229000000,15381000000,13180000000,5254000000,1478000000,5.74,-6000000,437.06,193.0
2025-12-28,CHTR,36.07,55098999000.0,5.74,None,1.065,118.54,,None,655000000,655000000,,,,,,,,,None,102274865,None,3646000000,3646000000,148000000,None,None,241000000,None,None,1499000000,,,,,-0.054,-1.08,897000000,2396000000,9.42,2010-09-30,4.864,951000000,30435000000.0,1387000000,-852000000,112000000,7338000000,7338000000,None,1789000000,None,None,None,None,12585000000,None,None,-967000000,None,None,None,0.239,,1012000000,375000000,123000000,867000000,None,None,None,,,,,0.434,1.759,0.514,,,,,,,,0.0929,,6867000000,2025-10-31,quarterly,8.34,USD,pre-market,None,-150000000,0.0555,0.313,-0.009,396.69,1048000000,13174000000,589000000,27000000,308.58,217.1,-11.465,16535000000,1019000000,1604000000,15012000000,15516000000,13408000000,5254000000,1523000000,5.74,None,437.06,193.0
2025-12-28,CHTR,36.07,55098999000.0,5.74,None,1.065,118.54,,None,40000000,40000000,,,,,,,,,None,102274859,None,3646000000,3646000000,136000000,None,None,249000000,None,None,1499000000,,,,,-0.054,-1.08,897000000,2396000000,9.42,2010-06-30,4.864,951000000,30435000000.0,1387000000,-852000000,112000000,7436000000,7436000000,None,1789000000,None,None,None,None,12657000000,None,None,-967000000,None,None,None,0.239,,1012000000,375000000,84000000,878000000,None,None,None,,,,,0.434,1.759,0.514,,,,,,,,0.0929,,6902000000,2025-10-31,quarterly,8.34,USD,pre-market,None,-55000000,0.0555,0.313,-0.009,396.69,1048000000,12657000000,None,27000000,308.58,217.1,-11.465,16007000000,373000000,1014000000,14375000000,15634000000,13361000000,5254000000,1632000000,5.74,None,437.06,193.0
2025-12-28,CHTR,36.07,55098999000.0,5.74,None,1.065,118.54,,None,221000000,221000000,,,,,,,,,None,103877329,None,3646000000,3646000000,132000000,None,None,223000000,None,None,1499000000,,,,,-0.054,-1.08,897000000,2396000000,9.42,2010-03-31,4.864,951000000,30435000000.0,1387000000,-852000000,112000000,7523000000,7523000000,None,1789000000,None,None,None,None,12762000000,None,None,-967000000,None,None,None,0.239,,1012000000,375000000,102000000,826000000,None,None,None,,,,,0.434,1.759,0.514,,,,,,,,0.0929,,6859000000,2025-10-31,quarterly,8.34,USD,pre-market,None,26000000,0.0555,0.313,-0.009,396.69,1048000000,12762000000,None,33000000,308.58,217.1,-11.465,16199000000,546000000,958000000,14436000000,15653000000,13478000000,5254000000,1763000000,5.74,None,437.06,193.0
2025-12-28,CHTR,36.07,55098999000.0,5.74,None,1.065,118.54,,None,709000000,709000000,,,,,,,,,None,103000000,None,3646000000,3646000000,113000000,None,None,248000000,None,None,1499000000,,,,,-0.054,-1.08,897000000,2396000000,9.42,2009-12-31,4.864,951000000,30435000000.0,1387000000,-852000000,112000000,7607000000,7607000000,None,1789000000,None,None,None,None,13252000000,None,None,-967000000,None,None,None,0.239,,1012000000,375000000,114000000,785000000,None,None,None,,,,,0.434,1.759,0.514,,,,,,,,0.0929,,6833000000,2025-10-31,quarterly,8.34,USD,pre-market,None,2000000,0.0555,0.313,-0.009,396.69,1048000000,13322000000,70000000,45000000,308.58,217.1,-11.465,16658000000,1071000000,968000000,14741000000,15587000000,13773000000,5254000000,1915000000,5.74,None,437.06,193.0
2025-12-28,CHTR,36.07,55098999000.0,5.74,None,1.065,118.54,,None,1075000000,1075000000,,,,,,,,,None,342751766,None,3646000000,3646000000,95000000,None,None,211000000,None,None,1499000000,,,,,-0.054,-1.08,897000000,2396000000,9.42,2009-09-30,4.864,68000000,30435000000.0,1387000000,-852000000,112000000,211000000,211000000,None,1789000000,None,None,None,None,None,None,None,-967000000,None,None,None,0.239,,1012000000,375000000,73000000,1363000000,None,None,None,,,,,0.434,1.759,0.514,,,,,,,,0.0929,,4822000000,2025-10-31,quarterly,8.34,USD,pre-market,None,-16949000000,0.0555,0.313,-0.009,396.69,1048000000,11740000000,11740000000,None,308.58,217.1,-11.465,10905000000,1359000000,13198000000,24269000000,9546000000,11071000000,5254000000,-11834000000,5.74,None,437.06,193.0
2025-12-28,CHTR,36.07,55098999000.0,5.74,None,1.065,118.54,,None,992000000,992000000,,,,,,,,,None,342675557,None,3646000000,3646000000,102000000,None,None,215000000,None,None,1499000000,,,,,-0.054,-1.08,897000000,2396000000,9.42,2009-06-30,4.864,68000000,30435000000.0,1387000000,-852000000,112000000,215000000,215000000,None,1789000000,None,None,None,None,None,None,None,-967000000,None,None,None,0.239,,1012000000,375000000,80000000,1286000000,None,None,None,,,,,0.434,1.759,0.514,,,,,,,,0.0929,,4871000000,2025-10-31,quarterly,8.34,USD,pre-market,None,-15914000000,0.0555,0.313,-0.009,396.69,1048000000,11757000000,11757000000,None,308.58,217.1,-11.465,13740000000,1287000000,13145000000,24729000000,12453000000,11584000000,5254000000,-10813000000,5.74,None,437.06,193.0
2025-12-28,CHTR,36.07,55098999000.0,5.74,None,1.065,118.54,,None,836000000,836000000,,,,,,,,,None,341873993,None,3646000000,3646000000,101000000,None,None,188000000,None,None,1499000000,,,,,-0.054,-1.08,897000000,2396000000,9.42,2009-03-31,4.864,68000000,30435000000.0,1387000000,-852000000,112000000,188000000,188000000,None,1789000000,None,None,None,None,None,None,None,-967000000,None,None,None,0.239,,1012000000,375000000,114000000,1221000000,None,None,None,,,,,0.434,1.759,0.514,,,,,,,,0.0929,,4927000000,2025-10-31,quarterly,8.34,USD,pre-market,None,-15802000000,0.0555,0.313,-0.009,396.69,1048000000,11774000000,11774000000,None,308.58,217.1,-11.465,13650000000,1138000000,13096000000,24501000000,12512000000,11405000000,5254000000,-10714000000,5.74,None,437.06,193.0
2025-12-28,CHTR,36.07,55098999000.0,5.74,None,1.065,118.54,,None,960000000,960000000,,,,,,,,,None,341873993,None,3646000000,3646000000,99000000,None,None,222000000,None,None,1499000000,,,,,-0.054,-1.08,897000000,2396000000,9.42,2008-12-31,4.864,68000000,30435000000.0,1387000000,-852000000,112000000,222000000,222000000,None,1789000000,None,None,None,None,21586000000,None,None,-967000000,None,None,None,0.239,,1012000000,375000000,36000000,1211000000,None,None,None,,,,,0.434,1.759,0.514,,,,,,,,0.0929,,4987000000,2025-10-31,quarterly,8.34,USD,pre-market,None,-15547000000,0.0555,0.313,-0.009,396.69,1048000000,21741000000,155000000,None,308.58,217.1,-11.465,13882000000,1218000000,1465000000,24185000000,12664000000,22720000000,5254000000,-10506000000,5.74,None,437.06,193.0
2025-12-28,CHTR,36.07,55098999000.0,5.74,None,1.065,118.54,,None,569000000,569000000,,,,,,,,,None,338302128,None,3646000000,3646000000,106000000,None,None,246000000,None,None,1499000000,,,,,-0.054,-1.08,897000000,2396000000,9.42,2008-09-30,4.864,68000000,30435000000.0,1387000000,-852000000,112000000,8933000000,8933000000,None,1789000000,None,None,None,None,21103000000,None,None,-967000000,None,None,None,0.239,,1012000000,375000000,45000000,1359000000,None,None,None,,,,,0.434,1.759,0.514,,,,,,,,0.0929,,5062000000,2025-10-31,quarterly,8.34,USD,pre-market,None,-14052000000,0.0555,0.313,-0.009,396.69,1048000000,21103000000,None,None,308.58,217.1,-11.465,15157000000,860000000,1465000000,23787000000,14297000000,22322000000,5254000000,-8834000000,5.74,None,437.06,193.0
2025-12-28,CHTR,36.07,55098999000.0,5.74,None,1.065,118.54,,None,63000000,63000000,,,,,,,,,None,336047801,None,3646000000,3646000000,88000000,None,None,250000000,None,None,1499000000,,,,,-0.054,-1.08,897000000,2396000000,9.42,2008-06-30,4.864,68000000,30435000000.0,1387000000,-852000000,112000000,8935000000,8935000000,None,1789000000,None,None,None,None,20549000000,None,None,-967000000,None,None,None,0.239,,1012000000,375000000,35000000,1205000000,None,None,None,,,,,0.434,1.759,0.514,,,,,,,,0.0929,,5106000000,2025-10-31,quarterly,8.34,USD,pre-market,None,-13730000000,0.0555,0.313,-0.009,396.69,1048000000,20549000000,None,13000000,308.58,217.1,-11.465,14710000000,361000000,1293000000,23011000000,14349000000,21718000000,5254000000,-8504000000,5.74,None,437.06,193.0
2025-12-28,CHTR,36.07,55098999000.0,5.74,None,1.065,118.54,,None,467000000,467000000,,,,,,,,,None,334631026,None,3646000000,3646000000,129000000,None,None,207000000,None,None,1499000000,,,,,-0.054,-1.08,897000000,2396000000,9.42,2008-03-31,4.864,67000000,30435000000.0,1387000000,-852000000,112000000,8941000000,8941000000,None,1789000000,None,None,None,None,20642000000,None,None,-967000000,None,None,None,0.239,,1012000000,375000000,38000000,1279000000,None,None,None,,,,,0.434,1.759,0.514,,,,,,,,0.0929,,5114000000,2025-10-31,quarterly,8.34,USD,pre-market,None,-13454000000,0.0555,0.313,-0.009,396.69,1048000000,20642000000,None,74000000,308.58,217.1,-11.465,15157000000,786000000,1408000000,23306000000,14371000000,21898000000,5254000000,-8350000000,5.74,None,437.06,193.0
2025-12-28,CHTR,36.07,55098999000.0,5.74,None,1.065,118.54,,None,75000000,75000000,,,,,,,,,None,334631026,None,3646000000,3646000000,127000000,None,None,225000000,None,None,1499000000,,,,,-0.054,-1.08,897000000,2396000000,9.42,2007-12-31,4.864,67000000,30435000000.0,1387000000,-852000000,112000000,8942000000,8942000000,None,1789000000,None,None,None,None,19973000000,None,None,-967000000,None,None,None,0.239,,1012000000,375000000,36000000,1205000000,None,None,None,,,,,0.434,1.759,0.514,,,,,,,,0.0929,,5103000000,2025-10-31,quarterly,8.34,USD,pre-market,None,-13096000000,0.0555,0.313,-0.009,396.69,1048000000,19973000000,402000000,None,308.58,217.1,-11.465,14666000000,336000000,1332000000,22359000000,14330000000,21027000000,5254000000,-7892000000,5.74,None,437.06,193.0
2025-12-28,CHTR,36.07,55098999000.0,5.74,None,1.065,118.54,,None,59000000,59000000,,,,,,,,,None,333866574,None,3646000000,3646000000,124000000,None,None,223000000,None,None,1499000000,,,,,-0.054,-1.08,897000000,2396000000,9.42,2007-09-30,4.864,79000000,30435000000.0,1387000000,-852000000,112000000,9144000000,9144000000,None,1789000000,None,None,None,None,19754000000,None,None,-967000000,None,None,None,0.239,,1012000000,375000000,62000000,1286000000,None,None,None,,,,,0.434,1.759,0.514,,,,,,,,0.0929,,5108000000,2025-10-31,quarterly,8.34,USD,pre-market,None,-12637000000,0.0555,0.313,-0.009,396.69,1048000000,19754000000,None,None,308.58,217.1,-11.465,14919000000,344000000,1410000000,22057000000,14575000000,20647000000,5254000000,-7334000000,5.74,None,437.06,193.0
2025-12-28,CHTR,36.07,55098999000.0,5.74,None,1.065,118.54,,None,81000000,81000000,,,,,,,,,None,332368256,None,3646000000,3646000000,100000000,None,None,224000000,None,None,1499000000,,,,,-0.054,-1.08,897000000,2396000000,9.42,2007-06-30,4.864,64000000,30435000000.0,1387000000,-852000000,112000000,9201000000,9201000000,None,1789000000,None,None,None,None,19637000000,None,None,-967000000,None,None,None,0.239,,1012000000,375000000,58000000,1158000000,None,None,None,,,,,0.434,1.759,0.514,,,,,,,,0.0929,,5121000000,2025-10-31,quarterly,8.34,USD,pre-market,None,-12221000000,0.0555,0.313,-0.009,396.69,1048000000,19637000000,None,None,308.58,217.1,-11.465,15051000000,363000000,1258000000,21705000000,14688000000,20447000000,5254000000,-6849000000,5.74,None,437.06,193.0
2025-12-28,CHTR,36.07,55098999000.0,5.74,None,1.065,118.54,,None,205000000,205000000,,,,,,,,,None,331045790,None,3646000000,3646000000,155000000,None,None,158000000,None,None,1499000000,,,,,-0.054,-1.08,897000000,2396000000,9.42,2007-03-31,4.864,61000000,30435000000.0,1387000000,-852000000,112000000,9218000000,9218000000,None,1789000000,None,None,None,None,19335000000,None,None,-967000000,None,None,None,0.239,,1012000000,375000000,86000000,1309000000,None,None,None,,,,,0.434,1.759,0.514,,,,,,,,0.0929,,5178000000,2025-10-31,quarterly,8.34,USD,pre-market,None,-11861000000,0.0555,0.313,-0.009,396.69,1048000000,19335000000,None,None,308.58,217.1,-11.465,15177000000,449000000,1464000000,21526000000,14728000000,20062000000,5254000000,-6543000000,5.74,None,437.06,193.0
2025-12-28,CHTR,36.07,55098999000.0,5.74,None,1.065,118.54,,None,60000000,60000000,,,,,,,,,None,331045790,None,3646000000,3646000000,92000000,None,None,195000000,None,None,1499000000,,,,,-0.054,-1.08,897000000,2396000000,9.42,2006-12-31,4.864,61000000,30435000000.0,1387000000,-852000000,112000000,9223000000,9223000000,None,1789000000,None,None,None,None,19119000000,None,None,-967000000,None,None,None,0.239,,1012000000,375000000,84000000,1206000000,None,None,None,,,,,0.434,1.759,0.514,,,,,,,,0.0929,,5217000000,2025-10-31,quarterly,8.34,USD,pre-market,None,-11536000000,0.0555,0.313,-0.009,396.69,1048000000,19119000000,853000000,None,308.58,217.1,-11.465,15100000000,339000000,1298000000,21127000000,14761000000,19829000000,5254000000,-6219000000,5.74,None,437.06,193.0
2025-12-28,CHTR,36.07,55098999000.0,5.74,None,1.065,118.54,,None,85000000,85000000,,,,,,,,,None,295592593,None,3646000000,3646000000,85000000,None,None,186000000,None,None,1499000000,,,,,-0.054,-1.08,897000000,2396000000,9.42,2006-09-30,4.864,61000000,30435000000.0,1387000000,-852000000,112000000,9221000000,9221000000,None,1789000000,None,None,None,None,18854000000,None,None,-967000000,None,None,None,0.239,,1012000000,375000000,90000000,1275000000,None,None,None,,,,,0.434,1.759,0.514,,,,,,,,0.0929,,5263000000,2025-10-31,quarterly,8.34,USD,pre-market,None,-11140000000,0.0555,0.313,-0.009,396.69,1048000000,18854000000,None,None,308.58,217.1,-11.465,15198000000,361000000,1360000000,20834000000,14837000000,19474000000,5254000000,-5827000000,5.74,None,437.06,193.0
2025-12-28,CHTR,36.07,55098999000.0,5.74,None,1.065,118.54,,None,56000000,56000000,,,,,,,,,None,287216368,None,3646000000,3646000000,1220000000,None,None,180000000,None,None,1499000000,,,,,-0.054,-1.08,897000000,2396000000,9.42,2006-06-30,4.864,61000000,30435000000.0,1387000000,-852000000,112000000,9280000000,9280000000,None,1789000000,None,84000000,None,None,19913000000,None,None,-967000000,None,None,None,0.239,,1012000000,375000000,852000000,20000000,None,None,None,,,,,0.434,1.759,0.514,,,,,,,,0.0929,,5392000000,2025-10-31,quarterly,8.34,USD,pre-market,None,-11007000000,0.0555,0.313,-0.009,396.69,1048000000,19913000000,None,None,308.58,217.1,-11.465,16145000000,1088000000,1240000000,21718000000,15057000000,20478000000,5254000000,-5762000000,5.74,None,437.06,193.0
2025-12-28,CHTR,36.07,55098999000.0,5.74,None,1.065,118.54,,None,40000000,40000000,,,,,,,,,None,287005261,None,3646000000,3646000000,1285000000,None,None,149000000,None,None,1499000000,,,,,-0.054,-1.08,897000000,2396000000,9.42,2006-03-31,4.864,52000000,30435000000.0,1387000000,-852000000,112000000,9287000000,9287000000,None,1789000000,None,87000000,None,None,19573000000,None,None,-967000000,None,None,None,0.239,,1012000000,375000000,841000000,19000000,None,None,None,,,,,0.434,1.759,0.514,,,,,,,,0.0929,,5440000000,2025-10-31,quarterly,8.34,USD,pre-market,None,-10625000000,0.0555,0.313,-0.009,396.69,1048000000,19573000000,None,None,308.58,217.1,-11.465,16203000000,1030000000,1304000000,21398000000,15173000000,20094000000,5254000000,-5383000000,5.74,None,437.06,193.0
2025-12-28,CHTR,36.07,55098999000.0,5.74,None,1.065,118.54,,None,21000000,21000000,,,,,,,,,None,287005261,None,3646000000,3646000000,1191000000,None,None,214000000,None,None,1499000000,,,,,-0.054,-1.08,897000000,2396000000,9.42,2005-12-31,4.864,52000000,30435000000.0,1387000000,-852000000,112000000,9826000000,9826000000,None,1789000000,None,None,None,None,19437000000,None,None,-967000000,None,None,None,0.239,,1012000000,375000000,92000000,-976000000,None,None,None,,,,,0.434,1.759,0.514,,,,,,,,0.0929,,5840000000,2025-10-31,quarterly,8.34,USD,pre-market,None,-10166000000,0.0555,0.313,-0.009,396.69,1048000000,19437000000,863000000,None,308.58,217.1,-11.465,16431000000,327000000,1191000000,21163000000,16104000000,19972000000,5254000000,-4920000000,5.74,None,437.06,193.0
2025-12-28,CHTR,36.07,55098999000.0,5.74,None,1.065,118.54,,None,22000000,22000000,,,,,,,,,None,285921367,None,3646000000,3646000000,1172000000,None,None,188000000,None,None,1499000000,,,,,-0.054,-1.08,897000000,2396000000,9.42,2005-09-30,4.864,52000000,30435000000.0,1387000000,-852000000,112000000,9830000000,9830000000,None,1789000000,None,None,None,None,19120000000,None,None,-967000000,None,None,None,0.239,,1012000000,375000000,80000000,1088000000,None,None,None,,,,,0.434,1.759,0.514,,,,,,,,0.0929,,5936000000,2025-10-31,quarterly,8.34,USD,pre-market,None,-9830000000,0.0555,0.313,-0.009,396.69,1048000000,19120000000,None,None,308.58,217.1,-11.465,16524000000,290000000,1172000000,20865000000,16234000000,19693000000,5254000000,-5006000000,5.74,None,437.06,193.0
2025-12-28,CHTR,36.07,55098999000.0,5.74,None,1.065,118.54,,None,459000000,459000000,,,,,,,,,None,145364000,None,3646000000,3646000000,880000000,None,2557000000,3097000000,None,None,1499000000,,,,,-0.054,-1.08,897000000,2396000000,9.42,2024-12-31,4.864,29674000000,30435000000.0,1387000000,-852000000,112000000,68437000000,68437000000,None,1789000000,None,None,None,None,93206000000,None,None,-967000000,None,None,None,0.239,,1012000000,375000000,677000000,8666000000,None,4776000000,None,,,,,0.434,1.759,0.514,,,,,,,,0.0929,,None,2025-10-31,annual,8.34,USD,pre-market,None,-7750000000,0.0555,0.313,-0.009,396.69,1048000000,95763000000,2835000000,None,308.58,217.1,-11.465,150020000000,4233000000,13486000000,130313000000,145787000000,116827000000,5254000000,15587000000,5.74,None,437.06,193.0
2025-12-28,CHTR,36.07,55098999000.0,5.74,None,1.065,118.54,,None,709000000,709000000,,,,,,,,,None,151966000,None,3646000000,3646000000,931000000,None,2000000000,2965000000,None,None,1499000000,,,,,-0.054,-1.08,897000000,2396000000,9.42,2023-12-31,4.864,29668000000,30435000000.0,1387000000,-852000000,112000000,69141000000,69141000000,None,1789000000,None,None,None,None,95777000000,None,None,-967000000,None,None,None,0.239,,1012000000,375000000,458000000,8668000000,None,4530000000,None,,,,,0.434,1.759,0.514,,,,,,,,0.0929,,None,2025-10-31,annual,8.34,USD,pre-market,None,-12260000000,0.0555,0.313,-0.009,396.69,1048000000,98202000000,2425000000,19787000000,308.58,217.1,-11.465,147193000000,4132000000,13214000000,132475000000,143061000000,119261000000,5254000000,11086000000,5.74,None,437.06,193.0
2025-12-28,CHTR,36.07,55098999000.0,5.74,None,1.065,118.54,,295000000,645000000,645000000,,,,,,,,,None,164434000,None,3646000000,3646000000,952000000,None,1510000000,2921000000,None,None,1499000000,,,,,-0.054,-1.08,897000000,2396000000,9.42,2022-12-31,4.864,29563000000,30435000000.0,1387000000,-852000000,112000000,70135000000,70135000000,None,1789000000,None,None,None,None,96093000000,None,None,-967000000,None,None,None,0.239,,1012000000,375000000,451000000,8130000000,None,4758000000,None,,,,,0.434,1.759,0.514,,,,,,,,0.0929,,36039000000,2025-10-31,annual,8.34,USD,pre-market,None,-14821000000,0.0555,0.313,-0.009,396.69,1048000000,97898000000,1805000000,None,308.58,217.1,-11.465,144523000000,4017000000,12065000000,131974000000,140506000000,119909000000,5254000000,9119000000,5.74,None,437.06,193.0
2025-12-28,CHTR,36.07,55098999000.0,5.74,None,1.065,118.54,,269000000,601000000,601000000,,,,,,,,,None,193043000,None,3646000000,3646000000,724000000,None,2997000000,2579000000,None,None,1499000000,,,,,-0.054,-1.08,897000000,2396000000,9.42,2021-12-31,4.864,29562000000,30435000000.0,1387000000,-852000000,112000000,71406000000,71406000000,None,1789000000,None,None,None,None,88564000000,None,None,-967000000,None,None,None,0.239,,1012000000,375000000,386000000,7415000000,None,4217000000,None,,,,,0.434,1.759,0.514,,,,,,,,0.0929,,34310000000,2025-10-31,annual,8.34,USD,pre-market,None,-12675000000,0.0555,0.313,-0.009,396.69,1048000000,91830000000,3266000000,None,308.58,217.1,-11.465,142491000000,3566000000,12458000000,124335000000,138925000000,111877000000,5254000000,14050000000,5.74,None,437.06,193.0
2025-12-28,CHTR,36.07,55098999000.0,5.74,None,1.065,118.54,,235000000,1001000000,1001000000,,,,,,,,,None,209273000,None,3646000000,3646000000,763000000,None,1008000000,2539000000,None,None,1499000000,,,,,-0.054,-1.08,897000000,2396000000,9.42,2020-12-31,4.864,29554000000,30435000000.0,1387000000,-852000000,112000000,72937000000,72937000000,None,1789000000,None,None,None,None,81744000000,None,None,-967000000,None,None,None,0.239,,1012000000,375000000,369000000,6878000000,None,4198000000,None,,,,,0.434,1.759,0.514,,,,,,,,0.0929,,34357000000,2025-10-31,annual,8.34,USD,pre-market,None,-5195000000,0.0555,0.313,-0.009,396.69,1048000000,82987000000,1243000000,136848000000,308.58,217.1,-11.465,144206000000,3909000000,9875000000,113925000000,140300000000,104050000000,5254000000,23805000000,5.74,None,437.06,193.0
2025-12-28,CHTR,36.07,55098999000.0,5.74,None,1.065,118.54,,1193000000,3483000000,3483000000,,,,,,,,,31445000000,223786000,None,3646000000,3646000000,786000000,None,3500000000,2227000000,None,None,1499000000,,,,,-0.054,-1.08,897000000,2396000000,9.42,2019-12-31,4.864,29554000000,30435000000.0,1387000000,-852000000,112000000,74775000000,74775000000,None,1789000000,None,None,None,None,75578000000,None,330000000,-967000000,None,None,None,0.239,,1012000000,375000000,761000000,6888000000,None,2724000000,None,,,,,0.434,1.759,0.514,,,,,,,,0.0929,,34591000000,2025-10-31,annual,8.34,USD,pre-market,None,40000000,0.0555,0.313,-0.009,396.69,1048000000,80271000000,3714000000,None,308.58,217.1,-11.465,148188000000,6471000000,12385000000,109377000000,141717000000,96992000000,5254000000,31445000000,5.74,None,437.06,193.0
2025-12-28,CHTR,36.07,55098999000.0,5.74,None,1.065,118.54,,None,551000000,551000000,,,,,,,,,36285000000,235525226,None,3646000000,3646000000,758000000,None,3290000000,1733000000,None,None,1499000000,,,,,-0.054,-1.08,897000000,2396000000,9.42,2018-12-31,4.864,29554000000,30435000000.0,1387000000,-852000000,112000000,76884000000,76884000000,None,1789000000,None,None,None,None,69537000000,None,476000000,-967000000,None,None,None,0.239,,1012000000,375000000,446000000,7027000000,None,2837000000,None,,,,,0.434,1.759,0.514,,,,,,,,0.0929,,35126000000,2025-10-31,annual,8.34,USD,pre-market,None,2780000000,0.0555,0.313,-0.009,396.69,1048000000,72827000000,3290000000,None,308.58,217.1,-11.465,146130000000,2730000000,12095000000,101858000000,143400000000,89763000000,5254000000,36285000000,5.74,None,437.06,193.0
2025-12-28,CHTR,36.07,55098999000.0,5.74,None,1.065,118.54,,None,621000000,621000000,,,,,,,,,0,296703956,None,3646000000,3646000000,740000000,None,2045000000,1635000000,None,None,1499000000,,,,,-0.054,-1.08,897000000,2396000000,9.42,2017-12-31,4.864,29554000000,30435000000.0,1387000000,-852000000,112000000,79270000000,79270000000,None,1789000000,None,0,None,None,68186000000,None,497000000,-967000000,None,None,None,0.239,,1012000000,375000000,299000000,7354000000,None,2502000000,None,,,,,0.434,1.759,0.514,,,,,,,,0.0929,,33888000000,2025-10-31,annual,8.34,USD,pre-market,None,3832000000,0.0555,0.313,-0.009,396.69,1048000000,70231000000,2045000000,0,308.58,217.1,-11.465,146623000000,2555000000,11090000000,99092000000,144068000000,88002000000,5254000000,39084000000,5.74,0,437.06,193.0
2025-12-28,CHTR,36.07,55098999000.0,5.74,None,1.065,118.54,,None,1535000000,1535000000,,,,,,,,,0,234791439,None,3646000000,3646000000,454000000,None,2028000000,1432000000,None,None,1499000000,,,,,-0.054,-1.08,897000000,2396000000,9.42,2016-12-31,4.864,29509000000,30435000000.0,1387000000,-852000000,112000000,81924000000,81924000000,None,1789000000,None,0,None,None,59719000000,None,530000000,-967000000,None,None,None,0.239,,1012000000,375000000,333000000,6200000000,None,2745000000,None,,,,,0.434,1.759,0.514,,,,,,,,0.0929,,32963000000,2025-10-31,annual,8.34,USD,pre-market,None,733000000,0.0555,0.313,-0.009,396.69,1048000000,61747000000,2028000000,0,308.58,217.1,-11.465,149067000000,3300000000,9572000000,98701000000,145767000000,89129000000,5254000000,40139000000,5.74,0,437.06,193.0
2025-12-28,CHTR,36.07,55098999000.0,5.74,None,1.065,118.54,,None,5000000,5000000,,,,,,,,,0,101152646,None,3646000000,3646000000,134000000,None,35733000000,279000000,None,None,1499000000,,,,,-0.054,-1.08,897000000,2396000000,9.42,2015-12-31,4.864,1168000000,30435000000.0,1387000000,-852000000,112000000,6862000000,6862000000,None,1789000000,None,0,None,None,35723000000,None,55000000,-967000000,None,None,None,0.239,,1012000000,375000000,61000000,1742000000,None,77000000,None,,,,,0.434,1.759,0.514,,,,,,,,0.0929,,8345000000,2025-10-31,annual,8.34,USD,pre-market,None,-2061000000,0.0555,0.313,-0.009,396.69,1048000000,71456000000,35733000000,0,308.58,217.1,-11.465,39316000000,345000000,1972000000,39362000000,38971000000,37390000000,5254000000,-46000000,5.74,0,437.06,193.0
2025-12-28,CHTR,36.07,55098999000.0,5.74,None,1.065,118.54,,None,3000000,3000000,,,,,,,,,0,97991915,None,3646000000,3646000000,140000000,None,20903000000,285000000,None,None,1499000000,,,,,-0.054,-1.08,897000000,2396000000,9.42,2014-12-31,4.864,1168000000,30435000000.0,1387000000,-852000000,112000000,7111000000,7111000000,None,1789000000,None,0,None,None,21023000000,None,None,-967000000,None,None,None,0.239,,1012000000,375000000,83000000,1410000000,None,72000000,None,,,,,0.434,1.759,0.514,,,,,,,,0.0929,,8373000000,2025-10-31,annual,8.34,USD,pre-market,None,-1762000000,0.0555,0.313,-0.009,396.69,1048000000,41926000000,20903000000,0,308.58,217.1,-11.465,24550000000,371000000,1635000000,24404000000,24179000000,22769000000,5254000000,146000000,5.74,0,437.06,193.0
2025-12-28,CHTR,36.07,55098999000.0,5.74,None,1.065,118.54,,None,21000000,21000000,,,,,,,,,0,92169292,None,3646000000,3646000000,91000000,None,None,234000000,None,None,1499000000,,,,,-0.054,-1.08,897000000,2396000000,9.42,2013-12-31,4.864,1177000000,30435000000.0,1387000000,-852000000,112000000,7398000000,7398000000,None,1789000000,None,0,None,None,14181000000,None,None,-967000000,None,None,None,0.239,,1012000000,375000000,51000000,1286000000,None,65000000,None,,,,,0.434,1.759,0.514,,,,,,,,0.0929,,7981000000,2025-10-31,annual,8.34,USD,pre-market,None,-1568000000,0.0555,0.313,-0.009,396.69,1048000000,14181000000,None,0,308.58,217.1,-11.465,17295000000,322000000,1467000000,17144000000,16973000000,15677000000,5254000000,151000000,5.74,0,437.06,193.0
2025-12-28,CHTR,36.07,55098999000.0,5.74,None,1.065,118.54,,None,7000000,7000000,,,,,,,,,0,90110753,None,3646000000,3646000000,107000000,None,None,234000000,None,None,1499000000,,,,,-0.054,-1.08,897000000,2396000000,9.42,2012-12-31,4.864,953000000,30435000000.0,1387000000,-852000000,112000000,6945000000,6945000000,None,1789000000,None,0,None,None,12808000000,None,None,-967000000,None,None,None,0.239,,1012000000,375000000,89000000,1036000000,None,296000000,None,,,,,0.434,1.759,0.514,,,,,,,,0.0929,,7206000000,2025-10-31,annual,8.34,USD,pre-market,None,-1392000000,0.0555,0.313,-0.009,396.69,1048000000,12808000000,None,27000000,308.58,217.1,-11.465,15599000000,333000000,1224000000,15450000000,15266000000,14226000000,5254000000,149000000,5.74,0,437.06,193.0
2025-12-28,CHTR,36.07,55098999000.0,5.74,None,1.065,118.54,,None,2000000,2000000,,,,,,,,,0,98511282,None,3646000000,3646000000,174000000,None,None,268000000,None,None,1499000000,,,,,-0.054,-1.08,897000000,2396000000,9.42,2011-12-31,4.864,954000000,30435000000.0,1387000000,-852000000,112000000,6992000000,6992000000,None,1789000000,None,0,None,None,12856000000,None,None,-967000000,None,None,None,0.239,,1012000000,375000000,87000000,910000000,None,340000000,None,,,,,0.434,1.759,0.514,,,,,,,,0.0929,,6897000000,2025-10-31,annual,8.34,USD,pre-market,None,-1082000000,0.0555,0.313,-0.009,396.69,1048000000,12856000000,None,27000000,308.58,217.1,-11.465,15605000000,370000000,1153000000,15196000000,15235000000,14043000000,5254000000,409000000,5.74,0,437.06,193.0
2025-12-28,CHTR,36.07,55098999000.0,5.74,None,1.065,118.54,,None,4000000,4000000,,,,,,,,,None,102299796,None,3646000000,3646000000,168000000,None,None,247000000,None,None,1499000000,,,,,-0.054,-1.08,897000000,2396000000,9.42,2010-12-31,4.864,951000000,30435000000.0,1387000000,-852000000,112000000,7257000000,7257000000,None,1789000000,None,None,None,None,12306000000,None,None,-967000000,None,None,None,0.239,,1012000000,375000000,75000000,881000000,None,None,None,,,,,0.434,1.759,0.514,,,,,,,,0.0929,,6819000000,2025-10-31,annual,8.34,USD,pre-market,None,-235000000,0.0555,0.313,-0.009,396.69,1048000000,12306000000,None,28000000,308.58,217.1,-11.465,15707000000,326000000,1049000000,14229000000,15381000000,13180000000,5254000000,1478000000,5.74,-6000000,437.06,193.0
2025-12-28,CHTR,36.07,55098999000.0,5.74,None,1.065,118.54,,None,709000000,709000000,,,,,,,,,None,103000000,None,3646000000,3646000000,113000000,None,None,248000000,None,None,1499000000,,,,,-0.054,-1.08,897000000,2396000000,9.42,2009-12-31,4.864,951000000,30435000000.0,1387000000,-852000000,112000000,7607000000,7607000000,None,1789000000,None,None,None,None,13252000000,None,None,-967000000,None,None,None,0.239,,1012000000,375000000,114000000,785000000,None,None,None,,,,,0.434,1.759,0.514,,,,,,,,0.0929,,6833000000,2025-10-31,annual,8.34,USD,pre-market,None,2000000,0.0555,0.313,-0.009,396.69,1048000000,13322000000,70000000,45000000,308.58,217.1,-11.465,16658000000,1071000000,968000000,14741000000,15587000000,13773000000,5254000000,1915000000,5.74,None,437.06,193.0
2025-12-28,CHTR,36.07,55098999000.0,5.74,None,1.065,118.54,,None,960000000,960000000,,,,,,,,,None,337686980,None,3646000000,3646000000,99000000,None,None,222000000,None,None,1499000000,,,,,-0.054,-1.08,897000000,2396000000,9.42,2008-12-31,4.864,68000000,30435000000.0,1387000000,-852000000,112000000,222000000,222000000,None,1789000000,None,None,None,None,21586000000,None,None,-967000000,None,None,None,0.239,,1012000000,375000000,36000000,1211000000,None,None,None,,,,,0.434,1.759,0.514,,,,,,,,0.0929,,4987000000,2025-10-31,annual,8.34,USD,pre-market,None,-15547000000,0.0555,0.313,-0.009,396.69,1048000000,21741000000,155000000,None,308.58,217.1,-11.465,13882000000,1218000000,1465000000,24185000000,12664000000,22720000000,5254000000,-10506000000,5.74,None,437.06,193.0
2025-12-28,CHTR,36.07,55098999000.0,5.74,None,1.065,118.54,,None,75000000,75000000,,,,,,,,,None,332963157,None,3646000000,3646000000,127000000,None,None,225000000,None,None,1499000000,,,,,-0.054,-1.08,897000000,2396000000,9.42,2007-12-31,4.864,67000000,30435000000.0,1387000000,-852000000,112000000,8942000000,8942000000,None,1789000000,None,None,None,None,19973000000,None,None,-967000000,None,None,None,0.239,,1012000000,375000000,36000000,1205000000,None,None,None,,,,,0.434,1.759,0.514,,,,,,,,0.0929,,5103000000,2025-10-31,annual,8.34,USD,pre-market,None,-13096000000,0.0555,0.313,-0.009,396.69,1048000000,19973000000,None,None,308.58,217.1,-11.465,14666000000,336000000,1332000000,22359000000,14330000000,21027000000,5254000000,-7892000000,5.74,None,437.06,193.0
2025-12-28,CHTR,36.07,55098999000.0,5.74,None,1.065,118.54,,None,60000000,60000000,,,,,,,,,None,300141764,None,3646000000,3646000000,92000000,None,None,195000000,None,None,1499000000,,,,,-0.054,-1.08,897000000,2396000000,9.42,2006-12-31,4.864,61000000,30435000000.0,1387000000,-852000000,112000000,9223000000,9223000000,None,1789000000,None,None,None,None,19119000000,None,None,-967000000,None,None,None,0.239,,1012000000,375000000,84000000,1206000000,None,None,None,,,,,0.434,1.759,0.514,,,,,,,,0.0929,,5217000000,2025-10-31,annual,8.34,USD,pre-market,None,-11536000000,0.0555,0.313,-0.009,396.69,1048000000,19119000000,None,None,308.58,217.1,-11.465,15100000000,339000000,1298000000,21127000000,14761000000,19829000000,5254000000,-6219000000,5.74,None,437.06,193.0
2025-12-28,CHTR,36.07,55098999000.0,5.74,None,1.065,118.54,,None,21000000,21000000,,,,,,,,,None,280445810,None,3646000000,3646000000,114000000,None,None,214000000,None,None,1499000000,,,,,-0.054,-1.08,897000000,2396000000,9.42,2005-12-31,4.864,52000000,30435000000.0,1387000000,-852000000,112000000,9826000000,9826000000,None,1789000000,None,None,None,None,19437000000,None,None,-967000000,None,None,None,0.239,,1012000000,375000000,92000000,1077000000,None,None,None,,,,,0.434,1.759,0.514,,,,,,,,0.0929,,5840000000,2025-10-31,annual,8.34,USD,pre-market,None,-10166000000,0.0555,0.313,-0.009,396.69,1048000000,19437000000,None,None,308.58,217.1,-11.465,16431000000,327000000,1191000000,21163000000,16104000000,19972000000,5254000000,-4920000000,5.74,None,437.06,193.0
2025-12-28,CHTR,36.07,55098999000.0,5.74,None,1.065,118.54,3051000000,None,21000000,21000000,-1330000000,-3278000000,None,None,None,None,None,None,None,280445810,None,3646000000,3646000000,114000000,None,None,214000000,None,None,1499000000,2160000000,None,None,None,-0.054,-1.08,897000000,2396000000,9.42,2025-09-30,4.864,52000000,30435000000.0,1387000000,-852000000,112000000,9826000000,9826000000,None,1789000000,None,None,None,None,19437000000,None,None,1137000000,None,None,None,0.239,4480000000,1012000000,375000000,92000000,1077000000,None,None,None,None,None,None,None,0.434,1.759,0.514,None,None,None,None,None,-2113000000,None,0.0929,None,5840000000,2025-10-31,quarterly,8.34,USD,pre-market,None,-10166000000,0.0555,0.313,-0.009,396.69,1048000000,19437000000,None,None,308.58,217.1,-11.465,16431000000,327000000,1191000000,21163000000,16104000000,19972000000,5254000000,-4920000000,5.74,None,437.06,193.0
2025-12-28,CHTR,36.07,55098999000.0,5.74,None,1.065,118.54,2874000000,None,21000000,21000000,-964000000,-2853000000,None,None,None,None,None,None,None,280445810,None,3646000000,3646000000,114000000,None,None,214000000,None,None,1499000000,2176000000,None,None,None,-0.054,-1.08,897000000,2396000000,9.42,2025-06-30,4.864,52000000,30435000000.0,1387000000,-852000000,112000000,9826000000,9826000000,None,1789000000,None,None,None,None,19437000000,None,None,1495000000,None,None,None,0.239,3600000000,1012000000,375000000,92000000,1077000000,None,None,None,None,None,None,None,0.434,1.759,0.514,None,None,None,None,None,-1451000000,None,0.0929,None,5840000000,2025-10-31,quarterly,8.34,USD,pre-market,None,-10166000000,0.0555,0.313,-0.009,396.69,1048000000,19437000000,None,None,308.58,217.1,-11.465,16431000000,327000000,1191000000,21163000000,16104000000,19972000000,5254000000,-4920000000,5.74,None,437.06,193.0
2025-12-28,CHTR,36.07,55098999000.0,5.74,None,1.065,118.54,2399000000,None,21000000,21000000,-1052000000,-2824000000,None,None,None,None,None,None,None,280445810,None,3646000000,3646000000,114000000,None,None,214000000,None,None,1499000000,2181000000,None,None,None,-0.054,-1.08,897000000,2396000000,9.42,2025-03-31,4.864,52000000,30435000000.0,1387000000,-852000000,112000000,9826000000,9826000000,None,1789000000,None,None,None,None,19437000000,None,None,1409000000,None,None,None,0.239,4236000000,1012000000,375000000,92000000,1077000000,None,None,None,None,None,None,None,0.434,1.759,0.514,None,None,None,None,None,-802000000,None,0.0929,None,5840000000,2025-10-31,quarterly,8.34,USD,pre-market,None,-10166000000,0.0555,0.313,-0.009,396.69,1048000000,19437000000,None,None,308.58,217.1,-11.465,16431000000,327000000,1191000000,21163000000,16104000000,19972000000,5254000000,-4920000000,5.74,None,437.06,193.0
2025-12-28,CHTR,36.07,55098999000.0,5.74,None,1.065,118.54,3062000000,None,21000000,21000000,-1121000000,-2583000000,None,None,None,None,None,None,None,280445810,None,3646000000,3646000000,114000000,None,None,214000000,None,None,1499000000,2168000000,None,None,None,-0.054,-1.08,897000000,2396000000,9.42,2024-12-31,4.864,52000000,30435000000.0,1387000000,-852000000,112000000,9826000000,9826000000,None,1789000000,None,None,None,None,19437000000,None,None,1676000000,None,None,None,0.239,3460000000,1012000000,375000000,92000000,1077000000,None,None,None,None,None,None,None,0.434,1.759,0.514,None,None,None,None,None,-114000000,None,0.0929,None,5840000000,2025-10-31,quarterly,8.34,USD,pre-market,None,-10166000000,0.0555,0.313,-0.009,396.69,1048000000,19437000000,None,None,308.58,217.1,-11.465,16431000000,327000000,1191000000,21163000000,16104000000,19972000000,5254000000,-4920000000,5.74,None,437.06,193.0
2025-12-28,CHTR,36.07,55098999000.0,5.74,None,1.065,118.54,2563000000,None,21000000,21000000,-1314000000,-2483000000,None,None,None,None,None,None,None,280445810,None,3646000000,3646000000,114000000,None,None,214000000,None,None,1499000000,2145000000,None,None,None,-0.054,-1.08,897000000,2396000000,9.42,2024-09-30,4.864,52000000,30435000000.0,1387000000,-852000000,112000000,9826000000,9826000000,None,1789000000,None,None,None,None,19437000000,None,None,1474000000,None,None,None,0.239,3905000000,1012000000,375000000,92000000,1077000000,None,None,None,None,None,None,None,0.434,1.759,0.514,None,None,None,None,None,-222000000,None,0.0929,None,5840000000,2025-10-31,quarterly,8.34,USD,pre-market,None,-10166000000,0.0555,0.313,-0.009,396.69,1048000000,19437000000,None,None,308.58,217.1,-11.465,16431000000,327000000,1191000000,21163000000,16104000000,19972000000,5254000000,-4920000000,5.74,None,437.06,193.0
2025-12-28,CHTR,36.07,55098999000.0,5.74,None,1.065,118.54,2853000000,None,21000000,21000000,-1097000000,-2775000000,None,None,None,None,None,None,None,280445810,None,3646000000,3646000000,114000000,None,None,214000000,None,None,1499000000,2170000000,None,None,None,-0.054,-1.08,897000000,2396000000,9.42,2024-06-30,4.864,52000000,30435000000.0,1387000000,-852000000,112000000,9826000000,9826000000,None,1789000000,None,None,None,None,19437000000,None,None,1423000000,None,None,None,0.239,3853000000,1012000000,375000000,92000000,1077000000,None,None,None,None,None,None,None,0.434,1.759,0.514,None,None,None,None,None,-361000000,None,0.0929,None,5840000000,2025-10-31,quarterly,8.34,USD,pre-market,None,-10166000000,0.0555,0.313,-0.009,396.69,1048000000,19437000000,None,None,308.58,217.1,-11.465,16431000000,327000000,1191000000,21163000000,16104000000,19972000000,5254000000,-4920000000,5.74,None,437.06,193.0
2025-12-28,CHTR,36.07,55098999000.0,5.74,None,1.065,118.54,2791000000,None,21000000,21000000,-258000000,-3002000000,None,None,None,None,None,None,None,280445810,None,3646000000,3646000000,114000000,None,None,214000000,None,None,1499000000,2190000000,None,None,None,-0.054,-1.08,897000000,2396000000,9.42,2024-03-31,4.864,52000000,30435000000.0,1387000000,-852000000,112000000,9826000000,9826000000,None,1789000000,None,None,None,None,19437000000,None,None,1280000000,None,None,None,0.239,3212000000,1012000000,375000000,92000000,1077000000,None,None,None,None,None,None,None,0.434,1.759,0.514,None,None,None,None,None,-516000000,None,0.0929,None,5840000000,2025-10-31,quarterly,8.34,USD,pre-market,None,-10166000000,0.0555,0.313,-0.009,396.69,1048000000,19437000000,None,None,308.58,217.1,-11.465,16431000000,327000000,1191000000,21163000000,16104000000,19972000000,5254000000,-4920000000,5.74,None,437.06,193.0
2025-12-28,CHTR,36.07,55098999000.0,5.74,None,1.065,118.54,2794000000,None,21000000,21000000,-900000000,-2817000000,None,None,None,None,None,None,None,280445810,None,3646000000,3646000000,114000000,None,None,214000000,None,None,1499000000,2188000000,1000000,1000000,None,-0.054,-1.08,897000000,2396000000,9.42,2023-12-31,4.864,52000000,30435000000.0,1387000000,-852000000,112000000,9826000000,9826000000,None,1789000000,None,None,None,None,19437000000,None,None,1229000000,None,None,None,0.239,3855000000,1012000000,375000000,92000000,1077000000,None,None,None,None,None,None,None,0.434,1.759,0.514,None,None,None,None,None,-1194000000,None,0.0929,None,5840000000,2025-10-31,quarterly,8.34,USD,pre-market,None,-10166000000,0.0555,0.313,-0.009,396.69,1048000000,19437000000,None,None,308.58,217.1,-11.465,16431000000,327000000,1191000000,21163000000,16104000000,19972000000,5254000000,-4920000000,5.74,None,437.06,193.0
2025-12-28,CHTR,36.07,55098999000.0,5.74,None,1.065,118.54,2847000000,None,21000000,21000000,-879000000,-2972000000,None,None,None,None,None,None,None,280445810,None,3646000000,3646000000,114000000,None,None,214000000,None,None,1499000000,2130000000,16000000,16000000,None,-0.054,-1.08,897000000,2396000000,9.42,2023-09-30,4.864,52000000,30435000000.0,1387000000,-852000000,112000000,9826000000,9826000000,None,1789000000,None,None,None,None,19437000000,None,None,1436000000,None,None,None,0.239,3944000000,1012000000,375000000,92000000,1077000000,None,None,None,None,None,None,None,0.434,1.759,0.514,None,None,None,None,None,-783000000,None,0.0929,None,5840000000,2025-10-31,quarterly,8.34,USD,pre-market,None,-10166000000,0.0555,0.313,-0.009,396.69,1048000000,19437000000,None,None,308.58,217.1,-11.465,16431000000,327000000,1191000000,21163000000,16104000000,19972000000,5254000000,-4920000000,5.74,None,437.06,193.0
2025-12-28,CHTR,36.07,55098999000.0,5.74,None,1.065,118.54,2643000000,None,21000000,21000000,-463000000,-2904000000,-56000000,None,None,None,None,-13000000,None,280445810,None,3646000000,3646000000,114000000,None,None,214000000,None,None,1499000000,2172000000,3000000,3000000,None,-0.054,-1.08,897000000,2396000000,9.42,2023-06-30,4.864,52000000,30435000000.0,1387000000,-852000000,112000000,9826000000,9826000000,None,1789000000,None,None,None,None,19437000000,None,None,1413000000,None,None,None,0.239,3311000000,1012000000,375000000,92000000,1077000000,None,None,None,None,None,None,None,0.434,1.759,0.514,None,None,None,None,None,-326000000,None,0.0929,None,5840000000,2025-10-31,quarterly,8.34,USD,pre-market,None,-10166000000,0.0555,0.313,-0.009,396.69,1048000000,19437000000,None,None,308.58,217.1,-11.465,16431000000,327000000,1191000000,21163000000,16104000000,19972000000,5254000000,-4920000000,5.74,None,437.06,193.0
2025-12-28,CHTR,36.07,55098999000.0,5.74,None,1.065,118.54,2659000000,None,21000000,21000000,-573000000,-2861000000,-111000000,None,None,None,None,70000000,None,280445810,None,3646000000,3646000000,114000000,None,None,214000000,None,None,1499000000,2206000000,3000000,3000000,None,-0.054,-1.08,897000000,2396000000,9.42,2023-03-31,4.864,52000000,30435000000.0,1387000000,-852000000,112000000,9826000000,9826000000,None,1789000000,None,None,None,None,19437000000,None,None,1183000000,None,None,None,0.239,3323000000,1012000000,375000000,92000000,1077000000,None,None,None,None,None,None,None,0.434,1.759,0.514,None,None,None,None,None,-912000000,None,0.0929,None,5840000000,2025-10-31,quarterly,8.34,USD,pre-market,None,-10166000000,0.0555,0.313,-0.009,396.69,1048000000,19437000000,None,None,308.58,217.1,-11.465,16431000000,327000000,1191000000,21163000000,16104000000,19972000000,5254000000,-4920000000,5.74,None,437.06,193.0
2025-12-28,CHTR,36.07,55098999000.0,5.74,None,1.065,118.54,2651000000,None,21000000,21000000,-631000000,-2991000000,165000000,None,None,None,None,-80000000,None,280445810,None,3646000000,3646000000,114000000,None,None,214000000,None,None,1499000000,2192000000,55000000,55000000,None,-0.054,-1.08,897000000,2396000000,9.42,2022-12-31,4.864,52000000,30435000000.0,1387000000,-852000000,112000000,9826000000,9826000000,None,1789000000,None,None,None,None,19437000000,None,None,1385000000,None,None,None,0.239,3787000000,1012000000,375000000,92000000,1077000000,None,None,None,None,None,None,None,0.434,1.759,0.514,None,None,None,None,None,-1032000000,None,0.0929,None,5840000000,2025-10-31,quarterly,8.34,USD,pre-market,None,-10166000000,0.0555,0.313,-0.009,396.69,1048000000,19437000000,None,None,308.58,217.1,-11.465,16431000000,327000000,1191000000,21163000000,16104000000,19972000000,5254000000,-4920000000,5.74,None,437.06,193.0
2025-12-28,CHTR,36.07,55098999000.0,5.74,None,1.065,118.54,2250000000,None,21000000,21000000,-1111000000,-2649000000,-3000000,None,None,None,None,-62000000,None,280445810,None,3646000000,3646000000,114000000,None,None,214000000,None,None,1499000000,2177000000,49000000,49000000,None,-0.054,-1.08,897000000,2396000000,9.42,2022-09-30,4.864,52000000,30435000000.0,1387000000,-852000000,112000000,9826000000,9826000000,None,1789000000,None,None,None,None,19437000000,None,None,1367000000,None,None,None,0.239,3757000000,1012000000,375000000,92000000,1077000000,None,None,None,None,None,None,None,0.434,1.759,0.514,None,None,None,None,None,-2225000000,None,0.0929,None,5840000000,2025-10-31,quarterly,8.34,USD,pre-market,None,-10166000000,0.0555,0.313,-0.009,396.69,1048000000,19437000000,None,None,308.58,217.1,-11.465,16431000000,327000000,1191000000,21163000000,16104000000,19972000000,5254000000,-4920000000,5.74,None,437.06,193.0
2025-12-28,CHTR,36.07,55098999000.0,5.74,None,1.065,118.54,2075000000,None,21000000,21000000,-2809000000,-2873000000,-1948000000,None,None,None,None,-249000000,None,280445810,None,3646000000,3646000000,114000000,None,None,214000000,None,None,1499000000,2240000000,5000000,5000000,None,-0.054,-1.08,897000000,2396000000,9.42,2022-06-30,4.864,52000000,30435000000.0,1387000000,-852000000,112000000,9826000000,9826000000,None,1789000000,None,None,None,None,19437000000,None,None,1708000000,None,None,None,0.239,3734000000,1012000000,375000000,92000000,1077000000,None,None,None,None,None,None,None,0.434,1.759,0.514,None,None,None,None,None,-3687000000,None,0.0929,None,5840000000,2025-10-31,quarterly,8.34,USD,pre-market,None,-10166000000,0.0555,0.313,-0.009,396.69,1048000000,19437000000,None,None,308.58,217.1,-11.465,16431000000,327000000,1191000000,21163000000,16104000000,19972000000,5254000000,-4920000000,5.74,None,437.06,193.0
2025-12-28,CHTR,36.07,55098999000.0,5.74,None,1.065,118.54,1847000000,None,21000000,21000000,386000000,-2203000000,1830000000,None,None,None,None,49000000,None,280445810,None,3646000000,3646000000,114000000,None,None,214000000,None,None,1499000000,2294000000,2000000,2000000,None,-0.054,-1.08,897000000,2396000000,9.42,2022-03-31,4.864,52000000,30435000000.0,1387000000,-852000000,112000000,9826000000,9826000000,None,1789000000,None,None,None,None,19437000000,None,None,1389000000,None,None,None,0.239,3647000000,1012000000,375000000,92000000,1077000000,None,None,None,None,None,None,None,0.434,1.759,0.514,None,None,None,None,None,-3333000000,None,0.0929,None,5840000000,2025-10-31,quarterly,8.34,USD,pre-market,None,-10166000000,0.0555,0.313,-0.009,396.69,1048000000,19437000000,None,None,308.58,217.1,-11.465,16431000000,327000000,1191000000,21163000000,16104000000,19972000000,5254000000,-4920000000,5.74,None,437.06,193.0
2025-12-28,CHTR,36.07,55098999000.0,5.74,None,1.065,118.54,1941000000,None,21000000,21000000,-1365000000,-2726000000,135000000,None,None,None,None,71000000,None,280445810,None,3646000000,3646000000,114000000,None,None,214000000,None,None,1499000000,2280000000,5672000000,5672000000,None,-0.054,-1.08,897000000,2396000000,9.42,2021-12-31,4.864,52000000,30435000000.0,1387000000,-852000000,112000000,9826000000,9826000000,None,1789000000,None,None,None,None,19437000000,None,None,1834000000,None,None,None,0.239,4226000000,1012000000,375000000,92000000,1077000000,None,None,None,None,None,None,None,0.434,1.759,0.514,None,None,None,None,None,-4597000000,None,0.0929,None,5840000000,2025-10-31,quarterly,8.34,USD,pre-market,None,-10166000000,0.0555,0.313,-0.009,396.69,1048000000,19437000000,None,None,308.58,217.1,-11.465,16431000000,327000000,1191000000,21163000000,16104000000,19972000000,5254000000,-4920000000,5.74,None,437.06,193.0
2025-12-28,CHTR,36.07,55098999000.0,5.74,None,1.065,118.54,1787000000,None,21000000,21000000,-3308000000,-2200000000,-1245000000,None,8725000000,None,None,-62000000,None,280445810,None,3646000000,3646000000,114000000,None,None,214000000,None,None,1499000000,2270000000,None,None,None,-0.054,-1.08,897000000,2396000000,9.42,2021-09-30,4.864,52000000,30435000000.0,1387000000,-852000000,112000000,9826000000,9826000000,None,1789000000,None,None,None,None,19437000000,None,None,1407000000,None,None,None,0.239,4263000000,1012000000,375000000,92000000,1077000000,None,None,None,None,None,None,None,0.434,1.759,0.514,None,None,None,None,None,-3666000000,None,0.0929,None,5840000000,2025-10-31,quarterly,8.34,USD,pre-market,None,-10166000000,0.0555,0.313,-0.009,396.69,1048000000,19437000000,None,None,308.58,217.1,-11.465,16431000000,327000000,1191000000,21163000000,16104000000,19972000000,5254000000,-4920000000,5.74,None,437.06,193.0
2025-12-28,CHTR,36.07,55098999000.0,5.74,None,1.065,118.54,1931000000,None,21000000,21000000,-461000000,-2599000000,939000000,None,5425000000,None,None,-188000000,None,280445810,None,3646000000,3646000000,114000000,None,None,214000000,None,None,1499000000,2354000000,32000000,32000000,None,-0.054,-1.08,897000000,2396000000,9.42,2021-06-30,4.864,52000000,30435000000.0,1387000000,-852000000,112000000,9826000000,9826000000,None,1789000000,None,None,None,None,19437000000,None,None,1158000000,None,None,None,0.239,3999000000,1012000000,375000000,92000000,1077000000,None,None,None,None,None,None,None,0.434,1.759,0.514,None,None,None,None,None,-3516000000,None,0.0929,None,5840000000,2025-10-31,quarterly,8.34,USD,pre-market,None,-10166000000,0.0555,0.313,-0.009,396.69,1048000000,19437000000,None,None,308.58,217.1,-11.465,16431000000,327000000,1191000000,21163000000,16104000000,19972000000,5254000000,-4920000000,5.74,None,437.06,193.0
2025-12-28,CHTR,36.07,55098999000.0,5.74,None,1.065,118.54,1896000000,None,21000000,21000000,-1517000000,-2463000000,-229000000,None,6071000000,None,None,144000000,None,280445810,None,3646000000,3646000000,114000000,None,None,214000000,None,None,1499000000,2441000000,39000000,39000000,None,-0.054,-1.08,897000000,2396000000,9.42,2021-03-31,4.864,52000000,30435000000.0,1387000000,-852000000,112000000,9826000000,9826000000,None,1789000000,None,None,None,None,19437000000,None,None,921000000,None,None,None,0.239,3751000000,1012000000,375000000,92000000,1077000000,None,None,None,None,None,None,None,0.434,1.759,0.514,None,None,None,None,None,-3652000000,None,0.0929,None,5840000000,2025-10-31,quarterly,8.34,USD,pre-market,None,-10166000000,0.0555,0.313,-0.009,396.69,1048000000,19437000000,None,None,308.58,217.1,-11.465,16431000000,327000000,1191000000,21163000000,16104000000,19972000000,5254000000,-4920000000,5.74,None,437.06,193.0
2025-12-28,CHTR,36.07,55098999000.0,5.74,None,1.065,118.54,2441000000,None,21000000,21000000,-1286000000,-3148000000,-285000000,None,6085000000,None,None,-133000000,None,280445810,None,3646000000,3646000000,114000000,None,None,214000000,None,None,1499000000,2409000000,5313000000,5313000000,None,-0.054,-1.08,897000000,2396000000,9.42,2020-12-31,4.864,52000000,30435000000.0,1387000000,-852000000,112000000,9826000000,9826000000,None,1789000000,None,None,None,None,19437000000,None,None,1401000000,None,None,None,0.239,4149000000,1012000000,375000000,92000000,1077000000,None,None,None,None,None,None,None,0.434,1.759,0.514,None,None,None,None,None,-4349000000,None,0.0929,None,5840000000,2025-10-31,quarterly,8.34,USD,pre-market,None,-10166000000,0.0555,0.313,-0.009,396.69,1048000000,19437000000,None,None,308.58,217.1,-11.465,16431000000,327000000,1191000000,21163000000,16104000000,19972000000,5254000000,-4920000000,5.74,None,437.06,193.0
2025-12-28,CHTR,36.07,55098999000.0,5.74,None,1.065,118.54,1910000000,None,21000000,21000000,-2128000000,-2352000000,-816000000,None,6120000000,None,None,-74000000,None,280445810,None,3646000000,3646000000,114000000,None,None,214000000,None,None,1499000000,2370000000,191000000,191000000,None,-0.054,-1.08,897000000,2396000000,9.42,2020-09-30,4.864,52000000,30435000000.0,1387000000,-852000000,112000000,9826000000,9826000000,None,1789000000,None,None,None,None,19437000000,None,None,932000000,None,None,None,0.239,3664000000,1012000000,375000000,92000000,1077000000,None,None,None,None,None,None,None,0.434,1.759,0.514,None,None,None,None,None,-3361000000,None,0.0929,None,5840000000,2025-10-31,quarterly,8.34,USD,pre-market,None,-10166000000,0.0555,0.313,-0.009,396.69,1048000000,19437000000,None,None,308.58,217.1,-11.465,16431000000,327000000,1191000000,21163000000,16104000000,19972000000,5254000000,-4920000000,5.74,None,437.06,193.0
2025-12-28,CHTR,36.07,55098999000.0,5.74,None,1.065,118.54,1663000000,None,21000000,21000000,-2487000000,-1876000000,-834000000,None,4317000000,None,None,97000000,None,280445810,None,3646000000,3646000000,114000000,None,None,214000000,None,None,1499000000,2428000000,38000000,38000000,None,-0.054,-1.08,897000000,2396000000,9.42,2020-06-30,4.864,52000000,30435000000.0,1387000000,-852000000,112000000,9826000000,9826000000,None,1789000000,None,None,None,None,19437000000,None,None,876000000,None,None,None,0.239,3529000000,1012000000,375000000,92000000,1077000000,None,None,None,None,None,None,None,0.434,1.759,0.514,None,None,None,None,None,-1155000000,None,0.0929,None,5840000000,2025-10-31,quarterly,8.34,USD,pre-market,None,-10166000000,0.0555,0.313,-0.009,396.69,1048000000,19437000000,None,None,308.58,217.1,-11.465,16431000000,327000000,1191000000,21163000000,16104000000,19972000000,5254000000,-4920000000,5.74,None,437.06,193.0
2025-12-28,CHTR,36.07,55098999000.0,5.74,None,1.065,118.54,1849000000,None,21000000,21000000,-1590000000,-2243000000,-613000000,None,7352000000,None,None,136000000,None,280445810,None,3646000000,3646000000,114000000,None,None,214000000,None,None,1499000000,2497000000,4432000000,4432000000,None,-0.054,-1.08,897000000,2396000000,9.42,2020-03-31,4.864,52000000,30435000000.0,1387000000,-852000000,112000000,9826000000,9826000000,None,1789000000,None,None,None,None,19437000000,None,None,467000000,None,None,None,0.239,3220000000,1012000000,375000000,92000000,1077000000,None,None,None,None,None,None,None,0.434,1.759,0.514,None,None,None,None,None,-2352000000,None,0.0929,None,5840000000,2025-10-31,quarterly,8.34,USD,pre-market,None,-10166000000,0.0555,0.313,-0.009,396.69,1048000000,19437000000,None,None,308.58,217.1,-11.465,16431000000,327000000,1191000000,21163000000,16104000000,19972000000,5254000000,-4920000000,5.74,None,437.06,193.0
2025-12-28,CHTR,36.07,55098999000.0,5.74,None,1.065,118.54,1778000000,None,21000000,21000000,1740000000,-2146000000,2952000000,None,5742000000,None,None,59000000,None,280445810,None,3646000000,3646000000,114000000,None,None,214000000,None,None,1499000000,2461000000,6422000000,6422000000,None,-0.054,-1.08,897000000,2396000000,9.42,2019-12-31,4.864,52000000,30435000000.0,1387000000,-852000000,112000000,9826000000,9826000000,None,1789000000,None,None,None,None,19437000000,None,None,822000000,None,None,None,0.239,3358000000,1012000000,375000000,92000000,1077000000,None,None,None,None,None,None,None,0.434,1.759,0.514,None,None,None,None,None,-2305000000,None,0.0929,None,5840000000,2025-10-31,quarterly,8.34,USD,pre-market,None,-10166000000,0.0555,0.313,-0.009,396.69,1048000000,19437000000,None,None,308.58,217.1,-11.465,16431000000,327000000,1191000000,21163000000,16104000000,19972000000,5254000000,-4920000000,5.74,None,437.06,193.0
2025-12-28,CHTR,36.07,55098999000.0,5.74,None,1.065,118.54,1672000000,None,21000000,21000000,-1122000000,-2070000000,-249000000,None,8545000000,None,None,-227000000,None,280445810,None,3646000000,3646000000,114000000,None,None,214000000,None,None,1499000000,2415000000,38000000,38000000,None,-0.054,-1.08,897000000,2396000000,9.42,2019-09-30,4.864,52000000,30435000000.0,1387000000,-852000000,112000000,9826000000,9826000000,None,1789000000,None,None,None,None,19437000000,None,None,467000000,None,None,None,0.239,2943000000,1012000000,375000000,92000000,1077000000,None,None,None,None,None,None,None,0.434,1.759,0.514,None,None,None,None,None,-2767000000,None,0.0929,None,5840000000,2025-10-31,quarterly,8.34,USD,pre-market,None,-10166000000,0.0555,0.313,-0.009,396.69,1048000000,19437000000,None,None,308.58,217.1,-11.465,16431000000,327000000,1191000000,21163000000,16104000000,19972000000,5254000000,-4920000000,5.74,None,437.06,193.0
2025-12-28,CHTR,36.07,55098999000.0,5.74,None,1.065,118.54,1649000000,None,21000000,21000000,-1714000000,-1827000000,-780000000,None,6659000000,None,None,-492000000,None,280445810,None,3646000000,3646000000,114000000,None,None,214000000,None,None,1499000000,2500000000,39000000,39000000,None,-0.054,-1.08,897000000,2396000000,9.42,2019-06-30,4.864,52000000,30435000000.0,1387000000,-852000000,112000000,9826000000,9826000000,None,1789000000,None,None,None,None,19437000000,None,None,386000000,None,None,None,0.239,2761000000,1012000000,375000000,92000000,1077000000,None,None,None,None,None,None,None,0.434,1.759,0.514,None,None,None,None,None,-861000000,None,0.0929,None,5840000000,2025-10-31,quarterly,8.34,USD,pre-market,None,-10166000000,0.0555,0.313,-0.009,396.69,1048000000,19437000000,None,None,308.58,217.1,-11.465,16431000000,327000000,1191000000,21163000000,16104000000,19972000000,5254000000,-4920000000,5.74,None,437.06,193.0
2025-12-28,CHTR,36.07,55098999000.0,5.74,None,1.065,118.54,2041000000,None,21000000,21000000,348000000,-2173000000,861000000,None,7899000000,None,None,155000000,None,280445810,None,3646000000,3646000000,114000000,None,None,214000000,None,None,1499000000,2550000000,39000000,39000000,None,-0.054,-1.08,897000000,2396000000,9.42,2019-03-31,4.864,52000000,30435000000.0,1387000000,-852000000,112000000,9826000000,9826000000,None,1789000000,None,None,None,None,19437000000,None,None,317000000,None,None,None,0.239,2686000000,1012000000,375000000,92000000,1077000000,None,None,None,None,None,None,None,0.434,1.759,0.514,None,None,None,None,None,-940000000,None,0.0929,None,5840000000,2025-10-31,quarterly,8.34,USD,pre-market,None,-10166000000,0.0555,0.313,-0.009,396.69,1048000000,19437000000,None,None,308.58,217.1,-11.465,16431000000,327000000,1191000000,21163000000,16104000000,19972000000,5254000000,-4920000000,5.74,None,437.06,193.0
2025-12-28,CHTR,36.07,55098999000.0,5.74,None,1.065,118.54,2283000000,None,21000000,21000000,-574000000,-2489000000,105000000,None,9242000000,None,None,3000000,None,280445810,None,3646000000,3646000000,114000000,None,None,214000000,None,None,1499000000,2534000000,2384000000,2384000000,None,-0.054,-1.08,897000000,2396000000,9.42,2018-12-31,4.864,52000000,30435000000.0,1387000000,-852000000,112000000,9826000000,9826000000,None,1789000000,None,None,None,None,19437000000,None,None,360000000,None,None,None,0.239,3168000000,1012000000,375000000,92000000,1077000000,None,None,None,None,None,None,None,0.434,1.759,0.514,None,None,None,None,None,-1185000000,None,0.0929,None,5840000000,2025-10-31,quarterly,8.34,USD,pre-market,None,-10166000000,0.0555,0.313,-0.009,396.69,1048000000,19437000000,None,None,308.58,217.1,-11.465,16431000000,327000000,1191000000,21163000000,16104000000,19972000000,5254000000,-4920000000,5.74,None,437.06,193.0
2025-12-28,CHTR,36.07,55098999000.0,5.74,None,1.065,118.54,2272000000,None,21000000,21000000,-449000000,-2468000000,-113000000,None,9115000000,None,None,-117000000,None,280445810,None,3646000000,3646000000,114000000,None,None,214000000,None,None,1499000000,2482000000,38000000,38000000,None,-0.054,-1.08,897000000,2396000000,9.42,2018-09-30,4.864,52000000,30435000000.0,1387000000,-852000000,112000000,9826000000,9826000000,None,1789000000,None,None,None,None,19437000000,None,None,584000000,None,None,None,0.239,2804000000,1012000000,375000000,92000000,1077000000,None,None,None,None,None,None,None,0.434,1.759,0.514,None,None,None,None,None,-933000000,None,0.0929,None,5840000000,2025-10-31,quarterly,8.34,USD,pre-market,None,-10166000000,0.0555,0.313,-0.009,396.69,1048000000,19437000000,None,None,308.58,217.1,-11.465,16431000000,327000000,1191000000,21163000000,16104000000,19972000000,5254000000,-4920000000,5.74,None,437.06,193.0
2025-12-28,CHTR,36.07,55098999000.0,5.74,None,1.065,118.54,2292000000,None,21000000,21000000,-329000000,-2570000000,197000000,None,11314000000,None,None,-210000000,None,280445810,None,3646000000,3646000000,114000000,None,None,214000000,None,None,1499000000,2592000000,37000000,37000000,None,-0.054,-1.08,897000000,2396000000,9.42,2018-06-30,4.864,52000000,30435000000.0,1387000000,-852000000,112000000,9826000000,9826000000,None,1789000000,None,None,None,None,19437000000,None,None,339000000,None,None,None,0.239,3096000000,1012000000,375000000,92000000,1077000000,None,None,None,None,None,None,None,0.434,1.759,0.514,None,None,None,None,None,-1664000000,None,0.0929,None,5840000000,2025-10-31,quarterly,8.34,USD,pre-market,None,-10166000000,0.0555,0.313,-0.009,396.69,1048000000,19437000000,None,None,308.58,217.1,-11.465,16431000000,327000000,1191000000,21163000000,16104000000,19972000000,5254000000,-4920000000,5.74,None,437.06,193.0
2025-12-28,CHTR,36.07,55098999000.0,5.74,None,1.065,118.54,2748000000,None,21000000,21000000,121000000,-2865000000,-45000000,None,9073000000,None,None,226000000,None,280445810,None,3646000000,3646000000,114000000,None,None,214000000,None,None,1499000000,2710000000,39000000,39000000,None,-0.054,-1.08,897000000,2396000000,9.42,2018-03-31,4.864,52000000,30435000000.0,1387000000,-852000000,112000000,9826000000,9826000000,None,1789000000,None,None,None,None,19437000000,None,None,223000000,None,None,None,0.239,2699000000,1012000000,375000000,92000000,1077000000,None,None,None,None,None,None,None,0.434,1.759,0.514,None,None,None,None,None,-617000000,None,0.0929,None,5840000000,2025-10-31,quarterly,8.34,USD,pre-market,None,-10166000000,0.0555,0.313,-0.009,396.69,1048000000,19437000000,None,None,308.58,217.1,-11.465,16431000000,327000000,1191000000,21163000000,16104000000,19972000000,5254000000,-4920000000,5.74,None,437.06,193.0
2025-12-28,CHTR,36.07,55098999000.0,5.74,None,1.065,118.54,2050000000,None,21000000,21000000,-1843000000,-2958000000,-1543000000,None,8574000000,None,None,17000000,None,280445810,None,3646000000,3646000000,114000000,None,None,214000000,None,None,1499000000,2742000000,13050000000,13050000000,None,-0.054,-1.08,897000000,2396000000,9.42,2017-12-31,4.864,52000000,30435000000.0,1387000000,-852000000,112000000,9826000000,9826000000,None,1789000000,None,None,None,None,19437000000,None,None,9617000000,None,None,None,0.239,3258000000,1012000000,375000000,92000000,1077000000,None,None,None,None,None,None,None,0.434,1.759,0.514,None,None,None,None,None,-3967000000,None,0.0929,None,5840000000,2025-10-31,quarterly,8.34,USD,pre-market,None,-10166000000,0.0555,0.313,-0.009,396.69,1048000000,19437000000,None,None,308.58,217.1,-11.465,16431000000,327000000,1191000000,21163000000,16104000000,19972000000,5254000000,-4920000000,5.74,None,437.06,193.0
2025-12-28,CHTR,36.07,55098999000.0,5.74,None,1.065,118.54,2314000000,None,21000000,21000000,1383000000,-2821000000,1470000000,None,6347000000,None,None,-162000000,None,280445810,None,3646000000,3646000000,114000000,None,None,214000000,None,None,1499000000,2701000000,40000000,40000000,None,-0.054,-1.08,897000000,2396000000,9.42,2017-09-30,4.864,52000000,30435000000.0,1387000000,-852000000,112000000,9826000000,9826000000,None,1789000000,None,None,None,None,19437000000,None,None,92000000,None,None,None,0.239,2908000000,1012000000,375000000,92000000,1077000000,None,None,None,None,None,None,None,0.434,1.759,0.514,None,None,None,None,None,-3525000000,None,0.0929,None,5840000000,2025-10-31,quarterly,8.34,USD,pre-market,None,-10166000000,0.0555,0.313,-0.009,396.69,1048000000,19437000000,None,None,308.58,217.1,-11.465,16431000000,327000000,1191000000,21163000000,16104000000,19972000000,5254000000,-4920000000,5.74,None,437.06,193.0
2025-12-28,CHTR,36.07,55098999000.0,5.74,None,1.065,118.54,1801000000,None,21000000,21000000,-2926000000,-2245000000,-2226000000,None,5619000000,None,None,-175000000,None,280445810,None,3646000000,3646000000,114000000,None,None,214000000,None,None,1499000000,2595000000,37000000,37000000,None,-0.054,-1.08,897000000,2396000000,9.42,2017-06-30,4.864,52000000,30435000000.0,1387000000,-852000000,112000000,9826000000,9826000000,None,1789000000,None,None,None,None,19437000000,None,None,195000000,None,None,None,0.239,2945000000,1012000000,375000000,92000000,1077000000,None,None,None,None,None,None,None,0.434,1.759,0.514,None,None,None,None,None,-3328000000,None,0.0929,None,5840000000,2025-10-31,quarterly,8.34,USD,pre-market,None,-10166000000,0.0555,0.313,-0.009,396.69,1048000000,19437000000,None,None,308.58,217.1,-11.465,16431000000,327000000,1191000000,21163000000,16104000000,19972000000,5254000000,-4920000000,5.74,None,437.06,193.0
2025-12-28,CHTR,36.07,55098999000.0,5.74,None,1.065,118.54,1705000000,None,21000000,21000000,281000000,-1739000000,1385000000,None,4771000000,None,None,236000000,None,280445810,None,3646000000,3646000000,114000000,None,None,214000000,None,None,1499000000,2550000000,38000000,38000000,None,-0.054,-1.08,897000000,2396000000,9.42,2017-03-31,4.864,52000000,30435000000.0,1387000000,-852000000,112000000,9826000000,9826000000,None,1789000000,None,None,None,None,19437000000,None,None,211000000,None,None,None,0.239,2843000000,1012000000,375000000,92000000,1077000000,None,None,None,None,None,None,None,0.434,1.759,0.514,None,None,None,None,None,-895000000,None,0.0929,None,5840000000,2025-10-31,quarterly,8.34,USD,pre-market,None,-10166000000,0.0555,0.313,-0.009,396.69,1048000000,19437000000,None,None,308.58,217.1,-11.465,16431000000,327000000,1191000000,21163000000,16104000000,19972000000,5254000000,-4920000000,5.74,None,437.06,193.0
2025-12-28,CHTR,36.07,55098999000.0,5.74,None,1.065,118.54,1371000000,None,21000000,21000000,-1253000000,-1603000000,370000000,None,6298000000,None,None,-158000000,None,280445810,None,3646000000,3646000000,114000000,None,None,214000000,None,None,1499000000,2495000000,6276000000,6276000000,None,-0.054,-1.08,897000000,2396000000,9.42,2016-12-31,4.864,52000000,30435000000.0,1387000000,-852000000,112000000,9826000000,9826000000,None,1789000000,None,None,None,None,19437000000,None,None,569000000,None,None,None,0.239,3226000000,1012000000,375000000,92000000,1077000000,None,None,None,None,None,None,None,0.434,1.759,0.514,None,None,None,None,None,-1114000000,None,0.0929,None,5840000000,2025-10-31,quarterly,8.34,USD,pre-market,None,-10166000000,0.0555,0.313,-0.009,396.69,1048000000,19437000000,None,None,308.58,217.1,-11.465,16431000000,327000000,1191000000,21163000000,16104000000,19972000000,5254000000,-4920000000,5.74,None,437.06,193.0
2025-12-28,CHTR,36.07,55098999000.0,5.74,None,1.065,118.54,1800000000,None,21000000,21000000,-389000000,-1802000000,610000000,None,5940000000,None,None,98000000,None,280445810,None,3646000000,3646000000,114000000,None,None,214000000,None,None,1499000000,2437000000,37000000,37000000,None,-0.054,-1.08,897000000,2396000000,9.42,2016-09-30,4.864,52000000,30435000000.0,1387000000,-852000000,112000000,9826000000,9826000000,None,1789000000,None,None,None,None,19437000000,None,None,250000000,None,None,None,0.239,2801000000,1012000000,375000000,92000000,1077000000,None,None,None,None,None,None,None,0.434,1.759,0.514,None,None,None,None,None,-349000000,None,0.0929,None,5840000000,2025-10-31,quarterly,8.34,USD,pre-market,None,-10166000000,0.0555,0.313,-0.009,396.69,1048000000,19437000000,None,None,308.58,217.1,-11.465,16431000000,327000000,1191000000,21163000000,16104000000,19972000000,5254000000,-4920000000,5.74,None,437.06,193.0
2025-12-28,CHTR,36.07,55098999000.0,5.74,None,1.065,118.54,29876000000,None,21000000,21000000,5254000000,-7567000000,-723000000,None,6514000000,None,None,-124000000,None,280445810,None,3646000000,3646000000,114000000,None,None,214000000,None,None,1499000000,1436000000,18000000,18000000,None,-0.054,-1.08,897000000,2396000000,9.42,2016-06-30,4.864,52000000,30435000000.0,1387000000,-852000000,112000000,9826000000,9826000000,None,1789000000,None,None,None,None,19437000000,None,None,3114000000,None,None,None,0.239,1590000000,1012000000,375000000,92000000,1077000000,None,None,None,None,None,None,None,0.434,1.759,0.514,None,None,None,None,None,-83000000,None,0.0929,None,5840000000,2025-10-31,quarterly,8.34,USD,pre-market,None,-10166000000,0.0555,0.313,-0.009,396.69,1048000000,19437000000,None,None,308.58,217.1,-11.465,16431000000,327000000,1191000000,21163000000,16104000000,19972000000,5254000000,-4920000000,5.74,None,437.06,193.0
2025-12-28,CHTR,36.07,55098999000.0,5.74,None,1.065,118.54,485000000,None,21000000,21000000,1385000000,-536000000,1273000000,None,292000000,None,None,24000000,None,280445810,None,3646000000,3646000000,114000000,None,None,214000000,None,None,1499000000,539000000,0,0,None,-0.054,-1.08,897000000,2396000000,9.42,2016-03-31,4.864,52000000,30435000000.0,1387000000,-852000000,112000000,9826000000,9826000000,None,1789000000,None,None,None,None,19437000000,None,None,-188000000,None,None,None,0.239,424000000,1012000000,375000000,92000000,1077000000,None,None,None,None,None,None,None,0.434,1.759,0.514,None,None,None,None,None,-16000000,None,0.0929,None,5840000000,2025-10-31,quarterly,8.34,USD,pre-market,None,-10166000000,0.0555,0.313,-0.009,396.69,1048000000,19437000000,None,None,308.58,217.1,-11.465,16431000000,327000000,1191000000,21163000000,16104000000,19972000000,5254000000,-4920000000,5.74,None,437.06,193.0
2025-12-28,CHTR,36.07,55098999000.0,5.74,None,1.065,118.54,531000000,None,21000000,21000000,2561000000,-3167000000,5000000,None,1643000000,None,None,12000000,None,280445810,None,3646000000,3646000000,114000000,None,None,214000000,None,None,1499000000,545000000,0,0,None,-0.054,-1.08,897000000,2396000000,9.42,2015-12-31,4.864,52000000,30435000000.0,1387000000,-852000000,112000000,9826000000,9826000000,None,1789000000,None,None,None,None,19437000000,None,None,-122000000,None,None,None,0.239,611000000,1012000000,375000000,92000000,1077000000,None,None,None,None,None,None,None,0.434,1.759,0.514,None,None,None,None,None,-14000000,None,0.0929,None,5840000000,2025-10-31,quarterly,8.34,USD,pre-market,None,-10166000000,0.0555,0.313,-0.009,396.69,1048000000,19437000000,None,None,308.58,217.1,-11.465,16431000000,327000000,1191000000,21163000000,16104000000,19972000000,5254000000,-4920000000,5.74,None,437.06,193.0
2025-12-28,CHTR,36.07,55098999000.0,5.74,None,1.065,118.54,481000000,None,21000000,21000000,19388000000,-20107000000,-30000000,None,1424000000,None,None,30000000,None,280445810,None,3646000000,3646000000,114000000,None,None,214000000,None,None,1499000000,538000000,0,0,None,-0.054,-1.08,897000000,2396000000,9.42,2015-09-30,4.864,52000000,30435000000.0,1387000000,-852000000,112000000,9826000000,9826000000,None,1789000000,None,None,None,None,19437000000,None,None,54000000,None,None,None,0.239,689000000,1012000000,375000000,92000000,1077000000,None,None,None,None,None,None,None,0.434,1.759,0.514,None,None,None,None,None,-1000000,None,0.0929,None,5840000000,2025-10-31,quarterly,8.34,USD,pre-market,None,-10166000000,0.0555,0.313,-0.009,396.69,1048000000,19437000000,None,None,308.58,217.1,-11.465,16431000000,327000000,1191000000,21163000000,16104000000,19972000000,5254000000,-4920000000,5.74,None,437.06,193.0
2025-12-28,CHTR,36.07,55098999000.0,5.74,None,1.065,118.54,373000000,None,21000000,21000000,-7204000000,6683000000,10000000,None,1186000000,None,None,-58000000,None,280445810,None,3646000000,3646000000,114000000,None,None,214000000,None,None,1499000000,528000000,0,0,None,-0.054,-1.08,897000000,2396000000,9.42,2015-06-30,4.864,52000000,30435000000.0,1387000000,-852000000,112000000,9826000000,9826000000,None,1789000000,None,None,None,None,19437000000,None,None,-122000000,None,None,None,0.239,531000000,1012000000,375000000,92000000,1077000000,None,None,None,None,None,None,None,0.434,1.759,0.514,None,None,None,None,None,-7000000,None,0.0929,None,5840000000,2025-10-31,quarterly,8.34,USD,pre-market,None,-10166000000,0.0555,0.313,-0.009,396.69,1048000000,19437000000,None,None,308.58,217.1,-11.465,16431000000,327000000,1191000000,21163000000,16104000000,19972000000,5254000000,-4920000000,5.74,None,437.06,193.0
2025-12-28,CHTR,36.07,55098999000.0,5.74,None,1.065,118.54,427000000,None,21000000,21000000,-70000000,-441000000,17000000,None,1041000000,None,None,21000000,None,280445810,None,3646000000,3646000000,114000000,None,None,214000000,None,None,1499000000,514000000,0,0,None,-0.054,-1.08,897000000,2396000000,9.42,2015-03-31,4.864,52000000,30435000000.0,1387000000,-852000000,112000000,9826000000,9826000000,None,1789000000,None,None,None,None,19437000000,None,None,-81000000,None,None,None,0.239,528000000,1012000000,375000000,92000000,1077000000,None,None,None,None,None,None,None,0.434,1.759,0.514,None,None,None,None,None,-16000000,None,0.0929,None,5840000000,2025-10-31,quarterly,8.34,USD,pre-market,None,-10166000000,0.0555,0.313,-0.009,396.69,1048000000,19437000000,None,None,308.58,217.1,-11.465,16431000000,327000000,1191000000,21163000000,16104000000,19972000000,5254000000,-4920000000,5.74,None,437.06,193.0
2025-12-28,CHTR,36.07,55098999000.0,5.74,None,1.065,118.54,541000000,None,21000000,21000000,3502000000,-4139000000,-7000000,None,1276000000,None,None,-15000000,None,280445810,None,3646000000,3646000000,114000000,None,None,214000000,None,None,1499000000,534000000,0,0,None,-0.054,-1.08,897000000,2396000000,9.42,2014-12-31,4.864,52000000,30435000000.0,1387000000,-852000000,112000000,9826000000,9826000000,None,1789000000,None,None,None,None,19437000000,None,None,-48000000,None,None,None,0.239,630000000,1012000000,375000000,92000000,1077000000,None,None,None,None,None,None,None,0.434,1.759,0.514,None,None,None,None,None,-1000000,None,0.0929,None,5840000000,2025-10-31,quarterly,8.34,USD,pre-market,None,-10166000000,0.0555,0.313,-0.009,396.69,1048000000,19437000000,None,None,308.58,217.1,-11.465,16431000000,327000000,1191000000,21163000000,16104000000,19972000000,5254000000,-4920000000,5.74,None,437.06,193.0
2025-12-28,CHTR,36.07,55098999000.0,5.74,None,1.065,118.54,582000000,None,21000000,21000000,3580000000,-4099000000,1000000,None,1206000000,None,None,-18000000,None,280445810,None,3646000000,3646000000,114000000,None,None,214000000,None,None,1499000000,535000000,0,0,None,-0.054,-1.08,897000000,2396000000,9.42,2014-09-30,4.864,52000000,30435000000.0,1387000000,-852000000,112000000,9826000000,9826000000,None,1789000000,None,None,None,None,19437000000,None,None,-53000000,None,None,None,0.239,520000000,1012000000,375000000,92000000,1077000000,None,None,None,None,None,None,None,0.434,1.759,0.514,None,None,None,None,None,-1000000,None,0.0929,None,5840000000,2025-10-31,quarterly,8.34,USD,pre-market,None,-10166000000,0.0555,0.313,-0.009,396.69,1048000000,19437000000,None,None,308.58,217.1,-11.465,16431000000,327000000,1191000000,21163000000,16104000000,19972000000,5254000000,-4920000000,5.74,None,437.06,193.0
2025-12-28,CHTR,36.07,55098999000.0,5.74,None,1.065,118.54,562000000,None,21000000,21000000,-60000000,-567000000,5000000,None,1275000000,None,None,-36000000,None,280445810,None,3646000000,3646000000,114000000,None,None,214000000,None,None,1499000000,528000000,0,0,None,-0.054,-1.08,897000000,2396000000,9.42,2014-06-30,4.864,52000000,30435000000.0,1387000000,-852000000,112000000,9826000000,9826000000,None,1789000000,None,None,None,None,19437000000,None,None,-45000000,None,None,None,0.239,632000000,1012000000,375000000,92000000,1077000000,None,None,None,None,None,None,None,0.434,1.759,0.514,None,None,None,None,None,-6000000,None,0.0929,None,5840000000,2025-10-31,quarterly,8.34,USD,pre-market,None,-10166000000,0.0555,0.313,-0.009,396.69,1048000000,19437000000,None,None,308.58,217.1,-11.465,16431000000,327000000,1191000000,21163000000,16104000000,19972000000,5254000000,-4920000000,5.74,None,437.06,193.0
2025-12-28,CHTR,36.07,55098999000.0,5.74,None,1.065,118.54,503000000,None,21000000,21000000,-95000000,-499000000,-17000000,None,1202000000,None,None,18000000,None,280445810,None,3646000000,3646000000,114000000,None,None,214000000,None,None,1499000000,505000000,0,0,None,-0.054,-1.08,897000000,2396000000,9.42,2014-03-31,4.864,52000000,30435000000.0,1387000000,-852000000,112000000,9826000000,9826000000,None,1789000000,None,None,None,None,19437000000,None,None,-37000000,None,None,None,0.239,577000000,1012000000,375000000,92000000,1077000000,None,None,None,None,None,None,None,0.434,1.759,0.514,None,None,None,None,None,-11000000,None,0.0929,None,5840000000,2025-10-31,quarterly,8.34,USD,pre-market,None,-10166000000,0.0555,0.313,-0.009,396.69,1048000000,19437000000,None,None,308.58,217.1,-11.465,16431000000,327000000,1191000000,21163000000,16104000000,19972000000,5254000000,-4920000000,5.74,None,437.06,193.0
2025-12-28,CHTR,36.07,55098999000.0,5.74,None,1.065,118.54,514000000,None,21000000,21000000,-98000000,-517000000,-20000000,None,1169000000,None,None,None,None,280445810,None,3646000000,3646000000,114000000,None,None,214000000,None,None,1499000000,500000000,0,0,None,-0.054,-1.08,897000000,2396000000,9.42,2013-12-31,4.864,52000000,30435000000.0,1387000000,-852000000,112000000,9826000000,9826000000,None,1789000000,None,None,None,None,19437000000,None,None,39000000,None,None,None,0.239,595000000,1012000000,375000000,92000000,1077000000,None,None,None,None,None,None,None,0.434,1.759,0.514,None,None,None,None,None,-4000000,None,0.0929,None,5840000000,2025-10-31,quarterly,8.34,USD,pre-market,None,-10166000000,0.0555,0.313,-0.009,396.69,1048000000,19437000000,None,None,308.58,217.1,-11.465,16431000000,327000000,1191000000,21163000000,16104000000,19972000000,5254000000,-4920000000,5.74,None,437.06,193.0
2025-12-28,CHTR,36.07,55098999000.0,5.74,None,1.065,118.54,1079000000,None,21000000,21000000,539000000,-1080000000,-3000000,None,1018000000,None,None,-1000000,None,280445810,None,3646000000,3646000000,114000000,None,None,214000000,None,None,1499000000,493000000,0,0,None,-0.054,-1.08,897000000,2396000000,9.42,2013-09-30,4.864,52000000,30435000000.0,1387000000,-852000000,112000000,9826000000,9826000000,None,1789000000,None,None,None,None,19437000000,None,None,-70000000,None,None,None,0.239,538000000,1012000000,375000000,92000000,1077000000,None,None,None,None,None,None,None,0.434,1.759,0.514,None,None,None,None,None,-1000000,None,0.0929,None,5840000000,2025-10-31,quarterly,8.34,USD,pre-market,None,-10166000000,0.0555,0.313,-0.009,396.69,1048000000,19437000000,None,None,308.58,217.1,-11.465,16431000000,327000000,1191000000,21163000000,16104000000,19972000000,5254000000,-4920000000,5.74,None,437.06,193.0
2025-12-28,CHTR,36.07,55098999000.0,5.74,None,1.065,118.54,409000000,None,21000000,21000000,-91000000,-414000000,-21000000,None,957000000,None,None,-15000000,None,280445810,None,3646000000,3646000000,114000000,None,None,214000000,None,None,1499000000,436000000,0,0,None,-0.054,-1.08,897000000,2396000000,9.42,2013-06-30,4.864,52000000,30435000000.0,1387000000,-852000000,112000000,9826000000,9826000000,None,1789000000,None,None,None,None,19437000000,None,None,-96000000,None,None,None,0.239,484000000,1012000000,375000000,92000000,1077000000,None,None,None,None,None,None,None,0.434,1.759,0.514,None,None,None,None,None,-5000000,None,0.0929,None,5840000000,2025-10-31,quarterly,8.34,USD,pre-market,None,-10166000000,0.0555,0.313,-0.009,396.69,1048000000,19437000000,None,None,308.58,217.1,-11.465,16431000000,327000000,1191000000,21163000000,16104000000,19972000000,5254000000,-4920000000,5.74,None,437.06,193.0
2025-12-28,CHTR,36.07,55098999000.0,5.74,None,1.065,118.54,423000000,None,21000000,21000000,-51000000,-432000000,58000000,None,900000000,None,None,26000000,None,280445810,None,3646000000,3646000000,114000000,None,None,214000000,None,None,1499000000,425000000,0,0,None,-0.054,-1.08,897000000,2396000000,9.42,2013-03-31,4.864,52000000,30435000000.0,1387000000,-852000000,112000000,9826000000,9826000000,None,1789000000,None,None,None,None,19437000000,None,None,-42000000,None,None,None,0.239,541000000,1012000000,375000000,92000000,1077000000,None,None,None,None,None,None,None,0.434,1.759,0.514,None,None,None,None,None,-5000000,None,0.0929,None,5840000000,2025-10-31,quarterly,8.34,USD,pre-market,None,-10166000000,0.0555,0.313,-0.009,396.69,1048000000,19437000000,None,None,308.58,217.1,-11.465,16431000000,327000000,1191000000,21163000000,16104000000,19972000000,5254000000,-4920000000,5.74,None,437.06,193.0
2025-12-28,CHTR,36.07,55098999000.0,5.74,None,1.065,118.54,433000000,None,21000000,21000000,-888000000,-458000000,-861000000,None,0,None,None,16000000,None,280445810,None,3646000000,3646000000,114000000,None,None,214000000,None,None,1499000000,466000000,0,0,None,-0.054,-1.08,897000000,2396000000,9.42,2012-12-31,4.864,52000000,30435000000.0,1387000000,-852000000,112000000,9826000000,9826000000,None,1789000000,None,None,None,None,19437000000,None,None,-40000000,None,None,None,0.239,485000000,1012000000,375000000,92000000,1077000000,None,None,None,None,None,None,None,0.434,1.759,0.514,None,None,None,None,None,-7000000,None,0.0929,None,5840000000,2025-10-31,quarterly,8.34,USD,pre-market,None,-10166000000,0.0555,0.313,-0.009,396.69,1048000000,19437000000,None,None,308.58,217.1,-11.465,16431000000,327000000,1191000000,21163000000,16104000000,19972000000,5254000000,-4920000000,5.74,None,437.06,193.0
2025-12-28,CHTR,36.07,55098999000.0,5.74,None,1.065,118.54,485000000,None,21000000,21000000,889000000,-494000000,863000000,None,0,None,None,2000000,None,280445810,None,3646000000,3646000000,114000000,None,None,214000000,None,None,1499000000,424000000,0,0,None,-0.054,-1.08,897000000,2396000000,9.42,2012-09-30,4.864,52000000,30435000000.0,1387000000,-852000000,112000000,9826000000,9826000000,None,1789000000,None,None,None,None,19437000000,None,None,-87000000,None,None,None,0.239,468000000,1012000000,375000000,92000000,1077000000,None,None,None,None,None,None,None,0.434,1.759,0.514,None,None,None,None,None,0,None,0.0929,None,5840000000,2025-10-31,quarterly,8.34,USD,pre-market,None,-10166000000,0.0555,0.313,-0.009,396.69,1048000000,19437000000,None,None,308.58,217.1,-11.465,16431000000,327000000,1191000000,21163000000,16104000000,19972000000,5254000000,-4920000000,5.74,None,437.06,193.0
2025-12-28,CHTR,36.07,55098999000.0,5.74,None,1.065,118.54,443000000,None,21000000,21000000,-48000000,-420000000,1000000,None,0,None,None,-24000000,None,280445810,None,3646000000,3646000000,114000000,None,None,214000000,None,None,1499000000,415000000,0,0,None,-0.054,-1.08,897000000,2396000000,9.42,2012-06-30,4.864,52000000,30435000000.0,1387000000,-852000000,112000000,9826000000,9826000000,None,1789000000,None,None,None,None,19437000000,None,None,-83000000,None,None,None,0.239,469000000,1012000000,375000000,92000000,1077000000,None,None,None,None,None,None,None,0.434,1.759,0.514,None,None,None,None,None,-1000000,None,0.0929,None,5840000000,2025-10-31,quarterly,8.34,USD,pre-market,None,-10166000000,0.0555,0.313,-0.009,396.69,1048000000,19437000000,None,None,308.58,217.1,-11.465,16431000000,327000000,1191000000,21163000000,16104000000,19972000000,5254000000,-4920000000,5.74,None,437.06,193.0
2025-12-28,CHTR,36.07,55098999000.0,5.74,None,1.065,118.54,352000000,None,21000000,21000000,-87000000,-365000000,2000000,None,794000000,None,None,40000000,None,280445810,None,3646000000,3646000000,114000000,None,None,214000000,None,None,1499000000,408000000,0,0,None,-0.054,-1.08,897000000,2396000000,9.42,2012-03-31,4.864,52000000,30435000000.0,1387000000,-852000000,112000000,9826000000,9826000000,None,1789000000,None,None,None,None,19437000000,None,None,-94000000,None,None,None,0.239,454000000,1012000000,375000000,92000000,1077000000,None,None,None,None,None,None,None,0.434,1.759,0.514,None,None,None,None,None,-3000000,None,0.0929,None,5840000000,2025-10-31,quarterly,8.34,USD,pre-market,None,-10166000000,0.0555,0.313,-0.009,396.69,1048000000,19437000000,None,None,308.58,217.1,-11.465,16431000000,327000000,1191000000,21163000000,16104000000,19972000000,5254000000,-4920000000,5.74,None,437.06,193.0
2025-12-28,CHTR,36.07,55098999000.0,5.74,None,1.065,118.54,270000000,None,21000000,21000000,-165000000,-263000000,-3000000,None,748000000,None,None,-20000000,None,280445810,None,3646000000,3646000000,114000000,None,None,214000000,None,None,1499000000,411000000,0,0,None,-0.054,-1.08,897000000,2396000000,9.42,2011-12-31,4.864,52000000,30435000000.0,1387000000,-852000000,112000000,9826000000,9826000000,None,1789000000,None,None,None,None,19437000000,None,None,-67000000,None,None,None,0.239,425000000,1012000000,375000000,92000000,1077000000,None,None,None,None,None,None,None,0.434,1.759,0.514,None,None,None,None,None,-410000000,None,0.0929,None,5840000000,2025-10-31,quarterly,8.34,USD,pre-market,None,-10166000000,0.0555,0.313,-0.009,396.69,1048000000,19437000000,None,None,308.58,217.1,-11.465,16431000000,327000000,1191000000,21163000000,16104000000,19972000000,5254000000,-4920000000,5.74,None,437.06,193.0
2025-12-28,CHTR,36.07,55098999000.0,5.74,None,1.065,118.54,393000000,None,21000000,21000000,-157000000,-410000000,-162000000,None,0,None,None,-10000000,None,280445810,None,3646000000,3646000000,114000000,None,None,214000000,None,None,1499000000,405000000,0,0,None,-0.054,-1.08,897000000,2396000000,9.42,2011-09-30,4.864,52000000,30435000000.0,1387000000,-852000000,112000000,9826000000,9826000000,None,1789000000,None,None,None,None,19437000000,None,None,-85000000,None,None,None,0.239,405000000,1012000000,375000000,92000000,1077000000,None,None,None,None,None,None,None,0.434,1.759,0.514,None,None,None,None,None,-116000000,None,0.0929,None,5840000000,2025-10-31,quarterly,8.34,USD,pre-market,None,-10166000000,0.0555,0.313,-0.009,396.69,1048000000,19437000000,None,None,308.58,217.1,-11.465,16431000000,327000000,1191000000,21163000000,16104000000,19972000000,5254000000,-4920000000,5.74,None,437.06,193.0
2025-12-28,CHTR,36.07,55098999000.0,5.74,None,1.065,118.54,343000000,None,21000000,21000000,-7000000,-313000000,140000000,None,0,None,None,-19000000,None,280445810,None,3646000000,3646000000,114000000,None,None,214000000,None,None,1499000000,393000000,0,0,None,-0.054,-1.08,897000000,2396000000,9.42,2011-06-30,4.864,52000000,30435000000.0,1387000000,-852000000,112000000,9826000000,9826000000,None,1789000000,None,None,None,None,19437000000,None,None,-107000000,None,None,None,0.239,460000000,1012000000,375000000,92000000,1077000000,None,None,None,None,None,None,None,0.434,1.759,0.514,None,None,None,None,None,0,None,0.0929,None,5840000000,2025-10-31,quarterly,8.34,USD,pre-market,None,-10166000000,0.0555,0.313,-0.009,396.69,1048000000,19437000000,None,None,308.58,217.1,-11.465,16431000000,327000000,1191000000,21163000000,16104000000,19972000000,5254000000,-4920000000,5.74,None,437.06,193.0
2025-12-28,CHTR,36.07,55098999000.0,5.74,None,1.065,118.54,375000000,None,21000000,21000000,-44000000,-381000000,22000000,None,619000000,None,None,24000000,None,280445810,None,3646000000,3646000000,114000000,None,None,214000000,None,None,1499000000,383000000,0,0,None,-0.054,-1.08,897000000,2396000000,9.42,2011-03-31,4.864,52000000,30435000000.0,1387000000,-852000000,112000000,9826000000,9826000000,None,1789000000,None,None,None,None,19437000000,None,None,-110000000,None,None,None,0.239,447000000,1012000000,375000000,92000000,1077000000,None,None,None,None,None,None,None,0.434,1.759,0.514,None,None,None,None,None,-207000000,None,0.0929,None,5840000000,2025-10-31,quarterly,8.34,USD,pre-market,None,-10166000000,0.0555,0.313,-0.009,396.69,1048000000,19437000000,None,None,308.58,217.1,-11.465,16431000000,327000000,1191000000,21163000000,16104000000,19972000000,5254000000,-4920000000,5.74,None,437.06,193.0
2025-12-28,CHTR,36.07,55098999000.0,5.74,None,1.065,118.54,246000000,None,21000000,21000000,-931000000,-208000000,None,None,625000000,None,None,None,None,280445810,None,3646000000,3646000000,114000000,None,None,214000000,None,None,1499000000,390000000,None,None,None,-0.054,-1.08,897000000,2396000000,9.42,2010-12-31,4.864,52000000,30435000000.0,1387000000,-852000000,112000000,9826000000,9826000000,None,1789000000,None,None,None,None,19437000000,None,None,-85000000,None,None,None,0.239,489000000,1012000000,375000000,92000000,1077000000,None,None,None,None,None,None,None,0.434,1.759,0.514,None,None,None,None,None,-6000000,None,0.0929,None,5840000000,2025-10-31,quarterly,8.34,USD,pre-market,None,-10166000000,0.0555,0.313,-0.009,396.69,1048000000,19437000000,None,None,308.58,217.1,-11.465,16431000000,327000000,1191000000,21163000000,16104000000,19972000000,5254000000,-4920000000,5.74,None,437.06,193.0
2025-12-28,CHTR,36.07,55098999000.0,5.74,None,1.065,118.54,306000000,None,21000000,21000000,483000000,-309000000,None,None,None,None,None,None,None,280445810,None,3646000000,3646000000,114000000,None,None,214000000,None,None,1499000000,385000000,None,None,None,-0.054,-1.08,897000000,2396000000,9.42,2010-09-30,4.864,52000000,30435000000.0,1387000000,-852000000,112000000,9826000000,9826000000,None,1789000000,None,None,None,None,19437000000,None,None,-95000000,None,None,None,0.239,441000000,1012000000,375000000,92000000,1077000000,None,None,None,None,None,None,None,0.434,1.759,0.514,None,None,None,None,None,None,None,0.0929,None,5840000000,2025-10-31,quarterly,8.34,USD,pre-market,None,-10166000000,0.0555,0.313,-0.009,396.69,1048000000,19437000000,None,None,308.58,217.1,-11.465,16431000000,327000000,1191000000,21163000000,16104000000,19972000000,5254000000,-4920000000,5.74,None,437.06,193.0
2025-12-28,CHTR,36.07,55098999000.0,5.74,None,1.065,118.54,324000000,None,21000000,21000000,-315000000,-323000000,None,None,None,None,None,None,None,280445810,None,3646000000,3646000000,114000000,None,None,214000000,None,None,1499000000,380000000,None,None,None,-0.054,-1.08,897000000,2396000000,9.42,2010-06-30,4.864,52000000,30435000000.0,1387000000,-852000000,112000000,9826000000,9826000000,None,1789000000,None,None,None,None,19437000000,None,None,-81000000,None,None,None,0.239,451000000,1012000000,375000000,92000000,1077000000,None,None,None,None,None,None,None,0.434,1.759,0.514,None,None,None,None,None,None,None,0.0929,None,5840000000,2025-10-31,quarterly,8.34,USD,pre-market,None,-10166000000,0.0555,0.313,-0.009,396.69,1048000000,19437000000,None,None,308.58,217.1,-11.465,16431000000,327000000,1191000000,21163000000,16104000000,19972000000,5254000000,-4920000000,5.74,None,437.06,193.0
2025-12-28,CHTR,36.07,55098999000.0,5.74,None,1.065,118.54,325000000,None,21000000,21000000,-700000000,-330000000,None,None,412000000,None,None,None,None,280445810,None,3646000000,3646000000,114000000,None,None,214000000,None,None,1499000000,369000000,None,None,None,-0.054,-1.08,897000000,2396000000,9.42,2010-03-31,4.864,52000000,30435000000.0,1387000000,-852000000,112000000,9826000000,9826000000,None,1789000000,None,None,None,None,19437000000,None,None,24000000,None,None,None,0.239,530000000,1012000000,375000000,92000000,1077000000,None,None,None,None,None,None,None,0.434,1.759,0.514,None,None,None,None,None,None,None,0.0929,None,5840000000,2025-10-31,quarterly,8.34,USD,pre-market,None,-10166000000,0.0555,0.313,-0.009,396.69,1048000000,19437000000,None,None,308.58,217.1,-11.465,16431000000,327000000,1191000000,21163000000,16104000000,19972000000,5254000000,-4920000000,5.74,None,437.06,193.0
2025-12-28,CHTR,36.07,55098999000.0,5.74,None,1.065,118.54,711000000,None,21000000,21000000,556000000,-463000000,None,None,12163000000,None,None,None,None,280445810,None,3646000000,3646000000,114000000,None,None,214000000,None,None,1499000000,339000000,None,None,None,-0.054,-1.08,897000000,2396000000,9.42,2009-12-31,4.864,52000000,30435000000.0,1387000000,-852000000,112000000,9826000000,9826000000,None,1789000000,None,None,None,None,19437000000,None,None,12718000000,None,None,None,0.239,-414000000,1012000000,375000000,92000000,1077000000,None,None,None,None,None,None,None,0.434,1.759,0.514,None,None,None,None,None,1614000000,None,0.0929,None,5840000000,2025-10-31,quarterly,8.34,USD,pre-market,None,-10166000000,0.0555,0.313,-0.009,396.69,1048000000,19437000000,None,None,308.58,217.1,-11.465,16431000000,327000000,1191000000,21163000000,16104000000,19972000000,5254000000,-4920000000,5.74,None,437.06,193.0
2025-12-28,CHTR,36.07,55098999000.0,5.74,None,1.065,118.54,278000000,None,21000000,21000000,-18000000,-282000000,None,None,None,None,None,None,None,280445810,None,3646000000,3646000000,114000000,None,None,214000000,None,None,1499000000,327000000,None,None,None,-0.054,-1.08,897000000,2396000000,9.42,2009-09-30,4.864,52000000,30435000000.0,1387000000,-852000000,112000000,9826000000,9826000000,None,1789000000,None,None,None,None,19437000000,None,None,-2430000000,None,None,None,0.239,383000000,1012000000,375000000,92000000,1077000000,None,None,None,None,None,None,None,0.434,1.759,0.514,None,None,None,None,None,None,None,0.0929,None,5840000000,2025-10-31,quarterly,8.34,USD,pre-market,None,-10166000000,0.0555,0.313,-0.009,396.69,1048000000,19437000000,None,None,308.58,217.1,-11.465,16431000000,327000000,1191000000,21163000000,16104000000,19972000000,5254000000,-4920000000,5.74,None,437.06,193.0
2025-12-28,CHTR,36.07,55098999000.0,5.74,None,1.065,118.54,263000000,None,21000000,21000000,-15000000,-267000000,None,None,None,None,None,None,None,280445810,None,3646000000,3646000000,114000000,None,None,214000000,None,None,1499000000,329000000,None,None,None,-0.054,-1.08,897000000,2396000000,9.42,2009-06-30,4.864,52000000,30435000000.0,1387000000,-852000000,112000000,9826000000,9826000000,None,1789000000,None,None,None,None,19437000000,None,None,-159000000,None,None,None,0.239,438000000,1012000000,375000000,92000000,1077000000,None,None,None,None,None,None,None,0.434,1.759,0.514,None,None,None,None,None,None,None,0.0929,None,5840000000,2025-10-31,quarterly,8.34,USD,pre-market,None,-10166000000,0.0555,0.313,-0.009,396.69,1048000000,19437000000,None,None,308.58,217.1,-11.465,16431000000,327000000,1191000000,21163000000,16104000000,19972000000,5254000000,-4920000000,5.74,None,437.06,193.0
2025-12-28,CHTR,36.07,55098999000.0,5.74,None,1.065,118.54,296000000,None,21000000,21000000,-19000000,-292000000,None,None,11880000000,None,None,None,None,280445810,None,3646000000,3646000000,114000000,None,None,214000000,None,None,1499000000,321000000,None,None,None,-0.054,-1.08,897000000,2396000000,9.42,2009-03-31,4.864,52000000,30435000000.0,1387000000,-852000000,112000000,9826000000,9826000000,None,1789000000,None,None,None,None,19437000000,None,None,-334000000,None,None,None,0.239,187000000,1012000000,375000000,92000000,1077000000,None,None,None,None,None,None,None,0.434,1.759,0.514,None,None,None,None,None,None,None,0.0929,None,5840000000,2025-10-31,quarterly,8.34,USD,pre-market,None,-10166000000,0.0555,0.313,-0.009,396.69,1048000000,19437000000,None,None,308.58,217.1,-11.465,16431000000,327000000,1191000000,21163000000,16104000000,19972000000,5254000000,-4920000000,5.74,None,437.06,193.0
2025-12-28,CHTR,36.07,55098999000.0,5.74,None,1.065,118.54,303000000,None,21000000,21000000,632000000,-230000000,None,None,None,None,None,None,None,280445810,None,3646000000,3646000000,114000000,None,None,214000000,None,None,1499000000,329000000,None,None,None,-0.054,-1.08,897000000,2396000000,9.42,2008-12-31,4.864,52000000,30435000000.0,1387000000,-852000000,112000000,9826000000,9826000000,None,1789000000,None,None,None,None,19437000000,None,None,-1495000000,None,None,None,0.239,-11000000,1012000000,375000000,92000000,1077000000,None,None,None,None,None,None,None,0.434,1.759,0.514,None,None,None,None,None,None,None,0.0929,None,5840000000,2025-10-31,quarterly,8.34,USD,pre-market,None,-10166000000,0.0555,0.313,-0.009,396.69,1048000000,19437000000,None,None,308.58,217.1,-11.465,16431000000,327000000,1191000000,21163000000,16104000000,19972000000,5254000000,-4920000000,5.74,None,437.06,193.0
2025-12-28,CHTR,36.07,55098999000.0,5.74,None,1.065,118.54,288000000,None,21000000,21000000,542000000,-278000000,None,None,None,None,None,None,None,280445810,None,3646000000,3646000000,114000000,None,None,214000000,None,None,1499000000,332000000,None,None,None,-0.054,-1.08,897000000,2396000000,9.42,2008-09-30,4.864,52000000,30435000000.0,1387000000,-852000000,112000000,9826000000,9826000000,None,1789000000,None,None,None,None,19437000000,None,None,-322000000,None,None,None,0.239,242000000,1012000000,375000000,92000000,1077000000,None,None,None,None,None,None,None,0.434,1.759,0.514,None,None,None,None,None,None,None,0.0929,None,5840000000,2025-10-31,quarterly,8.34,USD,pre-market,None,-10166000000,0.0555,0.313,-0.009,396.69,1048000000,19437000000,None,None,308.58,217.1,-11.465,16431000000,327000000,1191000000,21163000000,16104000000,19972000000,5254000000,-4920000000,5.74,None,437.06,193.0
2025-12-28,CHTR,36.07,55098999000.0,5.74,None,1.065,118.54,316000000,None,21000000,21000000,-102000000,-266000000,None,None,None,None,None,None,None,280445810,None,3646000000,3646000000,114000000,None,None,214000000,None,None,1499000000,328000000,None,None,None,-0.054,-1.08,897000000,2396000000,9.42,2008-06-30,4.864,52000000,30435000000.0,1387000000,-852000000,112000000,9826000000,9826000000,None,1789000000,None,None,None,None,19437000000,None,None,-274000000,None,None,None,0.239,-36000000,1012000000,375000000,92000000,1077000000,None,None,None,None,None,None,None,0.434,1.759,0.514,None,None,None,None,None,None,None,0.0929,None,5840000000,2025-10-31,quarterly,8.34,USD,pre-market,None,-10166000000,0.0555,0.313,-0.009,396.69,1048000000,19437000000,None,None,308.58,217.1,-11.465,16431000000,327000000,1191000000,21163000000,16104000000,19972000000,5254000000,-4920000000,5.74,None,437.06,193.0
2025-12-28,CHTR,36.07,55098999000.0,5.74,None,1.065,118.54,334000000,None,21000000,21000000,624000000,-436000000,None,None,620000000,None,None,None,None,280445810,None,3646000000,3646000000,114000000,None,None,214000000,None,None,1499000000,321000000,None,None,None,-0.054,-1.08,897000000,2396000000,9.42,2008-03-31,4.864,52000000,30435000000.0,1387000000,-852000000,112000000,9826000000,9826000000,None,1789000000,None,None,None,None,19437000000,None,None,-359000000,None,None,None,0.239,204000000,1012000000,375000000,92000000,1077000000,None,None,None,None,None,None,None,0.434,1.759,0.514,None,None,None,None,None,None,None,0.0929,None,5840000000,2025-10-31,quarterly,8.34,USD,pre-market,None,-10166000000,0.0555,0.313,-0.009,396.69,1048000000,19437000000,None,None,308.58,217.1,-11.465,16431000000,327000000,1191000000,21163000000,16104000000,19972000000,5254000000,-4920000000,5.74,None,437.06,193.0
2025-12-28,CHTR,36.07,55098999000.0,5.74,None,1.065,118.54,354000000,None,21000000,21000000,219000000,-203000000,None,None,880000000,None,None,None,None,280445810,None,3646000000,3646000000,114000000,None,None,214000000,None,None,1499000000,329000000,None,None,None,-0.054,-1.08,897000000,2396000000,9.42,2007-12-31,4.864,52000000,30435000000.0,1387000000,-852000000,112000000,9826000000,9826000000,None,1789000000,None,None,None,None,19437000000,None,None,-468000000,None,None,None,0.239,43000000,1012000000,375000000,92000000,1077000000,None,None,None,None,None,None,None,0.434,1.759,0.514,None,None,None,None,None,None,None,0.0929,None,5840000000,2025-10-31,quarterly,8.34,USD,pre-market,None,-10166000000,0.0555,0.313,-0.009,396.69,1048000000,19437000000,None,None,308.58,217.1,-11.465,16431000000,327000000,1191000000,21163000000,16104000000,19972000000,5254000000,-4920000000,5.74,None,437.06,193.0
2025-12-28,CHTR,36.07,55098999000.0,5.74,None,1.065,118.54,311000000,None,21000000,21000000,117000000,-348000000,None,None,None,None,None,None,None,280445810,None,3646000000,3646000000,114000000,None,None,214000000,None,None,1499000000,334000000,None,None,None,-0.054,-1.08,897000000,2396000000,9.42,2007-09-30,4.864,52000000,30435000000.0,1387000000,-852000000,112000000,9826000000,9826000000,None,1789000000,None,None,None,None,19437000000,None,None,-407000000,None,None,None,0.239,209000000,1012000000,375000000,92000000,1077000000,None,None,None,None,None,None,None,0.434,1.759,0.514,None,None,None,None,None,None,None,0.0929,None,5840000000,2025-10-31,quarterly,8.34,USD,pre-market,None,-10166000000,0.0555,0.313,-0.009,396.69,1048000000,19437000000,None,None,308.58,217.1,-11.465,16431000000,327000000,1191000000,21163000000,16104000000,19972000000,5254000000,-4920000000,5.74,None,437.06,193.0
2025-12-28,CHTR,36.07,55098999000.0,5.74,None,1.065,118.54,281000000,None,21000000,21000000,290000000,-266000000,None,None,None,None,None,None,None,280445810,None,3646000000,3646000000,114000000,None,None,214000000,None,None,1499000000,334000000,None,None,None,-0.054,-1.08,897000000,2396000000,9.42,2007-06-30,4.864,52000000,30435000000.0,1387000000,-852000000,112000000,9826000000,9826000000,None,1789000000,None,None,None,None,19437000000,None,None,-360000000,None,None,None,0.239,-148000000,1012000000,375000000,92000000,1077000000,None,None,None,None,None,None,None,0.434,1.759,0.514,None,None,None,None,None,None,None,0.0929,None,5840000000,2025-10-31,quarterly,8.34,USD,pre-market,None,-10166000000,0.0555,0.313,-0.009,396.69,1048000000,19437000000,None,None,308.58,217.1,-11.465,16431000000,327000000,1191000000,21163000000,16104000000,19972000000,5254000000,-4920000000,5.74,None,437.06,193.0
2025-12-28,CHTR,36.07,55098999000.0,5.74,None,1.065,118.54,298000000,None,21000000,21000000,200000000,-321000000,None,None,1011000000,None,None,None,None,280445810,None,3646000000,3646000000,114000000,None,None,214000000,None,None,1499000000,331000000,None,None,None,-0.054,-1.08,897000000,2396000000,9.42,2007-03-31,4.864,52000000,30435000000.0,1387000000,-852000000,112000000,9826000000,9826000000,None,1789000000,None,None,None,None,19437000000,None,None,-381000000,None,None,None,0.239,266000000,1012000000,375000000,92000000,1077000000,None,None,None,None,None,None,None,0.434,1.759,0.514,None,None,None,None,None,None,None,0.0929,None,5840000000,2025-10-31,quarterly,8.34,USD,pre-market,None,-10166000000,0.0555,0.313,-0.009,396.69,1048000000,19437000000,None,None,308.58,217.1,-11.465,16431000000,327000000,1191000000,21163000000,16104000000,19972000000,5254000000,-4920000000,5.74,None,437.06,193.0
2025-12-28,CHTR,36.07,55098999000.0,5.74,None,1.065,118.54,308000000,None,21000000,21000000,261000000,-261000000,None,None,805000000,None,None,None,None,280445810,None,3646000000,3646000000,114000000,None,None,214000000,None,None,1499000000,330000000,None,None,None,-0.054,-1.08,897000000,2396000000,9.42,2006-12-31,4.864,52000000,30435000000.0,1387000000,-852000000,112000000,9826000000,9826000000,None,1789000000,None,None,None,None,19437000000,None,None,-396000000,None,None,None,0.239,-25000000,1012000000,375000000,92000000,1077000000,None,None,None,None,None,None,None,0.434,1.759,0.514,None,None,None,None,None,None,None,0.0929,None,5840000000,2025-10-31,quarterly,8.34,USD,pre-market,None,-10166000000,0.0555,0.313,-0.009,396.69,1048000000,19437000000,None,None,308.58,217.1,-11.465,16431000000,327000000,1191000000,21163000000,16104000000,19972000000,5254000000,-4920000000,5.74,None,437.06,193.0
2025-12-28,CHTR,36.07,55098999000.0,5.74,None,1.065,118.54,298000000,None,21000000,21000000,-863000000,749000000,None,None,None,None,None,None,None,280445810,None,3646000000,3646000000,114000000,None,None,214000000,None,None,1499000000,334000000,None,None,None,-0.054,-1.08,897000000,2396000000,9.42,2006-09-30,4.864,52000000,30435000000.0,1387000000,-852000000,112000000,9826000000,9826000000,None,1789000000,None,None,None,None,19437000000,None,None,-133000000,None,None,None,0.239,143000000,1012000000,375000000,92000000,1077000000,None,None,None,None,None,None,None,0.434,1.759,0.514,None,None,None,None,None,None,None,0.0929,None,5840000000,2025-10-31,quarterly,8.34,USD,pre-market,None,-10166000000,0.0555,0.313,-0.009,396.69,1048000000,19437000000,None,None,308.58,217.1,-11.465,16431000000,327000000,1191000000,21163000000,16104000000,19972000000,5254000000,-4920000000,5.74,None,437.06,193.0
2025-12-28,CHTR,36.07,55098999000.0,5.74,None,1.065,118.54,256000000,None,21000000,21000000,297000000,-277000000,None,None,None,None,None,None,None,280445810,None,3646000000,3646000000,114000000,None,None,214000000,None,None,1499000000,340000000,None,None,None,-0.054,-1.08,897000000,2396000000,9.42,2006-06-30,4.864,52000000,30435000000.0,1387000000,-852000000,112000000,9826000000,9826000000,None,1789000000,None,None,None,None,19437000000,None,None,-382000000,None,None,None,0.239,-4000000,1012000000,375000000,92000000,1077000000,None,None,None,None,None,None,None,0.434,1.759,0.514,None,None,None,None,None,None,None,0.0929,None,5840000000,2025-10-31,quarterly,8.34,USD,pre-market,None,-10166000000,0.0555,0.313,-0.009,396.69,1048000000,19437000000,None,None,308.58,217.1,-11.465,16431000000,327000000,1191000000,21163000000,16104000000,19972000000,5254000000,-4920000000,5.74,None,437.06,193.0
2025-12-28,CHTR,36.07,55098999000.0,5.74,None,1.065,118.54,283000000,None,21000000,21000000,86000000,-276000000,None,None,277000000,None,None,None,None,280445810,None,3646000000,3646000000,114000000,None,None,214000000,None,None,1499000000,358000000,None,None,None,-0.054,-1.08,897000000,2396000000,9.42,2006-03-31,4.864,52000000,30435000000.0,1387000000,-852000000,112000000,9826000000,9826000000,None,1789000000,None,None,None,None,19437000000,None,None,-459000000,None,None,None,0.239,209000000,1012000000,375000000,92000000,1077000000,None,None,None,None,None,None,None,0.434,1.759,0.514,None,None,None,None,None,None,None,0.0929,None,5840000000,2025-10-31,quarterly,8.34,USD,pre-market,None,-10166000000,0.0555,0.313,-0.009,396.69,1048000000,19437000000,None,None,308.58,217.1,-11.465,16431000000,327000000,1191000000,21163000000,16104000000,19972000000,5254000000,-4920000000,5.74,None,437.06,193.0
2025-12-28,CHTR,36.07,55098999000.0,5.74,None,1.065,118.54,273000000,None,21000000,21000000,153000000,-296000000,None,None,1120000000,None,None,None,None,280445810,None,3646000000,3646000000,114000000,None,None,214000000,None,None,1499000000,365000000,None,None,None,-0.054,-1.08,897000000,2396000000,9.42,2005-12-31,4.864,52000000,30435000000.0,1387000000,-852000000,112000000,9826000000,9826000000,None,1789000000,None,None,None,None,19437000000,None,None,-336000000,None,None,None,0.239,142000000,1012000000,375000000,92000000,1077000000,None,None,None,None,None,None,None,0.434,1.759,0.514,None,None,None,None,None,None,None,0.0929,None,5840000000,2025-10-31,quarterly,8.34,USD,pre-market,None,-10166000000,0.0555,0.313,-0.009,396.69,1048000000,19437000000,None,None,308.58,217.1,-11.465,16431000000,327000000,1191000000,21163000000,16104000000,19972000000,5254000000,-4920000000,5.74,None,437.06,193.0
2025-12-28,CHTR,36.07,55098999000.0,5.74,None,1.065,118.54,273000000,None,21000000,21000000,297000000,-252000000,None,None,None,None,None,None,None,280445810,None,3646000000,3646000000,114000000,None,None,214000000,None,None,1499000000,375000000,1000000,1000000,None,-0.054,-1.08,897000000,2396000000,9.42,2005-09-30,4.864,52000000,30435000000.0,1387000000,-852000000,112000000,9826000000,9826000000,None,1789000000,None,None,None,None,19437000000,None,None,76000000,None,None,None,0.239,-63000000,1012000000,375000000,92000000,1077000000,None,None,None,None,None,None,None,0.434,1.759,0.514,None,None,None,None,None,None,None,0.0929,None,5840000000,2025-10-31,quarterly,8.34,USD,pre-market,None,-10166000000,0.0555,0.313,-0.009,396.69,1048000000,19437000000,None,None,308.58,217.1,-11.465,16431000000,327000000,1191000000,21163000000,16104000000,19972000000,5254000000,-4920000000,5.74,None,437.06,193.0
2025-12-28,CHTR,36.07,55098999000.0,5.74,None,1.065,118.54,11269000000,None,21000000,21000000,-3790000000,-10843000000,None,None,None,None,None,None,None,280445810,None,3646000000,3646000000,114000000,None,None,214000000,None,None,1499000000,8673000000,None,None,None,-0.054,-1.08,897000000,2396000000,9.42,2024-12-31,4.864,52000000,30435000000.0,1387000000,-852000000,112000000,9826000000,9826000000,None,1789000000,None,None,None,None,19437000000,None,None,5853000000,None,None,None,0.239,14430000000,1012000000,375000000,92000000,1077000000,None,None,None,None,None,None,None,0.434,1.759,0.514,None,None,None,None,None,-1213000000,None,0.0929,None,5840000000,2025-10-31,annual,8.34,USD,pre-market,None,-10166000000,0.0555,0.313,-0.009,396.69,1048000000,19437000000,None,None,308.58,217.1,-11.465,16431000000,327000000,1191000000,21163000000,16104000000,19972000000,5254000000,-4920000000,5.74,None,437.06,193.0
2025-12-28,CHTR,36.07,55098999000.0,5.74,None,1.065,118.54,10943000000,None,21000000,21000000,-2815000000,-11554000000,None,None,None,None,None,None,None,280445810,None,3646000000,3646000000,114000000,None,None,214000000,None,None,1499000000,8696000000,22000000,22000000,None,-0.054,-1.08,897000000,2396000000,9.42,2023-12-31,4.864,52000000,30435000000.0,1387000000,-852000000,112000000,9826000000,9826000000,None,1789000000,None,None,None,None,19437000000,None,None,5261000000,None,None,None,0.239,14433000000,1012000000,375000000,92000000,1077000000,None,None,None,None,None,None,None,0.434,1.759,0.514,None,None,None,None,None,-3215000000,None,0.0929,None,5840000000,2025-10-31,annual,8.34,USD,pre-market,None,-10166000000,0.0555,0.313,-0.009,396.69,1048000000,19437000000,None,None,308.58,217.1,-11.465,16431000000,327000000,1191000000,21163000000,16104000000,19972000000,5254000000,-4920000000,5.74,None,437.06,193.0
2025-12-28,CHTR,36.07,55098999000.0,5.74,None,1.065,118.54,8823000000,None,21000000,21000000,-4165000000,-10716000000,44000000,None,None,None,None,-342000000,None,280445810,None,3646000000,3646000000,114000000,None,None,214000000,None,None,1499000000,8903000000,111000000,111000000,None,-0.054,-1.08,897000000,2396000000,9.42,2022-12-31,4.864,52000000,30435000000.0,1387000000,-852000000,112000000,9826000000,9826000000,None,1789000000,None,None,None,None,19437000000,None,None,5849000000,None,None,None,0.239,14925000000,1012000000,375000000,92000000,1077000000,None,None,None,None,None,None,None,0.434,1.759,0.514,None,None,None,None,None,-10277000000,None,0.0929,None,5840000000,2025-10-31,annual,8.34,USD,pre-market,None,-10166000000,0.0555,0.313,-0.009,396.69,1048000000,19437000000,None,None,308.58,217.1,-11.465,16431000000,327000000,1191000000,21163000000,16104000000,19972000000,5254000000,-4920000000,5.74,None,437.06,193.0
2025-12-28,CHTR,36.07,55098999000.0,5.74,None,1.065,118.54,7555000000,None,21000000,21000000,-6651000000,-9988000000,-400000000,None,None,None,None,-35000000,None,280445810,None,3646000000,3646000000,114000000,None,None,214000000,None,None,1499000000,9345000000,44000000,44000000,None,-0.054,-1.08,897000000,2396000000,9.42,2021-12-31,4.864,52000000,30435000000.0,1387000000,-852000000,112000000,9826000000,9826000000,None,1789000000,None,None,None,None,19437000000,None,None,5320000000,None,None,None,0.239,16239000000,1012000000,375000000,92000000,1077000000,None,None,None,None,None,None,None,0.434,1.759,0.514,None,None,None,None,None,-15431000000,None,0.0929,None,5840000000,2025-10-31,annual,8.34,USD,pre-market,None,-10166000000,0.0555,0.313,-0.009,396.69,1048000000,19437000000,None,None,308.58,217.1,-11.465,16431000000,327000000,1191000000,21163000000,16104000000,19972000000,5254000000,-4920000000,5.74,None,437.06,193.0
2025-12-28,CHTR,36.07,55098999000.0,5.74,None,1.065,118.54,7956000000,None,21000000,21000000,-8953000000,-8157000000,-2548000000,None,None,None,None,26000000,None,280445810,None,3646000000,3646000000,114000000,None,None,214000000,None,None,1499000000,9704000000,16060000000,16060000000,None,-0.054,-1.08,897000000,2396000000,9.42,2020-12-31,4.864,52000000,30435000000.0,1387000000,-852000000,112000000,9826000000,9826000000,None,1789000000,None,None,None,None,19437000000,None,None,3676000000,None,None,None,0.239,14562000000,1012000000,375000000,92000000,1077000000,None,None,None,None,None,None,None,0.434,1.759,0.514,None,None,None,None,None,-11217000000,None,0.0929,None,5840000000,2025-10-31,annual,8.34,USD,pre-market,None,-10166000000,0.0555,0.313,-0.009,396.69,1048000000,19437000000,None,None,308.58,217.1,-11.465,16431000000,327000000,1191000000,21163000000,16104000000,19972000000,5254000000,-4920000000,5.74,None,437.06,193.0
2025-12-28,CHTR,36.07,55098999000.0,5.74,None,1.065,118.54,7140000000,None,21000000,21000000,-748000000,-8216000000,2784000000,None,None,None,None,-505000000,None,280445810,None,3646000000,3646000000,114000000,None,None,214000000,None,None,1499000000,9926000000,118000000,118000000,None,-0.054,-1.08,897000000,2396000000,9.42,2019-12-31,4.864,52000000,30435000000.0,1387000000,-852000000,112000000,9826000000,9826000000,None,1789000000,None,None,None,None,19437000000,None,None,1992000000,None,None,None,0.239,11748000000,1012000000,375000000,92000000,1077000000,None,None,None,None,None,None,None,0.434,1.759,0.514,None,None,None,None,None,-6873000000,None,0.0929,None,5840000000,2025-10-31,annual,8.34,USD,pre-market,None,-10166000000,0.0555,0.313,-0.009,396.69,1048000000,19437000000,None,None,308.58,217.1,-11.465,16431000000,327000000,1191000000,21163000000,16104000000,19972000000,5254000000,-4920000000,5.74,None,437.06,193.0
2025-12-28,CHTR,36.07,55098999000.0,5.74,None,1.065,118.54,9595000000,None,21000000,21000000,-1231000000,-10392000000,144000000,None,-125000000,None,None,-98000000,None,280445810,None,3646000000,3646000000,114000000,None,None,214000000,None,None,1499000000,10318000000,153000000,153000000,None,-0.054,-1.08,897000000,2396000000,9.42,2018-12-31,4.864,52000000,30435000000.0,1387000000,-852000000,112000000,9826000000,9826000000,None,1789000000,None,None,None,None,19437000000,None,None,1506000000,None,None,None,0.239,11767000000,1012000000,375000000,92000000,1077000000,None,None,None,None,None,None,None,0.434,1.759,0.514,None,None,None,None,None,-4399000000,None,0.0929,None,5840000000,2025-10-31,annual,8.34,USD,pre-market,None,-10166000000,0.0555,0.313,-0.009,396.69,1048000000,19437000000,None,None,308.58,217.1,-11.465,16431000000,327000000,1191000000,21163000000,16104000000,19972000000,5254000000,-4920000000,5.74,None,437.06,193.0
2025-12-28,CHTR,36.07,55098999000.0,5.74,None,1.065,118.54,7870000000,None,21000000,21000000,-3105000000,-9763000000,-914000000,None,8611000000,None,None,-84000000,None,280445810,None,3646000000,3646000000,114000000,None,None,214000000,None,None,1499000000,10588000000,153000000,153000000,None,-0.054,-1.08,897000000,2396000000,9.42,2017-12-31,4.864,52000000,30435000000.0,1387000000,-852000000,112000000,9826000000,9826000000,None,1789000000,None,None,None,None,19437000000,None,None,10115000000,None,None,None,0.239,11954000000,1012000000,375000000,92000000,1077000000,None,None,None,None,None,None,None,0.434,1.759,0.514,None,None,None,None,None,-11715000000,None,0.0929,None,5840000000,2025-10-31,annual,8.34,USD,pre-market,None,-10166000000,0.0555,0.313,-0.009,396.69,1048000000,19437000000,None,None,308.58,217.1,-11.465,16431000000,327000000,1191000000,21163000000,16104000000,19972000000,5254000000,-4920000000,5.74,None,437.06,193.0
2025-12-28,CHTR,36.07,55098999000.0,5.74,None,1.065,118.54,33532000000,None,21000000,21000000,4997000000,-11508000000,1530000000,None,6383000000,None,None,-160000000,None,280445810,None,3646000000,3646000000,114000000,None,None,214000000,None,None,1499000000,6907000000,12430000000,12430000000,None,-0.054,-1.08,897000000,2396000000,9.42,2016-12-31,4.864,52000000,30435000000.0,1387000000,-852000000,112000000,9826000000,9826000000,None,1789000000,None,None,None,None,19437000000,None,None,3745000000,None,None,None,0.239,8041000000,1012000000,375000000,92000000,1077000000,None,None,None,None,None,None,None,0.434,1.759,0.514,None,None,None,None,None,-1562000000,None,0.0929,None,5840000000,2025-10-31,annual,8.34,USD,pre-market,None,-10166000000,0.0555,0.313,-0.009,396.69,1048000000,19437000000,None,None,308.58,217.1,-11.465,16431000000,327000000,1191000000,21163000000,16104000000,19972000000,5254000000,-4920000000,5.74,None,437.06,193.0
2025-12-28,CHTR,36.07,55098999000.0,5.74,None,1.065,118.54,1812000000,None,21000000,21000000,14675000000,-17032000000,2000000,None,1624000000,None,None,5000000,None,280445810,None,3646000000,3646000000,114000000,None,None,214000000,None,None,1499000000,2125000000,0,0,None,-0.054,-1.08,897000000,2396000000,9.42,2015-12-31,4.864,52000000,30435000000.0,1387000000,-852000000,112000000,9826000000,9826000000,None,1789000000,None,None,None,None,19437000000,None,None,-271000000,None,None,None,0.239,2359000000,1012000000,375000000,92000000,1077000000,None,None,None,None,None,None,None,0.434,1.759,0.514,None,None,None,None,None,-38000000,None,0.0929,None,5840000000,2025-10-31,annual,8.34,USD,pre-market,None,-10166000000,0.0555,0.313,-0.009,396.69,1048000000,19437000000,None,None,308.58,217.1,-11.465,16431000000,327000000,1191000000,21163000000,16104000000,19972000000,5254000000,-4920000000,5.74,None,437.06,193.0
2025-12-28,CHTR,36.07,55098999000.0,5.74,None,1.065,118.54,2188000000,None,21000000,21000000,6927000000,-9304000000,-18000000,None,1255000000,None,None,-51000000,None,280445810,None,3646000000,3646000000,114000000,None,None,214000000,None,None,1499000000,2102000000,0,0,None,-0.054,-1.08,897000000,2396000000,9.42,2014-12-31,4.864,52000000,30435000000.0,1387000000,-852000000,112000000,9826000000,9826000000,None,1789000000,None,None,None,None,19437000000,None,None,-183000000,None,None,None,0.239,2359000000,1012000000,375000000,92000000,1077000000,None,None,None,None,None,None,None,0.434,1.759,0.514,None,None,None,None,None,-19000000,None,0.0929,None,5840000000,2025-10-31,annual,8.34,USD,pre-market,None,-10166000000,0.0555,0.313,-0.009,396.69,1048000000,19437000000,None,None,308.58,217.1,-11.465,16431000000,327000000,1191000000,21163000000,16104000000,19972000000,5254000000,-4920000000,5.74,None,437.06,193.0
2025-12-28,CHTR,36.07,55098999000.0,5.74,None,1.065,118.54,2425000000,None,21000000,21000000,299000000,-2443000000,14000000,None,1145000000,None,None,10000000,None,280445810,None,3646000000,3646000000,114000000,None,None,214000000,None,None,1499000000,1854000000,0,0,None,-0.054,-1.08,897000000,2396000000,9.42,2013-12-31,4.864,52000000,30435000000.0,1387000000,-852000000,112000000,9826000000,9826000000,None,1789000000,None,None,None,None,19437000000,None,None,-169000000,None,None,None,0.239,2158000000,1012000000,375000000,92000000,1077000000,None,None,None,None,None,None,None,0.434,1.759,0.514,None,None,None,None,None,-15000000,None,0.0929,None,5840000000,2025-10-31,annual,8.34,USD,pre-market,None,-10166000000,0.0555,0.313,-0.009,396.69,1048000000,19437000000,None,None,308.58,217.1,-11.465,16431000000,327000000,1191000000,21163000000,16104000000,19972000000,5254000000,-4920000000,5.74,None,437.06,193.0
2025-12-28,CHTR,36.07,55098999000.0,5.74,None,1.065,118.54,1713000000,None,21000000,21000000,-134000000,-1737000000,5000000,None,883000000,None,None,34000000,None,280445810,None,3646000000,3646000000,114000000,None,None,214000000,None,None,1499000000,1713000000,0,0,None,-0.054,-1.08,897000000,2396000000,9.42,2012-12-31,4.864,52000000,30435000000.0,1387000000,-852000000,112000000,9826000000,9826000000,None,1789000000,None,None,None,None,19437000000,None,None,-304000000,None,None,None,0.239,1876000000,1012000000,375000000,92000000,1077000000,None,None,None,None,None,None,None,0.434,1.759,0.514,None,None,None,None,None,-11000000,None,0.0929,None,5840000000,2025-10-31,annual,8.34,USD,pre-market,None,-10166000000,0.0555,0.313,-0.009,396.69,1048000000,19437000000,None,None,308.58,217.1,-11.465,16431000000,327000000,1191000000,21163000000,16104000000,19972000000,5254000000,-4920000000,5.74,None,437.06,193.0
2025-12-28,CHTR,36.07,55098999000.0,5.74,None,1.065,118.54,1343000000,None,21000000,21000000,-373000000,-1367000000,-3000000,None,827000000,None,None,-25000000,None,280445810,None,3646000000,3646000000,114000000,None,None,214000000,None,None,1499000000,1592000000,0,0,None,-0.054,-1.08,897000000,2396000000,9.42,2011-12-31,4.864,52000000,30435000000.0,1387000000,-852000000,112000000,9826000000,9826000000,None,1789000000,None,None,None,None,19437000000,None,None,-369000000,None,None,None,0.239,1737000000,1012000000,375000000,92000000,1077000000,None,None,None,None,None,None,None,0.434,1.759,0.514,None,None,None,None,None,-733000000,None,0.0929,None,5840000000,2025-10-31,annual,8.34,USD,pre-market,None,-10166000000,0.0555,0.313,-0.009,396.69,1048000000,19437000000,None,None,308.58,217.1,-11.465,16431000000,327000000,1191000000,21163000000,16104000000,19972000000,5254000000,-4920000000,5.74,None,437.06,193.0
2025-12-28,CHTR,36.07,55098999000.0,5.74,None,1.065,118.54,1201000000,None,21000000,21000000,-1463000000,-1170000000,None,None,None,None,None,None,None,280445810,None,3646000000,3646000000,114000000,None,None,214000000,None,None,1499000000,1524000000,None,None,None,-0.054,-1.08,897000000,2396000000,9.42,2010-12-31,4.864,52000000,30435000000.0,1387000000,-852000000,112000000,9826000000,9826000000,None,1789000000,None,None,None,None,19437000000,None,None,-237000000,None,None,None,0.239,1911000000,1012000000,375000000,92000000,1077000000,None,None,None,None,None,None,None,0.434,1.759,0.514,None,None,None,None,None,-144000000,None,0.0929,None,5840000000,2025-10-31,annual,8.34,USD,pre-market,None,-10166000000,0.0555,0.313,-0.009,396.69,1048000000,19437000000,None,None,308.58,217.1,-11.465,16431000000,327000000,1191000000,21163000000,16104000000,19972000000,5254000000,-4920000000,5.74,None,437.06,193.0
2025-12-28,CHTR,36.07,55098999000.0,5.74,None,1.065,118.54,108000000,None,21000000,21000000,543000000,-1304000000,None,None,205000000,None,None,None,None,280445810,None,3646000000,3646000000,114000000,None,None,214000000,None,None,1499000000,1316000000,None,None,None,-0.054,-1.08,897000000,2396000000,9.42,2009-12-31,4.864,52000000,30435000000.0,1387000000,-852000000,112000000,9826000000,9826000000,None,1789000000,None,None,None,None,19437000000,None,None,11366000000,None,None,None,0.239,594000000,1012000000,375000000,92000000,1077000000,None,None,None,None,None,None,None,0.434,1.759,0.514,None,None,None,None,None,1614000000,None,0.0929,None,5840000000,2025-10-31,annual,8.34,USD,pre-market,None,-10166000000,0.0555,0.313,-0.009,396.69,1048000000,19437000000,None,None,308.58,217.1,-11.465,16431000000,327000000,1191000000,21163000000,16104000000,19972000000,5254000000,-4920000000,5.74,None,437.06,193.0
2025-12-28,CHTR,36.07,55098999000.0,5.74,None,1.065,118.54,1202000000,None,21000000,21000000,1696000000,-1210000000,None,None,246000000,None,None,None,None,280445810,None,3646000000,3646000000,114000000,None,None,214000000,None,None,1499000000,1310000000,None,None,None,-0.054,-1.08,897000000,2396000000,9.42,2008-12-31,4.864,52000000,30435000000.0,1387000000,-852000000,112000000,9826000000,9826000000,None,1789000000,None,None,None,None,19437000000,None,None,-2451000000,None,None,None,0.239,399000000,1012000000,375000000,92000000,1077000000,None,None,None,None,None,None,None,0.434,1.759,0.514,None,None,None,None,None,None,None,0.0929,None,5840000000,2025-10-31,annual,8.34,USD,pre-market,None,-10166000000,0.0555,0.313,-0.009,396.69,1048000000,19437000000,None,None,308.58,217.1,-11.465,16431000000,327000000,1191000000,21163000000,16104000000,19972000000,5254000000,-4920000000,5.74,None,437.06,193.0
2025-12-28,CHTR,36.07,55098999000.0,5.74,None,1.065,118.54,1244000000,None,21000000,21000000,826000000,-1138000000,None,None,1041000000,None,None,None,None,280445810,None,3646000000,3646000000,114000000,None,None,214000000,None,None,1499000000,1328000000,None,None,None,-0.054,-1.08,897000000,2396000000,9.42,2007-12-31,4.864,52000000,30435000000.0,1387000000,-852000000,112000000,9826000000,9826000000,None,1789000000,None,None,None,None,19437000000,None,None,-1534000000,None,None,None,0.239,327000000,1012000000,375000000,92000000,1077000000,None,None,None,None,None,None,None,0.434,1.759,0.514,None,None,None,None,None,None,None,0.0929,None,5840000000,2025-10-31,annual,8.34,USD,pre-market,None,-10166000000,0.0555,0.313,-0.009,396.69,1048000000,19437000000,None,None,308.58,217.1,-11.465,16431000000,327000000,1191000000,21163000000,16104000000,19972000000,5254000000,-4920000000,5.74,None,437.06,193.0
2025-12-28,CHTR,36.07,55098999000.0,5.74,None,1.065,118.54,1145000000,None,21000000,21000000,-219000000,-65000000,None,None,1014000000,None,None,None,None,280445810,None,3646000000,3646000000,114000000,None,None,214000000,None,None,1499000000,1362000000,None,None,None,-0.054,-1.08,897000000,2396000000,9.42,2006-12-31,4.864,52000000,30435000000.0,1387000000,-852000000,112000000,9826000000,9826000000,None,1789000000,None,None,None,None,19437000000,None,None,-1370000000,None,None,None,0.239,323000000,1012000000,375000000,92000000,1077000000,None,None,None,None,None,None,None,0.434,1.759,0.514,None,None,None,None,None,None,None,0.0929,None,5840000000,2025-10-31,annual,8.34,USD,pre-market,None,-10166000000,0.0555,0.313,-0.009,396.69,1048000000,19437000000,None,None,308.58,217.1,-11.465,16431000000,327000000,1191000000,21163000000,16104000000,19972000000,5254000000,-4920000000,5.74,None,437.06,193.0
2025-12-28,CHTR,36.07,55098999000.0,5.74,None,1.065,118.54,1088000000,None,21000000,21000000,136000000,-1025000000,None,None,961000000,None,None,None,None,280445810,None,3646000000,3646000000,114000000,None,None,214000000,None,None,1499000000,1499000000,None,None,None,-0.054,-1.08,897000000,2396000000,9.42,2005-12-31,4.864,52000000,30435000000.0,1387000000,-852000000,112000000,9826000000,9826000000,None,1789000000,None,None,None,None,19437000000,None,None,-967000000,None,None,None,0.239,260000000,1012000000,375000000,92000000,1077000000,None,None,None,None,None,None,None,0.434,1.759,0.514,None,None,None,None,None,-56000000,None,0.0929,None,5840000000,2025-10-31,annual,8.34,USD,pre-market,None,-10166000000,0.0555,0.313,-0.009,396.69,1048000000,19437000000,None,None,308.58,217.1,-11.465,16431000000,327000000,1191000000,21163000000,16104000000,19972000000,5254000000,-4920000000,5.74,None,437.06,193.0
