date,symbol,eps,revenue_ttm,pe_ratio,accumulateddepreciationamortizationppe,beta,book_value,capitalexpenditures,capitalleaseobligations,cashandcashequivalentsatcarryingvalue,cashandshortterminvestments,cashflowfromfinancing,cashflowfrominvestment,changeincashandcashequivalents,changeinexchangerate,changeininventory,changeinoperatingassets,changeinoperatingliabilities,changeinreceivables,commonstock,commonstocksharesoutstanding,comprehensiveincomenetoftax,costofgoodsandservicessold,costofrevenue,currentaccountspayable,currentdebt,currentlongtermdebt,currentnetreceivables,deferredrevenue,depreciation,depreciationandamortization,depreciationdepletionandamortization,dividend_per_share,dividend_yield,dividendpayout,dividendpayoutcommonstock,dividendpayoutpreferredstock,earnings_growth_yoy,earnings_surprise,ebit,ebitda,estimated_eps,fiscaldateending,forward_pe,goodwill,gross_profit_ttm,grossprofit,incomebeforetax,incometaxexpense,intangibleassets,intangibleassetsexcludinggoodwill,interestanddebtexpense,interestexpense,interestincome,inventory,investmentincomenet,investments,longtermdebt,longtermdebtnoncurrent,longterminvestments,netincome,netincomefromcontinuingoperations,netinterestincome,noninterestincome,operating_margin_ttm,operatingcashflow,operatingexpenses,operatingincome,othercurrentassets,othercurrentliabilities,othernoncurrentassets,othernoncurrentliabilities,othernonoperatingincome,paymentsforoperatingactivities,paymentsforrepurchaseofcommonstock,paymentsforrepurchaseofequity,paymentsforrepurchaseofpreferredstock,peg_ratio,price_to_book,price_to_sales_ttm,proceedsfromissuanceofcommonstock,proceedsfromissuanceoflongtermdebtandcapitalsecuritiesnet,proceedsfromissuanceofpreferredstock,proceedsfromoperatingactivities,proceedsfromrepaymentsofshorttermdebt,proceedsfromrepurchaseofequity,proceedsfromsaleoftreasurystock,profit_margin,profitloss,propertyplantequipment,report_date,report_type,reported_eps,reportedcurrency,reporttime,researchanddevelopment,retainedearnings,return_on_assets_ttm,return_on_equity_ttm,revenue_growth_yoy,revenue_per_share_ttm,sellinggeneralandadministrative,shortlongtermdebttotal,shorttermdebt,shortterminvestments,sma_200,sma_50,surprise_pct,totalassets,totalcurrentassets,totalcurrentliabilities,totalliabilities,totalnoncurrentassets,totalnoncurrentliabilities,totalrevenue,totalshareholderequity,trailing_pe,treasurystock,week_52_high,week_52_low
1996-03-31,CI,,,,,,,,,,,,,,,,,,,,,,,,,,,,,,,,,,,,,,0.03,,,0.29,,,,,,,,,,,,,,,,,,,,,,,,,,,,,,,,,,,,,,,,,,,,,,,,,1996-04-30,,0.32,,pre-market,,,,,,,,,,,,,10.3448,,,,,,,,,,,,
1996-06-30,CI,,,,,,,,,,,,,,,,,,,,,,,,,,,,,,,,,,,,,,0.04,,,0.32,,,,,,,,,,,,,,,,,,,,,,,,,,,,,,,,,,,,,,,,,,,,,,,,,1996-07-30,,0.36,,pre-market,,,,,,,,,,,,,12.5,,,,,,,,,,,,
1996-09-30,CI,,,,,,,,,,,,,,,,,,,,,,,,,,,,,,,,,,,,,,0.04,,,0.35,,,,,,,,,,,,,,,,,,,,,,,,,,,,,,,,,,,,,,,,,,,,,,,,,1996-10-30,,0.39,,pre-market,,,,,,,,,,,,,11.4286,,,,,,,,,,,,
1996-12-31,CI,,,,,,,,,,,,,,,,,,,,,,,,,,,,,,,,,,,,,,0.01,,,0.38,,,,,,,,,,,,,,,,,,,,,,,,,,,,,,,,,,,,,,,,,,,,,,,,,1997-02-11,,0.39,,pre-market,,,,,,,,,,,,,2.6316,,,,,,,,,,,,
1997-03-31,CI,,,,,,,,,,,,,,,,,,,,,,,,,,,,,,,,,,,,,,0.05,,,0.34,,,,,,,,,,,,,,,,,,,,,,,,,,,,,,,,,,,,,,,,,,,,,,,,,1997-04-30,,0.39,,pre-market,,,,,,,,,,,,,14.7059,,,,,,,,,,,,
1997-06-30,CI,,,,,,,,,,,,,,,,,,,,,,,,,,,,,,,,,,,,,,0.02,,,0.38,,,,,,,,,,,,,,,,,,,,,,,,,,,,,,,,,,,,,,,,,,,,,,,,,1997-07-30,,0.4,,pre-market,,,,,,,,,,,,,5.2632,,,,,,,,,,,,
1997-09-30,CI,,,,,,,,,,,,,,,,,,,,,,,,,,,,,,,,,,,,,,0.01,,,0.38,,,,,,,,,,,,,,,,,,,,,,,,,,,,,,,,,,,,,,,,,,,,,,,,,1997-10-30,,0.39,,pre-market,,,,,,,,,,,,,2.6316,,,,,,,,,,,,
1997-12-31,CI,,,,,,,,,,,,,,,,,,,,,,,,,,,,,,,,,,,,,,0.0,,,0.39,,,,,,,,,,,,,,,,,,,,,,,,,,,,,,,,,,,,,,,,,,,,,,,,,1998-02-10,,0.39,,pre-market,,,,,,,,,,,,,0.0,,,,,,,,,,,,
1998-03-31,CI,,,,,,,,,,,,,,,,,,,,,,,,,,,,,,,,,,,,,,0.01,,,0.38,,,,,,,,,,,,,,,,,,,,,,,,,,,,,,,,,,,,,,,,,,,,,,,,,1998-04-30,,0.39,,pre-market,,,,,,,,,,,,,2.6316,,,,,,,,,,,,
1998-06-30,CI,,,,,,,,,,,,,,,,,,,,,,,,,,,,,,,,,,,,,,0.02,,,0.4,,,,,,,,,,,,,,,,,,,,,,,,,,,,,,,,,,,,,,,,,,,,,,,,,1998-07-30,,0.42,,pre-market,,,,,,,,,,,,,5.0,,,,,,,,,,,,
1998-09-30,CI,,,,,,,,,,,,,,,,,,,,,,,,,,,,,,,,,,,,,,-0.02,,,0.4,,,,,,,,,,,,,,,,,,,,,,,,,,,,,,,,,,,,,,,,,,,,,,,,,1998-11-02,,0.38,,pre-market,,,,,,,,,,,,,-5.0,,,,,,,,,,,,
1998-12-31,CI,,,,,,,,,,,,,,,,,,,,,,,,,,,,,,,,,,,,,,-0.01,,,0.36,,,,,,,,,,,,,,,,,,,,,,,,,,,,,,,,,,,,,,,,,,,,,,,,,1999-02-09,,0.35,,pre-market,,,,,,,,,,,,,-2.7778,,,,,,,,,,,,
1999-03-31,CI,,,,,,,,,,,,,,,,,,,,,,,,,,,,,,,,,,,,,,-0.03,,,0.43,,,,,,,,,,,,,,,,,,,,,,,,,,,,,,,,,,,,,,,,,,,,,,,,,1999-05-03,,0.4,,pre-market,,,,,,,,,,,,,-6.9767,,,,,,,,,,,,
1999-06-30,CI,,,,,,,,,,,,,,,,,,,,,,,,,,,,,,,,,,,,,,0.02,,,0.39,,,,,,,,,,,,,,,,,,,,,,,,,,,,,,,,,,,,,,,,,,,,,,,,,1999-08-02,,0.41,,pre-market,,,,,,,,,,,,,5.1282,,,,,,,,,,,,
1999-09-30,CI,,,,,,,,,,,,,,,,,,,,,,,,,,,,,,,,,,,,,,0.06,,,0.43,,,,,,,,,,,,,,,,,,,,,,,,,,,,,,,,,,,,,,,,,,,,,,,,,1999-11-01,,0.49,,pre-market,,,,,,,,,,,,,13.9535,,,,,,,,,,,,
1999-12-31,CI,,,,,,,,,,,,,,,,,,,,,,,,,,,,,,,,,,,,,,0.09,,,0.46,,,,,,,,,,,,,,,,,,,,,,,,,,,,,,,,,,,,,,,,,,,,,,,,,2000-02-08,,0.55,,pre-market,,,,,,,,,,,,,19.5652,,,,,,,,,,,,
2000-03-31,CI,,,,,,,,,,,,,,,,,,,,,,,,,,,,,,,,,,,,,,0.04,,,0.48,,,,,,,,,,,,,,,,,,,,,,,,,,,,,,,,,,,,,,,,,,,,,,,,,2000-05-01,,0.52,,pre-market,,,,,,,,,,,,,8.3333,,,,,,,,,,,,
2000-06-30,CI,,,,,,,,,,,,,,,,,,,,,,,,,,,,,,,,,,,,,,0.05,,,0.52,,,,,,,,,,,,,,,,,,,,,,,,,,,,,,,,,,,,,,,,,,,,,,,,,2000-08-01,,0.57,,pre-market,,,,,,,,,,,,,9.6154,,,,,,,,,,,,
2000-09-30,CI,,,,,,,,,,,,,,,,,,,,,,,,,,,,,,,,,,,,,,0.07,,,0.52,,,,,,,,,,,,,,,,,,,,,,,,,,,,,,,,,,,,,,,,,,,,,,,,,2000-11-02,,0.59,,pre-market,,,,,,,,,,,,,13.4615,,,,,,,,,,,,
2000-12-31,CI,,,,,,,,,,,,,,,,,,,,,,,,,,,,,,,,,,,,,,0.01,,,0.59,,,,,,,,,,,,,,,,,,,,,,,,,,,,,,,,,,,,,,,,,,,,,,,,,2001-02-09,,0.6,,pre-market,,,,,,,,,,,,,1.6949,,,,,,,,,,,,
2001-03-31,CI,,,,,,,,,,,,,,,,,,,,,,,,,,,,,,,,,,,,,,0.0,,,0.59,,,,,,,,,,,,,,,,,,,,,,,,,,,,,,,,,,,,,,,,,,,,,,,,,2001-05-02,,0.59,,pre-market,,,,,,,,,,,,,0.0,,,,,,,,,,,,
2001-06-30,CI,,,,,,,,,,,,,,,,,,,,,,,,,,,,,,,,,,,,,,-0.01,,,0.59,,,,,,,,,,,,,,,,,,,,,,,,,,,,,,,,,,,,,,,,,,,,,,,,,2001-08-01,,0.58,,pre-market,,,,,,,,,,,,,-1.6949,,,,,,,,,,,,
2001-09-30,CI,,,,,,,,,,,,,,,,,,,,,,,,,,,,,,,,,,,,,,0.02,,,0.53,,,,,,,,,,,,,,,,,,,,,,,,,,,,,,,,,,,,,,,,,,,,,,,,,2001-11-02,,0.55,,pre-market,,,,,,,,,,,,,3.7736,,,,,,,,,,,,
2001-12-31,CI,,,,,,,,,,,,,,,,,,,,,,,,,,,,,,,,,,,,,,0.04,,,0.6,,,,,,,,,,,,,,,,,,,,,,,,,,,,,,,,,,,,,,,,,,,,,,,,,2002-02-08,,0.64,,pre-market,,,,,,,,,,,,,6.6667,,,,,,,,,,,,
2002-03-31,CI,,,,,,,,,,,,,,,,,,,,,,,,,,,,,,,,,,,,,,0.01,,,0.63,,,,,,,,,,,,,,,,,,,,,,,,,,,,,,,,,,,,,,,,,,,,,,,,,2002-05-02,,0.64,,pre-market,,,,,,,,,,,,,1.5873,,,,,,,,,,,,
2002-06-30,CI,,,,,,,,,,,,,,,,,,,,,,,,,,,,,,,,,,,,,,0.0,,,0.65,,,,,,,,,,,,,,,,,,,,,,,,,,,,,,,,,,,,,,,,,,,,,,,,,2002-08-02,,0.65,,pre-market,,,,,,,,,,,,,0.0,,,,,,,,,,,,
2002-09-30,CI,,,,,,,,,,,,,,,,,,,,,,,,,,,,,,,,,,,,,,0.0,,,0.5,,,,,,,,,,,,,,,,,,,,,,,,,,,,,,,,,,,,,,,,,,,,,,,,,2002-11-01,,0.5,,pre-market,,,,,,,,,,,,,0.0,,,,,,,,,,,,
2002-12-31,CI,,,,,,,,,,,,,,,,,,,,,,,,,,,,,,,,,,,,,,0.02,,,0.4,,,,,,,,,,,,,,,,,,,,,,,,,,,,,,,,,,,,,,,,,,,,,,,,,2003-02-07,,0.42,,pre-market,,,,,,,,,,,,,5.0,,,,,,,,,,,,
2003-03-31,CI,,,,,,,,,,,,,,,,,,,,,,,,,,,,,,,,,,,,,,0.02,,,0.47,,,,,,,,,,,,,,,,,,,,,,,,,,,,,,,,,,,,,,,,,,,,,,,,,2003-05-02,,0.49,,pre-market,,,,,,,,,,,,,4.2553,,,,,,,,,,,,
2003-06-30,CI,,,,,,,,,,,,,,,,,,,,,,,,,,,,,,,,,,,,,,0.02,,,0.36,,,,,,,,,,,,,,,,,,,,,,,,,,,,,,,,,,,,,,,,,,,,,,,,,2003-08-01,,0.38,,pre-market,,,,,,,,,,,,,5.5556,,,,,,,,,,,,
2003-09-30,CI,,,,,,,,,,,,,,,,,,,,,,,,,,,,,,,,,,,,,,0.09,,,0.39,,,,,,,,,,,,,,,,,,,,,,,,,,,,,,,,,,,,,,,,,,,,,,,,,2003-10-31,,0.48,,pre-market,,,,,,,,,,,,,23.0769,,,,,,,,,,,,
2003-12-31,CI,,,,,,,,,,,,,,,,,,,,,,,,,,,,,,,,,,,,,,0.08,,,0.47,,,,,,,,,,,,,,,,,,,,,,,,,,,,,,,,,,,,,,,,,,,,,,,,,2004-02-06,,0.55,,pre-market,,,,,,,,,,,,,17.0213,,,,,,,,,,,,
2004-03-31,CI,,,,,,,,,,,,,,,,,,,,,,,,,,,,,,,,,,,,,,0.01,,,0.61,,,,,,,,,,,,,,,,,,,,,,,,,,,,,,,,,,,,,,,,,,,,,,,,,2004-04-30,,0.62,,pre-market,,,,,,,,,,,,,1.6393,,,,,,,,,,,,
2004-06-30,CI,,,,,,,,,,,,,,,,,,,,,,,,,,,,,,,,,,,,,,0.16,,,0.42,,,,,,,,,,,,,,,,,,,,,,,,,,,,,,,,,,,,,,,,,,,,,,,,,2004-08-04,,0.58,,pre-market,,,,,,,,,,,,,38.0952,,,,,,,,,,,,
2004-09-30,CI,,,,,,,,,,,,,,,,,,,,,,,,,,,,,,,,,,,,,,0.14,,,0.45,,,,,,,,,,,,,,,,,,,,,,,,,,,,,,,,,,,,,,,,,,,,,,,,,2004-11-03,,0.59,,pre-market,,,,,,,,,,,,,31.1111,,,,,,,,,,,,
2004-12-31,CI,,,,,,,,,,,,,,,,,,,,,,,,,,,,,,,,,,,,,,0.26,,,0.54,,,,,,,,,,,,,,,,,,,,,,,,,,,,,,,,,,,,,,,,,,,,,,,,,2005-02-09,,0.8,,pre-market,,,,,,,,,,,,,48.1481,,,,,,,,,,,,
2005-03-31,CI,,,,,,,,,,,,,,,,,,,,,,,,,,,,,,,,,,,,,,0.25,,,0.5,,,,,,,,,,,,,,,,,,,,,,,,,,,,,,,,,,,,,,,,,,,,,,,,,2005-05-04,,0.75,,pre-market,,,,,,,,,,,,,50.0,,,,,,,,,,,,
2005-06-30,CI,,,,,,,,,,,,,,,,,,,,,,,,,,,,,,,,,,,,,,0.14,,,0.52,,,,,,,,,,,,,,,,,,,,,,,,,,,,,,,,,,,,,,,,,,,,,,,,,2005-08-03,,0.66,,pre-market,,,,,,,,,,,,,26.9231,,,,,,,,,,,,
2005-09-30,CI,,,,,,,,,,,,,,,,,,,,,,,,,,,,,,,,,,,,,,0.11,,,0.54,,,,,,,,,,,,,,,,,,,,,,,,,,,,,,,,,,,,,,,,,,,,,,,,,2005-11-02,,0.65,,pre-market,,,,,,,,,,,,,20.3704,,,,,,,,,,,,
2005-12-31,CI,,,,,,,,,,,,,,,,,,,,,,,,,,,,,,,,,,,,,,0.11,,,0.55,,,,,,,,,,,,,,,,,,,,,,,,,,,,,,,,,,,,,,,,,,,,,,,,,2006-02-08,,0.66,,pre-market,,,,,,,,,,,,,20.0,,,,,,,,,,,,
2006-03-31,CI,,,,,,,,,,,,,,,,,,,,,,,,,,,,,,,,,,,,,,0.07,,,0.63,,,,,,,,,,,,,,,,,,,,,,,,,,,,,,,,,,,,,,,,,,,,,,,,,2006-05-03,,0.7,,pre-market,,,,,,,,,,,,,11.1111,,,,,,,,,,,,
2006-06-30,CI,,,,,,,,,,,,,,,,,,,,,,,,,,,,,,,,,,,,,,0.12,,,0.65,,,,,,,,,,,,,,,,,,,,,,,,,,,,,,,,,,,,,,,,,,,,,,,,,2006-08-02,,0.77,,pre-market,,,,,,,,,,,,,18.4615,,,,,,,,,,,,
2006-09-30,CI,,,,,,,,,,,,,,,,,,,,,,,,,,,,,,,,,,,,,,0.11,,,0.72,,,,,,,,,,,,,,,,,,,,,,,,,,,,,,,,,,,,,,,,,,,,,,,,,2006-11-01,,0.83,,pre-market,,,,,,,,,,,,,15.2778,,,,,,,,,,,,
2006-12-31,CI,,,,,,,,,,,,,,,,,,,,,,,,,,,,,,,,,,,,,,0.11,,,0.76,,,,,,,,,,,,,,,,,,,,,,,,,,,,,,,,,,,,,,,,,,,,,,,,,2007-02-07,,0.87,,pre-market,,,,,,,,,,,,,14.4737,,,,,,,,,,,,
2007-03-31,CI,,,,,,,,,,,,,,,,,,,,,,,,,,,,,,,,,,,,,,0.05,,,0.84,,,,,,,,,,,,,,,,,,,,,,,,,,,,,,,,,,,,,,,,,,,,,,,,,2007-05-02,,0.89,,pre-market,,,,,,,,,,,,,5.9524,,,,,,,,,,,,
2007-06-30,CI,,,,,,,,,,,,,,,,,,,,,,,,,,,,,,,,,,,,,,0.08,,,0.88,,,,,,,,,,,,,,,,,,,,,,,,,,,,,,,,,,,,,,,,,,,,,,,,,2007-08-01,,0.96,,pre-market,,,,,,,,,,,,,9.0909,,,,,,,,,,,,
2007-09-30,CI,,,,,,,,,,,,,,,,,,,,,,,,,,,,,,,,,,,,,,0.2,,,0.94,,,,,,,,,,,,,,,,,,,,,,,,,,,,,,,,,,,,,,,,,,,,,,,,,2007-11-02,,1.14,,pre-market,,,,,,,,,,,,,21.2766,,,,,,,,,,,,
2007-12-31,CI,,,,,,,,,,,,,,,,,,,,,,,,,,,,,,,,,,,,,,0.0,,,0.98,,,,,,,,,,,,,,,,,,,,,,,,,,,,,,,,,,,,,,,,,,,,,,,,,2008-02-06,,0.98,,pre-market,,,,,,,,,,,,,0.0,,,,,,,,,,,,
2008-03-31,CI,,,,,,,,,,,,,,,,,,,,,,,,,,,,,,,,,,,,,,-0.01,,,0.95,,,,,,,,,,,,,,,,,,,,,,,,,,,,,,,,,,,,,,,,,,,,,,,,,2008-05-01,,0.94,,pre-market,,,,,,,,,,,,,-1.0526,,,,,,,,,,,,
2008-06-30,CI,,,,,,,,,,,,,,,,,,,,,,,,,,,,,,,,,,,,,,0.11,,,0.97,,,,,,,,,,,,,,,,,,,,,,,,,,,,,,,,,,,,,,,,,,,,,,,,,2008-08-01,,1.08,,pre-market,,,,,,,,,,,,,11.3402,,,,,,,,,,,,
2008-09-30,CI,,,,,,,,,,,,,,,,,,,,,,,,,,,,,,,,,,,,,,-0.17,,,1.06,,,,,,,,,,,,,,,,,,,,,,,,,,,,,,,,,,,,,,,,,,,,,,,,,2008-10-30,,0.89,,pre-market,,,,,,,,,,,,,-16.0377,,,,,,,,,,,,
2008-12-31,CI,,,,,,,,,,,,,,,,,,,,,,,,,,,,,,,,,,,,,,0.08,,,0.41,,,,,,,,,,,,,,,,,,,,,,,,,,,,,,,,,,,,,,,,,,,,,,,,,2009-02-05,,0.49,,pre-market,,,,,,,,,,,,,19.5122,,,,,,,,,,,,
2009-03-31,CI,,,,,,,,,,,,,,,,,,,,,,,,,,,,,,,,,,,,,,-0.22,,,0.91,,,,,,,,,,,,,,,,,,,,,,,,,,,,,,,,,,,,,,,,,,,,,,,,,2009-04-30,,0.69,,pre-market,,,,,,,,,,,,,-24.1758,,,,,,,,,,,,
2009-06-30,CI,,,,,,,,,,,,,,,,,,,,,,,,,,,,,,,,,,,,,,0.18,,,0.96,,,,,,,,,,,,,,,,,,,,,,,,,,,,,,,,,,,,,,,,,,,,,,,,,2009-07-30,,1.14,,pre-market,,,,,,,,,,,,,18.75,,,,,,,,,,,,
2009-09-30,CI,,,,,,,,,,,,,,,,,,,,,,,,,,,,,,,,,,,,,,0.1,,,1.03,,,,,,,,,,,,,,,,,,,,,,,,,,,,,,,,,,,,,,,,,,,,,,,,,2009-11-05,,1.13,,pre-market,,,,,,,,,,,,,9.7087,,,,,,,,,,,,
2009-12-31,CI,,,,,,,,,,,,,,,,,,,,,,,,,,,,,,,,,,,,,,0.07,,,0.96,,,,,,,,,,,,,,,,,,,,,,,,,,,,,,,,,,,,,,,,,,,,,,,,,2010-02-04,,1.03,,pre-market,,,,,,,,,,,,,7.2917,,,,,,,,,,,,
2010-03-31,CI,,,,,,,,,,,,,,,,,,,,,,,,,,,,,,,,,,,,,,0.12,,,0.89,,,,,,,,,,,,,,,,,,,,,,,,,,,,,,,,,,,,,,,,,,,,,,,,,2010-05-06,,1.01,,pre-market,,,,,,,,,,,,,13.4831,,,,,,,,,,,,
2010-06-30,CI,,,,,,,,,,,,,,,,,,,,,,,,,,,,,,,,,,,,,,0.37,,,1.01,,,,,,,,,,,,,,,,,,,,,,,,,,,,,,,,,,,,,,,,,,,,,,,,,2010-08-05,,1.38,,pre-market,,,,,,,,,,,,,36.6337,,,,,,,,,,,,
2010-09-30,CI,,,,,,,,,,,,,,,,,,,,,,,,,,,,,,,,,,,,,,0.06,,,1.06,,,,,,,,,,,,,,,,,,,,,,,,,,,,,,,,,,,,,,,,,,,,,,,,,2010-10-29,,1.12,,pre-market,,,,,,,,,,,,,5.6604,,,,,,,,,,,,
2010-12-31,CI,,,,,,,,,,,,,,,,,,,,,,,,,,,,,,,,,,,,,,0.13,,,1.02,,,,,,,,,,,,,,,,,,,,,,,,,,,,,,,,,,,,,,,,,,,,,,,,,2011-02-03,,1.15,,pre-market,,,,,,,,,,,,,12.7451,,,,,,,,,,,,
2011-03-31,CI,,,,,,,,,,,,,,,,,,,,,,,,,,,,,,,,,,,,,,0.28,,,1.09,,,,,,,,,,,,,,,,,,,,,,,,,,,,,,,,,,,,,,,,,,,,,,,,,2011-05-05,,1.37,,pre-market,,,,,,,,,,,,,25.6881,,,,,,,,,,,,
2011-06-30,CI,,,,,,,,,,,,,,,,,,,,,,,,,,,,,,,,,,,,,,0.24,,,1.29,,,,,,,,,,,,,,,,,,,,,,,,,,,,,,,,,,,,,,,,,,,,,,,,,2011-08-04,,1.53,,pre-market,,,,,,,,,,,,,18.6047,,,,,,,,,,,,
2011-09-30,CI,,,,,,,,,,,,,,,,,,,,,,,,,,,,,,,,,,,,,,-0.03,,,1.23,,,,,,,,,,,,,,,,,,,,,,,,,,,,,,,,,,,,,,,,,,,,,,,,,2011-10-28,,1.2,,pre-market,,,,,,,,,,,,,-2.439,,,,,,,,,,,,
2011-12-31,CI,,,,,,,,,,,,,,,,,,,,,,,,,,,,,,,,,,,,,,-0.08,,,1.19,,,,,,,,,,,,,,,,,,,,,,,,,,,,,,,,,,,,,,,,,,,,,,,,,2012-02-02,,1.11,,pre-market,,,,,,,,,,,,,-6.7227,,,,,,,,,,,,
2012-03-31,CI,,,,,,,,,,,,,,,,,,,,,,,,,,,,,,,,,,,,,,-0.06,,,1.3,,,,,,,,,,,,,,,,,,,,,,,,,,,,,,,,,,,,,,,,,,,,,,,,,2012-05-03,,1.24,,pre-market,,,,,,,,,,,,,-4.6154,,,,,,,,,,,,
2012-06-30,CI,,,,,,,,,,,,,,,,,,,,,,,,,,,,,,,,,,,,,,0.07,,,1.42,,,,,,,,,,,,,,,,,,,,,,,,,,,,,,,,,,,,,,,,,,,,,,,,,2012-08-02,,1.49,,pre-market,,,,,,,,,,,,,4.9296,,,,,,,,,,,,
2012-09-30,CI,,,,,,,,,,,,,,,,,,,,,,,,,,,,,,,,,,,,,,0.33,,,1.36,,,,,,,,,,,,,,,,,,,,,,,,,,,,,,,,,,,,,,,,,,,,,,,,,2012-11-01,,1.69,,pre-market,,,,,,,,,,,,,24.2647,,,,,,,,,,,,
2012-12-31,CI,,,,,,,,,,,,,,,,,,,,,,,,,,,,,,,,,,,,,,0.09,,,1.48,,,,,,,,,,,,,,,,,,,,,,,,,,,,,,,,,,,,,,,,,,,,,,,,,2013-02-07,,1.57,,pre-market,,,,,,,,,,,,,6.0811,,,,,,,,,,,,
2013-03-31,CI,,,,,,,,,,,,,,,,,,,,,,,,,,,,,,,,,,,,,,0.29,,,1.43,,,,,,,,,,,,,,,,,,,,,,,,,,,,,,,,,,,,,,,,,,,,,,,,,2013-05-02,,1.72,,pre-market,,,,,,,,,,,,,20.2797,,,,,,,,,,,,
2013-06-30,CI,,,,,,,,,,,,,,,,,,,,,,,,,,,,,,,,,,,,,,0.18,,,1.6,,,,,,,,,,,,,,,,,,,,,,,,,,,,,,,,,,,,,,,,,,,,,,,,,2013-08-01,,1.78,,pre-market,,,,,,,,,,,,,11.25,,,,,,,,,,,,
2013-09-30,CI,,,,,,,,,,,,,,,,,,,,,,,,,,,,,,,,,,,,,,0.26,,,1.63,,,,,,,,,,,,,,,,,,,,,,,,,,,,,,,,,,,,,,,,,,,,,,,,,2013-10-31,,1.89,,pre-market,,,,,,,,,,,,,15.9509,,,,,,,,,,,,
2013-12-31,CI,,,,,,,,,,,,,,,,,,,,,,,,,,,,,,,,,,,,,,-0.1,,,1.49,,,,,,,,,,,,,,,,,,,,,,,,,,,,,,,,,,,,,,,,,,,,,,,,,2014-02-07,,1.39,,pre-market,,,,,,,,,,,,,-6.7114,,,,,,,,,,,,
2014-03-31,CI,,,,,,,,,,,,,,,,,,,,,,,,,,,,,,,,,,,,,,0.29,,,1.54,,,,,,,,,,,,,,,,,,,,,,,,,,,,,,,,,,,,,,,,,,,,,,,,,2014-05-01,,1.83,,pre-market,,,,,,,,,,,,,18.8312,,,,,,,,,,,,
2014-06-30,CI,,,,,,,,,,,,,,,,,,,,,,,,,,,,,,,,,,,,,,0.12,,,1.84,,,,,,,,,,,,,,,,,,,,,,,,,,,,,,,,,,,,,,,,,,,,,,,,,2014-07-31,,1.96,,pre-market,,,,,,,,,,,,,6.5217,,,,,,,,,,,,
2014-09-30,CI,,,,,,,,,,,,,,,,,,,,,,,,,,,,,,,,,,,,,,0.13,,,1.82,,,,,,,,,,,,,,,,,,,,,,,,,,,,,,,,,,,,,,,,,,,,,,,,,2014-10-30,,1.95,,pre-market,,,,,,,,,,,,,7.1429,,,,,,,,,,,,
2014-12-31,CI,,,,,,,,,,,,,,,,,,,,,,,,,,,,,,,,,,,,,,0.02,,,1.67,,,,,,,,,,,,,,,,,,,,,,,,,,,,,,,,,,,,,,,,,,,,,,,,,2015-02-05,,1.69,,pre-market,,,,,,,,,,,,,1.1976,,,,,,,,,,,,
2015-03-31,CI,,,,,,,,,,,,,,,,,,,,,,,,,,,,,,,,,,,,,,0.12,,,1.84,,,,,,,,,,,,,,,,,,,,,,,,,,,,,,,,,,,,,,,,,,,,,,,,,2015-04-30,,1.96,,pre-market,,,,,,,,,,,,,6.5217,,,,,,,,,,,,
2015-06-30,CI,,,,,,,,,,,,,,,,,,,,,,,,,,,,,,,,,,,,,,0.24,,,2.31,,,,,,,,,,,,,,,,,,,,,,,,,,,,,,,,,,,,,,,,,,,,,,,,,2015-07-30,,2.55,,pre-market,,,,,,,,,,,,,10.3896,,,,,,,,,,,,
2015-09-30,CI,,,,,,,,,,,,,,,,,,,,,,,,,,,,,,,,,,,,,,0.08,,,2.2,,,,,,,,,,,,,,,,,,,,,,,,,,,,,,,,,,,,,,,,,,,,,,,,,2015-11-06,,2.28,,pre-market,,,,,,,,,,,,,3.6364,,,,,,,,,,,,
2015-12-31,CI,,,,,,,,,,,,,,,,,,,,,,,,,,,,,,,,,,,,,,0.07,,,1.8,,,,,,,,,,,,,,,,,,,,,,,,,,,,,,,,,,,,,,,,,,,,,,,,,2016-02-04,,1.87,,pre-market,,,,,,,,,,,,,3.8889,,,,,,,,,,,,
2016-03-31,CI,,,,,,,,,,,,,,,,,,,,,,,,,,,,,,,,,,,,,,0.17,,,2.15,,,,,,,,,,,,,,,,,,,,,,,,,,,,,,,,,,,,,,,,,,,,,,,,,2016-05-06,,2.32,,pre-market,,,,,,,,,,,,,7.907,,,,,,,,,,,,
2016-06-30,CI,,,,,,,,,,,,,,,,,,,,,,,,,,,,,,,,,,,,,,-0.41,,,2.39,,,,,,,,,,,,,,,,,,,,,,,,,,,,,,,,,,,,,,,,,,,,,,,,,2016-07-29,,1.98,,pre-market,,,,,,,,,,,,,-17.1548,,,,,,,,,,,,
2016-09-30,CI,,,,,,,,,,,,,,,,,,,,,,,,,,,,,,,,,,,,,,0.03,,,1.91,,,,,,,,,,,,,,,,,,,,,,,,,,,,,,,,,,,,,,,,,,,,,,,,,2016-11-03,,1.94,,pre-market,,,,,,,,,,,,,1.5707,,,,,,,,,,,,
2016-12-31,CI,,,,,,,,,,,,,,,,,,,,,,,,,,,,,,,,,,,,,,0.13,,,1.74,,,,,,,,,,,,,,,,,,,,,,,,,,,,,,,,,,,,,,,,,,,,,,,,,2017-02-02,,1.87,,pre-market,,,,,,,,,,,,,7.4713,,,,,,,,,,,,
2017-03-31,CI,,,,,,,,,,,,,,,,,,,,,,,,,,,,,,,,,,,,,,0.32,,,2.45,,,,,,,,,,,,,,,,,,,,,,,,,,,,,,,,,,,,,,,,,,,,,,,,,2017-05-05,,2.77,,pre-market,,,,,,,,,,,,,13.0612,,,,,,,,,,,,
2017-06-30,CI,,,,,,,,,,,,,,,,,,,,,,,,,,,,,,,,,,,,,,0.43,,,2.48,,,,,,,,,,,,,,,,,,,,,,,,,,,,,,,,,,,,,,,,,,,,,,,,,2017-08-04,,2.91,,pre-market,,,,,,,,,,,,,17.3387,,,,,,,,,,,,
2017-09-30,CI,,,,,,,,,,,,,,,,,,,,,,,,,,,,,,,,,,,,,,0.47,,,2.36,,,,,,,,,,,,,,,,,,,,,,,,,,,,,,,,,,,,,,,,,,,,,,,,,2017-11-02,,2.83,,pre-market,,,,,,,,,,,,,19.9153,,,,,,,,,,,,
2017-12-31,CI,,,,,,,,,,,,,,,,,,,,,,,,,,,,,,,,,,,,,,0.05,,,1.89,,,,,,,,,,,,,,,,,,,,,,,,,,,,,,,,,,,,,,,,,,,,,,,,,2018-02-01,,1.94,,pre-market,,,,,,,,,,,,,2.6455,,,,,,,,,,,,
2018-03-31,CI,,,,,,,,,,,,,,,,,,,,,,,,,,,,,,,,,,,,,,0.67,,,3.44,,,,,,,,,,,,,,,,,,,,,,,,,,,,,,,,,,,,,,,,,,,,,,,,,2018-05-03,,4.11,,pre-market,,,,,,,,,,,,,19.4767,,,,,,,,,,,,
2018-06-30,CI,,,,,,,,,,,,,,,,,,,,,,,,,,,,,,,,,,,,,,0.68,,,3.21,,,,,,,,,,,,,,,,,,,,,,,,,,,,,,,,,,,,,,,,,,,,,,,,,2018-08-02,,3.89,,pre-market,,,,,,,,,,,,,21.1838,,,,,,,,,,,,
2018-09-30,CI,,,,,,,,,,,,,,,,,,,,,,,,,,,,,,,,,,,,,,0.4,,,3.44,,,,,,,,,,,,,,,,,,,,,,,,,,,,,,,,,,,,,,,,,,,,,,,,,2018-11-01,,3.84,,pre-market,,,,,,,,,,,,,11.6279,,,,,,,,,,,,
2018-12-31,CI,,,,,,,,,,,,,,,,,,,,,,,,,,,,,,,,,,,,,,0.04,,,2.42,,,,,,,,,,,,,,,,,,,,,,,,,,,,,,,,,,,,,,,,,,,,,,,,,2019-02-01,,2.46,,pre-market,,,,,,,,,,,,,1.6529,,,,,,,,,,,,
2019-03-31,CI,,,,,,,,,,,,,,,,,,,,,,,,,,,,,,,,,,,,,,0.17,,,3.73,,,,,,,,,,,,,,,,,,,,,,,,,,,,,,,,,,,,,,,,,,,,,,,,,2019-05-02,,3.9,,pre-market,,,,,,,,,,,,,4.5576,,,,,,,,,,,,
2019-06-30,CI,,,,,,,,,,,,,,,,,,,,,,,,,,,,,,,,,,,,,,0.45,,,3.74,,,,,,,,,,,,,,,,,,,,,,,,,,,,,,,,,,,,,,,,,,,,,,,,,2019-08-01,,4.19,,pre-market,,,,,,,,,,,,,12.0321,,,,,,,,,,,,
2019-09-30,CI,,,,,,,,,,,,,,,,,,,,,,,,,,,,,,,,,,,,,,0.18,,,4.36,,,,,,,,,,,,,,,,,,,,,,,,,,,,,,,,,,,,,,,,,,,,,,,,,2019-10-31,,4.54,,pre-market,,,,,,,,,,,,,4.1284,,,,,,,,,,,,
2019-12-31,CI,,,,,,,,,,,,,,,,,,,,,,,,,,,,,,,,,,,,,,0.11,,,4.2,,,,,,,,,,,,,,,,,,,,,,,,,,,,,,,,,,,,,,,,,,,,,,,,,2020-02-06,,4.31,,pre-market,,,,,,,,,,,,,2.619,,,,,,,,,,,,
2020-03-31,CI,,,,,,,,,,,,,,,,,,,,,,,,,,,,,,,,,,,,,,0.34,,,4.35,,,,,,,,,,,,,,,,,,,,,,,,,,,,,,,,,,,,,,,,,,,,,,,,,2020-04-30,,4.69,,pre-market,,,,,,,,,,,,,7.8161,,,,,,,,,,,,
2020-06-30,CI,,,,,,,,,,,,,,,,,,,,,,,,,,,,,,,,,,,,,,0.66,,,5.15,,,,,,,,,,,,,,,,,,,,,,,,,,,,,,,,,,,,,,,,,,,,,,,,,2020-07-30,,5.81,,pre-market,,,,,,,,,,,,,12.8155,,,,,,,,,,,,
2020-09-30,CI,,,,,,,,,,,,,,,,,,,,,,,,,,,,,,,,,,,,,,0.17,,,4.24,,,,,,,,,,,,,,,,,,,,,,,,,,,,,,,,,,,,,,,,,,,,,,,,,2020-11-05,,4.41,,pre-market,,,,,,,,,,,,,4.0094,,,,,,,,,,,,
2020-12-31,CI,,,,,,,,,,,,,,,,,,,,,,,,,,,,,,,,,,,,,,-0.17,,,3.68,,,,,,,,,,,,,,,,,,,,,,,,,,,,,,,,,,,,,,,,,,,,,,,,,2021-02-04,,3.51,,pre-market,,,,,,,,,,,,,-4.6196,,,,,,,,,,,,
2021-03-31,CI,,,,,,,,,,,,,,,,,,,,,,,,,,,,,,,,,,,,,,0.35,,,4.38,,,,,,,,,,,,,,,,,,,,,,,,,,,,,,,,,,,,,,,,,,,,,,,,,2021-05-07,,4.73,,pre-market,,,,,,,,,,,,,7.9909,,,,,,,,,,,,
2021-06-30,CI,,,,,,,,,,,,,,,,,,,,,,,,,,,,,,,,,,,,,,0.28,,,4.96,,,,,,,,,,,,,,,,,,,,,,,,,,,,,,,,,,,,,,,,,,,,,,,,,2021-08-05,,5.24,,pre-market,,,,,,,,,,,,,5.6452,,,,,,,,,,,,
2021-09-30,CI,,,,,,,,,,,,,,,,,,,,,,,,,,,,,,,,,,,,,,0.5,,,5.23,,,,,,,,,,,,,,,,,,,,,,,,,,,,,,,,,,,,,,,,,,,,,,,,,2021-11-04,,5.73,,pre-market,,,,,,,,,,,,,9.5602,,,,,,,,,,,,
2021-12-31,CI,,,,,,,,,,,,,,,,,,,,,,,,,,,,,,,,,,,,,,0.06,,,4.71,,,,,,,,,,,,,,,,,,,,,,,,,,,,,,,,,,,,,,,,,,,,,,,,,2022-02-03,,4.77,,pre-market,,,,,,,,,,,,,1.2739,,,,,,,,,,,,
2022-03-31,CI,,,,,,,,,,,,,,,,,,,,,,,,,,,,,,,,,,,,,,0.83,,,5.18,,,,,,,,,,,,,,,,,,,,,,,,,,,,,,,,,,,,,,,,,,,,,,,,,2022-05-06,,6.01,,pre-market,,,,,,,,,,,,,16.0232,,,,,,,,,,,,
2022-06-30,CI,,,,,,,,,,,,,,,,,,,,,,,,,,,,,,,,,,,,,,0.74,,,5.48,,,,,,,,,,,,,,,,,,,,,,,,,,,,,,,,,,,,,,,,,,,,,,,,,2022-08-04,,6.22,,pre-market,,,,,,,,,,,,,13.5036,,,,,,,,,,,,
2022-09-30,CI,,,,,,,,,,,,,,,,,,,,,,,,,,,,,,,,,,,,,,0.33,,,5.71,,,,,,,,,,,,,,,,,,,,,,,,,,,,,,,,,,,,,,,,,,,,,,,,,2022-11-03,,6.04,,pre-market,,,,,,,,,,,,,5.7793,,,,,,,,,,,,
2022-12-31,CI,,,,,,,,,,,,,,,,,,,,,,,,,,,,,,,,,,,,,,0.1,,,4.86,,,,,,,,,,,,,,,,,,,,,,,,,,,,,,,,,,,,,,,,,,,,,,,,,2023-02-03,,4.96,,pre-market,,,,,,,,,,,,,2.0576,,,,,,,,,,,,
2023-03-31,CI,,,,,,,,,,,,,,,,,,,,,,,,,,,,,,,,,,,,,,0.19,,,5.22,,,,,,,,,,,,,,,,,,,,,,,,,,,,,,,,,,,,,,,,,,,,,,,,,2023-05-05,,5.41,,pre-market,,,,,,,,,,,,,3.6398,,,,,,,,,,,,
2023-06-30,CI,,,,,,,,,,,,,,,,,,,,,,,,,,,,,,,,,,,,,,0.11,,,6.02,,,,,,,,,,,,,,,,,,,,,,,,,,,,,,,,,,,,,,,,,,,,,,,,,2023-08-03,,6.13,,pre-market,,,,,,,,,,,,,1.8272,,,,,,,,,,,,
2023-09-30,CI,,,,,,,,,,,,,,,,,,,,,,,,,,,,,,,,,,,,,,0.1,,,6.67,,,,,,,,,,,,,,,,,,,,,,,,,,,,,,,,,,,,,,,,,,,,,,,,,2023-11-02,,6.77,,pre-market,,,,,,,,,,,,,1.4993,,,,,,,,,,,,
2023-12-31,CI,,,,,,,,,,,,,,,,,,,,,,,,,,,,,,,,,,,,,,0.25,,,6.54,,,,,,,,,,,,,,,,,,,,,,,,,,,,,,,,,,,,,,,,,,,,,,,,,2024-02-02,,6.79,,pre-market,,,,,,,,,,,,,3.8226,,,,,,,,,,,,
2024-03-31,CI,,,,,,,,,,,,,,,,,,,,,,,,,,,,,,,,,,,,,,0.25,,,6.22,,,,,,,,,,,,,,,,,,,,,,,,,,,,,,,,,,,,,,,,,,,,,,,,,2024-05-02,,6.47,,pre-market,,,,,,,,,,,,,4.0193,,,,,,,,,,,,
2024-06-30,CI,,,,,,,,,,,,,,,,,,,,,,,,,,,,,,,,,,,,,,0.31,,,6.41,,,,,,,,,,,,,,,,,,,,,,,,,,,,,,,,,,,,,,,,,,,,,,,,,2024-08-01,,6.72,,pre-market,,,,,,,,,,,,,4.8362,,,,,,,,,,,,
2024-09-30,CI,,,,,,,,,,,,,,,,,,,,,,,,,,,,,,,,,,,,,,0.26,,,7.25,,,,,,,,,,,,,,,,,,,,,,,,,,,,,,,,,,,,,,,,,,,,,,,,,2024-10-31,,7.51,,pre-market,,,,,,,,,,,,,3.5862,,,,,,,,,,,,
2024-12-31,CI,,,,,,,,,,,,,,,,,,,,,,,,,,,,,,,,,,,,,,-1.18,,,7.82,,,,,,,,,,,,,,,,,,,,,,,,,,,,,,,,,,,,,,,,,,,,,,,,,2025-01-30,,6.64,,pre-market,,,,,,,,,,,,,-15.0895,,,,,,,,,,,,
2025-03-31,CI,,,,,,,,,,,,,,,,,,,,,,,,,,,,,,,,,,,,,,0.39,,,6.35,,,,,,,,,,,,,,,,,,,,,,,,,,,,,,,,,,,,,,,,,,,,,,,,,2025-05-02,,6.74,,pre-market,,,,,,,,,,,,,6.1417,,,,,,,,,,,,
2025-06-30,CI,,,,,,,,,,,,,,,,,,,,,,,,,,,,,,,,,,,,,,0.05,,,7.15,,,,,,,,,,,,,,,,,,,,,,,,,,,,,,,,,,,,,,,,,,,,,,,,,2025-07-31,,7.2,,pre-market,,,,,,,,,,,,,0.6993,,,,,,,,,,,,
2025-09-30,CI,,,,,,,,,,,,,,,,,,,,,,,,,,,,,,,,,,,,,,0.14,,,7.69,,,,,,,,,,,,,,,,,,,,,,,,,,,,,,,,,,,,,,,,,,,,,,,,,2025-10-30,,7.83,,pre-market,,,,,,,,,,,,,1.8205,,,,,,,,,,,,
2025-12-28,CI,22.59,268077007000.0,12.24,,0.263,156.81,,,,,,,,,,,,,,,,,,,,,,,,,,5.93,0.0216,,,,1.654,0.14,,,7.69,,9.07,,25604999000.0,,,,,,,,,,,,,,,,,,,0.04,,,,,,,,,,,,,0.557,1.767,0.276,,,,,,,,0.0229,,,2025-10-30,,7.83,,pre-market,,,0.0395,0.155,0.095,994.66,,,,,301.16,276.34,1.8205,,,,,,,,,12.24,,344.64,238.17
2025-12-28,CI,22.59,268077007000.0,12.24,,0.263,156.81,,,,,,,,,,,,,,,None,63808000000,63808000000,,,,,,None,697000000,,5.93,0.0216,,,,1.654,0.14,2642000000,3339000000,7.69,2025-09-30,9.07,,25604999000.0,5940000000,2295000000,322000000,,,None,347000000,321000000,,None,,,,,1868000000,1973000000,-347000000,None,0.04,,3362000000,2578000000,,,,,None,,,,,0.557,1.767,0.276,,,,,,,,0.0229,,,2025-10-30,quarterly,7.83,USD,pre-market,None,,0.0395,0.155,0.095,994.66,3362000000,,,,301.16,276.34,1.8205,,,,,,,69748000000,,12.24,,344.64,238.17
2025-12-28,CI,22.59,268077007000.0,12.24,,0.263,156.81,,,,,,,,,,,,,,,None,59344000000,59344000000,,,,,,None,682000000,,5.93,0.0216,,,,1.654,0.14,2358000000,3040000000,7.69,2025-06-30,9.07,,25604999000.0,7886000000,2021000000,389000000,,,None,337000000,285000000,,None,,,,,1532000000,1632000000,-337000000,None,0.04,,5454000000,2432000000,,,,,None,,,,,0.557,1.767,0.276,,,,,,,,0.0229,,,2025-10-30,quarterly,7.83,USD,pre-market,None,,0.0395,0.155,0.095,994.66,3433000000,,,,301.16,276.34,1.8205,,,,,,,67230000000,,12.24,,344.64,238.17
2025-12-28,CI,22.59,268077007000.0,12.24,,0.263,156.81,,,,,,,,,,,,,,,None,58896000000,58896000000,,,,,,None,674000000,,5.93,0.0216,,,,1.654,0.14,2385000000,3059000000,7.69,2025-03-31,9.07,,25604999000.0,6606000000,1648000000,239000000,,,None,362000000,364000000,,None,,,,,1323000000,1409000000,-362000000,None,0.04,,4635000000,1971000000,,,,,None,,,,,0.557,1.767,0.276,,,,,,,,0.0229,,,2025-10-30,quarterly,7.83,USD,pre-market,None,,0.0395,0.155,0.095,994.66,4213000000,,,,301.16,276.34,1.8205,,,,,,,65502000000,,12.24,,344.64,238.17
2025-12-28,CI,22.59,268077007000.0,12.24,,0.263,156.81,,,,,,,,,,,,,,,None,59187000000,59187000000,,,,,,None,646000000,,5.93,0.0216,,,,1.654,0.14,2295000000,2941000000,7.69,2024-12-31,9.07,,25604999000.0,6462000000,2009000000,473000000,,,None,362000000,294000000,,None,,,,,1424000000,1536000000,-362000000,None,0.04,,4289000000,2173000000,,,,,None,,,,,0.557,1.767,0.276,,,,,,,,0.0229,,,2025-10-30,quarterly,7.83,USD,pre-market,None,,0.0395,0.155,0.095,994.66,3865000000,,,,301.16,276.34,1.8205,,,,,,,65649000000,,12.24,,344.64,238.17
2025-12-28,CI,22.59,268077007000.0,12.24,,0.263,156.81,,,,,,,,,,,,,,,None,57092000000,57092000000,,,,,,None,650000000,,5.93,0.0216,,,,1.654,0.14,2644000000,3294000000,7.69,2024-09-30,9.07,,25604999000.0,6602000000,1192000000,367000000,,,None,376000000,1115000000,,None,,,,,739000000,825000000,-376000000,None,0.04,,4026000000,2576000000,,,,,None,,,,,0.557,1.767,0.276,,,,,,,,0.0229,,,2025-10-30,quarterly,7.83,USD,pre-market,None,,0.0395,0.155,0.095,994.66,3590000000,,,,301.16,276.34,1.8205,,,,,,,63694000000,,12.24,,344.64,238.17
2025-12-28,CI,22.59,268077007000.0,12.24,,0.263,156.81,,,,,,,,,,,,,,,None,54007000000,54007000000,,,,,,None,738000000,,5.93,0.0216,,,,1.654,0.14,2468000000,3206000000,7.69,2024-06-30,9.07,,25604999000.0,6516000000,1989000000,360000000,,,None,375000000,None,,None,,,,,1548000000,1629000000,-375000000,None,0.04,,4104000000,2412000000,,,,,None,,,,,0.557,1.767,0.276,,,,,,,,0.0229,,,2025-10-30,quarterly,7.83,USD,pre-market,None,,0.0395,0.155,0.095,994.66,3684000000,,,,301.16,276.34,1.8205,,,,,,,60523000000,,12.24,,344.64,238.17
2025-12-28,CI,22.59,268077007000.0,12.24,,0.263,156.81,,,,,,,,,,,,,,,None,50871000000,50871000000,,,,,,None,741000000,,5.93,0.0216,,,,1.654,0.14,2293000000,3034000000,7.69,2024-03-31,9.07,,25604999000.0,6384000000,79000000,291000000,,,None,322000000,None,,None,,,,,-277000000,-212000000,-322000000,None,0.04,,4128000000,2256000000,,,,,None,,,,,0.557,1.767,0.276,,,,,,,,0.0229,,,2025-10-30,quarterly,7.83,USD,pre-market,None,,0.0395,0.155,0.095,994.66,3705000000,,,,301.16,276.34,1.8205,,,,,,,57255000000,,12.24,,344.64,238.17
2025-12-28,CI,22.59,268077007000.0,12.24,,0.263,156.81,,,,,,,,,,,,,,,None,44541000000,44541000000,,,,,,None,765000000,,5.93,0.0216,,,,1.654,0.14,2372000000,3137000000,7.69,2023-12-31,9.07,,25604999000.0,6573000000,188000000,-919000000,,,None,360000000,None,,None,,,,,1029000000,1107000000,-360000000,None,0.04,,4513000000,2060000000,,,,,None,,,,,0.557,1.767,0.276,,,,,,,,0.0229,,,2025-10-30,quarterly,7.83,USD,pre-market,None,,0.0395,0.155,0.095,994.66,4062000000,,,,301.16,276.34,1.8205,,,,,,,51114000000,,12.24,,344.64,238.17
2025-12-28,CI,22.59,268077007000.0,12.24,,0.263,156.81,,,,,,,,,,,,,,,None,42566000000,42566000000,,,,,,None,766000000,,5.93,0.0216,,,,1.654,0.14,2443000000,3209000000,7.69,2023-09-30,9.07,,25604999000.0,6482000000,1840000000,391000000,,,None,365000000,379000000,,None,,,,,1408000000,1449000000,-365000000,None,0.04,,4242000000,2240000000,,,,,None,,,,,0.557,1.767,0.276,,,,,,,,0.0229,,,2025-10-30,quarterly,7.83,USD,pre-market,None,,0.0395,0.155,0.095,994.66,3788000000,,,,301.16,276.34,1.8205,,,,,,,49048000000,,12.24,,344.64,238.17
2025-12-28,CI,22.59,268077007000.0,12.24,,0.263,156.81,,,,,,,,,,,,,,,None,42476000000,42476000000,,,,,,None,755000000,,5.93,0.0216,,,,1.654,0.14,2216000000,2971000000,7.69,2023-06-30,9.07,,25604999000.0,6110000000,1884000000,374000000,,,None,363000000,337000000,,None,,,,,1460000000,1510000000,-363000000,None,0.04,,3889000000,2221000000,,,,,-363000000,,,,,0.557,1.767,0.276,,,,,,,,0.0229,,,2025-10-30,quarterly,7.83,USD,pre-market,None,,0.0395,0.155,0.095,994.66,3434000000,,,,301.16,276.34,1.8205,,,,,,,48586000000,,12.24,,344.64,238.17
2025-12-28,CI,22.59,268077007000.0,12.24,,0.263,156.81,,,,,,,,,,,,,,,None,40505000000,40505000000,,,,,,None,749000000,,5.93,0.0216,,,,1.654,0.14,2003000000,2752000000,7.69,2023-03-31,9.07,,25604999000.0,6012000000,1601000000,295000000,,,None,358000000,358000000,,None,,,,,1267000000,1306000000,-358000000,None,0.04,,3997000000,2015000000,,,,,-358000000,,,,,0.557,1.767,0.276,,,,,,,,0.0229,,,2025-10-30,quarterly,7.83,USD,pre-market,None,,0.0395,0.155,0.095,994.66,3538000000,,,,301.16,276.34,1.8205,,,,,,,46517000000,,12.24,,344.64,238.17
2025-12-28,CI,22.59,268077007000.0,12.24,,0.263,156.81,,,,,,,,,,,,,,,None,32206000000,32206000000,,,,,,None,735000000,,5.93,0.0216,,,,1.654,0.14,1623000000,2358000000,7.69,2022-12-31,9.07,,25604999000.0,45743000000,1328000000,130000000,,,None,324000000,324000000,,None,,,,,1169000000,1169000000,-324000000,None,0.04,,9930000000,1725000000,,,,,-397000000,,,,,0.557,1.767,0.276,,,,,,,,0.0229,,,2025-10-30,quarterly,7.83,USD,pre-market,None,,0.0395,0.155,0.095,994.66,3460000000,,,,301.16,276.34,1.8205,,,,,,,45751000000,,12.24,,344.64,238.17
2025-12-28,CI,22.59,268077007000.0,12.24,,0.263,156.81,,,,,,,,,,,,,,,None,39528000000,39528000000,,,,,,None,726000000,,5.93,0.0216,,,,1.654,0.14,2149000000,2875000000,7.69,2022-09-30,9.07,,25604999000.0,5753000000,3491000000,713000000,,,None,304000000,304000000,,None,,,,,2757000000,2778000000,-304000000,None,0.04,,3611000000,2142000000,,,,,1431000000,,,,,0.557,1.767,0.276,,,,,,,,0.0229,,,2025-10-30,quarterly,7.83,USD,pre-market,None,,0.0395,0.155,0.095,994.66,3124000000,,,,301.16,276.34,1.8205,,,,,,,45281000000,,12.24,,344.64,238.17
2025-12-28,CI,22.59,268077007000.0,12.24,,0.263,156.81,,,,,,,,,,,,,,,None,39342000000,39342000000,,,,,,None,759000000,,5.93,0.0216,,,,1.654,0.14,2384000000,3143000000,7.69,2022-06-30,9.07,,25604999000.0,6136000000,1981000000,411000000,,,None,301000000,301000000,,None,,,,,1557000000,1572000000,-301000000,None,0.04,,3765000000,2371000000,,,,,-301000000,,,,,0.557,1.767,0.276,,,,,,,,0.0229,,,2025-10-30,quarterly,7.83,USD,pre-market,None,,0.0395,0.155,0.095,994.66,3256000000,,,,301.16,276.34,1.8205,,,,,,,45478000000,,12.24,,344.64,238.17
2025-12-28,CI,22.59,268077007000.0,12.24,,0.263,156.81,,,,,,,,,,,,,,,None,38085000000,38085000000,,,,,,None,717000000,,5.93,0.0216,,,,1.654,0.14,2224000000,2941000000,7.69,2022-03-31,9.07,,25604999000.0,5921000000,1567000000,355000000,,,None,299000000,299000000,,None,,,,,1197000000,1198000000,-299000000,None,0.04,,3733000000,2188000000,,,,,-299000000,,,,,0.557,1.767,0.276,,,,,,,,0.0229,,,2025-10-30,quarterly,7.83,USD,pre-market,None,,0.0395,0.155,0.095,994.66,3299000000,,,,301.16,276.34,1.8205,,,,,,,44006000000,,12.24,,344.64,238.17
2025-12-28,CI,22.59,268077007000.0,12.24,,0.263,156.81,,,,,,,,,,,,,,,None,-94941000000,-94941000000,,,,,,None,743000000,,5.93,0.0216,,,,1.654,0.14,1588000000,2331000000,7.69,2021-12-31,9.07,,25604999000.0,45688000000,1312000000,179000000,,,None,293000000,293000000,,None,,,,,1116000000,1133000000,-293000000,None,0.04,,13030000000,1537000000,,,,,-293000000,,,,,0.557,1.767,0.276,,,,,,,,0.0229,,,2025-10-30,quarterly,7.83,USD,pre-market,None,,0.0395,0.155,0.095,994.66,3383000000,,,,301.16,276.34,1.8205,,,,,,,45768000000,,12.24,,344.64,238.17
2025-12-28,CI,22.59,268077007000.0,12.24,,0.263,156.81,,,,,,,,,,,,,,,None,38400000000,38400000000,,,,,,None,734000000,,5.93,0.0216,,,,1.654,0.14,2286000000,3020000000,7.69,2021-09-30,9.07,,25604999000.0,5888000000,2059000000,424000000,,,None,303000000,303000000,,None,,,,,1621000000,1635000000,-303000000,None,0.04,,3594000000,2294000000,,,,,-303000000,,,,,0.557,1.767,0.276,,,,,,,,0.0229,,,2025-10-30,quarterly,7.83,USD,pre-market,None,,0.0395,0.155,0.095,994.66,3080000000,,,,301.16,276.34,1.8205,,,,,,,44288000000,,12.24,,344.64,238.17
2025-12-28,CI,22.59,268077007000.0,12.24,,0.263,156.81,,,,,,,,,,,,,,,None,37485000000,37485000000,,,,,,None,731000000,,5.93,0.0216,,,,1.654,0.14,2143000000,2874000000,7.69,2021-06-30,9.07,,25604999000.0,5646000000,1898000000,422000000,,,None,298000000,298000000,,None,,,,,1467000000,1476000000,-298000000,None,0.04,,3499000000,2147000000,,,,,-308000000,,,,,0.557,1.767,0.276,,,,,,,,0.0229,,,2025-10-30,quarterly,7.83,USD,pre-market,None,,0.0395,0.155,0.095,994.66,2996000000,,,,301.16,276.34,1.8205,,,,,,,43131000000,,12.24,,344.64,238.17
2025-12-28,CI,22.59,268077007000.0,12.24,,0.263,156.81,,,,,,,,,,,,,,,None,35240000000,35240000000,,,,,,None,715000000,,5.93,0.0216,,,,1.654,0.14,1936000000,2651000000,7.69,2021-03-31,9.07,,25604999000.0,5731000000,1513000000,342000000,,,None,314000000,314000000,,None,,,,,1161000000,1171000000,-314000000,None,0.04,,3774000000,1957000000,,,,,-445000000,,,,,0.557,1.767,0.276,,,,,,,,0.0229,,,2025-10-30,quarterly,7.83,USD,pre-market,None,,0.0395,0.155,0.095,994.66,3279000000,,,,301.16,276.34,1.8205,,,,,,,40971000000,,12.24,,344.64,238.17
2025-12-28,CI,22.59,268077007000.0,12.24,,0.263,156.81,,,,,,,,,,,,,,,None,35906000000,35906000000,,,,,,None,713000000,,5.93,0.0216,,,,1.654,0.14,1517000000,2230000000,7.69,2020-12-31,9.07,,25604999000.0,5806000000,5378000000,1236000000,,,None,337000000,337000000,,None,,,,,4135000000,4142000000,-337000000,None,0.04,,4461000000,1345000000,,,,,3866000000,,,,,0.557,1.767,0.276,,,,,,,,0.0229,,,2025-10-30,quarterly,7.83,USD,pre-market,None,,0.0395,0.155,0.095,994.66,3398000000,,,,301.16,276.34,1.8205,,,,,,,41712000000,,12.24,,344.64,238.17
2025-12-28,CI,22.59,268077007000.0,12.24,,0.263,156.81,,,,,,,,,,,,,,,None,35053000000,35053000000,,,,,,None,702000000,,5.93,0.0216,,,,1.654,0.14,2101000000,2803000000,7.69,2020-09-30,9.07,,25604999000.0,5902000000,1804000000,406000000,,,None,336000000,336000000,,None,,,,,1388000000,1398000000,-336000000,None,0.04,,3794000000,2108000000,,,,,-336000000,,,,,0.557,1.767,0.276,,,,,,,,0.0229,,,2025-10-30,quarterly,7.83,USD,pre-market,None,,0.0395,0.155,0.095,994.66,3301000000,,,,301.16,276.34,1.8205,,,,,,,40955000000,,12.24,,344.64,238.17
2025-12-28,CI,22.59,268077007000.0,12.24,,0.263,156.81,,,,,,,,,,,,,,,None,32723000000,32723000000,,,,,,None,694000000,,5.93,0.0216,,,,1.654,0.14,2751000000,3445000000,7.69,2020-06-30,9.07,,25604999000.0,6542000000,2289000000,529000000,,,None,374000000,374000000,,None,,,,,1754000000,1760000000,-374000000,None,0.04,,3903000000,2639000000,,,,,-388000000,,,,,0.557,1.767,0.276,,,,,,,,0.0229,,,2025-10-30,quarterly,7.83,USD,pre-market,None,,0.0395,0.155,0.095,994.66,3407000000,,,,301.16,276.34,1.8205,,,,,,,39265000000,,12.24,,344.64,238.17
2025-12-28,CI,22.59,268077007000.0,12.24,,0.263,156.81,,,,,,,,,,,,,,,None,32512000000,32512000000,,,,,,None,693000000,,5.93,0.0216,,,,1.654,0.14,2196000000,2889000000,7.69,2020-03-31,9.07,,25604999000.0,5957000000,1397000000,208000000,,,None,391000000,391000000,,None,,,,,1181000000,1189000000,-391000000,None,0.04,,3896000000,2061000000,,,,,-576000000,,,,,0.557,1.767,0.276,,,,,,,,0.0229,,,2025-10-30,quarterly,7.83,USD,pre-market,None,,0.0395,0.155,0.095,994.66,3398000000,,,,301.16,276.34,1.8205,,,,,,,38469000000,,12.24,,344.64,238.17
2025-12-28,CI,22.59,268077007000.0,12.24,,0.263,156.81,,,,,,,,,,,,,,,None,31992000000,31992000000,,,,,,None,43000000,,5.93,0.0216,,,,1.654,0.14,1900000000,1943000000,7.69,2019-12-31,9.07,,25604999000.0,6253000000,1261000000,277000000,,,None,391000000,391000000,,None,,,,,977000000,984000000,-391000000,None,0.04,,4692000000,1561000000,,,,,None,,,,,0.557,1.767,0.276,,,,,,,,0.0229,,,2025-10-30,quarterly,7.83,USD,pre-market,None,,0.0395,0.155,0.095,994.66,3957000000,,,,301.16,276.34,1.8205,,,,,,,38245000000,,12.24,,344.64,238.17
2025-12-28,CI,22.59,268077007000.0,12.24,,0.263,156.81,,,,,,,,,,,,,,,None,32286000000,32286000000,,,,,,None,913000000,,5.93,0.0216,,,,1.654,0.14,2191000000,3104000000,7.69,2019-09-30,9.07,,25604999000.0,6270000000,1763000000,409000000,,,None,411000000,411000000,,None,,,,,1351000000,1354000000,-411000000,None,0.04,,4147000000,2123000000,,,,,-411000000,,,,,0.557,1.767,0.276,,,,,,,,0.0229,,,2025-10-30,quarterly,7.83,USD,pre-market,None,,0.0395,0.155,0.095,994.66,3413000000,,,,301.16,276.34,1.8205,,,,,,,38556000000,,12.24,,344.64,238.17
2025-12-28,CI,22.59,268077007000.0,12.24,,0.263,156.81,,,,,,,,,,,,,,,None,32539000000,32539000000,,,,,,None,914000000,,5.93,0.0216,,,,1.654,0.14,2383000000,3297000000,7.69,2019-06-30,9.07,,25604999000.0,6280000000,1758000000,348000000,,,None,428000000,428000000,,None,,,,,1408000000,1410000000,-428000000,None,0.04,,4117000000,2163000000,,,,,-428000000,,,,,0.557,1.767,0.276,,,,,,,,0.0229,,,2025-10-30,quarterly,7.83,USD,pre-market,None,,0.0395,0.155,0.095,994.66,3380000000,,,,301.16,276.34,1.8205,,,,,,,38819000000,,12.24,,344.64,238.17
2025-12-28,CI,22.59,268077007000.0,12.24,,0.263,156.81,,,,,,,,,,,,,,,None,31670000000,31670000000,,,,,,None,897000000,,5.93,0.0216,,,,1.654,0.14,2341000000,3238000000,7.69,2019-03-31,9.07,,25604999000.0,6276000000,1788000000,416000000,,,None,452000000,452000000,,None,,,,,1368000000,1372000000,-452000000,None,0.04,,4046000000,2230000000,,,,,-452000000,,,,,0.557,1.767,0.276,,,,,,,,0.0229,,,2025-10-30,quarterly,7.83,USD,pre-market,None,,0.0395,0.155,0.095,994.66,3303000000,,,,301.16,276.34,1.8205,,,,,,,37946000000,,12.24,,344.64,238.17
2025-12-28,CI,22.59,268077007000.0,12.24,,0.263,156.81,,,,,,,,,,,,,,,None,10125000000,10125000000,,,,,,None,248000000,,5.93,0.0216,,,,1.654,0.14,1257000000,1505000000,7.69,2018-12-31,9.07,,25604999000.0,4175000000,228000000,81000000,,,None,244000000,None,,None,,,,,144000000,147000000,None,None,0.04,,3616000000,559000000,,,,,None,,,,,0.557,1.767,0.276,,,,,,,,0.0229,,,2025-10-30,quarterly,7.83,USD,pre-market,0,,0.0395,0.155,0.095,994.66,11108000000,,,,301.16,276.34,1.8205,,,,,,,14300000000,,12.24,,344.64,238.17
2025-12-28,CI,22.59,268077007000.0,12.24,,0.263,156.81,,,,,,,,,,,,,,,None,7405000000,7405000000,,,,,,None,162000000,,5.93,0.0216,,,,1.654,0.14,1133000000,1295000000,7.69,2018-09-30,9.07,,25604999000.0,4052000000,1033000000,259000000,,,None,99000000,None,,None,,,,,772000000,774000000,None,None,0.04,,2920000000,1132000000,,,,,None,,,,,0.557,1.767,0.276,,,,,,,,0.0229,,,2025-10-30,quarterly,7.83,USD,pre-market,0,,0.0395,0.155,0.095,994.66,19000000,,,,301.16,276.34,1.8205,,,,,,,11457000000,,12.24,,344.64,238.17
2025-12-28,CI,22.59,268077007000.0,12.24,,0.263,156.81,,,,,,,,,,,,,,,None,7458000000,7458000000,,,,,,None,136000000,,5.93,0.0216,,,,1.654,0.14,1294000000,1430000000,7.69,2018-06-30,9.07,,25604999000.0,4022000000,1102000000,294000000,,,None,56000000,None,,None,,,,,806000000,808000000,None,None,0.04,,2861000000,1161000000,,,,,None,,,,,0.557,1.767,0.276,,,,,,,,0.0229,,,2025-10-30,quarterly,7.83,USD,pre-market,0,,0.0395,0.155,0.095,994.66,19000000,,,,301.16,276.34,1.8205,,,,,,,11480000000,,12.24,,344.64,238.17
2025-12-28,CI,22.59,268077007000.0,12.24,,0.263,156.81,,,,,,,,,,,,,,,None,7333000000,7333000000,,,,,,None,140000000,,5.93,0.0216,,,,1.654,0.14,1370000000,1510000000,7.69,2018-03-31,9.07,,25604999000.0,4080000000,1218000000,301000000,,,None,57000000,None,,None,,,,,915000000,917000000,None,None,0.04,,2772000000,1308000000,,,,,None,,,,,0.557,1.767,0.276,,,,,,,,0.0229,,,2025-10-30,quarterly,7.83,USD,pre-market,0,,0.0395,0.155,0.095,994.66,19000000,,,,301.16,276.34,1.8205,,,,,,,11413000000,,12.24,,344.64,238.17
2025-12-28,CI,22.59,268077007000.0,12.24,,0.263,156.81,,,,,,,,,,,,,,,None,7172000000,7172000000,,,,,,None,141000000,,5.93,0.0216,,,,1.654,0.14,1123000000,1264000000,7.69,2017-12-31,9.07,,25604999000.0,3246000000,758000000,491000000,,,None,60000000,None,,None,,,,,266000000,2321000000,None,None,0.04,,-696000000,3942000000,,,,,None,,,,,0.557,1.767,0.276,,,,,,,,0.0229,,,2025-10-30,quarterly,7.83,USD,pre-market,0,,0.0395,0.155,0.095,994.66,8819000000,,,,301.16,276.34,1.8205,,,,,,,10418000000,,12.24,,344.64,238.17
2025-12-28,CI,22.59,268077007000.0,12.24,,0.263,156.81,,,,,,,,,,,,,,,None,6799000000,6799000000,,,,,,None,139000000,,5.93,0.0216,,,,1.654,0.14,793000000,932000000,7.69,2017-09-30,9.07,,25604999000.0,3690000000,824000000,262000000,,,None,61000000,None,,None,,,,,560000000,880000000,None,None,0.04,,9665000000,3690000000,,,,,None,,,,,0.557,1.767,0.276,,,,,,,,0.0229,,,2025-10-30,quarterly,7.83,USD,pre-market,0,,0.0395,0.155,0.095,994.66,612000000,,,,301.16,276.34,1.8205,,,,,,,10489000000,,12.24,,344.64,238.17
2025-12-28,CI,22.59,268077007000.0,12.24,,0.263,156.81,,,,,,,,,,,,,,,None,6851000000,6851000000,,,,,,None,140000000,,5.93,0.0216,,,,1.654,0.14,1134000000,1274000000,7.69,2017-06-30,9.07,,25604999000.0,3574000000,1134000000,324000000,,,None,60000000,None,,None,,,,,813000000,-1562000000,None,None,0.04,,9291000000,3574000000,,,,,None,,,,,0.557,1.767,0.276,,,,,,,,0.0229,,,2025-10-30,quarterly,7.83,USD,pre-market,0,,0.0395,0.155,0.095,994.66,0,,,,301.16,276.34,1.8205,,,,,,,10425000000,,12.24,,344.64,238.17
2025-12-28,CI,22.59,268077007000.0,12.24,,0.263,156.81,,,,,,,,,,,,,,,None,6897000000,6897000000,,,,,,None,146000000,,5.93,0.0216,,,,1.654,0.14,900000000,1046000000,7.69,2017-03-31,9.07,,25604999000.0,3577000000,890000000,297000000,,,None,62000000,None,,None,,,,,598000000,593000000,None,None,0.04,,9584000000,3577000000,,,,,None,,,,,0.557,1.767,0.276,,,,,,,,0.0229,,,2025-10-30,quarterly,7.83,USD,pre-market,0,,0.0395,0.155,0.095,994.66,0,,,,301.16,276.34,1.8205,,,,,,,10474000000,,12.24,,344.64,238.17
2025-12-28,CI,22.59,268077007000.0,12.24,,0.263,156.81,,,,,,,,,,,,,,,None,6757000000,6757000000,,,,,,None,150000000,,5.93,0.0216,,,,1.654,0.14,1006000000,1156000000,7.69,2016-12-31,9.07,,25604999000.0,3187000000,605000000,231000000,,,None,63000000,None,,None,,,,,382000000,1358000000,None,None,0.04,,82000000,3105000000,,,,,None,,,,,0.557,1.767,0.276,,,,,,,,0.0229,,,2025-10-30,quarterly,7.83,USD,pre-market,0,,0.0395,0.155,0.095,994.66,8819000000,,,,301.16,276.34,1.8205,,,,,,,9944000000,,12.24,,344.64,238.17
2025-12-28,CI,22.59,268077007000.0,12.24,,0.263,156.81,,,,,,,,,,,,,,,None,6673000000,6673000000,,,,,,None,150000000,,5.93,0.0216,,,,1.654,0.14,764000000,914000000,7.69,2016-09-30,9.07,,25604999000.0,3207000000,742000000,290000000,,,None,63000000,None,,None,,,,,456000000,1524000000,None,None,0.04,,9138000000,3207000000,,,,,None,,,,,0.557,1.767,0.276,,,,,,,,0.0229,,,2025-10-30,quarterly,7.83,USD,pre-market,0,,0.0395,0.155,0.095,994.66,0,,,,301.16,276.34,1.8205,,,,,,,9880000000,,12.24,,344.64,238.17
2025-12-28,CI,22.59,268077007000.0,12.24,,0.263,156.81,,,,,,,,,,,,,,,None,6821000000,6821000000,,,,,,None,152000000,,5.93,0.0216,,,,1.654,0.14,891000000,1043000000,7.69,2016-06-30,9.07,,25604999000.0,3139000000,813000000,310000000,,,None,62000000,None,,None,,,,,510000000,-1553000000,None,None,0.04,,9147000000,3139000000,,,,,None,,,,,0.557,1.767,0.276,,,,,,,,0.0229,,,2025-10-30,quarterly,7.83,USD,pre-market,0,,0.0395,0.155,0.095,994.66,0,,,,301.16,276.34,1.8205,,,,,,,9960000000,,12.24,,344.64,238.17
2025-12-28,CI,22.59,268077007000.0,12.24,,0.263,156.81,,,,,,,,,,,,,,,None,6703000000,6703000000,,,,,,None,158000000,,5.93,0.0216,,,,1.654,0.14,819000000,977000000,7.69,2016-03-31,9.07,,25604999000.0,3181000000,819000000,305000000,,,None,63000000,None,,None,,,,,519000000,514000000,None,None,0.04,,9065000000,3181000000,,,,,None,,,,,0.557,1.767,0.276,,,,,,,,0.0229,,,2025-10-30,quarterly,7.83,USD,pre-market,0,,0.0395,0.155,0.095,994.66,0,,,,301.16,276.34,1.8205,,,,,,,9884000000,,12.24,,344.64,238.17
2025-12-28,CI,22.59,268077007000.0,12.24,,0.263,156.81,,,,,,,,,,,,,,,None,6453000000,6453000000,,,,,,None,134000000,,5.93,0.0216,,,,1.654,0.14,839000000,973000000,7.69,2015-12-31,9.07,,25604999000.0,3075000000,659000000,241000000,,,None,62000000,None,,None,,,,,426000000,2077000000,None,None,0.04,,92000000,2983000000,,,,,None,,,,,0.557,1.767,0.276,,,,,,,,0.0229,,,2025-10-30,quarterly,7.83,USD,pre-market,0,,0.0395,0.155,0.095,994.66,8819000000,,,,301.16,276.34,1.8205,,,,,,,9528000000,,12.24,,344.64,238.17
2025-12-28,CI,22.59,268077007000.0,12.24,,0.263,156.81,,,,,,,,,,,,,,,None,6301000000,6301000000,,,,,,None,149000000,,5.93,0.0216,,,,1.654,0.14,774000000,923000000,7.69,2015-09-30,9.07,,25604999000.0,3088000000,878000000,334000000,,,None,62000000,None,,None,,,,,547000000,0,None,None,0.04,,8511000000,3088000000,,,,,None,,,,,0.557,1.767,0.276,,,,,,,,0.0229,,,2025-10-30,quarterly,7.83,USD,pre-market,0,,0.0395,0.155,0.095,994.66,0,,,,301.16,276.34,1.8205,,,,,,,9389000000,,12.24,,344.64,238.17
2025-12-28,CI,22.59,268077007000.0,12.24,,0.263,156.81,,,,,,,,,,,,,,,None,6305000000,6305000000,,,,,,None,151000000,,5.93,0.0216,,,,1.654,0.14,936000000,1087000000,7.69,2015-06-30,9.07,,25604999000.0,3187000000,936000000,352000000,,,None,62000000,None,,None,,,,,588000000,0,None,None,0.04,,8556000000,3187000000,,,,,None,,,,,0.557,1.767,0.276,,,,,,,,0.0229,,,2025-10-30,quarterly,7.83,USD,pre-market,0,,0.0395,0.155,0.095,994.66,0,,,,301.16,276.34,1.8205,,,,,,,9492000000,,12.24,,344.64,238.17
2025-12-28,CI,22.59,268077007000.0,12.24,,0.263,156.81,,,,,,,,,,,,,,,None,6365000000,6365000000,,,,,,None,151000000,,5.93,0.0216,,,,1.654,0.14,854000000,1005000000,7.69,2015-03-31,9.07,,25604999000.0,3102000000,854000000,323000000,,,None,66000000,None,,None,,,,,533000000,0,None,None,0.04,,8613000000,3102000000,,,,,None,,,,,0.557,1.767,0.276,,,,,,,,0.0229,,,2025-10-30,quarterly,7.83,USD,pre-market,0,,0.0395,0.155,0.095,994.66,0,,,,301.16,276.34,1.8205,,,,,,,9467000000,,12.24,,344.64,238.17
2025-12-28,CI,22.59,268077007000.0,12.24,,0.263,156.81,,,,,,,,,,,,,,,None,5983000000,5983000000,,,,,,None,153000000,,5.93,0.0216,,,,1.654,0.14,732000000,885000000,7.69,2014-12-31,9.07,,25604999000.0,2945000000,732000000,270000000,,,None,69000000,None,,None,,,,,467000000,2094000000,None,None,0.04,,8196000000,2945000000,,,,,None,,,,,0.557,1.767,0.276,,,,,,,,0.0229,,,2025-10-30,quarterly,7.83,USD,pre-market,0,,0.0395,0.155,0.095,994.66,8819000000,,,,301.16,276.34,1.8205,,,,,,,8928000000,,12.24,,344.64,238.17
2025-12-28,CI,22.59,268077007000.0,12.24,,0.263,156.81,,,,,,,,,,,,,,,None,5859000000,5859000000,,,,,,None,146000000,,5.93,0.0216,,,,1.654,0.14,818000000,964000000,7.69,2014-09-30,9.07,,25604999000.0,2898000000,818000000,287000000,,,None,64000000,None,,None,,,,,534000000,0,None,None,0.04,,7939000000,2898000000,,,,,None,,,,,0.557,1.767,0.276,,,,,,,,0.0229,,,2025-10-30,quarterly,7.83,USD,pre-market,0,,0.0395,0.155,0.095,994.66,0,,,,301.16,276.34,1.8205,,,,,,,8757000000,,12.24,,344.64,238.17
2025-12-28,CI,22.59,268077007000.0,12.24,,0.263,156.81,,,,,,,,,,,,,,,None,5788000000,5788000000,,,,,,None,139000000,,5.93,0.0216,,,,1.654,0.14,848000000,987000000,7.69,2014-06-30,9.07,,25604999000.0,2945000000,901000000,329000000,,,None,65000000,None,,None,,,,,573000000,0,None,None,0.04,,7832000000,2945000000,,,,,None,,,,,0.557,1.767,0.276,,,,,,,,0.0229,,,2025-10-30,quarterly,7.83,USD,pre-market,0,,0.0395,0.155,0.095,994.66,0,,,,301.16,276.34,1.8205,,,,,,,8733000000,,12.24,,344.64,238.17
2025-12-28,CI,22.59,268077007000.0,12.24,,0.263,156.81,,,,,,,,,,,,,,,None,5611000000,5611000000,,,,,,None,150000000,,5.93,0.0216,,,,1.654,0.14,853000000,1003000000,7.69,2014-03-31,9.07,,25604999000.0,2885000000,853000000,324000000,,,None,67000000,None,,None,,,,,528000000,0,None,None,0.04,,7643000000,2885000000,,,,,None,,,,,0.557,1.767,0.276,,,,,,,,0.0229,,,2025-10-30,quarterly,7.83,USD,pre-market,0,,0.0395,0.155,0.095,994.66,0,,,,301.16,276.34,1.8205,,,,,,,8496000000,,12.24,,344.64,238.17
2025-12-28,CI,22.59,268077007000.0,12.24,,0.263,156.81,,,,,,,,,,,,,,,None,7336000000,7336000000,,,,,,None,152000000,,5.93,0.0216,,,,1.654,0.14,597000000,749000000,7.69,2013-12-31,9.07,,25604999000.0,8151000000,536000000,176000000,,,None,67000000,None,,None,,,,,361000000,0,None,None,0.04,,7615000000,8112000000,,,,,None,,,,,0.557,1.767,0.276,,,,,,,,0.0229,,,2025-10-30,quarterly,7.83,USD,pre-market,0,,0.0395,0.155,0.095,994.66,2030000000,,,,301.16,276.34,1.8205,,,,,,,8112000000,,12.24,,344.64,238.17
2025-12-28,CI,22.59,268077007000.0,12.24,,0.263,156.81,,,,,,,,,,,,,,,None,7053000000,7053000000,,,,,,None,146000000,,5.93,0.0216,,,,1.654,0.14,799000000,945000000,7.69,2013-09-30,9.07,,25604999000.0,8066000000,799000000,246000000,,,None,68000000,None,,None,,,,,553000000,0,None,None,0.04,,7267000000,8066000000,,,,,None,,,,,0.557,1.767,0.276,,,,,,,,0.0229,,,2025-10-30,quarterly,7.83,USD,pre-market,0,,0.0395,0.155,0.095,994.66,0,,,,301.16,276.34,1.8205,,,,,,,8066000000,,12.24,,344.64,238.17
2025-12-28,CI,22.59,268077007000.0,12.24,,0.263,156.81,,,,,,,,,,,,,,,None,6959000000,6959000000,,,,,,None,-835000000,,5.93,0.0216,,,,1.654,0.14,766000000,-69000000,7.69,2013-06-30,9.07,,25604999000.0,7980000000,767000000,261000000,,,None,68000000,None,,None,,,,,505000000,0,None,None,0.04,,7145000000,835000000,,,,,None,,,,,0.557,1.767,0.276,,,,,,,,0.0229,,,2025-10-30,quarterly,7.83,USD,pre-market,0,,0.0395,0.155,0.095,994.66,0,,,,301.16,276.34,1.8205,,,,,,,7980000000,,12.24,,344.64,238.17
2025-12-28,CI,22.59,268077007000.0,12.24,,0.263,156.81,,,,,,,,,,,,,,,None,7034000000,7034000000,,,,,,None,-897000000,,5.93,0.0216,,,,1.654,0.14,72000000,-825000000,7.69,2013-03-31,9.07,,25604999000.0,8183000000,74000000,15000000,,,None,67000000,None,,None,,,,,57000000,0,None,None,0.04,,8081000000,897000000,,,,,None,,,,,0.557,1.767,0.276,,,,,,,,0.0229,,,2025-10-30,quarterly,7.83,USD,pre-market,0,,0.0395,0.155,0.095,994.66,0,,,,301.16,276.34,1.8205,,,,,,,8222000000,,12.24,,344.64,238.17
2025-12-28,CI,22.59,268077007000.0,12.24,,0.263,156.81,,,,,,,,,,,,,,,None,6676000000,6676000000,,,,,,None,-739000000,,5.93,0.0216,,,,1.654,0.14,618000000,-121000000,7.69,2012-12-31,9.07,,25604999000.0,7524000000,619000000,212000000,,,None,67000000,None,,None,,,,,406000000,0,None,None,0.04,,6934000000,739000000,,,,,None,,,,,0.557,1.767,0.276,,,,,,,,0.0229,,,2025-10-30,quarterly,7.83,USD,pre-market,0,,0.0395,0.155,0.095,994.66,0,,,,301.16,276.34,1.8205,,,,,,,7620000000,,12.24,,344.64,238.17
2025-12-28,CI,22.59,268077007000.0,12.24,,0.263,156.81,,,,,,,,,,,,,,,None,6312000000,6312000000,,,,,,None,136000000,,5.93,0.0216,,,,1.654,0.14,786000000,650000000,7.69,2012-09-30,9.07,,25604999000.0,7376000000,718000000,252000000,,,None,68000000,None,,None,,,,,466000000,0,None,None,0.04,,6537000000,718000000,,,,,None,,,,,0.557,1.767,0.276,,,,,,,,0.0229,,,2025-10-30,quarterly,7.83,USD,pre-market,0,,0.0395,0.155,0.095,994.66,1829000000,,,,301.16,276.34,1.8205,,,,,,,7323000000,,12.24,,344.64,238.17
2025-12-28,CI,22.59,268077007000.0,12.24,,0.263,156.81,,,,,,,,,,,,,,,None,6623000000,6623000000,,,,,,None,144000000,,5.93,0.0216,,,,1.654,0.14,655000000,799000000,7.69,2012-06-30,9.07,,25604999000.0,7335000000,588000000,208000000,,,None,67000000,None,,None,,,,,380000000,0,None,None,0.04,,6747000000,588000000,,,,,None,,,,,0.557,1.767,0.276,,,,,,,,0.0229,,,2025-10-30,quarterly,7.83,USD,pre-market,0,,0.0395,0.155,0.095,994.66,0,,,,301.16,276.34,1.8205,,,,,,,7335000000,,12.24,,344.64,238.17
2025-12-28,CI,22.59,268077007000.0,12.24,,0.263,156.81,,,,,,,,,,,,,,,None,5949000000,5949000000,,,,,,None,126000000,,5.93,0.0216,,,,1.654,0.14,618000000,744000000,7.69,2012-03-31,9.07,,25604999000.0,6821000000,552000000,181000000,,,None,66000000,None,,None,,,,,371000000,0,None,None,0.04,,6269000000,552000000,,,,,None,,,,,0.557,1.767,0.276,,,,,,,,0.0229,,,2025-10-30,quarterly,7.83,USD,pre-market,0,,0.0395,0.155,0.095,994.66,0,,,,301.16,276.34,1.8205,,,,,,,6821000000,,12.24,,344.64,238.17
2025-12-28,CI,22.59,268077007000.0,12.24,,0.263,156.81,,,,,,,,,,,,,,,None,4712000000,4712000000,,,,,,None,93000000,,5.93,0.0216,,,,1.654,0.14,516000000,609000000,7.69,2011-12-31,9.07,,25604999000.0,5463000000,455000000,165000000,,,None,61000000,None,,None,,,,,290000000,0,None,None,0.04,,5008000000,455000000,,,,,None,,,,,0.557,1.767,0.276,,,,,,,,0.0229,,,2025-10-30,quarterly,7.83,USD,pre-market,0,,0.0395,0.155,0.095,994.66,0,,,,301.16,276.34,1.8205,,,,,,,5463000000,,12.24,,344.64,238.17
2025-12-28,CI,22.59,268077007000.0,12.24,,0.263,156.81,,,,,,,,,,,,,,,None,5202000000,5202000000,,,,,,None,86000000,,5.93,0.0216,,,,1.654,0.14,322000000,408000000,7.69,2011-09-30,9.07,,25604999000.0,5386000000,273000000,90000000,,,None,49000000,None,,None,,,,,183000000,0,None,None,0.04,,5113000000,273000000,,,,,None,,,,,0.557,1.767,0.276,,,,,,,,0.0229,,,2025-10-30,quarterly,7.83,USD,pre-market,0,,0.0395,0.155,0.095,994.66,1448000000,,,,301.16,276.34,1.8205,,,,,,,5386000000,,12.24,,344.64,238.17
2025-12-28,CI,22.59,268077007000.0,12.24,,0.263,156.81,,,,,,,,,,,,,,,None,4784000000,4784000000,,,,,,None,83000000,,5.93,0.0216,,,,1.654,0.14,640000000,723000000,7.69,2011-06-30,9.07,,25604999000.0,5507000000,592000000,201000000,,,None,48000000,None,,None,,,,,391000000,0,None,None,0.04,,4915000000,592000000,,,,,None,,,,,0.557,1.767,0.276,,,,,,,,0.0229,,,2025-10-30,quarterly,7.83,USD,pre-market,0,,0.0395,0.155,0.095,994.66,1383000000,,,,301.16,276.34,1.8205,,,,,,,5507000000,,12.24,,344.64,238.17
2025-12-28,CI,22.59,268077007000.0,12.24,,0.263,156.81,,,,,,,,,,,,,,,None,4705000000,4705000000,,,,,,None,83000000,,5.93,0.0216,,,,1.654,0.14,623000000,706000000,7.69,2011-03-31,9.07,,25604999000.0,5411000000,579000000,165000000,,,None,44000000,None,,None,,,,,413000000,0,None,None,0.04,,4832000000,579000000,,,,,None,,,,,0.557,1.767,0.276,,,,,,,,0.0229,,,2025-10-30,quarterly,7.83,USD,pre-market,0,,0.0395,0.155,0.095,994.66,1482000000,,,,301.16,276.34,1.8205,,,,,,,5411000000,,12.24,,344.64,238.17
2025-12-28,CI,22.59,268077007000.0,12.24,,0.263,156.81,,,,,,,,,,,,,,,None,4659000000,4659000000,,,,,,None,88000000,,5.93,0.0216,,,,1.654,0.14,456000000,544000000,7.69,2010-12-31,9.07,,25604999000.0,5429000000,545000000,83000000,,,None,47000000,None,,None,,,,,461000000,0,None,None,0.04,,4884000000,545000000,,,,,None,,,,,0.557,1.767,0.276,,,,,,,,0.0229,,,2025-10-30,quarterly,7.83,USD,pre-market,0,,0.0395,0.155,0.095,994.66,0,,,,301.16,276.34,1.8205,,,,,,,5429000000,,12.24,,344.64,238.17
2025-12-28,CI,22.59,268077007000.0,12.24,,0.263,156.81,,,,,,,,,,,,,,,None,4679000000,4679000000,,,,,,None,76000000,,5.93,0.0216,,,,1.654,0.14,511000000,587000000,7.69,2010-09-30,9.07,,25604999000.0,5266000000,464000000,156000000,,,None,47000000,None,,None,,,,,307000000,0,None,None,0.04,,4802000000,464000000,,,,,None,,,,,0.557,1.767,0.276,,,,,,,,0.0229,,,2025-10-30,quarterly,7.83,USD,pre-market,0,,0.0395,0.155,0.095,994.66,1402000000,,,,301.16,276.34,1.8205,,,,,,,5266000000,,12.24,,344.64,238.17
2025-12-28,CI,22.59,268077007000.0,12.24,,0.263,156.81,,,,,,,,,,,,,,,None,4802000000,4802000000,,,,,,None,67000000,,5.93,0.0216,,,,1.654,0.14,527000000,594000000,7.69,2010-06-30,9.07,,25604999000.0,5353000000,439000000,144000000,,,None,88000000,None,,None,,,,,294000000,0,None,None,0.04,,4914000000,439000000,,,,,None,,,,,0.557,1.767,0.276,,,,,,,,0.0229,,,2025-10-30,quarterly,7.83,USD,pre-market,0,,0.0395,0.155,0.095,994.66,1405000000,,,,301.16,276.34,1.8205,,,,,,,5353000000,,12.24,,344.64,238.17
2025-12-28,CI,22.59,268077007000.0,12.24,,0.263,156.81,,,,,,,,,,,,,,,None,4679000000,4679000000,,,,,,None,61000000,,5.93,0.0216,,,,1.654,0.14,360000000,421000000,7.69,2010-03-31,9.07,,25604999000.0,5205000000,422000000,138000000,,,None,43000000,None,,None,,,,,283000000,0,None,None,0.04,,4783000000,422000000,,,,,None,,,,,0.557,1.767,0.276,,,,,,,,0.0229,,,2025-10-30,quarterly,7.83,USD,pre-market,0,,0.0395,0.155,0.095,994.66,1414000000,,,,301.16,276.34,1.8205,,,,,,,5205000000,,12.24,,344.64,238.17
2025-12-28,CI,22.59,268077007000.0,12.24,,0.263,156.81,,,,,,,,,,,,,,,None,4003000000,4003000000,,,,,,None,61000000,,5.93,0.0216,,,,1.654,0.14,446000000,507000000,7.69,2009-12-31,9.07,,25604999000.0,4636000000,508000000,177000000,,,None,44000000,None,,None,,,,,330000000,0,None,None,0.04,,4128000000,508000000,,,,,None,,,,,0.557,1.767,0.276,,,,,,,,0.0229,,,2025-10-30,quarterly,7.83,USD,pre-market,0,,0.0395,0.155,0.095,994.66,0,,,,301.16,276.34,1.8205,,,,,,,4636000000,,12.24,,344.64,238.17
2025-12-28,CI,22.59,268077007000.0,12.24,,0.263,156.81,,,,,,,,,,,,,,,None,3915000000,3915000000,,,,,,None,62000000,,5.93,0.0216,,,,1.654,0.14,486000000,548000000,7.69,2009-09-30,9.07,,25604999000.0,4517000000,487000000,157000000,,,None,43000000,None,,None,,,,,329000000,0,None,None,0.04,,4030000000,487000000,,,,,None,,,,,0.557,1.767,0.276,,,,,,,,0.0229,,,2025-10-30,quarterly,7.83,USD,pre-market,0,,0.0395,0.155,0.095,994.66,1342000000,,,,301.16,276.34,1.8205,,,,,,,4517000000,,12.24,,344.64,238.17
2025-12-28,CI,22.59,268077007000.0,12.24,,0.263,156.81,,,,,,,,,,,,,,,None,3773000000,3773000000,,,,,,None,76000000,,5.93,0.0216,,,,1.654,0.14,630000000,706000000,7.69,2009-06-30,9.07,,25604999000.0,4488000000,630000000,195000000,,,None,41000000,None,,None,,,,,435000000,0,None,None,0.04,,3858000000,630000000,,,,,None,,,,,0.557,1.767,0.276,,,,,,,,0.0229,,,2025-10-30,quarterly,7.83,USD,pre-market,0,,0.0395,0.155,0.095,994.66,1330000000,,,,301.16,276.34,1.8205,,,,,,,4488000000,,12.24,,344.64,238.17
2025-12-28,CI,22.59,268077007000.0,12.24,,0.263,156.81,,,,,,,,,,,,,,,None,4384000000,4384000000,,,,,,None,69000000,,5.93,0.0216,,,,1.654,0.14,273000000,342000000,7.69,2009-03-31,9.07,,25604999000.0,4773000000,273000000,65000000,,,None,38000000,None,,None,,,,,208000000,0,None,None,0.04,,4500000000,273000000,,,,,None,,,,,0.557,1.767,0.276,,,,,,,,0.0229,,,2025-10-30,quarterly,7.83,USD,pre-market,0,,0.0395,0.155,0.095,994.66,1392000000,,,,301.16,276.34,1.8205,,,,,,,4773000000,,12.24,,344.64,238.17
2025-12-28,CI,22.59,268077007000.0,12.24,,0.263,156.81,,,,,,,,,,,,,,,None,4997000000,4997000000,,,,,,None,63000000,,5.93,0.0216,,,,1.654,0.14,-402000000,-339000000,7.69,2008-12-31,9.07,,25604999000.0,4817000000,-340000000,-130000000,,,None,40000000,None,,None,,,,,-209000000,0,None,None,0.04,,5157000000,-340000000,,,,,None,,,,,0.557,1.767,0.276,,,,,,,,0.0229,,,2025-10-30,quarterly,7.83,USD,pre-market,0,,0.0395,0.155,0.095,994.66,0,,,,301.16,276.34,1.8205,,,,,,,4817000000,,12.24,,344.64,238.17
2025-12-28,CI,22.59,268077007000.0,12.24,,0.263,156.81,,,,,,,,,,,,,,,None,4517000000,4517000000,,,,,,None,64000000,,5.93,0.0216,,,,1.654,0.14,233000000,297000000,7.69,2008-09-30,9.07,,25604999000.0,4852000000,233000000,62000000,,,None,38000000,None,,None,,,,,171000000,0,None,None,0.04,,4620000000,232000000,,,,,None,,,,,0.557,1.767,0.276,,,,,,,,0.0229,,,2025-10-30,quarterly,7.83,USD,pre-market,0,,0.0395,0.155,0.095,994.66,0,,,,301.16,276.34,1.8205,,,,,,,4852000000,,12.24,,344.64,238.17
2025-12-28,CI,22.59,268077007000.0,12.24,,0.263,156.81,,,,,,,,,,,,,,,None,4269000000,4269000000,,,,,,None,64000000,,5.93,0.0216,,,,1.654,0.14,348000000,412000000,7.69,2008-06-30,9.07,,25604999000.0,4863000000,413000000,140000000,,,None,37000000,None,,None,,,,,272000000,0,None,None,0.04,,4450000000,413000000,,,,,None,,,,,0.557,1.767,0.276,,,,,,,,0.0229,,,2025-10-30,quarterly,7.83,USD,pre-market,0,,0.0395,0.155,0.095,994.66,0,,,,301.16,276.34,1.8205,,,,,,,4863000000,,12.24,,344.64,238.17
2025-12-28,CI,22.59,268077007000.0,12.24,,0.263,156.81,,,,,,,,,,,,,,,None,4374000000,4374000000,,,,,,None,53000000,,5.93,0.0216,,,,1.654,0.14,23000000,76000000,7.69,2008-03-31,9.07,,25604999000.0,4569000000,74000000,18000000,,,None,31000000,None,,None,,,,,58000000,0,None,None,0.04,,4495000000,74000000,,,,,None,,,,,0.557,1.767,0.276,,,,,,,,0.0229,,,2025-10-30,quarterly,7.83,USD,pre-market,0,,0.0395,0.155,0.095,994.66,0,,,,301.16,276.34,1.8205,,,,,,,4569000000,,12.24,,344.64,238.17
2025-12-28,CI,22.59,268077007000.0,12.24,,0.263,156.81,,,,,,,,,,,,,,,None,3989000000,3989000000,,,,,,None,47000000,,5.93,0.0216,,,,1.654,0.14,341000000,388000000,7.69,2007-12-31,9.07,,25604999000.0,4455000000,388000000,125000000,,,None,31000000,None,,None,,,,,263000000,0,None,None,0.04,,4067000000,388000000,,,,,None,,,,,0.557,1.767,0.276,,,,,,,,0.0229,,,2025-10-30,quarterly,7.83,USD,pre-market,0,,0.0395,0.155,0.095,994.66,0,,,,301.16,276.34,1.8205,,,,,,,4455000000,,12.24,,344.64,238.17
2025-12-28,CI,22.59,268077007000.0,12.24,,0.263,156.81,,,,,,,,,,,,,,,None,3832000000,3832000000,,,,,,None,49000000,,5.93,0.0216,,,,1.654,0.14,455000000,504000000,7.69,2007-09-30,9.07,,25604999000.0,4413000000,502000000,139000000,,,None,30000000,None,,None,,,,,365000000,0,None,None,0.04,,3911000000,502000000,,,,,None,,,,,0.557,1.767,0.276,,,,,,,,0.0229,,,2025-10-30,quarterly,7.83,USD,pre-market,0,,0.0395,0.155,0.095,994.66,0,,,,301.16,276.34,1.8205,,,,,,,4413000000,,12.24,,344.64,238.17
2025-12-28,CI,22.59,268077007000.0,12.24,,0.263,156.81,,,,,,,,,,,,,,,None,3977000000,3977000000,,,,,,None,44000000,,5.93,0.0216,,,,1.654,0.14,309000000,353000000,7.69,2007-06-30,9.07,,25604999000.0,4381000000,328000000,111000000,,,None,32000000,None,,None,,,,,198000000,0,None,None,0.04,,4053000000,328000000,,,,,None,,,,,0.557,1.767,0.276,,,,,,,,0.0229,,,2025-10-30,quarterly,7.83,USD,pre-market,0,,0.0395,0.155,0.095,994.66,0,,,,301.16,276.34,1.8205,,,,,,,4381000000,,12.24,,344.64,238.17
2025-12-28,CI,22.59,268077007000.0,12.24,,0.263,156.81,,,,,,,,,,,,,,,None,3878000000,3878000000,,,,,,None,54000000,,5.93,0.0216,,,,1.654,0.14,371000000,425000000,7.69,2007-03-31,9.07,,25604999000.0,4374000000,413000000,136000000,,,None,29000000,None,,None,,,,,289000000,0,None,None,0.04,,3961000000,413000000,,,,,None,,,,,0.557,1.767,0.276,,,,,,,,0.0229,,,2025-10-30,quarterly,7.83,USD,pre-market,0,,0.0395,0.155,0.095,994.66,0,,,,301.16,276.34,1.8205,,,,,,,4374000000,,12.24,,344.64,238.17
2025-12-28,CI,22.59,268077007000.0,12.24,,0.263,156.81,,,,,,,,,,,,,,,None,3700000000,3700000000,,,,,,None,53000000,,5.93,0.0216,,,,1.654,0.14,349000000,402000000,7.69,2006-12-31,9.07,,25604999000.0,4205000000,349000000,117000000,,,None,28000000,None,,None,,,,,232000000,0,None,None,0.04,,3856000000,349000000,,,,,None,,,,,0.557,1.767,0.276,,,,,,,,0.0229,,,2025-10-30,quarterly,7.83,USD,pre-market,0,,0.0395,0.155,0.095,994.66,0,,,,301.16,276.34,1.8205,,,,,,,4205000000,,12.24,,344.64,238.17
2025-12-28,CI,22.59,268077007000.0,12.24,,0.263,156.81,,,,,,,,,,,,,,,None,3616000000,3616000000,,,,,,None,48000000,,5.93,0.0216,,,,1.654,0.14,394000000,442000000,7.69,2006-09-30,9.07,,25604999000.0,4137000000,446000000,144000000,,,None,27000000,None,,None,,,,,298000000,0,None,None,0.04,,3691000000,446000000,,,,,None,,,,,0.557,1.767,0.276,,,,,,,,0.0229,,,2025-10-30,quarterly,7.83,USD,pre-market,0,,0.0395,0.155,0.095,994.66,0,,,,301.16,276.34,1.8205,,,,,,,4137000000,,12.24,,344.64,238.17
2025-12-28,CI,22.59,268077007000.0,12.24,,0.263,156.81,,,,,,,,,,,,,,,None,3613000000,3613000000,,,,,,None,53000000,,5.93,0.0216,,,,1.654,0.14,408000000,461000000,7.69,2006-06-30,9.07,,25604999000.0,4098000000,408000000,135000000,,,None,24000000,None,,None,,,,,273000000,0,None,None,0.04,,3690000000,408000000,,,,,None,,,,,0.557,1.767,0.276,,,,,,,,0.0229,,,2025-10-30,quarterly,7.83,USD,pre-market,0,,0.0395,0.155,0.095,994.66,0,,,,301.16,276.34,1.8205,,,,,,,4098000000,,12.24,,344.64,238.17
2025-12-28,CI,22.59,268077007000.0,12.24,,0.263,156.81,,,,,,,,,,,,,,,None,3500000000,3500000000,,,,,,None,54000000,,5.93,0.0216,,,,1.654,0.14,528000000,582000000,7.69,2006-03-31,9.07,,25604999000.0,4107000000,528000000,176000000,,,None,25000000,None,,None,,,,,352000000,0,None,None,0.04,,3579000000,528000000,,,,,None,,,,,0.557,1.767,0.276,,,,,,,,0.0229,,,2025-10-30,quarterly,7.83,USD,pre-market,0,,0.0395,0.155,0.095,994.66,0,,,,301.16,276.34,1.8205,,,,,,,4107000000,,12.24,,344.64,238.17
2025-12-28,CI,22.59,268077007000.0,12.24,,0.263,156.81,,,,,,,,,,,,,,,None,3825000000,3825000000,,,,,,None,51000000,,5.93,0.0216,,,,1.654,0.14,308000000,359000000,7.69,2005-12-31,9.07,,25604999000.0,4210000000,308000000,98000000,,,None,26000000,None,,None,,,,,210000000,0,None,None,0.04,,3902000000,308000000,,,,,None,,,,,0.557,1.767,0.276,,,,,,,,0.0229,,,2025-10-30,quarterly,7.83,USD,pre-market,0,,0.0395,0.155,0.095,994.66,0,,,,301.16,276.34,1.8205,,,,,,,4210000000,,12.24,,344.64,238.17
2025-12-28,CI,22.59,268077007000.0,12.24,,0.263,156.81,,,,,,,,,,,,,,,None,3555000000,3555000000,,,,,,None,58000000,,5.93,0.0216,,,,1.654,0.14,383000000,441000000,7.69,2005-09-30,9.07,,25604999000.0,4022000000,383000000,124000000,,,None,26000000,None,,None,,,,,259000000,0,None,None,0.04,,3639000000,383000000,,,,,None,,,,,0.557,1.767,0.276,,,,,,,,0.0229,,,2025-10-30,quarterly,7.83,USD,pre-market,0,,0.0395,0.155,0.095,994.66,0,,,,301.16,276.34,1.8205,,,,,,,4022000000,,12.24,,344.64,238.17
2025-12-28,CI,22.59,268077007000.0,12.24,,0.263,156.81,,,,,,,,,,,,,,,None,221157000000,221157000000,,,,,,None,1754000000,,5.93,0.0216,,,,1.654,0.14,9692000000,11446000000,7.69,2024-12-31,9.07,,25604999000.0,25964000000,5269000000,1491000000,,,None,1435000000,3990000000,,None,,,,,3434000000,3778000000,-1435000000,None,0.04,,16547000000,9417000000,,,,,None,,,,,0.557,1.767,0.276,,,,,,,,0.0229,,,2025-10-30,annual,7.83,USD,pre-market,None,,0.0395,0.155,0.095,994.66,14844000000,,,,301.16,276.34,1.8205,,,,,,,247121000000,,12.24,,344.64,238.17
2025-12-28,CI,22.59,268077007000.0,12.24,,0.263,156.81,,,,,,,,,,,,,,,None,170088000000,170088000000,,,,,,None,1812000000,,5.93,0.0216,,,,1.654,0.14,9034000000,10846000000,7.69,2023-12-31,9.07,,25604999000.0,25177000000,5513000000,141000000,,,None,1446000000,1524000000,,None,,,,,5164000000,5451000000,-1410000000,None,0.04,,16641000000,8536000000,,,,,None,,,,,0.557,1.767,0.276,,,,,,,,0.0229,,,2025-10-30,annual,7.83,USD,pre-market,None,,0.0395,0.155,0.095,994.66,14822000000,,,,301.16,276.34,1.8205,,,,,,,195265000000,,12.24,,344.64,238.17
2025-12-28,CI,22.59,268077007000.0,12.24,,0.263,156.81,,,,,,,,,,,,,,,None,157018000000,157018000000,,,,,,None,1857000000,,5.93,0.0216,,,,1.654,0.14,8579000000,10436000000,7.69,2022-12-31,9.07,,25604999000.0,23500000000,8397000000,1615000000,,,None,1228000000,1228000000,,None,,,,,6704000000,6668000000,-1228000000,None,0.04,,15050000000,8450000000,,,,,434000000,,,,,0.557,1.767,0.276,,,,,,,,0.0229,,,2025-10-30,annual,7.83,USD,pre-market,None,,0.0395,0.155,0.095,994.66,12738000000,,,,301.16,276.34,1.8205,,,,,,,180518000000,,12.24,,344.64,238.17
2025-12-28,CI,22.59,268077007000.0,12.24,,0.263,156.81,,,,,,,,,,,,,,,None,151118000000,151118000000,,,,,,None,1801000000,,5.93,0.0216,,,,1.654,0.14,8162000000,9963000000,7.69,2021-12-31,9.07,,25604999000.0,22951000000,6790000000,1370000000,,,None,1208000000,1208000000,,None,,,,,5370000000,5415000000,-1208000000,None,0.04,,15010000000,7941000000,,,,,-1349000000,,,,,0.557,1.767,0.276,,,,,,,,0.0229,,,2025-10-30,annual,7.83,USD,pre-market,None,,0.0395,0.155,0.095,994.66,12242000000,,,,301.16,276.34,1.8205,,,,,,,174069000000,,12.24,,344.64,238.17
2025-12-28,CI,22.59,268077007000.0,12.24,,0.263,156.81,,,,,,,,,,,,,,,None,136194000000,136194000000,,,,,,None,1803000000,,5.93,0.0216,,,,1.654,0.14,8565000000,10368000000,7.69,2020-12-31,9.07,,25604999000.0,24207000000,10868000000,2379000000,,,None,1438000000,1438000000,,None,,,,,8458000000,8489000000,-1438000000,None,0.04,,16054000000,8153000000,,,,,2566000000,,,,,0.557,1.767,0.276,,,,,,,,0.0229,,,2025-10-30,annual,7.83,USD,pre-market,None,,0.0395,0.155,0.095,994.66,14072000000,,,,301.16,276.34,1.8205,,,,,,,160401000000,,12.24,,344.64,238.17
2025-12-28,CI,22.59,268077007000.0,12.24,,0.263,156.81,,,,,,,,,,,,,,,None,128487000000,128487000000,,,,,,None,2767000000,,5.93,0.0216,,,,1.654,0.14,8815000000,11582000000,7.69,2019-12-31,9.07,,25604999000.0,25079000000,6570000000,1450000000,,,None,1682000000,1682000000,,None,,,,,5104000000,5120000000,-1682000000,None,0.04,,17002000000,8077000000,,,,,-1684000000,,,,,0.557,1.767,0.276,,,,,,,,0.0229,,,2025-10-30,annual,7.83,USD,pre-market,None,,0.0395,0.155,0.095,994.66,14053000000,,,,301.16,276.34,1.8205,,,,,,,153566000000,,12.24,,344.64,238.17
2025-12-28,CI,22.59,268077007000.0,12.24,,0.263,156.81,,,,,,,,,,,,,,,None,32321000000,32321000000,,,,,,None,356000000,,5.93,0.0216,,,,1.654,0.14,4864000000,5220000000,7.69,2018-12-31,9.07,,25604999000.0,16329000000,3581000000,935000000,,,None,498000000,271000000,,None,,,,,2637000000,2646000000,-498000000,None,0.04,,12169000000,4160000000,,,,,-498000000,,,,,0.557,1.767,0.276,,,,,,,,0.0229,,,2025-10-30,annual,7.83,USD,pre-market,0,,0.0395,0.155,0.095,994.66,11934000000,,,,301.16,276.34,1.8205,,,,,,,48650000000,,12.24,,344.64,238.17
2025-12-28,CI,22.59,268077007000.0,12.24,,0.263,156.81,,,,,,,,,,,,,,,None,27719000000,27719000000,,,,,,None,250000000,,5.93,0.0216,,,,1.654,0.14,4126000000,4376000000,7.69,2017-12-31,9.07,,25604999000.0,14087000000,3606000000,1374000000,,,None,252000000,252000000,,None,,,,,2237000000,2232000000,-252000000,None,0.04,,10145000000,3942000000,,,,,None,,,,,0.557,1.767,0.276,,,,,,,,0.0229,,,2025-10-30,annual,7.83,USD,pre-market,0,,0.0395,0.155,0.095,994.66,9831000000,,,,301.16,276.34,1.8205,,,,,,,41806000000,,12.24,,344.64,238.17
2025-12-28,CI,22.59,268077007000.0,12.24,,0.263,156.81,,,,,,,,,,,,,,,None,26809000000,26809000000,,,,,,None,287000000,,5.93,0.0216,,,,1.654,0.14,3252000000,3539000000,7.69,2016-12-31,9.07,,25604999000.0,13029000000,2979000000,1136000000,,,None,278000000,None,,None,,,,,1867000000,1843000000,None,None,0.04,,9941000000,3088000000,,,,,None,,,,,0.557,1.767,0.276,,,,,,,,0.0229,,,2025-10-30,annual,7.83,USD,pre-market,0,,0.0395,0.155,0.095,994.66,9750000000,,,,301.16,276.34,1.8205,,,,,,,39838000000,,12.24,,344.64,238.17
2025-12-28,CI,22.59,268077007000.0,12.24,,0.263,156.81,,,,,,,,,,,,,,,None,25424000000,25424000000,,,,,,None,302000000,,5.93,0.0216,,,,1.654,0.14,3493000000,3795000000,7.69,2015-12-31,9.07,,25604999000.0,12452000000,3327000000,1250000000,,,None,0,None,,None,,,,,2094000000,2077000000,None,None,0.04,,92000000,12360000000,,,,,None,,,,,0.557,1.767,0.276,,,,,,,,0.0229,,,2025-10-30,annual,7.83,USD,pre-market,0,,0.0395,0.155,0.095,994.66,9750000000,,,,301.16,276.34,1.8205,,,,,,,37876000000,,12.24,,344.64,238.17
2025-12-28,CI,22.59,268077007000.0,12.24,,0.263,156.81,,,,,,,,,,,,,,,None,23241000000,23241000000,,,,,,None,316000000,,5.93,0.0216,,,,1.654,0.14,3304000000,3620000000,7.69,2014-12-31,9.07,,25604999000.0,11673000000,3304000000,1210000000,,,None,0,None,,None,,,,,2102000000,2094000000,None,None,0.04,,85000000,11588000000,,,,,None,,,,,0.557,1.767,0.276,,,,,,,,0.0229,,,2025-10-30,annual,7.83,USD,pre-market,0,,0.0395,0.155,0.095,994.66,8819000000,,,,301.16,276.34,1.8205,,,,,,,34914000000,,12.24,,344.64,238.17
2025-12-28,CI,22.59,268077007000.0,12.24,,0.263,156.81,,,,,,,,,,,,,,,None,28382000000,28382000000,,,,,,None,597000000,,5.93,0.0216,,,,1.654,0.14,2440000000,3037000000,7.69,2013-12-31,9.07,,25604999000.0,32380000000,2176000000,698000000,,,None,264000000,None,,None,,,,,1476000000,None,None,None,0.04,,30204000000,32380000000,,,,,None,,,,,0.557,1.767,0.276,,,,,,,,0.0229,,,2025-10-30,annual,7.83,USD,pre-market,0,,0.0395,0.155,0.095,994.66,7566000000,,,,301.16,276.34,1.8205,,,,,,,32380000000,,12.24,,344.64,238.17
2025-12-28,CI,22.59,268077007000.0,12.24,,0.263,156.81,,,,,,,,,,,,,,,None,25560000000,25560000000,,,,,,None,-2875000000,,5.93,0.0216,,,,1.654,0.14,2476000000,-399000000,7.69,2012-12-31,9.07,,25604999000.0,29119000000,2477000000,853000000,,,None,0,None,,None,,,,,1623000000,None,None,None,0.04,,26374000000,2875000000,,,,,None,,,,,0.557,1.767,0.276,,,,,,,,0.0229,,,2025-10-30,annual,7.83,USD,pre-market,0,,0.0395,0.155,0.095,994.66,0,,,,301.16,276.34,1.8205,,,,,,,29119000000,,12.24,,344.64,238.17
2025-12-28,CI,22.59,268077007000.0,12.24,,0.263,156.81,,,,,,,,,,,,,,,None,19444000000,19444000000,,,,,,None,345000000,,5.93,0.0216,,,,1.654,0.14,2170000000,2515000000,7.69,2011-12-31,9.07,,25604999000.0,21631000000,1876000000,615000000,,,None,202000000,None,,None,,,,,1260000000,None,None,None,0.04,,19755000000,1876000000,,,,,None,,,,,0.557,1.767,0.276,,,,,,,,0.0229,,,2025-10-30,annual,7.83,USD,pre-market,0,,0.0395,0.155,0.095,994.66,5901000000,,,,301.16,276.34,1.8205,,,,,,,21631000000,,12.24,,344.64,238.17
2025-12-28,CI,22.59,268077007000.0,12.24,,0.263,156.81,,,,,,,,,,,,,,,None,18819000000,18819000000,,,,,,None,292000000,,5.93,0.0216,,,,1.654,0.14,2052000000,2344000000,7.69,2010-12-31,9.07,,25604999000.0,21073000000,1802000000,519000000,,,None,182000000,None,,None,,,,,1279000000,None,None,None,0.04,,19271000000,1802000000,,,,,None,,,,,0.557,1.767,0.276,,,,,,,,0.0229,,,2025-10-30,annual,7.83,USD,pre-market,None,,0.0395,0.155,0.095,994.66,5744000000,,,,301.16,276.34,1.8205,,,,,,,21073000000,,12.24,,344.64,238.17
2025-12-28,CI,22.59,268077007000.0,12.24,,0.263,156.81,,,,,,,,,,,,,,,None,16075000000,16075000000,,,,,,None,268000000,,5.93,0.0216,,,,1.654,0.14,2064000000,2332000000,7.69,2009-12-31,9.07,,25604999000.0,18414000000,1898000000,594000000,,,None,166000000,None,,None,,,,,1302000000,None,None,None,0.04,,16516000000,1898000000,,,,,None,,,,,0.557,1.767,0.276,,,,,,,,0.0229,,,2025-10-30,annual,7.83,USD,pre-market,0,,0.0395,0.155,0.095,994.66,5450000000,,,,301.16,276.34,1.8205,,,,,,,18414000000,,12.24,,344.64,238.17
2025-12-28,CI,22.59,268077007000.0,12.24,,0.263,156.81,,,,,,,,,,,,,,,None,18161000000,18161000000,,,,,,None,244000000,,5.93,0.0216,,,,1.654,0.14,107000000,351000000,7.69,2008-12-31,9.07,,25604999000.0,19101000000,382000000,92000000,,,None,0,None,,None,,,,,292000000,None,None,None,0.04,,18719000000,382000000,,,,,None,,,,,0.557,1.767,0.276,,,,,,,,0.0229,,,2025-10-30,annual,7.83,USD,pre-market,None,,0.0395,0.155,0.095,994.66,5535000000,,,,301.16,276.34,1.8205,,,,,,,19101000000,,12.24,,344.64,238.17
2025-12-28,CI,22.59,268077007000.0,12.24,,0.263,156.81,,,,,,,,,,,,,,,None,15676000000,15676000000,,,,,,None,194000000,,5.93,0.0216,,,,1.654,0.14,1586000000,1780000000,7.69,2007-12-31,9.07,,25604999000.0,17623000000,1631000000,511000000,,,None,0,None,,None,,,,,1115000000,None,None,None,0.04,,15992000000,1631000000,,,,,None,,,,,0.557,1.767,0.276,,,,,,,,0.0229,,,2025-10-30,annual,7.83,USD,pre-market,None,,0.0395,0.155,0.095,994.66,None,,,,301.16,276.34,1.8205,,,,,,,17623000000,,12.24,,344.64,238.17
2025-12-28,CI,22.59,268077007000.0,12.24,,0.263,156.81,,,,,,,,,,,,,,,None,14429000000,14429000000,,,,,,None,208000000,,5.93,0.0216,,,,1.654,0.14,1731000000,1939000000,7.69,2006-12-31,9.07,,25604999000.0,16547000000,1731000000,572000000,,,None,0,None,,None,,,,,1155000000,None,None,None,0.04,,14816000000,1731000000,,,,,None,,,,,0.557,1.767,0.276,,,,,,,,0.0229,,,2025-10-30,annual,7.83,USD,pre-market,None,,0.0395,0.155,0.095,994.66,None,,,,301.16,276.34,1.8205,,,,,,,16547000000,,12.24,,344.64,238.17
2025-12-28,CI,22.59,268077007000.0,12.24,,0.263,156.81,,,,,,,,,,,,,,,None,14585000000,14585000000,,,,,,None,221000000,,5.93,0.0216,,,,1.654,0.14,1793000000,2014000000,7.69,2005-12-31,9.07,,25604999000.0,16684000000,1793000000,517000000,,,None,0,None,,None,,,,,1625000000,None,None,None,0.04,,14891000000,1793000000,,,,,None,,,,,0.557,1.767,0.276,,,,,,,,0.0229,,,2025-10-30,annual,7.83,USD,pre-market,None,,0.0395,0.155,0.095,994.66,None,,,,301.16,276.34,1.8205,,,,,,,16684000000,,12.24,,344.64,238.17
2025-12-28,CI,22.59,268077007000.0,12.24,None,0.263,156.81,,None,6025000000,6025000000,,,,,,,,,4000000,268154000,None,14585000000,14585000000,39647000000,None,3093000000,31709000000,None,None,221000000,,5.93,0.0216,,,,1.654,0.14,1793000000,2014000000,7.69,2025-09-30,9.07,44924000000,25604999000.0,16684000000,1793000000,517000000,28975000000,28975000000,None,0,None,5632000000,None,None,30947000000,None,12144000000,1625000000,None,None,None,0.04,,14891000000,1793000000,3369000000,13713000000,None,None,None,,,,,0.557,1.767,0.276,,,,,,,,0.0229,,3650000000,2025-10-30,quarterly,7.83,USD,pre-market,None,47028000000,0.0395,0.155,0.095,994.66,None,34040000000,3093000000,783000000,301.16,276.34,1.8205,157919000000,46735000000,56453000000,115905000000,111184000000,59452000000,16684000000,41805000000,12.24,None,344.64,238.17
2025-12-28,CI,22.59,268077007000.0,12.24,None,0.263,156.81,,None,4329000000,4329000000,,,,,,,,,4000000,268154000,None,14585000000,14585000000,39398000000,None,4288000000,31148000000,None,None,221000000,,5.93,0.0216,,,,1.654,0.14,1793000000,2014000000,7.69,2025-06-30,9.07,44375000000,25604999000.0,16684000000,1793000000,517000000,28671000000,28671000000,None,0,None,5967000000,None,None,26480000000,None,813000000,1625000000,None,None,None,0.04,,14891000000,1793000000,2466000000,13093000000,None,11024000000,None,,,,,0.557,1.767,0.276,,,,,,,,0.0229,,3621000000,2025-10-30,quarterly,7.83,USD,pre-market,None,45564000000,0.0395,0.155,0.095,994.66,None,30768000000,4288000000,813000000,301.16,276.34,1.8205,151651000000,44723000000,56779000000,111221000000,106928000000,54442000000,16684000000,40214000000,12.24,None,344.64,238.17
2025-12-28,CI,22.59,268077007000.0,12.24,None,0.263,156.81,,None,8334000000,8334000000,,,,,,,,,4000000,283218000,None,14585000000,14585000000,37736000000,None,3993000000,26238000000,None,None,221000000,,5.93,0.0216,,,,1.654,0.14,1793000000,2014000000,7.69,2025-03-31,9.07,44372000000,25604999000.0,16684000000,1793000000,517000000,29045000000,29045000000,None,0,None,5176000000,None,None,26455000000,None,727000000,1625000000,None,None,None,0.04,,14891000000,1793000000,3080000000,14016000000,None,None,None,,,,,0.557,1.767,0.276,,,,,,,,0.0229,,3681000000,2025-10-30,quarterly,7.83,USD,pre-market,None,44434000000,0.0395,0.155,0.095,994.66,None,30448000000,3993000000,727000000,301.16,276.34,1.8205,150658000000,43555000000,55745000000,110244000000,107103000000,54499000000,16684000000,40226000000,12.24,None,344.64,238.17
2025-12-28,CI,22.59,268077007000.0,12.24,None,0.263,156.81,,None,7550000000,7550000000,,,,,,,,,4000000,277784000,None,14585000000,14585000000,37759000000,None,3035000000,24065000000,None,None,221000000,,5.93,0.0216,,,,1.654,0.14,1793000000,2014000000,7.69,2024-12-31,9.07,44370000000,25604999000.0,16684000000,1793000000,517000000,32243000000,32243000000,None,0,None,6692000000,None,None,28937000000,None,665000000,1625000000,None,None,None,0.04,,14891000000,1793000000,9898000000,17185000000,None,None,None,,,,,0.557,1.767,0.276,,,,,,,,0.0229,,3654000000,2025-10-30,quarterly,7.83,USD,pre-market,None,43519000000,0.0395,0.155,0.095,994.66,None,31972000000,3035000000,665000000,301.16,276.34,1.8205,155881000000,48870000000,57979000000,114638000000,107011000000,56659000000,16684000000,41033000000,12.24,None,344.64,238.17
2025-12-28,CI,22.59,268077007000.0,12.24,None,0.263,156.81,,None,5888000000,5888000000,,,,,,,,,4000000,281396000,None,14585000000,14585000000,37316000000,None,2572000000,27846000000,None,None,221000000,,5.93,0.0216,,,,1.654,0.14,1793000000,2014000000,7.69,2024-09-30,9.07,44374000000,25604999000.0,16684000000,1793000000,517000000,29791000000,29791000000,None,0,None,5083000000,None,None,30230000000,None,864000000,1625000000,None,None,None,0.04,,14891000000,1793000000,9541000000,17172000000,None,None,None,,,,,0.557,1.767,0.276,,,,,,,,0.0229,,3594000000,2025-10-30,quarterly,7.83,USD,pre-market,None,42480000000,0.0395,0.155,0.095,994.66,None,32802000000,2572000000,864000000,301.16,276.34,1.8205,157639000000,49222000000,57060000000,115341000000,108417000000,58281000000,16684000000,42095000000,12.24,None,344.64,238.17
2025-12-28,CI,22.59,268077007000.0,12.24,None,0.263,156.81,,None,6788000000,6788000000,,,,,,,,,4000000,284052000,None,14585000000,14585000000,36778000000,None,1717000000,24822000000,None,None,221000000,,5.93,0.0216,,,,1.654,0.14,1793000000,2014000000,7.69,2024-06-30,9.07,44258000000,25604999000.0,16684000000,1793000000,517000000,30176000000,30176000000,None,0,None,5173000000,None,None,30175000000,None,1068000000,1625000000,None,None,None,0.04,,14891000000,1793000000,8364000000,16878000000,None,None,None,,,,,0.557,1.767,0.276,,,,,,,,0.0229,,None,2025-10-30,quarterly,7.83,USD,pre-market,None,42132000000,0.0395,0.155,0.095,994.66,None,31892000000,1717000000,1068000000,301.16,276.34,1.8205,155446000000,46215000000,55373000000,113919000000,109231000000,58546000000,16684000000,41332000000,12.24,None,344.64,238.17
2025-12-28,CI,22.59,268077007000.0,12.24,None,0.263,156.81,,None,8439000000,8439000000,,,,,,,,,4000000,286465000,None,14585000000,14585000000,32402000000,None,1715000000,20333000000,None,None,221000000,,5.93,0.0216,,,,1.654,0.14,1793000000,2014000000,7.69,2024-03-31,9.07,44258000000,25604999000.0,16684000000,1793000000,517000000,30491000000,30491000000,None,0,None,4630000000,None,None,31053000000,None,1108000000,1625000000,None,None,None,0.04,,14891000000,1793000000,8847000000,17860000000,None,None,None,,,,,0.557,1.767,0.276,,,,,,,,0.0229,,None,2025-10-30,quarterly,7.83,USD,pre-market,None,40978000000,0.0395,0.155,0.095,994.66,None,32768000000,1715000000,1108000000,301.16,276.34,1.8205,153119000000,43357000000,51977000000,111769000000,109762000000,59792000000,16684000000,41181000000,12.24,None,344.64,238.17
2025-12-28,CI,22.59,268077007000.0,12.24,None,0.263,156.81,,None,7822000000,7822000000,,,,,,,,,4000000,294565000,None,14585000000,14585000000,28368000000,None,2775000000,17450000000,None,None,221000000,,5.93,0.0216,,,,1.654,0.14,1793000000,2014000000,7.69,2023-12-31,9.07,44259000000,25604999000.0,16684000000,1793000000,517000000,33681000000,33681000000,None,0,None,5645000000,None,None,28155000000,None,925000000,1625000000,None,None,None,0.04,,14891000000,1793000000,5509000000,17573000000,None,None,None,,,,,0.557,1.767,0.276,,,,,,,,0.0229,,None,2025-10-30,quarterly,7.83,USD,pre-market,None,41652000000,0.0395,0.155,0.095,994.66,None,30930000000,2775000000,925000000,301.16,276.34,1.8205,152761000000,37351000000,48716000000,106410000000,115410000000,57694000000,16684000000,46223000000,12.24,None,344.64,238.17
2025-12-28,CI,22.59,268077007000.0,12.24,None,0.263,156.81,,None,8497000000,8497000000,,,,,,,,,4000000,297131000,None,14585000000,14585000000,26993000000,None,3046000000,18828000000,None,None,221000000,,5.93,0.0216,,,,1.654,0.14,1793000000,2014000000,7.69,2023-09-30,9.07,45810000000,25604999000.0,16684000000,1793000000,517000000,31324000000,31324000000,None,0,None,4416000000,None,None,28032000000,None,1046000000,1625000000,None,None,None,0.04,,14891000000,1793000000,1731000000,17020000000,None,None,None,,,,,0.557,1.767,0.276,,,,,,,,0.0229,,3924000000,2025-10-30,quarterly,7.83,USD,pre-market,None,40982000000,0.0395,0.155,0.095,994.66,None,31140000000,3046000000,1046000000,301.16,276.34,1.8205,149645000000,34518000000,47059000000,103879000000,115127000000,56820000000,16684000000,45691000000,12.24,None,344.64,238.17
2025-12-28,CI,22.59,268077007000.0,12.24,None,0.263,156.81,,None,9585000000,9585000000,,,,,,,,,4000000,296879000,None,14585000000,14585000000,26689000000,None,4618000000,18081000000,None,None,221000000,,5.93,0.0216,,,,1.654,0.14,1793000000,2014000000,7.69,2023-06-30,9.07,45811000000,25604999000.0,16684000000,1793000000,517000000,31713000000,31713000000,None,0,None,4514000000,None,None,28115000000,None,18967000000,1625000000,None,None,None,0.04,,14891000000,1793000000,1659000000,16038000000,None,21474000000,None,,,,,0.557,1.767,0.276,,,,,,,,0.0229,,3884000000,2025-10-30,quarterly,7.83,USD,pre-market,None,39936000000,0.0395,0.155,0.095,994.66,None,32733000000,4618000000,872000000,301.16,276.34,1.8205,150054000000,34711000000,47345000000,104528000000,115343000000,57183000000,16684000000,45445000000,12.24,-23053000000,344.64,238.17
2025-12-28,CI,22.59,268077007000.0,12.24,None,0.263,156.81,,None,7935000000,7935000000,,,,,,,,,4000000,295872231,None,14585000000,14585000000,7360000000,None,3418000000,17704000000,None,None,221000000,,5.93,0.0216,,,,1.654,0.14,1793000000,2014000000,7.69,2023-03-31,9.07,45811000000,25604999000.0,16684000000,1793000000,517000000,32102000000,32102000000,None,0,None,4211000000,None,None,29124000000,None,19010000000,1625000000,None,None,None,0.04,,14891000000,1793000000,2177000000,33949000000,None,21822000000,None,,,,,0.557,1.767,0.276,,,,,,,,0.0229,,3837000000,2025-10-30,quarterly,7.83,USD,pre-market,None,38841000000,0.0395,0.155,0.095,994.66,None,32542000000,3418000000,914000000,301.16,276.34,1.8205,147976000000,32027000000,44727000000,103380000000,115949000000,58653000000,16684000000,44502000000,12.24,-22906000000,344.64,238.17
2025-12-28,CI,22.59,268077007000.0,12.24,None,0.263,156.81,,None,5924000000,5924000000,,,,,,,,,4000000,305413000,None,14585000000,14585000000,24845000000,None,2993000000,16970000000,None,None,221000000,,5.93,0.0216,,,,1.654,0.14,1793000000,2014000000,7.69,2022-12-31,9.07,45811000000,25604999000.0,16684000000,1793000000,517000000,35340000000,35340000000,None,0,None,4777000000,None,None,28034000000,None,16288000000,1625000000,None,None,None,0.04,,14891000000,1793000000,1546000000,13273000000,None,21901000000,None,,,,,0.557,1.767,0.276,,,,,,,,0.0229,,4149000000,2025-10-30,quarterly,7.83,USD,pre-market,None,37874000000,0.0395,0.155,0.095,994.66,None,31553000000,3107000000,905000000,301.16,276.34,1.8205,143885000000,30122000000,41225000000,98981000000,113763000000,57906000000,16684000000,44872000000,12.24,-21844000000,344.64,238.17
2025-12-28,CI,22.59,268077007000.0,12.24,None,0.263,156.81,,None,7079000000,7079000000,,,,,,,,,4000000,307517000,None,14585000000,14585000000,23546000000,None,3488000000,16955000000,None,None,221000000,,5.93,0.0216,,,,1.654,0.14,1793000000,2014000000,7.69,2022-09-30,9.07,45807000000,25604999000.0,16684000000,1793000000,517000000,32885000000,32885000000,None,0,None,4017000000,None,None,28021000000,None,16273000000,1625000000,None,None,None,0.04,,14891000000,1793000000,1336000000,13948000000,None,22094000000,None,,,,,0.557,1.767,0.276,,,,,,,,0.0229,,4140000000,2025-10-30,quarterly,7.83,USD,pre-market,None,37041000000,0.0395,0.155,0.095,994.66,None,32079000000,3621000000,783000000,301.16,276.34,1.8205,144209000000,30170000000,41115000000,99076000000,114039000000,57961000000,16684000000,45041000000,12.24,-19390000000,344.64,238.17
2025-12-28,CI,22.59,268077007000.0,12.24,None,0.263,156.81,,None,4421000000,4421000000,,,,,,,,,4000000,315122000,None,14585000000,14585000000,23574000000,None,2397000000,18290000000,None,None,221000000,,5.93,0.0216,,,,1.654,0.14,1793000000,2014000000,7.69,2022-06-30,9.07,45810000000,25604999000.0,16684000000,1793000000,517000000,33276000000,33276000000,None,0,None,3781000000,None,None,30984000000,None,16724000000,1625000000,None,None,None,0.04,,14891000000,1793000000,10176000000,19096000000,None,22447000000,None,,,,,0.557,1.767,0.276,,,,,,,,0.0229,,4104000000,2025-10-30,quarterly,7.83,USD,pre-market,None,34626000000,0.0395,0.155,0.095,994.66,None,33923000000,2548000000,754000000,301.16,276.34,1.8205,152630000000,37422000000,45218000000,106663000000,115208000000,61445000000,16684000000,45892000000,12.24,-16588000000,344.64,238.17
2025-12-28,CI,22.59,268077007000.0,12.24,None,0.263,156.81,,None,4424000000,4424000000,,,,,,,,,4000000,321282000,None,14585000000,14585000000,21867000000,None,2173000000,16003000000,None,None,221000000,,5.93,0.0216,,,,1.654,0.14,1793000000,2014000000,7.69,2022-03-31,9.07,45804000000,25604999000.0,16684000000,1793000000,517000000,33714000000,33714000000,None,0,None,3500000000,None,None,31013000000,None,17693000000,1625000000,None,None,None,0.04,,14891000000,1793000000,10735000000,19468000000,None,23661000000,None,,,,,0.557,1.767,0.276,,,,,,,,0.0229,,4117000000,2025-10-30,quarterly,7.83,USD,pre-market,None,33420000000,0.0395,0.155,0.095,994.66,None,33747000000,2327000000,731000000,301.16,276.34,1.8205,152610000000,35393000000,43662000000,106446000000,117217000000,62784000000,16684000000,46087000000,12.24,-15581000000,344.64,238.17
2025-12-28,CI,22.59,268077007000.0,12.24,None,0.263,156.81,,None,5081000000,5081000000,,,,,,,,,4000000,329641000,None,14585000000,14585000000,21964000000,None,2545000000,14615000000,None,None,221000000,,5.93,0.0216,,,,1.654,0.14,1793000000,2014000000,7.69,2021-12-31,9.07,45811000000,25604999000.0,16684000000,1793000000,517000000,36911000000,36911000000,None,0,None,3722000000,None,None,31097000000,None,18438000000,1625000000,None,None,None,0.04,,14891000000,1793000000,11796000000,18904000000,None,24662000000,None,,,,,0.557,1.767,0.276,,,,,,,,0.0229,,3692000000,2025-10-30,quarterly,7.83,USD,pre-market,None,32593000000,0.0395,0.155,0.095,994.66,None,34265000000,2704000000,920000000,301.16,276.34,1.8205,154889000000,36134000000,43572000000,107705000000,118755000000,64133000000,16684000000,47112000000,12.24,-14175000000,344.64,238.17
2025-12-28,CI,22.59,268077007000.0,12.24,None,0.263,156.81,,None,3483000000,3483000000,,,,,,,,,4000000,337579000,None,14585000000,14585000000,20364000000,None,2703000000,15890000000,None,None,221000000,,5.93,0.0216,,,,1.654,0.14,1793000000,2014000000,7.69,2021-09-30,9.07,46056000000,25604999000.0,16684000000,1793000000,517000000,34615000000,34615000000,None,0,None,3020000000,None,None,31579000000,None,23756000000,1625000000,None,None,None,0.04,,14891000000,1793000000,1720000000,13128000000,None,29987000000,None,,,,,0.557,1.767,0.276,,,,,,,,0.0229,,4589000000,2025-10-30,quarterly,7.83,USD,pre-market,None,31803000000,0.0395,0.155,0.095,994.66,None,34917000000,2848000000,1374000000,301.16,276.34,1.8205,154251000000,25487000000,36340000000,106768000000,128764000000,70428000000,16684000000,47415000000,12.24,-12316000000,344.64,238.17
2025-12-28,CI,22.59,268077007000.0,12.24,None,0.263,156.81,,None,3821000000,3821000000,,,,,,,,,4000000,344929000,None,14585000000,14585000000,20117000000,None,1532000000,15172000000,None,None,221000000,,5.93,0.0216,,,,1.654,0.14,1793000000,2014000000,7.69,2021-06-30,9.07,46063000000,25604999000.0,16684000000,1793000000,517000000,35007000000,35007000000,None,0,None,3042000000,None,None,31606000000,None,1305000000,1625000000,None,None,None,0.04,,14891000000,1793000000,1671000000,12913000000,None,30256000000,None,,,,,0.557,1.767,0.276,,,,,,,,0.0229,,4586000000,2025-10-30,quarterly,7.83,USD,pre-market,None,30513000000,0.0395,0.155,0.095,994.66,None,33736000000,1681000000,1305000000,301.16,276.34,1.8205,154207000000,25011000000,34711000000,105440000000,129196000000,70729000000,16684000000,48709000000,12.24,-10134000000,344.64,238.17
2025-12-28,CI,22.59,268077007000.0,12.24,None,0.263,156.81,,None,6505000000,6505000000,,,,,,,,,4000000,351976000,None,14585000000,14585000000,19402000000,None,404000000,13399000000,None,None,221000000,,5.93,0.0216,,,,1.654,0.14,1793000000,2014000000,7.69,2021-03-31,9.07,44635000000,25604999000.0,16684000000,1793000000,517000000,34792000000,34792000000,None,0,None,2919000000,None,None,31568000000,None,22821000000,1625000000,None,None,None,0.04,,14891000000,1793000000,1254000000,13512000000,None,29997000000,None,,,,,0.557,1.767,0.276,,,,,,,,0.0229,,4648000000,2025-10-30,quarterly,7.83,USD,pre-market,None,29389000000,0.0395,0.155,0.095,994.66,None,32604000000,556000000,1477000000,301.16,276.34,1.8205,152081000000,25554000000,33470000000,103867000000,126527000000,70397000000,16684000000,48149000000,12.24,-9267000000,344.64,238.17
2025-12-28,CI,22.59,268077007000.0,12.24,None,0.263,156.81,,None,10182000000,10182000000,,,,,,,,,4000000,361115000,None,14585000000,14585000000,18825000000,None,3374000000,11999000000,None,None,221000000,,5.93,0.0216,,,,1.654,0.14,1793000000,2014000000,7.69,2020-12-31,9.07,44648000000,25604999000.0,16684000000,1793000000,517000000,38192000000,38192000000,None,0,None,3165000000,None,None,29545000000,None,23262000000,1625000000,None,None,None,0.04,,14891000000,1793000000,1122000000,13671000000,None,30559000000,None,,,,,0.557,1.767,0.276,,,,,,,,0.0229,,4205000000,2025-10-30,quarterly,7.83,USD,pre-market,None,28575000000,0.0395,0.155,0.095,994.66,None,33562000000,3526000000,1331000000,301.16,276.34,1.8205,155451000000,27799000000,36022000000,105065000000,127652000000,69043000000,16684000000,50321000000,12.24,-6372000000,344.64,238.17
2025-12-28,CI,22.59,268077007000.0,12.24,None,0.263,156.81,,None,5344000000,5344000000,,,,,,,,,4000000,367190000,None,14585000000,14585000000,17866000000,None,6449000000,13120000000,None,None,221000000,,5.93,0.0216,,,,1.654,0.14,1793000000,2014000000,7.69,2020-09-30,9.07,44685000000,25604999000.0,16684000000,1793000000,517000000,35492000000,35492000000,None,0,None,2657000000,None,None,29497000000,None,21952000000,1625000000,None,None,None,0.04,,14891000000,1793000000,12112000000,19411000000,None,29381000000,None,,,,,0.557,1.767,0.276,,,,,,,,0.0229,,4733000000,2025-10-30,quarterly,7.83,USD,pre-market,None,24440000000,0.0395,0.155,0.095,994.66,None,36607000000,6609000000,1324000000,301.16,276.34,1.8205,160044000000,34557000000,43886000000,111946000000,125487000000,68060000000,16684000000,48032000000,12.24,-4648000000,344.64,238.17
2025-12-28,CI,22.59,268077007000.0,12.24,None,0.263,156.81,,None,7185000000,7185000000,,,,,,,,,4000000,367396000,None,14585000000,14585000000,17269000000,None,4750000000,12308000000,None,None,221000000,,5.93,0.0216,,,,1.654,0.14,1793000000,2014000000,7.69,2020-06-30,9.07,44590000000,25604999000.0,16684000000,1793000000,517000000,35791000000,35791000000,None,0,None,2712000000,None,None,31731000000,None,1190000000,1625000000,None,None,None,0.04,,14891000000,1793000000,11485000000,20002000000,None,29100000000,None,,,,,0.557,1.767,0.276,,,,,,,,0.0229,,4799000000,2025-10-30,quarterly,7.83,USD,pre-market,None,23052000000,0.0395,0.155,0.095,994.66,None,37164000000,4908000000,1190000000,301.16,276.34,1.8205,159628000000,34880000000,42179000000,112223000000,124748000000,70044000000,16684000000,47366000000,12.24,-3601000000,344.64,238.17
2025-12-28,CI,22.59,268077007000.0,12.24,None,0.263,156.81,,None,4452000000,4452000000,,,,,,,,,4000000,374639000,None,14585000000,14585000000,16382000000,None,4340000000,11376000000,None,None,221000000,,5.93,0.0216,,,,1.654,0.14,1793000000,2014000000,7.69,2020-03-31,9.07,44584000000,25604999000.0,16684000000,1793000000,517000000,36162000000,36162000000,None,0,None,2565000000,None,None,32089000000,None,973000000,1625000000,None,None,None,0.04,,14891000000,1793000000,11511000000,19493000000,None,27997000000,None,,,,,0.557,1.767,0.276,,,,,,,,0.0229,,4831000000,2025-10-30,quarterly,7.83,USD,pre-market,None,21298000000,0.0395,0.155,0.095,994.66,None,37097000000,4505000000,973000000,301.16,276.34,1.8205,154711000000,30877000000,40380000000,109590000000,123834000000,69210000000,16684000000,45079000000,12.24,-3250000000,344.64,238.17
2025-12-28,CI,22.59,268077007000.0,12.24,None,0.263,156.81,,None,4619000000,4619000000,,,,,,,,,4000000,370440000,None,14585000000,14585000000,15544000000,None,5514000000,10382000000,None,None,221000000,,5.93,0.0216,,,,1.654,0.14,1793000000,2014000000,7.69,2019-12-31,9.07,44602000000,25604999000.0,16684000000,1793000000,517000000,39763000000,39763000000,None,0,None,2661000000,None,None,31832000000,None,937000000,1625000000,None,None,None,0.04,,14891000000,1793000000,11246000000,18914000000,None,28977000000,None,,,,,0.557,1.767,0.276,,,,,,,,0.0229,,4953000000,2025-10-30,quarterly,7.83,USD,pre-market,None,20162000000,0.0395,0.155,0.095,994.66,None,38038000000,5680000000,937000000,301.16,276.34,1.8205,155774000000,29845000000,40138000000,110395000000,125929000000,70257000000,16684000000,45338000000,12.24,-2193000000,344.64,238.17
2025-12-28,CI,22.59,268077007000.0,12.24,None,0.263,156.81,,87000000,4577000000,4577000000,,,,,,,,,4000000,374842000,None,14585000000,14585000000,15359000000,None,4712000000,11277000000,None,None,221000000,,5.93,0.0216,,,,1.654,0.14,1793000000,2014000000,7.69,2019-09-30,9.07,44462000000,25604999000.0,16684000000,1793000000,517000000,37084000000,37084000000,None,0,None,2160000000,None,None,33977000000,None,1371000000,1625000000,None,None,None,0.04,,14891000000,1793000000,1783000000,14214000000,None,32342000000,None,,,,,0.557,1.767,0.276,,,,,,,,0.0229,,5013000000,2025-10-30,quarterly,7.83,USD,pre-market,None,19185000000,0.0395,0.155,0.095,994.66,None,39410000000,4874000000,1371000000,301.16,276.34,1.8205,154847000000,21168000000,34447000000,110114000000,133679000000,75667000000,16684000000,44696000000,12.24,-1750000000,344.64,238.17
2025-12-28,CI,22.59,268077007000.0,12.24,None,0.263,156.81,,92000000,3610000000,3610000000,,,,,,,,,4000000,377962000,None,14585000000,14585000000,15914000000,None,2310000000,11284000000,None,None,221000000,,5.93,0.0216,,,,1.654,0.14,1793000000,2014000000,7.69,2019-06-30,9.07,44449000000,25604999000.0,16684000000,1793000000,517000000,37717000000,37717000000,None,0,None,2298000000,None,None,36815000000,None,1665000000,1625000000,None,None,None,0.04,,14891000000,1793000000,1852000000,13480000000,None,32393000000,None,,,,,0.557,1.767,0.276,,,,,,,,0.0229,,5125000000,2025-10-30,quarterly,7.83,USD,pre-market,None,17834000000,0.0395,0.155,0.095,994.66,None,39870000000,2473000000,1665000000,301.16,276.34,1.8205,154401000000,20709000000,31867000000,110552000000,133692000000,78685000000,16684000000,43815000000,12.24,-949000000,344.64,238.17
2025-12-28,CI,22.59,268077007000.0,12.24,None,0.263,156.81,,89000000,4976000000,4976000000,,,,,,,,,4000000,384024000,None,14585000000,14585000000,15633000000,None,2915000000,10578000000,None,None,221000000,,5.93,0.0216,,,,1.654,0.14,1793000000,2014000000,7.69,2019-03-31,9.07,44537000000,25604999000.0,16684000000,1793000000,517000000,38338000000,38338000000,None,0,None,2382000000,None,None,37503000000,None,1662000000,1625000000,None,None,None,0.04,,14891000000,1793000000,1538000000,14261000000,None,31954000000,None,,,,,0.557,1.767,0.276,,,,,,,,0.0229,,5125000000,2025-10-30,quarterly,7.83,USD,pre-market,None,16426000000,0.0395,0.155,0.095,994.66,None,41170000000,3075000000,1662000000,301.16,276.34,1.8205,154348000000,21136000000,32969000000,111897000000,133212000000,78928000000,16684000000,42408000000,12.24,-595000000,344.64,238.17
2025-12-28,CI,22.59,268077007000.0,12.24,None,0.263,156.81,,None,3855000000,3855000000,,,,,,,,,4000000,242577000,None,14585000000,14585000000,15068000000,None,1095000000,10197000000,None,None,221000000,,5.93,0.0216,,,,1.654,0.14,1793000000,2014000000,7.69,2018-12-31,9.07,44505000000,25604999000.0,16684000000,1793000000,517000000,42282000000,42282000000,None,0,None,2821000000,None,None,39490000000,None,26929000000,1625000000,None,None,None,0.04,,14891000000,1793000000,1512000000,13872000000,None,31283000000,None,,,,,0.557,1.767,0.276,,,,,,,,0.0229,,4562000000,2025-10-30,quarterly,7.83,USD,pre-market,None,15088000000,0.0395,0.155,0.095,994.66,None,42478000000,2955000000,2045000000,301.16,276.34,1.8205,153226000000,20430000000,31895000000,112154000000,132796000000,80259000000,16684000000,41028000000,12.24,-104000000,344.64,238.17
2025-12-28,CI,22.59,268077007000.0,12.24,None,0.263,156.81,,None,24032000000,24032000000,,,,,,,,,74000000,242577000,None,14585000000,14585000000,6711000000,None,None,3519000000,None,None,221000000,,5.93,0.0216,,,,1.654,0.14,1793000000,2014000000,7.69,2018-09-30,9.07,6129000000,25604999000.0,16684000000,1793000000,517000000,2350000000,2350000000,None,0,None,0,None,None,25034000000,None,25586000000,1625000000,None,None,None,0.04,,14891000000,1793000000,6506000000,7570000000,None,None,None,,,,,0.557,1.767,0.276,,,,,,,,0.0229,,1559000000,2025-10-30,quarterly,7.83,USD,pre-market,None,18474000000,0.0395,0.155,0.095,994.66,None,25050000000,9000000,102000000,301.16,276.34,1.8205,82956000000,34159000000,10505000000,67371000000,48797000000,56866000000,16684000000,15555000000,12.24,-4121000000,344.64,238.17
2025-12-28,CI,22.59,268077007000.0,12.24,None,0.263,156.81,,None,3634000000,3634000000,,,,,,,,,74000000,244985000,None,14585000000,14585000000,7043000000,None,5304000000,3326000000,None,None,221000000,,5.93,0.0216,,,,1.654,0.14,1793000000,2014000000,7.69,2018-06-30,9.07,6147000000,25604999000.0,16684000000,1793000000,517000000,2300000000,2300000000,None,0,None,0,None,None,5184000000,None,25831000000,1625000000,None,None,None,0.04,,14891000000,1793000000,5963000000,6853000000,None,None,None,,,,,0.557,1.767,0.276,,,,,,,,0.0229,,1554000000,2025-10-30,quarterly,7.83,USD,pre-market,None,17722000000,0.0395,0.155,0.095,994.66,None,5304000000,109000000,220000000,301.16,276.34,1.8205,63102000000,13143000000,10637000000,48320000000,49959000000,37683000000,16684000000,14743000000,12.24,-4184000000,344.64,238.17
2025-12-28,CI,22.59,268077007000.0,12.24,None,0.263,156.81,,None,2771000000,2771000000,,,,,,,,,74000000,245788000,None,14585000000,14585000000,6808000000,None,5301000000,3377000000,None,None,221000000,,5.93,0.0216,,,,1.654,0.14,1793000000,2014000000,7.69,2018-03-31,9.07,6170000000,25604999000.0,16684000000,1793000000,517000000,2315000000,2315000000,None,0,None,0,None,None,5183000000,None,26414000000,1625000000,None,None,None,0.04,,14891000000,1793000000,6023000000,7884000000,None,None,None,,,,,0.557,1.767,0.276,,,,,,,,0.0229,,1552000000,2025-10-30,quarterly,7.83,USD,pre-market,None,16933000000,0.0395,0.155,0.095,994.66,None,5301000000,110000000,245000000,301.16,276.34,1.8205,63141000000,12416000000,10860000000,48897000000,50725000000,38037000000,16684000000,14195000000,12.24,-4228000000,344.64,238.17
2025-12-28,CI,22.59,268077007000.0,12.24,None,0.263,156.81,,None,2972000000,2972000000,,,,,,,,,74000000,249242000,None,14585000000,14585000000,489000000,None,131000000,2904000000,None,None,221000000,,5.93,0.0216,,,,1.654,0.14,1793000000,2014000000,7.69,2017-12-31,9.07,6164000000,25604999000.0,16684000000,1793000000,517000000,1152000000,1152000000,None,0,None,228000000,None,None,5199000000,None,24653000000,1625000000,None,None,None,0.04,,14891000000,1793000000,1071000000,10280000000,None,None,None,,,,,0.557,1.767,0.276,,,,,,,,0.0229,,1563000000,2025-10-30,quarterly,7.83,USD,pre-market,None,15824000000,0.0395,0.155,0.095,994.66,None,5439000000,240000000,2136000000,301.16,276.34,1.8205,61759000000,9311000000,11009000000,47969000000,52448000000,36990000000,16684000000,13735000000,12.24,-4021000000,344.64,238.17
2025-12-28,CI,22.59,268077007000.0,12.24,None,0.263,156.81,,None,3656000000,3656000000,,,,,,,,,74000000,253410000,None,14585000000,14585000000,5838000000,None,131000000,3228000000,None,None,221000000,,5.93,0.0216,,,,1.654,0.14,1793000000,2014000000,7.69,2017-09-30,9.07,6001000000,25604999000.0,16684000000,1793000000,517000000,2073000000,2073000000,None,0,None,0,None,None,5207000000,None,None,1625000000,None,None,None,0.04,,14891000000,1793000000,6241000000,4711000000,None,None,None,,,,,0.557,1.767,0.276,,,,,,,,0.0229,,1526000000,2025-10-30,quarterly,7.83,USD,pre-market,None,15590000000,0.0395,0.155,0.095,994.66,None,5348000000,141000000,175000000,301.16,276.34,1.8205,61936000000,13300000000,6943000000,47739000000,48636000000,40796000000,16684000000,14145000000,12.24,-3324000000,344.64,238.17
2025-12-28,CI,22.59,268077007000.0,12.24,None,0.263,156.81,,None,3611000000,3611000000,,,,,,,,,74000000,258061000,None,14585000000,14585000000,6430000000,None,4763000000,3331000000,None,None,221000000,,5.93,0.0216,,,,1.654,0.14,1793000000,2014000000,7.69,2017-06-30,9.07,6000000000,25604999000.0,16684000000,1793000000,517000000,2011000000,2011000000,None,0,None,0,None,None,4622000000,None,None,1625000000,None,None,None,0.04,,14891000000,1793000000,6390000000,3190000000,None,None,None,,,,,0.557,1.767,0.276,,,,,,,,0.0229,,1509000000,2025-10-30,quarterly,7.83,USD,pre-market,None,15102000000,0.0395,0.155,0.095,994.66,None,4763000000,141000000,138000000,301.16,276.34,1.8205,61738000000,13470000000,6742000000,47133000000,48268000000,40391000000,16684000000,14546000000,12.24,-2406000000,344.64,238.17
2025-12-28,CI,22.59,268077007000.0,12.24,None,0.263,156.81,,None,4155000000,4155000000,,,,,,,,,74000000,259774000,None,14585000000,14585000000,5906000000,None,142000000,3146000000,None,None,221000000,,5.93,0.0216,,,,1.654,0.14,1793000000,2014000000,7.69,2017-03-31,9.07,5982000000,25604999000.0,16684000000,1793000000,517000000,1982000000,1982000000,None,0,None,0,None,None,4621000000,None,None,1625000000,None,None,None,0.04,,14891000000,1793000000,6394000000,3531000000,None,None,None,,,,,0.557,1.767,0.276,,,,,,,,0.0229,,1519000000,2025-10-30,quarterly,7.83,USD,pre-market,None,14356000000,0.0395,0.155,0.095,994.66,None,4763000000,142000000,303000000,301.16,276.34,1.8205,61147000000,13998000000,6048000000,46862000000,47149000000,40814000000,16684000000,14226000000,12.24,-1864000000,344.64,238.17
2025-12-28,CI,22.59,268077007000.0,12.24,None,0.263,156.81,,None,3185000000,3185000000,,,,,,,,,74000000,255519000,None,14585000000,14585000000,5452000000,None,250000000,3025000000,None,None,221000000,,5.93,0.0216,,,,1.654,0.14,1793000000,2014000000,7.69,2016-12-31,9.07,5980000000,25604999000.0,16684000000,1793000000,517000000,1193000000,1193000000,None,0,None,0,None,None,4756000000,None,22268000000,1625000000,None,None,None,0.04,,14891000000,1793000000,6530000000,6026000000,None,None,None,,,,,0.557,1.767,0.276,,,,,,,,0.0229,,1536000000,2025-10-30,quarterly,7.83,USD,pre-market,None,13855000000,0.0395,0.155,0.095,994.66,None,5032000000,276000000,691000000,301.16,276.34,1.8205,59360000000,13431000000,8260000000,45575000000,45929000000,37315000000,16684000000,13723000000,12.24,-1716000000,344.64,238.17
2025-12-28,CI,22.59,268077007000.0,12.24,None,0.263,156.81,,None,3224000000,3224000000,,,,,,,,,74000000,259754000,None,14585000000,14585000000,6374000000,None,271000000,3577000000,None,None,221000000,,5.93,0.0216,,,,1.654,0.14,1793000000,2014000000,7.69,2016-09-30,9.07,6007000000,25604999000.0,16684000000,1793000000,517000000,1876000000,1876000000,None,0,None,0,None,None,4780000000,None,None,1625000000,None,None,None,0.04,,14891000000,1793000000,6539000000,2550000000,None,None,None,,,,,0.557,1.767,0.276,,,,,,,,0.0229,,1561000000,2025-10-30,quarterly,7.83,USD,pre-market,None,13487000000,0.0395,0.155,0.095,994.66,None,5051000000,271000000,997000000,301.16,276.34,1.8205,60762000000,14337000000,6645000000,46712000000,46425000000,40067000000,16684000000,13974000000,12.24,-1756000000,344.64,238.17
2025-12-28,CI,22.59,268077007000.0,12.24,None,0.263,156.81,,None,2454000000,2454000000,,,,,,,,,74000000,259500000,None,14585000000,14585000000,6569000000,None,300000000,4329000000,None,None,221000000,,5.93,0.0216,,,,1.654,0.14,1793000000,2014000000,7.69,2016-06-30,9.07,6017000000,25604999000.0,16684000000,1793000000,517000000,1785000000,1785000000,None,0,None,0,None,None,4789000000,None,None,1625000000,None,None,None,0.04,,14891000000,1793000000,6705000000,2775000000,None,None,None,,,,,0.557,1.767,0.276,,,,,,,,0.0229,,1556000000,2025-10-30,quarterly,7.83,USD,pre-market,None,13046000000,0.0395,0.155,0.095,994.66,None,5089000000,300000000,469000000,301.16,276.34,1.8205,59506000000,13957000000,7067000000,46071000000,45549000000,39004000000,16684000000,13356000000,12.24,-1799000000,344.64,238.17
2025-12-28,CI,22.59,268077007000.0,12.24,None,0.263,156.81,,None,2401000000,2401000000,,,,,,,,,74000000,259447000,None,14585000000,14585000000,6746000000,None,399000000,3956000000,None,None,221000000,,5.93,0.0216,,,,1.654,0.14,1793000000,2014000000,7.69,2016-03-31,9.07,6029000000,25604999000.0,16684000000,1793000000,517000000,1743000000,1743000000,None,0,None,0,None,None,4791000000,None,None,1625000000,None,None,None,0.04,,14891000000,1793000000,6725000000,2826000000,None,None,None,,,,,0.557,1.767,0.276,,,,,,,,0.0229,,1534000000,2025-10-30,quarterly,7.83,USD,pre-market,None,12541000000,0.0395,0.155,0.095,994.66,None,5190000000,399000000,465000000,301.16,276.34,1.8205,58884000000,13547000000,7325000000,46127000000,45337000000,38802000000,16684000000,12675000000,12.24,-1826000000,344.64,238.17
2025-12-28,CI,22.59,268077007000.0,12.24,None,0.263,156.81,,None,1968000000,1968000000,,,,,,,,,74000000,256070000,None,14585000000,14585000000,4655000000,None,5169000000,3560000000,None,None,221000000,,5.93,0.0216,,,,1.654,0.14,1793000000,2014000000,7.69,2015-12-31,9.07,6019000000,25604999000.0,16684000000,1793000000,517000000,1302000000,1302000000,None,0,None,0,None,None,5020000000,None,20235000000,1625000000,None,None,None,0.04,,14891000000,1793000000,7854000000,5206000000,None,None,None,,,,,0.557,1.767,0.276,,,,,,,,0.0229,,1534000000,2025-10-30,quarterly,7.83,USD,pre-market,None,12121000000,0.0395,0.155,0.095,994.66,None,5169000000,149000000,381000000,301.16,276.34,1.8205,57088000000,13763000000,5817000000,44975000000,43325000000,39158000000,16684000000,12035000000,12.24,-1769000000,344.64,238.17
2025-12-28,CI,22.59,268077007000.0,12.24,None,0.263,156.81,,None,2381000000,2381000000,,,,,,,,,74000000,260519000,None,14585000000,14585000000,5518000000,None,None,3804000000,None,None,221000000,,5.93,0.0216,,,,1.654,0.14,1793000000,2014000000,7.69,2015-09-30,9.07,6040000000,25604999000.0,16684000000,1793000000,517000000,1548000000,1548000000,None,0,None,0,None,None,5056000000,None,None,1625000000,None,None,None,0.04,,14891000000,1793000000,7807000000,4440000000,None,None,None,,,,,0.557,1.767,0.276,,,,,,,,0.0229,,1483000000,2025-10-30,quarterly,7.83,USD,pre-market,None,11706000000,0.0395,0.155,0.095,994.66,None,5205000000,149000000,94000000,301.16,276.34,1.8205,56909000000,14086000000,6712000000,45055000000,42823000000,38343000000,16684000000,11774000000,12.24,-1636000000,344.64,238.17
2025-12-28,CI,22.59,268077007000.0,12.24,None,0.263,156.81,,None,1969000000,1969000000,,,,,,,,,74000000,260097000,None,14585000000,14585000000,6686000000,None,None,3790000000,None,None,221000000,,5.93,0.0216,,,,1.654,0.14,1793000000,2014000000,7.69,2015-06-30,9.07,6041000000,25604999000.0,16684000000,1793000000,517000000,1588000000,1588000000,None,0,None,0,None,None,5046000000,None,None,1625000000,None,None,None,0.04,,14891000000,1793000000,7021000000,2571000000,None,None,None,,,,,0.557,1.767,0.276,,,,,,,,0.0229,,1502000000,2025-10-30,quarterly,7.83,USD,pre-market,None,11178000000,0.0395,0.155,0.095,994.66,None,5196000000,150000000,97000000,301.16,276.34,1.8205,57132000000,12877000000,6975000000,45753000000,44255000000,38778000000,16684000000,11290000000,12.24,-1672000000,344.64,238.17
2025-12-28,CI,22.59,268077007000.0,12.24,None,0.263,156.81,,None,2620000000,2620000000,,,,,,,,,74000000,261246000,None,14585000000,14585000000,5903000000,None,None,3309000000,None,None,221000000,,5.93,0.0216,,,,1.654,0.14,1793000000,2014000000,7.69,2015-03-31,9.07,6029000000,25604999000.0,16684000000,1793000000,517000000,1554000000,1554000000,None,0,None,0,None,None,5062000000,None,None,1625000000,None,None,None,0.04,,14891000000,1793000000,7098000000,3495000000,None,None,None,,,,,0.557,1.767,0.276,,,,,,,,0.0229,,1486000000,2025-10-30,quarterly,7.83,USD,pre-market,None,10635000000,0.0395,0.155,0.095,994.66,None,6061000000,999000000,172000000,301.16,276.34,1.8205,58122000000,13215000000,7041000000,47081000000,44907000000,40040000000,16684000000,10942000000,12.24,-1656000000,344.64,238.17
2025-12-28,CI,22.59,268077007000.0,12.24,None,0.263,156.81,,None,1420000000,1420000000,,,,,,,,,74000000,261402000,None,14585000000,14585000000,5335000000,None,5126000000,2757000000,None,None,221000000,,5.93,0.0216,,,,1.654,0.14,1793000000,2014000000,7.69,2014-12-31,9.07,5989000000,25604999000.0,16684000000,1793000000,517000000,1433000000,1433000000,None,0,None,0,None,None,5005000000,None,19744000000,1625000000,None,None,None,0.04,,14891000000,1793000000,8033000000,4153000000,None,None,None,,,,,0.557,1.767,0.276,,,,,,,,0.0229,,1502000000,2025-10-30,quarterly,7.83,USD,pre-market,None,10289000000,0.0395,0.155,0.095,994.66,None,5126000000,147000000,163000000,301.16,276.34,1.8205,55870000000,12373000000,6526000000,45017000000,43497000000,38465000000,16684000000,10774000000,12.24,-1422000000,344.64,238.17
2025-12-28,CI,22.59,268077007000.0,12.24,None,0.263,156.81,,None,1621000000,1621000000,,,,,,,,,92000000,265891000,None,14585000000,14585000000,4566000000,None,None,2846000000,None,None,221000000,,5.93,0.0216,,,,1.654,0.14,1793000000,2014000000,7.69,2014-09-30,9.07,6003000000,25604999000.0,16684000000,1793000000,517000000,1501000000,1501000000,None,0,None,0,None,None,5024000000,None,None,1625000000,None,None,None,0.04,,14891000000,1793000000,7086000000,4032000000,None,None,None,,,,,0.557,1.767,0.276,,,,,,,,0.0229,,1494000000,2025-10-30,quarterly,7.83,USD,pre-market,None,15196000000,0.0395,0.155,0.095,994.66,None,5147000000,123000000,153000000,301.16,276.34,1.8205,55653000000,11706000000,5642000000,44385000000,43947000000,38743000000,16684000000,11157000000,12.24,-7121000000,344.64,238.17
2025-12-28,CI,22.59,268077007000.0,12.24,None,0.263,156.81,,None,1967000000,1967000000,,,,,,,,,92000000,269921000,None,14585000000,14585000000,4870000000,None,None,2902000000,None,None,221000000,,5.93,0.0216,,,,1.654,0.14,1793000000,2014000000,7.69,2014-06-30,9.07,6033000000,25604999000.0,16684000000,1793000000,517000000,1510000000,1510000000,None,0,None,0,None,None,5022000000,None,None,1625000000,None,None,None,0.04,,14891000000,1793000000,7132000000,3268000000,None,None,None,,,,,0.557,1.767,0.276,,,,,,,,0.0229,,1498000000,2025-10-30,quarterly,7.83,USD,pre-market,None,14677000000,0.0395,0.155,0.095,994.66,None,5148000000,126000000,232000000,301.16,276.34,1.8205,55929000000,12233000000,5132000000,44878000000,43696000000,39746000000,16684000000,10937000000,12.24,-6964000000,344.64,238.17
2025-12-28,CI,22.59,268077007000.0,12.24,None,0.263,156.81,,None,2276000000,2276000000,,,,,,,,,92000000,274467000,None,14585000000,14585000000,7942000000,None,None,9645000000,None,None,221000000,,5.93,0.0216,,,,1.654,0.14,1793000000,2014000000,7.69,2014-03-31,9.07,6030000000,25604999000.0,16684000000,1793000000,517000000,1438000000,1438000000,None,0,None,0,None,None,5022000000,None,None,1625000000,None,None,None,0.04,,14891000000,1793000000,35378000000,7942000000,None,None,None,,,,,0.557,1.767,0.276,,,,,,,,0.0229,,1450000000,2025-10-30,quarterly,7.83,USD,pre-market,None,14136000000,0.0395,0.155,0.095,994.66,None,5022000000,210000000,394000000,301.16,276.34,1.8205,55173000000,2276000000,8152000000,44508000000,52897000000,44508000000,16684000000,10556000000,12.24,-6631000000,344.64,238.17
2025-12-28,CI,22.59,268077007000.0,12.24,None,0.263,156.81,,None,2795000000,2795000000,,,,,,,,,92000000,278054000,None,14585000000,14585000000,7506000000,None,None,9290000000,None,None,221000000,,5.93,0.0216,,,,1.654,0.14,1793000000,2014000000,7.69,2013-12-31,9.07,6029000000,25604999000.0,16684000000,1793000000,517000000,2932000000,2932000000,None,0,None,0,None,None,5014000000,None,None,1625000000,None,None,None,0.04,,14891000000,1793000000,33225000000,7506000000,None,None,None,,,,,0.557,1.767,0.276,,,,,,,,0.0229,,1464000000,2025-10-30,quarterly,7.83,USD,pre-market,None,13676000000,0.0395,0.155,0.095,994.66,None,5014000000,233000000,631000000,301.16,276.34,1.8205,54336000000,2795000000,7739000000,43659000000,51541000000,43659000000,16684000000,10567000000,12.24,-6037000000,344.64,238.17
2025-12-28,CI,22.59,268077007000.0,12.24,None,0.263,156.81,,None,3055000000,3055000000,,,,,,,,,92000000,283563000,None,14585000000,14585000000,8027000000,None,None,9240000000,None,None,221000000,,5.93,0.0216,,,,1.654,0.14,1793000000,2014000000,7.69,2013-09-30,9.07,6035000000,25604999000.0,16684000000,1793000000,517000000,1339000000,1339000000,None,0,None,0,None,None,5034000000,None,None,1625000000,None,None,None,0.04,,14891000000,1793000000,33499000000,8027000000,None,None,None,,,,,0.557,1.767,0.276,,,,,,,,0.0229,,1451000000,2025-10-30,quarterly,7.83,USD,pre-market,None,13327000000,0.0395,0.155,0.095,994.66,None,5034000000,205000000,763000000,301.16,276.34,1.8205,54043000000,3055000000,8232000000,44074000000,50988000000,44074000000,16684000000,9874000000,12.24,-5930000000,344.64,238.17
2025-12-28,CI,22.59,268077007000.0,12.24,None,0.263,156.81,,None,3209000000,3209000000,,,,,,,,,92000000,287086000,None,14585000000,14585000000,8220000000,None,None,9384000000,None,None,221000000,,5.93,0.0216,,,,1.654,0.14,1793000000,2014000000,7.69,2013-06-30,9.07,5986000000,25604999000.0,16684000000,1793000000,517000000,1262000000,1262000000,None,0,None,0,None,None,5030000000,None,None,1625000000,None,None,None,0.04,,14891000000,1793000000,33763000000,8220000000,None,None,None,,,,,0.557,1.767,0.276,,,,,,,,0.0229,,1191000000,2025-10-30,quarterly,7.83,USD,pre-market,None,12806000000,0.0395,0.155,0.095,994.66,None,5030000000,153000000,296000000,301.16,276.34,1.8205,53829000000,3209000000,8373000000,43953000000,50620000000,5030000000,16684000000,9775000000,12.24,-5435000000,344.64,238.17
2025-12-28,CI,22.59,268077007000.0,12.24,None,0.263,156.81,,None,3306000000,3306000000,,,,,,,,,92000000,283804000,None,14585000000,14585000000,8976000000,None,None,9457000000,None,None,221000000,,5.93,0.0216,,,,1.654,0.14,1793000000,2014000000,7.69,2013-03-31,9.07,5990000000,25604999000.0,16684000000,1793000000,517000000,1221000000,1221000000,None,0,None,0,None,None,4995000000,None,None,1625000000,None,None,None,0.04,,14891000000,1793000000,34955000000,8976000000,None,None,None,,,,,0.557,1.767,0.276,,,,,,,,0.0229,,1109000000,2025-10-30,quarterly,7.83,USD,pre-market,None,12328000000,0.0395,0.155,0.095,994.66,None,4995000000,401000000,122000000,301.16,276.34,1.8205,54939000000,3306000000,9377000000,45166000000,51633000000,4995000000,16684000000,9660000000,12.24,-5309000000,344.64,238.17
2025-12-28,CI,22.59,268077007000.0,12.24,None,0.263,156.81,,None,2978000000,2978000000,,,,,,,,,92000000,284891000,None,14585000000,14585000000,8523000000,None,None,8033000000,None,None,221000000,,5.93,0.0216,,,,1.654,0.14,1793000000,2014000000,7.69,2012-12-31,9.07,6001000000,25604999000.0,16684000000,1793000000,517000000,2805000000,2805000000,None,0,None,0,None,None,4986000000,None,None,1625000000,None,None,None,0.04,,14891000000,1793000000,34388000000,8523000000,None,None,None,,,,,0.557,1.767,0.276,,,,,,,,0.0229,,1120000000,2025-10-30,quarterly,7.83,USD,pre-market,None,12330000000,0.0395,0.155,0.095,994.66,None,5187000000,201000000,154000000,301.16,276.34,1.8205,53734000000,2978000000,8724000000,43851000000,9379000000,4986000000,16684000000,9769000000,12.24,-5277000000,344.64,238.17
2025-12-28,CI,22.59,268077007000.0,12.24,None,0.263,156.81,,None,2236000000,2236000000,,,,,,,,,92000000,289875000,None,14585000000,14585000000,7954000000,None,None,1714000000,None,None,221000000,,5.93,0.0216,,,,1.654,0.14,1793000000,2014000000,7.69,2012-09-30,9.07,5878000000,25604999000.0,16684000000,1793000000,517000000,1817000000,1817000000,None,0,None,0,None,None,4986000000,None,None,1625000000,None,None,None,0.04,,14891000000,1793000000,40187000000,7954000000,None,None,None,,,,,0.557,1.767,0.276,,,,,,,,0.0229,,1136000000,2025-10-30,quarterly,7.83,USD,pre-market,None,11962000000,0.0395,0.155,0.095,994.66,None,5212000000,226000000,151000000,301.16,276.34,1.8205,53531000000,2236000000,226000000,44001000000,8831000000,4986000000,16684000000,9530000000,12.24,-5253000000,344.64,238.17
2025-12-28,CI,22.59,268077007000.0,12.24,None,0.263,156.81,,None,3045000000,3045000000,,,,,,,,,92000000,290547000,None,14585000000,14585000000,8548000000,None,None,1773000000,None,None,221000000,,5.93,0.0216,,,,1.654,0.14,1793000000,2014000000,7.69,2012-06-30,9.07,5710000000,25604999000.0,16684000000,1793000000,517000000,2472000000,2472000000,None,0,None,0,None,None,4985000000,None,None,1625000000,None,None,None,0.04,,14891000000,1793000000,39223000000,-226000000,None,None,None,,,,,0.557,1.767,0.276,,,,,,,,0.0229,,1115000000,2025-10-30,quarterly,7.83,USD,pre-market,None,11501000000,0.0395,0.155,0.095,994.66,None,5211000000,226000000,215000000,301.16,276.34,1.8205,53553000000,44256000000,226000000,44531000000,9297000000,4985000000,16684000000,9022000000,12.24,-5176000000,344.64,238.17
2025-12-28,CI,22.59,268077007000.0,12.24,None,0.263,156.81,,None,2111000000,2111000000,,,,,,,,,92000000,288999000,None,14585000000,14585000000,8330000000,None,None,1897000000,None,None,221000000,,5.93,0.0216,,,,1.654,0.14,1793000000,2014000000,7.69,2012-03-31,9.07,5726000000,25604999000.0,16684000000,1793000000,517000000,2328000000,2328000000,None,0,None,0,None,None,4990000000,None,None,1625000000,None,None,None,0.04,,14891000000,1793000000,39453000000,-227000000,None,None,None,,,,,0.557,1.767,0.276,,,,,,,,0.0229,,1083000000,2025-10-30,quarterly,7.83,USD,pre-market,None,11123000000,0.0395,0.155,0.095,994.66,None,5217000000,227000000,187000000,301.16,276.34,1.8205,52785000000,43648000000,227000000,44224000000,9137000000,4990000000,16684000000,8561000000,12.24,-5200000000,344.64,238.17
2025-12-28,CI,22.59,268077007000.0,12.24,None,0.263,156.81,,None,4690000000,4690000000,,,,,,,,,92000000,268569000,None,14585000000,14585000000,7932000000,None,None,7614000000,None,None,221000000,,5.93,0.0216,,,,1.654,0.14,1793000000,2014000000,7.69,2011-12-31,9.07,3164000000,25604999000.0,16684000000,1793000000,517000000,1776000000,1776000000,None,0,None,0,None,None,4990000000,None,None,1625000000,None,None,None,0.04,,14891000000,1793000000,38810000000,-7932000000,None,None,None,,,,,0.557,1.767,0.276,,,,,,,,0.0229,,1024000000,2025-10-30,quarterly,7.83,USD,pre-market,None,11143000000,0.0395,0.155,0.095,994.66,None,5094000000,104000000,225000000,301.16,276.34,1.8205,51047000000,45083000000,104000000,42703000000,5964000000,4990000000,16684000000,8344000000,12.24,-5286000000,344.64,238.17
2025-12-28,CI,22.59,268077007000.0,12.24,None,0.263,156.81,,None,1902000000,1902000000,,,,,,,,,88000000,272060000,None,14585000000,14585000000,7077000000,None,None,1439000000,None,None,221000000,,5.93,0.0216,,,,1.654,0.14,1793000000,2014000000,7.69,2011-09-30,9.07,3116000000,25604999000.0,16684000000,1793000000,517000000,1525000000,1525000000,None,0,None,0,None,None,2883000000,None,None,1625000000,None,None,None,0.04,,14891000000,1793000000,38554000000,-330000000,None,None,None,,,,,0.557,1.767,0.276,,,,,,,,0.0229,,978000000,2025-10-30,quarterly,7.83,USD,pre-market,None,10855000000,0.0395,0.155,0.095,994.66,None,3213000000,330000000,290000000,301.16,276.34,1.8205,47804000000,42185000000,330000000,40043000000,5619000000,2883000000,16684000000,7761000000,12.24,-5302000000,344.64,238.17
2025-12-28,CI,22.59,268077007000.0,12.24,None,0.263,156.81,,None,1774000000,1774000000,,,,,,,,,88000000,268557000,None,14585000000,14585000000,6705000000,None,None,1417000000,None,None,221000000,,5.93,0.0216,,,,1.654,0.14,1793000000,2014000000,7.69,2011-06-30,9.07,3136000000,25604999000.0,16684000000,1793000000,517000000,1307000000,1307000000,None,0,None,0,None,None,2883000000,None,None,1625000000,None,None,None,0.04,,14891000000,1793000000,38242000000,-330000000,None,None,None,,,,,0.557,1.767,0.276,,,,,,,,0.0229,,953000000,2025-10-30,quarterly,7.83,USD,pre-market,None,10658000000,0.0395,0.155,0.095,994.66,None,3213000000,330000000,204000000,301.16,276.34,1.8205,47033000000,41637000000,330000000,39485000000,5396000000,2883000000,16684000000,7548000000,12.24,-5318000000,344.64,238.17
2025-12-28,CI,22.59,268077007000.0,12.24,None,0.263,156.81,,None,1656000000,1656000000,,,,,,,,,88000000,270377000,None,14585000000,14585000000,6811000000,None,None,1441000000,None,None,221000000,,5.93,0.0216,,,,1.654,0.14,1793000000,2014000000,7.69,2011-03-31,9.07,3135000000,25604999000.0,16684000000,1793000000,517000000,1219000000,1219000000,None,0,None,0,None,None,2883000000,None,None,1625000000,None,None,None,0.04,,14891000000,1793000000,38005000000,-330000000,None,None,None,,,,,0.557,1.767,0.276,,,,,,,,0.0229,,912000000,2025-10-30,quarterly,7.83,USD,pre-market,None,10270000000,0.0395,0.155,0.095,994.66,None,3213000000,330000000,149000000,301.16,276.34,1.8205,46517000000,41251000000,330000000,39493000000,5266000000,2883000000,16684000000,7024000000,12.24,-5312000000,344.64,238.17
2025-12-28,CI,22.59,268077007000.0,12.24,None,0.263,156.81,,None,1605000000,1605000000,,,,,,,,,88000000,270497000,None,14585000000,14585000000,7182000000,None,None,1318000000,None,None,221000000,,5.93,0.0216,,,,1.654,0.14,1793000000,2014000000,7.69,2010-12-31,9.07,3119000000,25604999000.0,16684000000,1793000000,517000000,1238000000,1238000000,None,0,None,None,None,None,2288000000,None,None,1625000000,None,None,None,0.04,,14891000000,1793000000,37316000000,-552000000,None,None,None,,,,,0.557,1.767,0.276,,,,,,,,0.0229,,912000000,2025-10-30,quarterly,7.83,USD,pre-market,None,9879000000,0.0395,0.155,0.095,994.66,None,2840000000,552000000,174000000,301.16,276.34,1.8205,45682000000,40413000000,552000000,39019000000,5269000000,2288000000,16684000000,6645000000,12.24,-5242000000,344.64,238.17
2025-12-28,CI,22.59,268077007000.0,12.24,None,0.263,156.81,,None,1404000000,1404000000,,,,,,,,,88000000,270497000,None,14585000000,14585000000,7444000000,None,None,None,None,None,221000000,,5.93,0.0216,,,,1.654,0.14,1793000000,2014000000,7.69,2010-09-30,9.07,3119000000,25604999000.0,16684000000,1793000000,517000000,3119000000,3119000000,None,0,None,0,None,None,2510000000,None,None,1625000000,None,None,None,0.04,,14891000000,1793000000,None,None,None,None,None,,,,,0.557,1.767,0.276,,,,,,,,0.0229,,894000000,2025-10-30,quarterly,7.83,USD,pre-market,None,9136000000,0.0395,0.155,0.095,994.66,None,None,None,1035000000,301.16,276.34,1.8205,45979000000,0,0,39493000000,None,None,16684000000,6469000000,12.24,-5285000000,344.64,238.17
2025-12-28,CI,22.59,268077007000.0,12.24,None,0.263,156.81,,None,1449000000,1449000000,,,,,,,,,88000000,277536000,None,14585000000,14585000000,7134000000,None,None,1457000000,None,None,221000000,,5.93,0.0216,,,,1.654,0.14,1793000000,2014000000,7.69,2010-06-30,9.07,2879000000,25604999000.0,16684000000,1793000000,517000000,2879000000,2879000000,None,0,None,0,None,None,2510000000,None,None,1625000000,None,None,None,0.04,,14891000000,1793000000,37619000000,-326000000,None,None,None,,,,,0.557,1.767,0.276,,,,,,,,0.0229,,875000000,2025-10-30,quarterly,7.83,USD,pre-market,None,9129000000,0.0395,0.155,0.095,994.66,None,2836000000,326000000,153000000,301.16,276.34,1.8205,44432000000,40678000000,326000000,38441000000,3754000000,2510000000,16684000000,5976000000,12.24,-5228000000,344.64,238.17
2025-12-28,CI,22.59,268077007000.0,12.24,None,0.263,156.81,,None,1299000000,1299000000,,,,,,,,,88000000,278100000,None,14585000000,14585000000,6947000000,None,None,1515000000,None,None,221000000,,5.93,0.0216,,,,1.654,0.14,1793000000,2014000000,7.69,2010-03-31,9.07,2879000000,25604999000.0,16684000000,1793000000,517000000,2879000000,2879000000,None,0,None,0,None,None,2212000000,None,None,1625000000,None,None,None,0.04,,14891000000,1793000000,37123000000,-326000000,None,None,None,,,,,0.557,1.767,0.276,,,,,,,,0.0229,,860000000,2025-10-30,quarterly,7.83,USD,pre-market,None,8840000000,0.0395,0.155,0.095,994.66,None,2538000000,326000000,188000000,301.16,276.34,1.8205,43864000000,40125000000,326000000,38049000000,3739000000,2212000000,16684000000,5801000000,12.24,-5119000000,344.64,238.17
2025-12-28,CI,22.59,268077007000.0,12.24,None,0.263,156.81,,None,924000000,924000000,,,,,,,,,88000000,274398000,None,14585000000,14585000000,6718000000,None,None,1361000000,None,None,221000000,,5.93,0.0216,,,,1.654,0.14,1793000000,2014000000,7.69,2009-12-31,9.07,2876000000,25604999000.0,16684000000,1793000000,517000000,1056000000,1056000000,None,0,None,0,None,None,2436000000,None,None,1625000000,None,None,None,0.04,,14891000000,1793000000,36497000000,-104000000,None,None,None,,,,,0.557,1.767,0.276,,,,,,,,0.0229,,862000000,2025-10-30,quarterly,7.83,USD,pre-market,None,8625000000,0.0395,0.155,0.095,994.66,None,2540000000,104000000,493000000,301.16,276.34,1.8205,43013000000,39275000000,104000000,37584000000,3738000000,2436000000,16684000000,5417000000,12.24,-5192000000,344.64,238.17
2025-12-28,CI,22.59,268077007000.0,12.24,None,0.263,156.81,,None,836000000,836000000,,,,,,,,,88000000,276130000,None,14585000000,14585000000,6737000000,None,None,1481000000,None,None,221000000,,5.93,0.0216,,,,1.654,0.14,1793000000,2014000000,7.69,2009-09-30,9.07,2876000000,25604999000.0,16684000000,1793000000,517000000,2876000000,2876000000,None,0,None,0,None,None,2435000000,None,None,1625000000,None,None,None,0.04,,14891000000,1793000000,36432000000,-104000000,None,None,None,,,,,0.557,1.767,0.276,,,,,,,,0.0229,,827000000,2025-10-30,quarterly,7.83,USD,pre-market,None,8303000000,0.0395,0.155,0.095,994.66,None,2539000000,104000000,201000000,301.16,276.34,1.8205,42653000000,38950000000,104000000,37485000000,3703000000,2435000000,16684000000,5157000000,12.24,-5228000000,344.64,238.17
2025-12-28,CI,22.59,268077007000.0,12.24,None,0.263,156.81,,None,1022000000,1022000000,,,,,,,,,88000000,275055000,None,14585000000,14585000000,6778000000,None,None,1500000000,None,None,221000000,,5.93,0.0216,,,,1.654,0.14,1793000000,2014000000,7.69,2009-06-30,9.07,2876000000,25604999000.0,16684000000,1793000000,517000000,2876000000,2876000000,None,0,None,0,None,None,2435000000,None,None,1625000000,None,None,None,0.04,,14891000000,1793000000,35341000000,-106000000,None,None,None,,,,,0.557,1.767,0.276,,,,,,,,0.0229,,805000000,2025-10-30,quarterly,7.83,USD,pre-market,None,7986000000,0.0395,0.155,0.095,994.66,None,2541000000,106000000,105000000,301.16,276.34,1.8205,41649000000,37968000000,106000000,37151000000,3681000000,2435000000,16684000000,4489000000,12.24,-5254000000,344.64,238.17
2025-12-28,CI,22.59,268077007000.0,12.24,None,0.263,156.81,,None,1375000000,1375000000,,,,,,,,,88000000,272868000,None,14585000000,14585000000,6291000000,None,None,1530000000,None,None,221000000,,5.93,0.0216,,,,1.654,0.14,1793000000,2014000000,7.69,2009-03-31,9.07,2876000000,25604999000.0,16684000000,1793000000,517000000,2876000000,2876000000,None,0,None,None,None,None,2086000000,None,None,1625000000,None,None,None,0.04,,14891000000,1793000000,34546000000,-377000000,None,None,None,,,,,0.557,1.767,0.276,,,,,,,,0.0229,,804000000,2025-10-30,quarterly,7.83,USD,pre-market,None,7536000000,0.0395,0.155,0.095,994.66,None,2463000000,377000000,103000000,301.16,276.34,1.8205,41234000000,37554000000,377000000,37396000000,3680000000,2086000000,16684000000,3831000000,12.24,-5262000000,344.64,238.17
2025-12-28,CI,22.59,268077007000.0,12.24,None,0.263,156.81,,None,1342000000,1342000000,,,,,,,,,88000000,272705000,None,14585000000,14585000000,7641000000,None,None,1407000000,None,None,221000000,,5.93,0.0216,,,,1.654,0.14,1793000000,2014000000,7.69,2008-12-31,9.07,2878000000,25604999000.0,16684000000,1793000000,517000000,4398000000,4398000000,None,0,None,None,None,None,2090000000,None,None,1625000000,None,None,None,0.04,,14891000000,1793000000,33219000000,-301000000,None,None,None,,,,,0.557,1.767,0.276,,,,,,,,0.0229,,804000000,2025-10-30,quarterly,7.83,USD,pre-market,None,7374000000,0.0395,0.155,0.095,994.66,None,2391000000,301000000,236000000,301.16,276.34,1.8205,41406000000,36204000000,301000000,37814000000,5202000000,2090000000,16684000000,3592000000,12.24,-5298000000,344.64,238.17
2025-12-28,CI,22.59,268077007000.0,12.24,None,0.263,156.81,,None,1078000000,1078000000,,,,,,,,,88000000,276806000,None,14585000000,14585000000,6159000000,None,None,1627000000,None,None,221000000,,5.93,0.0216,,,,1.654,0.14,1793000000,2014000000,7.69,2008-09-30,9.07,2859000000,25604999000.0,16684000000,1793000000,517000000,2859000000,2859000000,None,0,None,None,None,None,2090000000,None,None,1625000000,None,None,None,0.04,,14891000000,1793000000,34357000000,-315000000,None,None,None,,,,,0.557,1.767,0.276,,,,,,,,0.0229,,791000000,2025-10-30,quarterly,7.83,USD,pre-market,None,7582000000,0.0395,0.155,0.095,994.66,None,2405000000,315000000,64000000,301.16,276.34,1.8205,40776000000,37126000000,315000000,36134000000,3650000000,2090000000,16684000000,4642000000,12.24,-5272000000,344.64,238.17
2025-12-28,CI,22.59,268077007000.0,12.24,None,0.263,156.81,,None,805000000,805000000,,,,,,,,,88000000,281920000,None,14585000000,14585000000,5796000000,None,None,1642000000,None,None,221000000,,5.93,0.0216,,,,1.654,0.14,1793000000,2014000000,7.69,2008-06-30,9.07,2837000000,25604999000.0,16684000000,1793000000,517000000,2837000000,2837000000,None,0,None,None,None,None,2090000000,None,None,1625000000,None,None,None,0.04,,14891000000,1793000000,35303000000,-428000000,None,None,None,,,,,0.557,1.767,0.276,,,,,,,,0.0229,,789000000,2025-10-30,quarterly,7.83,USD,pre-market,None,7412000000,0.0395,0.155,0.095,994.66,None,2518000000,428000000,39000000,301.16,276.34,1.8205,41415000000,37789000000,428000000,36661000000,3626000000,2090000000,16684000000,4754000000,12.24,-5155000000,344.64,238.17
2025-12-28,CI,22.59,268077007000.0,12.24,None,0.263,156.81,,None,2850000000,2850000000,,,,,,,,,88000000,281566000,None,14585000000,14585000000,4886000000,None,None,8680000000,None,None,221000000,,5.93,0.0216,,,,1.654,0.14,1793000000,2014000000,7.69,2008-03-31,9.07,1784000000,25604999000.0,16684000000,1793000000,517000000,1784000000,1784000000,None,0,None,None,None,None,2090000000,None,None,1625000000,None,None,None,0.04,,14891000000,1793000000,14271000000,-251000000,None,None,None,,,,,0.557,1.767,0.276,,,,,,,,0.0229,,649000000,2025-10-30,quarterly,7.83,USD,pre-market,None,7142000000,0.0395,0.155,0.095,994.66,None,2341000000,251000000,12754000000,301.16,276.34,1.8205,40988000000,38555000000,251000000,36174000000,2433000000,2090000000,16684000000,4814000000,12.24,-4942000000,344.64,238.17
2025-12-28,CI,22.59,268077007000.0,12.24,None,0.263,156.81,,None,1970000000,1970000000,,,,,,,,,88000000,280769000,None,14585000000,14585000000,4866000000,None,None,1405000000,None,None,221000000,,5.93,0.0216,,,,1.654,0.14,1793000000,2014000000,7.69,2007-12-31,9.07,1783000000,25604999000.0,16684000000,1793000000,517000000,2319000000,2319000000,None,0,None,None,None,None,1790000000,None,None,1625000000,None,None,None,0.04,,14891000000,1793000000,14197000000,-3000000,None,None,None,,,,,0.557,1.767,0.276,,,,,,,,0.0229,,625000000,2025-10-30,quarterly,7.83,USD,pre-market,None,7113000000,0.0395,0.155,0.095,994.66,None,1793000000,3000000,12754000000,301.16,276.34,1.8205,40065000000,37657000000,3000000,35317000000,2408000000,1790000000,16684000000,4748000000,12.24,-4978000000,344.64,238.17
2025-12-28,CI,22.59,268077007000.0,12.24,None,0.263,156.81,,None,1421000000,1421000000,,,,,,,,,88000000,279883000,None,14585000000,14585000000,5479000000,None,None,9049000000,None,None,221000000,,5.93,0.0216,,,,1.654,0.14,1793000000,2014000000,7.69,2007-09-30,9.07,1774000000,25604999000.0,16684000000,1793000000,517000000,1774000000,1774000000,None,0,None,None,None,None,1793000000,None,None,1625000000,None,None,None,0.04,,14891000000,1793000000,14051000000,None,None,None,None,,,,,0.557,1.767,0.276,,,,,,,,0.0229,,601000000,2025-10-30,quarterly,7.83,USD,pre-market,None,6865000000,0.0395,0.155,0.095,994.66,None,1793000000,None,12904000000,301.16,276.34,1.8205,39800000000,37425000000,None,35564000000,2375000000,1793000000,16684000000,4236000000,12.24,-5006000000,344.64,238.17
2025-12-28,CI,22.59,268077007000.0,12.24,None,0.263,156.81,,None,1104000000,1104000000,,,,,,,,,88000000,291176000,None,14585000000,14585000000,4586000000,None,None,9185000000,None,None,221000000,,5.93,0.0216,,,,1.654,0.14,1793000000,2014000000,7.69,2007-06-30,9.07,1741000000,25604999000.0,16684000000,1793000000,517000000,1741000000,1741000000,None,0,None,None,None,None,1792000000,None,None,1625000000,None,None,None,0.04,,14891000000,1793000000,16261000000,None,None,None,None,,,,,0.557,1.767,0.276,,,,,,,,0.0229,,568000000,2025-10-30,quarterly,7.83,USD,pre-market,None,6513000000,0.0395,0.155,0.095,994.66,None,1792000000,None,12667000000,301.16,276.34,1.8205,41526000000,39217000000,None,37517000000,2309000000,1792000000,16684000000,4009000000,12.24,-4795000000,344.64,238.17
2025-12-28,CI,22.59,268077007000.0,12.24,None,0.263,156.81,,None,1589000000,1589000000,,,,,,,,,40000000,294898000,None,14585000000,14585000000,5450000000,None,None,9264000000,None,None,221000000,,5.93,0.0216,,,,1.654,0.14,1793000000,2014000000,7.69,2007-03-31,9.07,1739000000,25604999000.0,16684000000,1793000000,517000000,1739000000,1739000000,None,0,None,None,None,None,1792000000,None,None,1625000000,None,None,None,0.04,,14891000000,1793000000,16257000000,-291000000,None,None,None,,,,,0.557,1.767,0.276,,,,,,,,0.0229,,603000000,2025-10-30,quarterly,7.83,USD,pre-market,None,6375000000,0.0395,0.155,0.095,994.66,None,2083000000,291000000,12926000000,301.16,276.34,1.8205,42378000000,40036000000,291000000,38226000000,2342000000,1792000000,16684000000,4152000000,12.24,-4577000000,344.64,238.17
2025-12-28,CI,22.59,268077007000.0,12.24,None,0.263,156.81,,None,1392000000,1392000000,,,,,,,,,40000000,319286000,None,14585000000,14585000000,5202000000,None,None,9504000000,None,None,221000000,,5.93,0.0216,,,,1.654,0.14,1793000000,2014000000,7.69,2006-12-31,9.07,1736000000,25604999000.0,16684000000,1793000000,517000000,1800000000,1800000000,None,0,None,None,None,None,1294000000,None,None,1625000000,None,None,None,0.04,,14891000000,1793000000,16342000000,-382000000,None,None,None,,,,,0.557,1.767,0.276,,,,,,,,0.0229,,632000000,2025-10-30,quarterly,7.83,USD,pre-market,None,6177000000,0.0395,0.155,0.095,994.66,None,1676000000,382000000,12793000000,301.16,276.34,1.8205,42399000000,40031000000,382000000,38069000000,2368000000,1294000000,16684000000,4330000000,12.24,-4169000000,344.64,238.17
2025-12-28,CI,22.59,268077007000.0,12.24,None,0.263,156.81,,None,1208000000,1208000000,,,,,,,,,40000000,323913000,None,14585000000,14585000000,4774000000,None,None,9288000000,None,None,221000000,,5.93,0.0216,,,,1.654,0.14,1793000000,2014000000,7.69,2006-09-30,9.07,1721000000,25604999000.0,16684000000,1793000000,517000000,1721000000,1721000000,None,0,None,None,None,None,1028000000,None,None,1625000000,None,None,None,0.04,,14891000000,1793000000,16373000000,-455000000,None,None,None,,,,,0.557,1.767,0.276,,,,,,,,0.0229,,617000000,2025-10-30,quarterly,7.83,USD,pre-market,None,5974000000,0.0395,0.155,0.095,994.66,None,1483000000,455000000,12982000000,301.16,276.34,1.8205,42189000000,39851000000,455000000,37932000000,2338000000,1028000000,16684000000,4257000000,12.24,-3694000000,344.64,238.17
2025-12-28,CI,22.59,268077007000.0,12.24,None,0.263,156.81,,None,1388000000,1388000000,,,,,,,,,40000000,350000000,None,14585000000,14585000000,5468000000,None,None,9439000000,None,None,221000000,,5.93,0.0216,,,,1.654,0.14,1793000000,2014000000,7.69,2006-06-30,9.07,1622000000,25604999000.0,16684000000,1793000000,517000000,1622000000,1622000000,None,0,None,None,None,None,950000000,None,None,1625000000,None,None,None,0.04,,14891000000,1793000000,16125000000,-376000000,None,None,None,,,,,0.557,1.767,0.276,,,,,,,,0.0229,,612000000,2025-10-30,quarterly,7.83,USD,pre-market,None,5686000000,0.0395,0.155,0.095,994.66,None,1326000000,376000000,13090000000,301.16,276.34,1.8205,42276000000,40042000000,376000000,37582000000,2234000000,950000000,16684000000,4694000000,12.24,-2778000000,344.64,238.17
2025-12-28,CI,22.59,268077007000.0,12.24,None,0.263,156.81,,None,1904000000,1904000000,,,,,,,,,40000000,367944000,None,14585000000,14585000000,6094000000,None,None,8201000000,None,None,221000000,,5.93,0.0216,,,,1.654,0.14,1793000000,2014000000,7.69,2006-03-31,9.07,1622000000,25604999000.0,16684000000,1793000000,517000000,1622000000,1622000000,None,0,None,None,None,None,1253000000,None,None,1625000000,None,None,None,0.04,,14891000000,1793000000,16630000000,-85000000,None,None,None,,,,,0.557,1.767,0.276,,,,,,,,0.0229,,626000000,2025-10-30,quarterly,7.83,USD,pre-market,None,5425000000,0.0395,0.155,0.095,994.66,None,1338000000,85000000,15045000000,301.16,276.34,1.8205,44028000000,41780000000,85000000,38676000000,2248000000,1253000000,16684000000,5352000000,12.24,-1930000000,344.64,238.17
2025-12-28,CI,22.59,268077007000.0,12.24,None,0.263,156.81,,None,1709000000,1709000000,,,,,,,,,40000000,380882000,None,14585000000,14585000000,5127000000,None,None,8646000000,None,None,221000000,,5.93,0.0216,,,,1.654,0.14,1793000000,2014000000,7.69,2005-12-31,9.07,1622000000,25604999000.0,16684000000,1793000000,517000000,1656000000,1656000000,None,0,None,None,None,None,1338000000,None,None,1625000000,None,None,None,0.04,,14891000000,1793000000,16253000000,-100000000,None,None,None,,,,,0.557,1.767,0.276,,,,,,,,0.0229,,638000000,2025-10-30,quarterly,7.83,USD,pre-market,None,5162000000,0.0395,0.155,0.095,994.66,None,1438000000,100000000,16025000000,301.16,276.34,1.8205,44863000000,42603000000,100000000,39503000000,2260000000,1338000000,16684000000,5360000000,12.24,-1718000000,344.64,238.17
2025-12-28,CI,22.59,268077007000.0,12.24,None,0.263,156.81,,None,1251000000,1251000000,,,,,,,,,40000000,388500000,None,14585000000,14585000000,6378000000,None,None,9049000000,None,None,221000000,,5.93,0.0216,,,,1.654,0.14,1793000000,2014000000,7.69,2005-09-30,9.07,1620000000,25604999000.0,16684000000,1793000000,517000000,1620000000,1620000000,None,0,None,None,None,None,1338000000,None,None,1625000000,None,None,None,0.04,,14891000000,1793000000,16641000000,-100000000,None,None,None,,,,,0.557,1.767,0.276,,,,,,,,0.0229,,660000000,2025-10-30,quarterly,7.83,USD,pre-market,None,5084000000,0.0395,0.155,0.095,994.66,None,1438000000,100000000,16676000000,301.16,276.34,1.8205,45897000000,43617000000,100000000,40239000000,2280000000,1338000000,16684000000,5658000000,12.24,-1207000000,344.64,238.17
2025-12-28,CI,22.59,268077007000.0,12.24,None,0.263,156.81,,None,7550000000,7550000000,,,,,,,,,4000000,283218000,None,14585000000,14585000000,37759000000,None,3035000000,24065000000,None,None,221000000,,5.93,0.0216,,,,1.654,0.14,1793000000,2014000000,7.69,2024-12-31,9.07,44370000000,25604999000.0,16684000000,1793000000,517000000,32243000000,32243000000,None,0,None,6692000000,None,None,28937000000,None,665000000,1625000000,None,None,None,0.04,,14891000000,1793000000,9898000000,17185000000,None,None,None,,,,,0.557,1.767,0.276,,,,,,,,0.0229,,3654000000,2025-10-30,annual,7.83,USD,pre-market,None,43519000000,0.0395,0.155,0.095,994.66,None,31972000000,3035000000,665000000,301.16,276.34,1.8205,155881000000,48870000000,57979000000,114638000000,107011000000,56659000000,16684000000,41033000000,12.24,None,344.64,238.17
2025-12-28,CI,22.59,268077007000.0,12.24,None,0.263,156.81,,None,7822000000,7822000000,,,,,,,,,4000000,296882000,None,14585000000,14585000000,28368000000,None,2775000000,17450000000,None,None,221000000,,5.93,0.0216,,,,1.654,0.14,1793000000,2014000000,7.69,2023-12-31,9.07,44259000000,25604999000.0,16684000000,1793000000,517000000,33681000000,33681000000,None,0,None,5645000000,None,None,28155000000,None,925000000,1625000000,None,None,None,0.04,,14891000000,1793000000,5509000000,17573000000,None,None,None,,,,,0.557,1.767,0.276,,,,,,,,0.0229,,4065000000,2025-10-30,annual,7.83,USD,pre-market,None,41652000000,0.0395,0.155,0.095,994.66,None,30930000000,2775000000,925000000,301.16,276.34,1.8205,152761000000,37351000000,48716000000,106410000000,115410000000,57694000000,16684000000,46223000000,12.24,None,344.64,238.17
2025-12-28,CI,22.59,268077007000.0,12.24,None,0.263,156.81,,None,5924000000,5924000000,,,,,,,,,4000000,313065000,None,14585000000,14585000000,24845000000,None,2993000000,16970000000,None,None,221000000,,5.93,0.0216,,,,1.654,0.14,1793000000,2014000000,7.69,2022-12-31,9.07,45811000000,25604999000.0,16684000000,1793000000,517000000,35340000000,35340000000,None,0,None,4777000000,None,None,28034000000,None,16288000000,1625000000,None,None,None,0.04,,14891000000,1793000000,1546000000,13273000000,None,21901000000,None,,,,,0.557,1.767,0.276,,,,,,,,0.0229,,4149000000,2025-10-30,annual,7.83,USD,pre-market,None,37874000000,0.0395,0.155,0.095,994.66,None,31553000000,3107000000,905000000,301.16,276.34,1.8205,143885000000,30122000000,41225000000,98981000000,113763000000,57906000000,16684000000,44872000000,12.24,-21844000000,344.64,238.17
2025-12-28,CI,22.59,268077007000.0,12.24,None,0.263,156.81,,None,5081000000,5081000000,,,,,,,,,4000000,340966000,None,14585000000,14585000000,21964000000,None,2545000000,14615000000,None,None,221000000,,5.93,0.0216,,,,1.654,0.14,1793000000,2014000000,7.69,2021-12-31,9.07,45811000000,25604999000.0,16684000000,1793000000,517000000,36911000000,36911000000,None,0,None,3722000000,None,None,31097000000,None,18438000000,1625000000,None,None,None,0.04,,14891000000,1793000000,11796000000,18904000000,None,24662000000,None,,,,,0.557,1.767,0.276,,,,,,,,0.0229,,3692000000,2025-10-30,annual,7.83,USD,pre-market,None,32593000000,0.0395,0.155,0.095,994.66,None,34265000000,2704000000,920000000,301.16,276.34,1.8205,154889000000,36134000000,43572000000,107705000000,118755000000,64133000000,16684000000,47112000000,12.24,-14175000000,344.64,238.17
2025-12-28,CI,22.59,268077007000.0,12.24,None,0.263,156.81,,None,10182000000,10182000000,,,,,,,,,4000000,368389000,None,14585000000,14585000000,18825000000,None,3374000000,11999000000,None,None,221000000,,5.93,0.0216,,,,1.654,0.14,1793000000,2014000000,7.69,2020-12-31,9.07,44648000000,25604999000.0,16684000000,1793000000,517000000,38192000000,38192000000,None,0,None,3165000000,None,None,29545000000,None,23262000000,1625000000,None,None,None,0.04,,14891000000,1793000000,1122000000,13671000000,None,30559000000,None,,,,,0.557,1.767,0.276,,,,,,,,0.0229,,4205000000,2025-10-30,annual,7.83,USD,pre-market,None,28575000000,0.0395,0.155,0.095,994.66,None,33562000000,3526000000,1331000000,301.16,276.34,1.8205,155451000000,27799000000,36022000000,105065000000,127652000000,69043000000,16684000000,50321000000,12.24,-6372000000,344.64,238.17
2025-12-28,CI,22.59,268077007000.0,12.24,None,0.263,156.81,,None,4619000000,4619000000,,,,,,,,,4000000,379817000,None,14585000000,14585000000,15544000000,None,5514000000,10382000000,None,None,221000000,,5.93,0.0216,,,,1.654,0.14,1793000000,2014000000,7.69,2019-12-31,9.07,44602000000,25604999000.0,16684000000,1793000000,517000000,39763000000,39763000000,None,0,None,2661000000,None,None,31832000000,None,937000000,1625000000,None,None,None,0.04,,14891000000,1793000000,11246000000,18914000000,None,28977000000,None,,,,,0.557,1.767,0.276,,,,,,,,0.0229,,4953000000,2025-10-30,annual,7.83,USD,pre-market,None,20162000000,0.0395,0.155,0.095,994.66,None,38038000000,5680000000,937000000,301.16,276.34,1.8205,155774000000,29845000000,40138000000,110395000000,125929000000,70257000000,16684000000,45338000000,12.24,-2193000000,344.64,238.17
2025-12-28,CI,22.59,268077007000.0,12.24,None,0.263,156.81,,149000000,3855000000,3855000000,,,,,,,,,4000000,246652000,None,14585000000,14585000000,15068000000,None,2955000000,10197000000,None,None,221000000,,5.93,0.0216,,,,1.654,0.14,1793000000,2014000000,7.69,2018-12-31,9.07,44505000000,25604999000.0,16684000000,1793000000,517000000,42282000000,42282000000,None,0,None,2821000000,None,None,39523000000,None,2045000000,1625000000,None,None,None,0.04,,14891000000,1793000000,1512000000,13872000000,None,31283000000,None,,,,,0.557,1.767,0.276,,,,,,,,0.0229,,1283000000,2025-10-30,annual,7.83,USD,pre-market,None,15088000000,0.0395,0.155,0.095,994.66,None,42478000000,2955000000,2045000000,301.16,276.34,1.8205,153226000000,20430000000,31895000000,112154000000,132796000000,80259000000,16684000000,41028000000,12.24,-104000000,344.64,238.17
2025-12-28,CI,22.59,268077007000.0,12.24,None,0.263,156.81,,None,2972000000,2972000000,,,,,,,,,74000000,243967000,None,14585000000,14585000000,489000000,None,240000000,2904000000,None,None,221000000,,5.93,0.0216,,,,1.654,0.14,1793000000,2014000000,7.69,2017-12-31,9.07,6164000000,25604999000.0,16684000000,1793000000,517000000,1152000000,1152000000,None,0,None,228000000,None,None,5199000000,None,23925000000,1625000000,None,None,None,0.04,,14891000000,1793000000,1071000000,10280000000,None,None,None,,,,,0.557,1.767,0.276,,,,,,,,0.0229,,756000000,2025-10-30,annual,7.83,USD,pre-market,None,15824000000,0.0395,0.155,0.095,994.66,None,5439000000,240000000,2136000000,301.16,276.34,1.8205,61759000000,9311000000,11009000000,47969000000,52448000000,36990000000,16684000000,13735000000,12.24,-4021000000,344.64,238.17
2025-12-28,CI,22.59,268077007000.0,12.24,None,0.263,156.81,,None,3185000000,3185000000,,,,,,,,,74000000,259647000,None,14585000000,14585000000,5452000000,None,276000000,3025000000,None,None,221000000,,5.93,0.0216,,,,1.654,0.14,1793000000,2014000000,7.69,2016-12-31,9.07,5980000000,25604999000.0,16684000000,1793000000,517000000,1193000000,1193000000,None,0,None,0,None,None,4756000000,None,22235000000,1625000000,None,None,None,0.04,,14891000000,1793000000,6530000000,6026000000,None,None,None,,,,,0.557,1.767,0.276,,,,,,,,0.0229,,767000000,2025-10-30,annual,7.83,USD,pre-market,None,13855000000,0.0395,0.155,0.095,994.66,None,5032000000,276000000,691000000,301.16,276.34,1.8205,59360000000,13431000000,8260000000,45575000000,45929000000,37315000000,16684000000,13723000000,12.24,-1716000000,344.64,238.17
2025-12-28,CI,22.59,268077007000.0,12.24,None,0.263,156.81,,None,1968000000,1968000000,,,,,,,,,74000000,260592000,None,14585000000,14585000000,4655000000,None,5169000000,3560000000,None,None,221000000,,5.93,0.0216,,,,1.654,0.14,1793000000,2014000000,7.69,2015-12-31,9.07,6019000000,25604999000.0,16684000000,1793000000,517000000,1302000000,1302000000,None,0,None,0,None,None,5020000000,None,20235000000,1625000000,None,None,None,0.04,,14891000000,1793000000,7854000000,5206000000,None,None,None,,,,,0.557,1.767,0.276,,,,,,,,0.0229,,3068000000,2025-10-30,annual,7.83,USD,pre-market,None,12121000000,0.0395,0.155,0.095,994.66,None,5169000000,149000000,381000000,301.16,276.34,1.8205,57088000000,13763000000,5817000000,44975000000,43325000000,39158000000,16684000000,12035000000,12.24,-1769000000,344.64,238.17
2025-12-28,CI,22.59,268077007000.0,12.24,None,0.263,156.81,,None,1420000000,1420000000,,,,,,,,,74000000,268603000,None,14585000000,14585000000,5335000000,None,5126000000,2757000000,None,None,221000000,,5.93,0.0216,,,,1.654,0.14,1793000000,2014000000,7.69,2014-12-31,9.07,5989000000,25604999000.0,16684000000,1793000000,517000000,1433000000,1433000000,None,0,None,0,None,None,5005000000,None,19744000000,1625000000,None,None,None,0.04,,14891000000,1793000000,8033000000,4153000000,None,None,None,,,,,0.557,1.767,0.276,,,,,,,,0.0229,,1502000000,2025-10-30,annual,7.83,USD,pre-market,None,10289000000,0.0395,0.155,0.095,994.66,None,5126000000,147000000,163000000,301.16,276.34,1.8205,55870000000,12373000000,6526000000,45017000000,43497000000,38465000000,16684000000,10774000000,12.24,-1422000000,344.64,238.17
2025-12-28,CI,22.59,268077007000.0,12.24,None,0.263,156.81,,None,2795000000,2795000000,,,,,,,,,92000000,284685000,None,14585000000,14585000000,7506000000,None,None,9290000000,None,None,221000000,,5.93,0.0216,,,,1.654,0.14,1793000000,2014000000,7.69,2013-12-31,9.07,6029000000,25604999000.0,16684000000,1793000000,517000000,2932000000,2932000000,None,0,None,0,None,None,5014000000,None,None,1625000000,None,None,None,0.04,,14891000000,1793000000,33225000000,7506000000,None,None,None,,,,,0.557,1.767,0.276,,,,,,,,0.0229,,1464000000,2025-10-30,annual,7.83,USD,pre-market,None,13676000000,0.0395,0.155,0.095,994.66,None,5014000000,233000000,631000000,301.16,276.34,1.8205,54336000000,2795000000,7739000000,43659000000,51541000000,43659000000,16684000000,10567000000,12.24,-6037000000,344.64,238.17
2025-12-28,CI,22.59,268077007000.0,12.24,None,0.263,156.81,,None,2978000000,2978000000,,,,,,,,,92000000,289530000,None,14585000000,14585000000,8523000000,None,None,8033000000,None,None,221000000,,5.93,0.0216,,,,1.654,0.14,1793000000,2014000000,7.69,2012-12-31,9.07,6001000000,25604999000.0,16684000000,1793000000,517000000,2805000000,2805000000,None,0,None,0,None,None,4986000000,None,None,1625000000,None,None,None,0.04,,14891000000,1793000000,34388000000,8523000000,None,None,None,,,,,0.557,1.767,0.276,,,,,,,,0.0229,,1120000000,2025-10-30,annual,7.83,USD,pre-market,None,12330000000,0.0395,0.155,0.095,994.66,None,5187000000,201000000,154000000,301.16,276.34,1.8205,53734000000,2978000000,8724000000,43851000000,9379000000,4986000000,16684000000,9769000000,12.24,-5277000000,344.64,238.17
2025-12-28,CI,22.59,268077007000.0,12.24,None,0.263,156.81,,None,4690000000,4690000000,,,,,,,,,92000000,274249000,None,14585000000,14585000000,1333000000,None,None,7614000000,None,None,221000000,,5.93,0.0216,,,,1.654,0.14,1793000000,2014000000,7.69,2011-12-31,9.07,3164000000,25604999000.0,16684000000,1793000000,517000000,1776000000,1776000000,None,0,None,0,None,None,4990000000,None,None,1625000000,None,None,None,0.04,,14891000000,1793000000,38810000000,-1437000000,None,None,None,,,,,0.557,1.767,0.276,,,,,,,,0.0229,,1024000000,2025-10-30,annual,7.83,USD,pre-market,None,11143000000,0.0395,0.155,0.095,994.66,None,5094000000,104000000,225000000,301.16,276.34,1.8205,51047000000,45083000000,104000000,42703000000,5964000000,4990000000,16684000000,8344000000,12.24,-5286000000,344.64,238.17
2025-12-28,CI,22.59,268077007000.0,12.24,None,0.263,156.81,,None,1605000000,1605000000,,,,,,,,,88000000,275287000,None,14585000000,14585000000,7182000000,None,None,1318000000,None,None,221000000,,5.93,0.0216,,,,1.654,0.14,1793000000,2014000000,7.69,2010-12-31,9.07,3119000000,25604999000.0,16684000000,1793000000,517000000,1238000000,1238000000,None,0,None,None,None,None,2288000000,None,None,1625000000,None,None,None,0.04,,14891000000,1793000000,37316000000,-552000000,None,None,None,,,,,0.557,1.767,0.276,,,,,,,,0.0229,,912000000,2025-10-30,annual,7.83,USD,pre-market,None,9879000000,0.0395,0.155,0.095,994.66,None,2840000000,552000000,174000000,301.16,276.34,1.8205,45682000000,40413000000,552000000,39019000000,5269000000,2288000000,16684000000,6645000000,12.24,-5242000000,344.64,238.17
2025-12-28,CI,22.59,268077007000.0,12.24,None,0.263,156.81,,None,924000000,924000000,,,,,,,,,88000000,275357000,None,14585000000,14585000000,5797000000,None,None,1361000000,None,None,221000000,,5.93,0.0216,,,,1.654,0.14,1793000000,2014000000,7.69,2009-12-31,9.07,2876000000,25604999000.0,16684000000,1793000000,517000000,3042000000,3042000000,None,0,None,0,None,None,2436000000,None,None,1625000000,None,None,None,0.04,,14891000000,1793000000,36497000000,-104000000,None,None,None,,,,,0.557,1.767,0.276,,,,,,,,0.0229,,862000000,2025-10-30,annual,7.83,USD,pre-market,None,8625000000,0.0395,0.155,0.095,994.66,None,2540000000,104000000,493000000,301.16,276.34,1.8205,43013000000,39275000000,104000000,37584000000,3738000000,2436000000,16684000000,5417000000,12.24,-5192000000,344.64,238.17
2025-12-28,CI,22.59,268077007000.0,12.24,None,0.263,156.81,,None,1342000000,1342000000,,,,,,,,,88000000,278843000,None,14585000000,14585000000,6875000000,None,None,1407000000,None,None,221000000,,5.93,0.0216,,,,1.654,0.14,1793000000,2014000000,7.69,2008-12-31,9.07,2878000000,25604999000.0,16684000000,1793000000,517000000,4398000000,4398000000,None,0,None,None,None,None,2090000000,None,None,1625000000,None,None,None,0.04,,14891000000,1793000000,33219000000,-301000000,None,None,None,,,,,0.557,1.767,0.276,,,,,,,,0.0229,,804000000,2025-10-30,annual,7.83,USD,pre-market,None,7374000000,0.0395,0.155,0.095,994.66,None,2391000000,301000000,236000000,301.16,276.34,1.8205,41406000000,36204000000,301000000,37814000000,5202000000,2090000000,16684000000,3592000000,12.24,-5298000000,344.64,238.17
2025-12-28,CI,22.59,268077007000.0,12.24,None,0.263,156.81,,None,1970000000,1970000000,,,,,,,,,88000000,283191000,None,14585000000,14585000000,4866000000,None,None,1405000000,None,None,221000000,,5.93,0.0216,,,,1.654,0.14,1793000000,2014000000,7.69,2007-12-31,9.07,1783000000,25604999000.0,16684000000,1793000000,517000000,1847000000,1847000000,None,0,None,None,None,None,1790000000,None,None,1625000000,None,None,None,0.04,,14891000000,1793000000,14197000000,-3000000,None,None,None,,,,,0.557,1.767,0.276,,,,,,,,0.0229,,625000000,2025-10-30,annual,7.83,USD,pre-market,None,7113000000,0.0395,0.155,0.095,994.66,None,1793000000,3000000,12754000000,301.16,276.34,1.8205,40065000000,37657000000,3000000,35317000000,2408000000,1790000000,16684000000,4748000000,12.24,-4978000000,344.64,238.17
2025-12-28,CI,22.59,268077007000.0,12.24,None,0.263,156.81,,None,1392000000,1392000000,,,,,,,,,40000000,336735000,None,14585000000,14585000000,4435000000,None,None,9504000000,None,None,221000000,,5.93,0.0216,,,,1.654,0.14,1793000000,2014000000,7.69,2006-12-31,9.07,1736000000,25604999000.0,16684000000,1793000000,517000000,1800000000,1800000000,None,0,None,None,None,None,1294000000,None,None,1625000000,None,None,None,0.04,,14891000000,1793000000,16342000000,-382000000,None,None,None,,,,,0.557,1.767,0.276,,,,,,,,0.0229,,632000000,2025-10-30,annual,7.83,USD,pre-market,None,6177000000,0.0395,0.155,0.095,994.66,None,1676000000,382000000,12793000000,301.16,276.34,1.8205,42399000000,40031000000,382000000,38069000000,2368000000,1294000000,16684000000,4330000000,12.24,-4169000000,344.64,238.17
2025-12-28,CI,22.59,268077007000.0,12.24,None,0.263,156.81,,None,1709000000,1709000000,,,,,,,,,40000000,389377000,None,14585000000,14585000000,5127000000,None,None,8646000000,None,None,221000000,,5.93,0.0216,,,,1.654,0.14,1793000000,2014000000,7.69,2005-12-31,9.07,1622000000,25604999000.0,16684000000,1793000000,517000000,1656000000,1656000000,None,0,None,None,None,None,1338000000,None,None,1625000000,None,None,None,0.04,,14891000000,1793000000,16253000000,-100000000,None,None,None,,,,,0.557,1.767,0.276,,,,,,,,0.0229,,638000000,2025-10-30,annual,7.83,USD,pre-market,None,5162000000,0.0395,0.155,0.095,994.66,None,1438000000,100000000,16025000000,301.16,276.34,1.8205,44863000000,42603000000,100000000,39503000000,2260000000,1338000000,16684000000,5360000000,12.24,-1718000000,344.64,238.17
2025-12-28,CI,22.59,268077007000.0,12.24,None,0.263,156.81,278000000,None,1709000000,1709000000,2659000000,-4387000000,None,None,1060000000,None,None,None,40000000,389377000,None,14585000000,14585000000,5127000000,None,None,8646000000,None,None,221000000,697000000,5.93,0.0216,402000000,402000000,None,1.654,0.14,1793000000,2014000000,7.69,2025-09-30,9.07,1622000000,25604999000.0,16684000000,1793000000,517000000,1656000000,1656000000,None,0,None,None,None,None,1338000000,None,None,1868000000,None,None,None,0.04,3418000000,14891000000,1793000000,16253000000,-100000000,None,None,None,None,None,None,None,0.557,1.767,0.276,None,None,None,None,None,-2442000000,None,0.0229,None,638000000,2025-10-30,quarterly,7.83,USD,pre-market,None,5162000000,0.0395,0.155,0.095,994.66,None,1438000000,100000000,16025000000,301.16,276.34,1.8205,44863000000,42603000000,100000000,39503000000,2260000000,1338000000,16684000000,5360000000,12.24,-1718000000,344.64,238.17
2025-12-28,CI,22.59,268077007000.0,12.24,None,0.263,156.81,285000000,None,1709000000,1709000000,-1333000000,-797000000,None,None,726000000,None,None,None,40000000,389377000,None,14585000000,14585000000,5127000000,None,None,8646000000,None,None,221000000,682000000,5.93,0.0216,401000000,401000000,None,1.654,0.14,1793000000,2014000000,7.69,2025-06-30,9.07,1622000000,25604999000.0,16684000000,1793000000,517000000,1656000000,1656000000,None,0,None,None,None,None,1338000000,None,None,1632000000,None,None,None,0.04,-1886000000,14891000000,1793000000,16253000000,-100000000,None,None,None,None,None,None,None,0.557,1.767,0.276,None,None,None,None,None,-1112000000,None,0.0229,None,638000000,2025-10-30,quarterly,7.83,USD,pre-market,None,5162000000,0.0395,0.155,0.095,994.66,None,1438000000,100000000,16025000000,301.16,276.34,1.8205,44863000000,42603000000,100000000,39503000000,2260000000,1338000000,16684000000,5360000000,12.24,-1718000000,344.64,238.17
2025-12-28,CI,22.59,268077007000.0,12.24,None,0.263,156.81,327000000,None,1709000000,1709000000,-3681000000,1197000000,None,None,1517000000,None,None,None,40000000,389377000,None,14585000000,14585000000,5127000000,None,None,8646000000,None,None,221000000,674000000,5.93,0.0216,412000000,412000000,None,1.654,0.14,1793000000,2014000000,7.69,2025-03-31,9.07,1622000000,25604999000.0,16684000000,1793000000,517000000,1656000000,1656000000,None,0,None,None,None,None,1338000000,None,None,1409000000,None,None,None,0.04,1920000000,14891000000,1793000000,16253000000,-100000000,None,None,None,None,None,None,None,0.557,1.767,0.276,None,None,None,None,None,-1508000000,None,0.0229,None,638000000,2025-10-30,quarterly,7.83,USD,pre-market,None,5162000000,0.0395,0.155,0.095,994.66,None,1438000000,100000000,16025000000,301.16,276.34,1.8205,44863000000,42603000000,100000000,39503000000,2260000000,1338000000,16684000000,5360000000,12.24,-1718000000,344.64,238.17
2025-12-28,CI,22.59,268077007000.0,12.24,None,0.263,156.81,337000000,None,1709000000,1709000000,-3248000000,-191000000,None,None,None,None,None,None,40000000,389377000,None,14585000000,14585000000,5127000000,None,None,8646000000,None,None,221000000,646000000,5.93,0.0216,384000000,384000000,None,1.654,0.14,1793000000,2014000000,7.69,2024-12-31,9.07,1622000000,25604999000.0,16684000000,1793000000,517000000,1656000000,1656000000,None,0,None,None,None,None,1338000000,None,None,1536000000,None,None,None,0.04,5212000000,14891000000,1793000000,16253000000,-100000000,None,None,None,None,None,None,None,0.557,1.767,0.276,None,None,None,None,None,-2022000000,None,0.0229,None,638000000,2025-10-30,quarterly,7.83,USD,pre-market,None,5162000000,0.0395,0.155,0.095,994.66,None,1438000000,100000000,16025000000,301.16,276.34,1.8205,44863000000,42603000000,100000000,39503000000,2260000000,1338000000,16684000000,5360000000,12.24,-1718000000,344.64,238.17
2025-12-28,CI,22.59,268077007000.0,12.24,None,0.263,156.81,399000000,None,1709000000,1709000000,439000000,-776000000,None,None,105000000,None,None,None,40000000,389377000,None,14585000000,14585000000,5127000000,None,None,8646000000,None,None,221000000,650000000,5.93,0.0216,390000000,390000000,None,1.654,0.14,1793000000,2014000000,7.69,2024-09-30,9.07,1622000000,25604999000.0,16684000000,1793000000,517000000,1656000000,1656000000,None,0,None,None,None,None,1338000000,None,None,825000000,None,None,None,0.04,46000000,14891000000,1793000000,16253000000,-100000000,None,None,None,None,None,None,None,0.557,1.767,0.276,None,None,None,None,None,-4729000000,None,0.0229,None,638000000,2025-10-30,quarterly,7.83,USD,pre-market,None,5162000000,0.0395,0.155,0.095,994.66,None,1438000000,100000000,16025000000,301.16,276.34,1.8205,44863000000,42603000000,100000000,39503000000,2260000000,1338000000,16684000000,5360000000,12.24,-1718000000,344.64,238.17
2025-12-28,CI,22.59,268077007000.0,12.24,None,0.263,156.81,370000000,None,1709000000,1709000000,-2309000000,-640000000,None,None,-543000000,None,None,None,40000000,389377000,None,14585000000,14585000000,5127000000,None,None,8646000000,None,None,221000000,738000000,5.93,0.0216,392000000,392000000,None,1.654,0.14,1793000000,2014000000,7.69,2024-06-30,9.07,1622000000,25604999000.0,16684000000,1793000000,517000000,1656000000,1656000000,None,0,None,None,None,None,1338000000,None,None,1629000000,None,None,None,0.04,265000000,14891000000,1793000000,16253000000,-100000000,None,None,None,None,None,None,None,0.557,1.767,0.276,None,None,None,None,None,-990000000,None,0.0229,None,638000000,2025-10-30,quarterly,7.83,USD,pre-market,None,5162000000,0.0395,0.155,0.095,994.66,None,1438000000,100000000,16025000000,301.16,276.34,1.8205,44863000000,42603000000,100000000,39503000000,2260000000,1338000000,16684000000,5360000000,12.24,-1718000000,344.64,238.17
2025-12-28,CI,22.59,268077007000.0,12.24,None,0.263,156.81,300000000,None,1709000000,1709000000,-2529000000,-495000000,None,None,1015000000,None,None,None,40000000,389377000,None,14585000000,14585000000,5127000000,None,None,8646000000,None,None,221000000,741000000,5.93,0.0216,401000000,401000000,None,1.654,0.14,1793000000,2014000000,7.69,2024-03-31,9.07,1622000000,25604999000.0,16684000000,1793000000,517000000,1656000000,1656000000,None,0,None,None,None,None,1338000000,None,None,-212000000,None,None,None,0.04,4840000000,14891000000,1793000000,16253000000,-100000000,None,None,None,None,None,None,None,0.557,1.767,0.276,None,None,None,None,None,-4022000000,None,0.0229,None,638000000,2025-10-30,quarterly,7.83,USD,pre-market,None,5162000000,0.0395,0.155,0.095,994.66,None,1438000000,100000000,16025000000,301.16,276.34,1.8205,44863000000,42603000000,100000000,39503000000,2260000000,1338000000,16684000000,5360000000,12.24,-1718000000,344.64,238.17
2025-12-28,CI,22.59,268077007000.0,12.24,None,0.263,156.81,365000000,None,1709000000,1709000000,-1250000000,-440000000,None,None,-1177000000,None,None,None,40000000,389377000,None,14585000000,14585000000,5127000000,None,None,8646000000,None,None,221000000,765000000,5.93,0.0216,358000000,358000000,None,1.654,0.14,1793000000,2014000000,7.69,2023-12-31,9.07,1622000000,25604999000.0,16684000000,1793000000,517000000,1656000000,1656000000,None,0,None,None,None,None,1338000000,None,None,1107000000,None,None,None,0.04,1467000000,14891000000,1793000000,16253000000,-100000000,None,None,None,None,None,None,None,0.557,1.767,0.276,None,None,None,None,None,-544000000,None,0.0229,None,638000000,2025-10-30,quarterly,7.83,USD,pre-market,None,5162000000,0.0395,0.155,0.095,994.66,None,1438000000,100000000,16025000000,301.16,276.34,1.8205,44863000000,42603000000,100000000,39503000000,2260000000,1338000000,16684000000,5360000000,12.24,-1718000000,344.64,238.17
2025-12-28,CI,22.59,268077007000.0,12.24,None,0.263,156.81,403000000,None,1709000000,1709000000,-2572000000,-1337000000,None,None,-148000000,None,None,None,40000000,389377000,None,14585000000,14585000000,5127000000,None,None,8646000000,None,None,221000000,766000000,5.93,0.0216,362000000,362000000,None,1.654,0.14,1793000000,2014000000,7.69,2023-09-30,9.07,1622000000,25604999000.0,16684000000,1793000000,517000000,1656000000,1656000000,None,0,None,None,None,None,1338000000,None,None,1449000000,None,None,None,0.04,2826000000,14891000000,1793000000,16253000000,-100000000,None,None,None,None,None,None,None,0.557,1.767,0.276,None,None,None,None,None,-624000000,None,0.0229,None,638000000,2025-10-30,quarterly,7.83,USD,pre-market,None,5162000000,0.0395,0.155,0.095,994.66,None,1438000000,100000000,16025000000,301.16,276.34,1.8205,44863000000,42603000000,100000000,39503000000,2260000000,1338000000,16684000000,5360000000,12.24,-1718000000,344.64,238.17
2025-12-28,CI,22.59,268077007000.0,12.24,None,0.263,156.81,397000000,None,1709000000,1709000000,-435000000,-414000000,1643000000,None,-109000000,None,None,-628000000,40000000,389377000,None,14585000000,14585000000,5127000000,None,None,8646000000,None,None,221000000,755000000,5.93,0.0216,362000000,362000000,None,1.654,0.14,1793000000,2014000000,7.69,2023-06-30,9.07,1622000000,25604999000.0,16684000000,1793000000,517000000,1656000000,1656000000,None,0,None,None,None,None,1338000000,None,None,1510000000,None,None,None,0.04,2492000000,14891000000,1793000000,16253000000,-100000000,None,None,None,None,None,None,None,0.557,1.767,0.276,None,None,None,None,None,-154000000,None,0.0229,None,638000000,2025-10-30,quarterly,7.83,USD,pre-market,None,5162000000,0.0395,0.155,0.095,994.66,None,1438000000,100000000,16025000000,301.16,276.34,1.8205,44863000000,42603000000,100000000,39503000000,2260000000,1338000000,16684000000,5360000000,12.24,-1718000000,344.64,238.17
2025-12-28,CI,22.59,268077007000.0,12.24,None,0.263,156.81,408000000,None,1709000000,1709000000,-37000000,-2983000000,2008000000,None,566000000,None,None,-407000000,40000000,389377000,None,14585000000,14585000000,5127000000,None,None,8646000000,None,None,221000000,749000000,5.93,0.0216,368000000,368000000,None,1.654,0.14,1793000000,2014000000,7.69,2023-03-31,9.07,1622000000,25604999000.0,16684000000,1793000000,517000000,1656000000,1656000000,None,0,None,None,None,None,1338000000,None,None,1306000000,None,None,None,0.04,5028000000,14891000000,1793000000,16253000000,-100000000,None,None,None,None,None,None,None,0.557,1.767,0.276,None,None,None,None,None,-962000000,None,0.0229,None,638000000,2025-10-30,quarterly,7.83,USD,pre-market,None,5162000000,0.0395,0.155,0.095,994.66,None,1438000000,100000000,16025000000,301.16,276.34,1.8205,44863000000,42603000000,100000000,39503000000,2260000000,1338000000,16684000000,5360000000,12.24,-1718000000,344.64,238.17
2025-12-28,CI,22.59,268077007000.0,12.24,None,0.263,156.81,345000000,None,1709000000,1709000000,-2636000000,-616000000,-1153000000,None,-996000000,None,None,-390000000,40000000,389377000,None,14585000000,14585000000,5127000000,None,None,8646000000,None,None,221000000,735000000,5.93,0.0216,334000000,334000000,None,1.654,0.14,1793000000,2014000000,7.69,2022-12-31,9.07,1622000000,25604999000.0,16684000000,1793000000,517000000,1656000000,1656000000,None,0,None,None,None,None,1338000000,None,None,1198000000,None,None,None,0.04,2099000000,14891000000,1793000000,16253000000,-100000000,None,None,None,None,None,None,None,0.557,1.767,0.276,None,None,None,None,None,-1733000000,None,0.0229,None,638000000,2025-10-30,quarterly,7.83,USD,pre-market,None,5162000000,0.0395,0.155,0.095,994.66,None,1438000000,100000000,16025000000,301.16,276.34,1.8205,44863000000,42603000000,100000000,39503000000,2260000000,1338000000,16684000000,5360000000,12.24,-1718000000,344.64,238.17
2025-12-28,CI,22.59,268077007000.0,12.24,None,0.263,156.81,338000000,None,1709000000,1709000000,-5517000000,4446000000,2212000000,None,-237000000,None,None,619000000,40000000,389377000,None,14585000000,14585000000,5127000000,None,None,8646000000,None,None,221000000,726000000,5.93,0.0216,341000000,341000000,None,1.654,0.14,1793000000,2014000000,7.69,2022-09-30,9.07,1622000000,25604999000.0,16684000000,1793000000,517000000,1656000000,1656000000,None,0,None,None,None,None,1338000000,None,None,2778000000,None,None,None,0.04,3283000000,14891000000,1793000000,16253000000,-100000000,None,None,None,None,None,None,None,0.557,1.767,0.276,None,None,None,None,None,-3500000000,None,0.0229,None,638000000,2025-10-30,quarterly,7.83,USD,pre-market,None,5162000000,0.0395,0.155,0.095,994.66,None,1438000000,100000000,16025000000,301.16,276.34,1.8205,44863000000,42603000000,100000000,39503000000,2260000000,1338000000,16684000000,5360000000,12.24,-1718000000,344.64,238.17
2025-12-28,CI,22.59,268077007000.0,12.24,None,0.263,156.81,324000000,None,1709000000,1709000000,-916000000,-408000000,-80000000,None,-59000000,None,None,-1964000000,40000000,389377000,None,14585000000,14585000000,5127000000,None,None,8646000000,None,None,221000000,759000000,5.93,0.0216,352000000,352000000,None,1.654,0.14,1793000000,2014000000,7.69,2022-06-30,9.07,1622000000,25604999000.0,16684000000,1793000000,517000000,1656000000,1656000000,None,0,None,None,None,None,1338000000,None,None,1570000000,None,None,None,0.04,1244000000,14891000000,1793000000,16253000000,-100000000,None,None,None,None,None,None,None,0.557,1.767,0.276,None,None,None,None,None,-1006000000,None,0.0229,None,638000000,2025-10-30,quarterly,7.83,USD,pre-market,None,5162000000,0.0395,0.155,0.095,994.66,None,1438000000,100000000,16025000000,301.16,276.34,1.8205,44863000000,42603000000,100000000,39503000000,2260000000,1338000000,16684000000,5360000000,12.24,-1718000000,344.64,238.17
2025-12-28,CI,22.59,268077007000.0,12.24,None,0.263,156.81,288000000,None,1709000000,1709000000,-2171000000,-324000000,-465000000,None,222000000,None,None,-540000000,40000000,389377000,None,14585000000,14585000000,5127000000,None,None,8646000000,None,None,221000000,717000000,5.93,0.0216,357000000,357000000,None,1.654,0.14,1793000000,2014000000,7.69,2022-03-31,9.07,1622000000,25604999000.0,16684000000,1793000000,517000000,1656000000,1656000000,None,0,None,None,None,None,1338000000,None,None,1212000000,None,None,None,0.04,2030000000,14891000000,1793000000,16253000000,-100000000,None,None,None,None,None,None,None,0.557,1.767,0.276,None,None,None,None,None,-1368000000,None,0.0229,None,638000000,2025-10-30,quarterly,7.83,USD,pre-market,None,5162000000,0.0395,0.155,0.095,994.66,None,1438000000,100000000,16025000000,301.16,276.34,1.8205,44863000000,42603000000,100000000,39503000000,2260000000,1338000000,16684000000,5360000000,12.24,-1718000000,344.64,238.17
2025-12-28,CI,22.59,268077007000.0,12.24,None,0.263,156.81,304000000,None,1709000000,1709000000,-2371000000,123000000,2027000000,None,-557000000,None,None,1088000000,40000000,389377000,None,14585000000,14585000000,5127000000,None,None,8646000000,None,None,221000000,743000000,5.93,0.0216,324000000,324000000,None,1.654,0.14,1793000000,2014000000,7.69,2021-12-31,9.07,1622000000,25604999000.0,16684000000,1793000000,517000000,1656000000,1656000000,None,0,None,None,None,None,1338000000,None,None,1133000000,None,None,None,0.04,4275000000,14891000000,1793000000,16253000000,-100000000,None,None,None,None,None,None,None,0.557,1.767,0.276,None,None,None,None,None,-1421000000,None,0.0229,None,638000000,2025-10-30,quarterly,7.83,USD,pre-market,None,5162000000,0.0395,0.155,0.095,994.66,None,1438000000,100000000,16025000000,301.16,276.34,1.8205,44863000000,42603000000,100000000,39503000000,2260000000,1338000000,16684000000,5360000000,12.24,-1718000000,344.64,238.17
2025-12-28,CI,22.59,268077007000.0,12.24,None,0.263,156.81,350000000,None,1709000000,1709000000,-1728000000,-710000000,-319000000,None,142000000,None,None,-671000000,40000000,389377000,None,14585000000,14585000000,5127000000,None,None,8646000000,None,None,221000000,734000000,5.93,0.0216,330000000,330000000,None,1.654,0.14,1793000000,2014000000,7.69,2021-09-30,9.07,1622000000,25604999000.0,16684000000,1793000000,517000000,1656000000,1656000000,None,0,None,None,None,None,1338000000,None,None,1635000000,None,None,None,0.04,2119000000,14891000000,1793000000,16253000000,-100000000,None,None,None,None,None,None,None,0.557,1.767,0.276,None,None,None,None,None,-2611000000,None,0.0229,None,638000000,2025-10-30,quarterly,7.83,USD,pre-market,None,5162000000,0.0395,0.155,0.095,994.66,None,1438000000,100000000,16025000000,301.16,276.34,1.8205,44863000000,42603000000,100000000,39503000000,2260000000,1338000000,16684000000,5360000000,12.24,-1718000000,344.64,238.17
2025-12-28,CI,22.59,268077007000.0,12.24,None,0.263,156.81,258000000,None,1709000000,1709000000,-62000000,-2307000000,-2665000000,None,54000000,None,None,-2269000000,40000000,389377000,None,14585000000,14585000000,5127000000,None,None,8646000000,None,None,221000000,731000000,5.93,0.0216,342000000,342000000,None,1.654,0.14,1793000000,2014000000,7.69,2021-06-30,9.07,1622000000,25604999000.0,16684000000,1793000000,517000000,1656000000,1656000000,None,0,None,None,None,None,1338000000,None,None,1476000000,None,None,None,0.04,-296000000,14891000000,1793000000,16253000000,-100000000,None,None,None,None,None,None,None,0.557,1.767,0.276,None,None,None,None,None,-916000000,None,0.0229,None,638000000,2025-10-30,quarterly,7.83,USD,pre-market,None,5162000000,0.0395,0.155,0.095,994.66,None,1438000000,100000000,16025000000,301.16,276.34,1.8205,44863000000,42603000000,100000000,39503000000,2260000000,1338000000,16684000000,5360000000,12.24,-1718000000,344.64,238.17
2025-12-28,CI,22.59,268077007000.0,12.24,None,0.263,156.81,242000000,None,1709000000,1709000000,-4051000000,-717000000,-3675000000,None,247000000,None,None,-1380000000,40000000,389377000,None,14585000000,14585000000,5127000000,None,None,8646000000,None,None,221000000,715000000,5.93,0.0216,345000000,345000000,None,1.654,0.14,1793000000,2014000000,7.69,2021-03-31,9.07,1622000000,25604999000.0,16684000000,1793000000,517000000,1656000000,1656000000,None,0,None,None,None,None,1338000000,None,None,1171000000,None,None,None,0.04,1093000000,14891000000,1793000000,16253000000,-100000000,None,None,None,None,None,None,None,0.557,1.767,0.276,None,None,None,None,None,-2794000000,None,0.0229,None,638000000,2025-10-30,quarterly,7.83,USD,pre-market,None,5162000000,0.0395,0.155,0.095,994.66,None,1438000000,100000000,16025000000,301.16,276.34,1.8205,44863000000,42603000000,100000000,39503000000,2260000000,1338000000,16684000000,5360000000,12.24,-1718000000,344.64,238.17
2025-12-28,CI,22.59,268077007000.0,12.24,None,0.263,156.81,319000000,None,1709000000,1709000000,-4721000000,4420000000,3993000000,None,-504000000,None,None,2012000000,40000000,389377000,None,14585000000,14585000000,5127000000,None,None,8646000000,None,None,221000000,713000000,5.93,0.0216,532000000,532000000,None,1.654,0.14,1793000000,2014000000,7.69,2020-12-31,9.07,1622000000,25604999000.0,16684000000,1793000000,517000000,1656000000,1656000000,None,0,None,None,None,None,1338000000,None,None,4142000000,None,None,None,0.04,4294000000,14891000000,1793000000,16253000000,-100000000,None,None,None,None,None,None,None,0.557,1.767,0.276,None,None,None,None,None,-1690000000,None,0.0229,None,638000000,2025-10-30,quarterly,7.83,USD,pre-market,None,5162000000,0.0395,0.155,0.095,994.66,None,1438000000,100000000,16025000000,301.16,276.34,1.8205,44863000000,42603000000,100000000,39503000000,2260000000,1338000000,16684000000,5360000000,12.24,-1718000000,344.64,238.17
2025-12-28,CI,22.59,268077007000.0,12.24,None,0.263,156.81,252000000,None,1709000000,1709000000,-1682000000,-938000000,-1725000000,None,55000000,None,None,-1185000000,40000000,389377000,None,14585000000,14585000000,5127000000,None,None,8646000000,None,None,221000000,702000000,5.93,0.0216,1545000000,1545000000,None,1.654,0.14,1793000000,2014000000,7.69,2020-09-30,9.07,1622000000,25604999000.0,16684000000,1793000000,517000000,1656000000,1656000000,None,0,None,None,None,None,1338000000,None,None,1398000000,None,None,None,0.04,895000000,14891000000,1793000000,16253000000,-100000000,None,None,None,None,None,None,None,0.557,1.767,0.276,None,None,None,None,None,-1028000000,None,0.0229,None,638000000,2025-10-30,quarterly,7.83,USD,pre-market,None,5162000000,0.0395,0.155,0.095,994.66,None,1438000000,100000000,16025000000,301.16,276.34,1.8205,44863000000,42603000000,100000000,39503000000,2260000000,1338000000,16684000000,5360000000,12.24,-1718000000,344.64,238.17
2025-12-28,CI,22.59,268077007000.0,12.24,None,0.263,156.81,256000000,None,1709000000,1709000000,-312000000,-237000000,2725000000,None,-146000000,None,None,-827000000,40000000,389377000,None,14585000000,14585000000,5127000000,None,None,8646000000,None,None,221000000,694000000,5.93,0.0216,15000000,15000000,None,1.654,0.14,1793000000,2014000000,7.69,2020-06-30,9.07,1622000000,25604999000.0,16684000000,1793000000,517000000,1656000000,1656000000,None,0,None,None,None,None,1338000000,None,None,1760000000,None,None,None,0.04,3274000000,14891000000,1793000000,16253000000,-100000000,None,None,None,None,None,None,None,0.557,1.767,0.276,None,None,None,None,None,-368000000,None,0.0229,None,638000000,2025-10-30,quarterly,7.83,USD,pre-market,None,5162000000,0.0395,0.155,0.095,994.66,None,1438000000,100000000,16025000000,301.16,276.34,1.8205,44863000000,42603000000,100000000,39503000000,2260000000,1338000000,16684000000,5360000000,12.24,-1718000000,344.64,238.17
2025-12-28,CI,22.59,268077007000.0,12.24,None,0.263,156.81,267000000,None,1709000000,1709000000,-1818000000,-269000000,-200000000,None,96000000,None,None,-1266000000,40000000,389377000,None,14585000000,14585000000,5127000000,None,None,8646000000,None,None,221000000,693000000,5.93,0.0216,3290000000,3290000000,None,1.654,0.14,1793000000,2014000000,7.69,2020-03-31,9.07,1622000000,25604999000.0,16684000000,1793000000,517000000,1656000000,1656000000,None,0,None,None,None,None,1338000000,None,None,1189000000,None,None,None,0.04,1887000000,14891000000,1793000000,16253000000,-100000000,None,None,None,None,None,None,None,0.557,1.767,0.276,None,None,None,None,None,-956000000,None,0.0229,None,638000000,2025-10-30,quarterly,7.83,USD,pre-market,None,5162000000,0.0395,0.155,0.095,994.66,None,1438000000,100000000,16025000000,301.16,276.34,1.8205,44863000000,42603000000,100000000,39503000000,2260000000,1338000000,16684000000,5360000000,12.24,-1718000000,344.64,238.17
2025-12-28,CI,22.59,268077007000.0,12.24,None,0.263,156.81,310000000,None,1709000000,1709000000,-1707000000,-271000000,842000000,None,149000000,None,None,273000000,40000000,389377000,None,14585000000,14585000000,5127000000,None,None,8646000000,None,None,221000000,927000000,5.93,0.0216,202000000,202000000,None,1.654,0.14,1793000000,2014000000,7.69,2019-12-31,9.07,1622000000,25604999000.0,16684000000,1793000000,517000000,1656000000,1656000000,None,0,None,None,None,None,1338000000,None,None,984000000,None,None,None,0.04,2793000000,14891000000,1793000000,16253000000,-100000000,None,None,None,None,None,None,None,0.557,1.767,0.276,None,None,None,None,None,-447000000,None,0.0229,None,638000000,2025-10-30,quarterly,7.83,USD,pre-market,None,5162000000,0.0395,0.155,0.095,994.66,None,1438000000,100000000,16025000000,301.16,276.34,1.8205,44863000000,42603000000,100000000,39503000000,2260000000,1338000000,16684000000,5360000000,12.24,-1718000000,344.64,238.17
2025-12-28,CI,22.59,268077007000.0,12.24,None,0.263,156.81,243000000,None,1709000000,1709000000,-1173000000,-304000000,967000000,-17000000,55373000000,None,None,79000000,40000000,389377000,None,14585000000,14585000000,5127000000,None,None,8646000000,None,None,221000000,913000000,5.93,0.0216,479000000,479000000,None,1.654,0.14,1793000000,2014000000,7.69,2019-09-30,9.07,1622000000,25604999000.0,16684000000,1793000000,517000000,1656000000,1656000000,None,0,None,None,None,None,1338000000,None,None,1354000000,None,None,None,0.04,2461000000,14891000000,1793000000,16253000000,-100000000,None,None,None,None,None,None,None,0.557,1.767,0.276,None,None,None,None,None,-674000000,None,0.0229,None,638000000,2025-10-30,quarterly,7.83,USD,pre-market,None,5162000000,0.0395,0.155,0.095,994.66,None,1438000000,100000000,16025000000,301.16,276.34,1.8205,44863000000,42603000000,100000000,39503000000,2260000000,1338000000,16684000000,5360000000,12.24,-1718000000,344.64,238.17
2025-12-28,CI,22.59,268077007000.0,12.24,None,0.263,156.81,303000000,None,1709000000,1709000000,-1773000000,-634000000,-1366000000,2000000,53035000000,None,None,-1070000000,40000000,389377000,None,14585000000,14585000000,5127000000,None,None,8646000000,None,None,221000000,914000000,5.93,0.0216,None,None,None,1.654,0.14,1793000000,2014000000,7.69,2019-06-30,9.07,1622000000,25604999000.0,16684000000,1793000000,517000000,1656000000,1656000000,None,0,None,None,None,None,1338000000,None,None,1410000000,None,None,None,0.04,1039000000,14891000000,1793000000,16253000000,-100000000,None,None,None,None,None,None,None,0.557,1.767,0.276,None,None,None,None,None,-404000000,None,0.0229,None,638000000,2025-10-30,quarterly,7.83,USD,pre-market,None,5162000000,0.0395,0.155,0.095,994.66,None,1438000000,100000000,16025000000,301.16,276.34,1.8205,44863000000,42603000000,100000000,39503000000,2260000000,1338000000,16684000000,5360000000,12.24,-1718000000,344.64,238.17
2025-12-28,CI,22.59,268077007000.0,12.24,None,0.263,156.81,194000000,None,1709000000,1709000000,-2534000000,475000000,1121000000,-12000000,440000000,None,None,-272000000,40000000,389377000,None,14585000000,14585000000,5127000000,None,None,8646000000,None,None,221000000,897000000,5.93,0.0216,None,None,None,1.654,0.14,1793000000,2014000000,7.69,2019-03-31,9.07,1622000000,25604999000.0,16684000000,1793000000,517000000,1656000000,1656000000,None,0,None,None,None,None,1338000000,None,None,1372000000,None,None,None,0.04,3192000000,14891000000,1793000000,16253000000,-100000000,None,None,None,None,None,None,None,0.557,1.767,0.276,None,None,None,None,None,-462000000,None,0.0229,None,638000000,2025-10-30,quarterly,7.83,USD,pre-market,None,5162000000,0.0395,0.155,0.095,994.66,None,1438000000,100000000,16025000000,301.16,276.34,1.8205,44863000000,42603000000,100000000,39503000000,2260000000,1338000000,16684000000,5360000000,12.24,-1718000000,344.64,238.17
2025-12-28,CI,22.59,268077007000.0,12.24,None,0.263,156.81,182000000,None,1709000000,1709000000,4400000000,-24704000000,None,None,-107000000,None,None,None,40000000,389377000,None,14585000000,14585000000,5127000000,None,None,8646000000,None,None,221000000,257000000,5.93,0.0216,4459000000,4459000000,None,1.654,0.14,1793000000,2014000000,7.69,2018-12-31,9.07,1622000000,25604999000.0,16684000000,1793000000,517000000,1656000000,1656000000,None,0,None,None,None,None,1338000000,None,None,147000000,None,None,None,0.04,126000000,14891000000,1793000000,16253000000,-100000000,None,None,None,None,None,None,None,0.557,1.767,0.276,None,None,None,None,None,-32000000,None,0.0229,None,638000000,2025-10-30,quarterly,7.83,USD,pre-market,None,5162000000,0.0395,0.155,0.095,994.66,None,1438000000,100000000,16025000000,301.16,276.34,1.8205,44863000000,42603000000,100000000,39503000000,2260000000,1338000000,16684000000,5360000000,12.24,-1718000000,344.64,238.17
2025-12-28,CI,22.59,268077007000.0,12.24,None,0.263,156.81,126000000,None,1709000000,1709000000,19657000000,125000000,None,None,-31000000,None,None,None,40000000,389377000,None,14585000000,14585000000,5127000000,None,None,8646000000,None,None,221000000,162000000,5.93,0.0216,0,0,None,1.654,0.14,1793000000,2014000000,7.69,2018-09-30,9.07,1622000000,25604999000.0,16684000000,1793000000,517000000,1656000000,1656000000,None,0,None,None,None,None,1338000000,None,None,774000000,None,None,None,0.04,624000000,14891000000,1793000000,16253000000,-100000000,None,None,None,None,None,None,None,0.557,1.767,0.276,None,None,None,None,None,0,None,0.0229,None,638000000,2025-10-30,quarterly,7.83,USD,pre-market,None,5162000000,0.0395,0.155,0.095,994.66,None,1438000000,100000000,16025000000,301.16,276.34,1.8205,44863000000,42603000000,100000000,39503000000,2260000000,1338000000,16684000000,5360000000,12.24,-1718000000,344.64,238.17
2025-12-28,CI,22.59,268077007000.0,12.24,None,0.263,156.81,117000000,None,1709000000,1709000000,-12000000,-99000000,None,None,21000000,None,None,None,40000000,389377000,None,14585000000,14585000000,5127000000,None,None,8646000000,None,None,221000000,136000000,5.93,0.0216,0,0,None,1.654,0.14,1793000000,2014000000,7.69,2018-06-30,9.07,1622000000,25604999000.0,16684000000,1793000000,517000000,1656000000,1656000000,None,0,None,None,None,None,1338000000,None,None,808000000,None,None,None,0.04,995000000,14891000000,1793000000,16253000000,-100000000,None,None,None,None,None,None,None,0.557,1.767,0.276,None,None,None,None,None,0,None,0.0229,None,638000000,2025-10-30,quarterly,7.83,USD,pre-market,None,5162000000,0.0395,0.155,0.095,994.66,None,1438000000,100000000,16025000000,301.16,276.34,1.8205,44863000000,42603000000,100000000,39503000000,2260000000,1338000000,16684000000,5360000000,12.24,-1718000000,344.64,238.17
2025-12-28,CI,22.59,268077007000.0,12.24,None,0.263,156.81,103000000,None,1709000000,1709000000,-530000000,-1700000000,None,None,94000000,None,None,None,40000000,389377000,None,14585000000,14585000000,5127000000,None,None,8646000000,None,None,221000000,140000000,5.93,0.0216,0,0,None,1.654,0.14,1793000000,2014000000,7.69,2018-03-31,9.07,1622000000,25604999000.0,16684000000,1793000000,517000000,1656000000,1656000000,None,0,None,None,None,None,1338000000,None,None,917000000,None,None,None,0.04,2025000000,14891000000,1793000000,16253000000,-100000000,None,None,None,None,None,None,None,0.557,1.767,0.276,None,None,None,None,None,-310000000,None,0.0229,None,638000000,2025-10-30,quarterly,7.83,USD,pre-market,None,5162000000,0.0395,0.155,0.095,994.66,None,1438000000,100000000,16025000000,301.16,276.34,1.8205,44863000000,42603000000,100000000,39503000000,2260000000,1338000000,16684000000,5360000000,12.24,-1718000000,344.64,238.17
2025-12-28,CI,22.59,268077007000.0,12.24,None,0.263,156.81,131000000,None,1709000000,1709000000,-683000000,-603000000,None,None,-72000000,None,None,None,40000000,389377000,None,14585000000,14585000000,5127000000,None,None,8646000000,None,None,221000000,141000000,5.93,0.0216,77000000,77000000,None,1.654,0.14,1793000000,2014000000,7.69,2017-12-31,9.07,1622000000,25604999000.0,16684000000,1793000000,517000000,1656000000,1656000000,None,0,None,None,None,None,1338000000,None,None,267000000,None,None,None,0.04,575000000,14891000000,1793000000,16253000000,-100000000,None,None,None,None,None,None,None,0.557,1.767,0.276,None,None,None,None,None,-764000000,None,0.0229,None,638000000,2025-10-30,quarterly,7.83,USD,pre-market,None,5162000000,0.0395,0.155,0.095,994.66,None,1438000000,100000000,16025000000,301.16,276.34,1.8205,44863000000,42603000000,100000000,39503000000,2260000000,1338000000,16684000000,5360000000,12.24,-1718000000,344.64,238.17
2025-12-28,CI,22.59,268077007000.0,12.24,None,0.263,156.81,146000000,None,1709000000,1709000000,-825000000,-368000000,None,None,0,None,None,None,40000000,389377000,None,14585000000,14585000000,5127000000,None,None,8646000000,None,None,221000000,139000000,5.93,0.0216,1584000000,1584000000,None,1.654,0.14,1793000000,2014000000,7.69,2017-09-30,9.07,1622000000,25604999000.0,16684000000,1793000000,517000000,1656000000,1656000000,None,0,None,None,None,None,1338000000,None,None,562000000,None,None,None,0.04,1235000000,14891000000,1793000000,16253000000,-100000000,None,None,None,None,None,None,None,0.557,1.767,0.276,None,None,None,None,None,-1066000000,None,0.0229,None,638000000,2025-10-30,quarterly,7.83,USD,pre-market,None,5162000000,0.0395,0.155,0.095,994.66,None,1438000000,100000000,16025000000,301.16,276.34,1.8205,44863000000,42603000000,100000000,39503000000,2260000000,1338000000,16684000000,5360000000,12.24,-1718000000,344.64,238.17
2025-12-28,CI,22.59,268077007000.0,12.24,None,0.263,156.81,103000000,None,1709000000,1709000000,-628000000,-615000000,None,None,0,None,None,None,40000000,389377000,None,14585000000,14585000000,5127000000,None,None,8646000000,None,None,221000000,140000000,5.93,0.0216,0,0,None,1.654,0.14,1793000000,2014000000,7.69,2017-06-30,9.07,1622000000,25604999000.0,16684000000,1793000000,517000000,1656000000,1656000000,None,0,None,None,None,None,1338000000,None,None,810000000,None,None,None,0.04,697000000,14891000000,1793000000,16253000000,-100000000,None,None,None,None,None,None,None,0.557,1.767,0.276,None,None,None,None,None,-656000000,None,0.0229,None,638000000,2025-10-30,quarterly,7.83,USD,pre-market,None,5162000000,0.0395,0.155,0.095,994.66,None,1438000000,100000000,16025000000,301.16,276.34,1.8205,44863000000,42603000000,100000000,39503000000,2260000000,1338000000,16684000000,5360000000,12.24,-1718000000,344.64,238.17
2025-12-28,CI,22.59,268077007000.0,12.24,None,0.263,156.81,91000000,None,1709000000,1709000000,-515000000,-117000000,None,None,0,None,None,None,40000000,389377000,None,14585000000,14585000000,5127000000,None,None,8646000000,None,None,221000000,146000000,5.93,0.0216,0,0,None,1.654,0.14,1793000000,2014000000,7.69,2017-03-31,9.07,1622000000,25604999000.0,16684000000,1793000000,517000000,1656000000,1656000000,None,0,None,None,None,None,1338000000,None,None,593000000,None,None,None,0.04,1579000000,14891000000,1793000000,16253000000,-100000000,None,None,None,None,None,None,None,0.557,1.767,0.276,None,None,None,None,None,-239000000,None,0.0229,None,638000000,2025-10-30,quarterly,7.83,USD,pre-market,None,5162000000,0.0395,0.155,0.095,994.66,None,1438000000,100000000,16025000000,301.16,276.34,1.8205,44863000000,42603000000,100000000,39503000000,2260000000,1338000000,16684000000,5360000000,12.24,-1718000000,344.64,238.17
2025-12-28,CI,22.59,268077007000.0,12.24,None,0.263,156.81,99000000,None,1709000000,1709000000,30000000,-985000000,None,None,0,None,None,None,40000000,389377000,None,14585000000,14585000000,5127000000,None,None,8646000000,None,None,221000000,150000000,5.93,0.0216,0,0,None,1.654,0.14,1793000000,2014000000,7.69,2016-12-31,9.07,1622000000,25604999000.0,16684000000,1793000000,517000000,1656000000,1656000000,None,0,None,None,None,None,1338000000,None,None,374000000,None,None,None,0.04,952000000,14891000000,1793000000,16253000000,-100000000,None,None,None,None,None,None,None,0.557,1.767,0.276,None,None,None,None,None,0,None,0.0229,None,638000000,2025-10-30,quarterly,7.83,USD,pre-market,None,5162000000,0.0395,0.155,0.095,994.66,None,1438000000,100000000,16025000000,301.16,276.34,1.8205,44863000000,42603000000,100000000,39503000000,2260000000,1338000000,16684000000,5360000000,12.24,-1718000000,344.64,238.17
2025-12-28,CI,22.59,268077007000.0,12.24,None,0.263,156.81,108000000,None,1709000000,1709000000,-32000000,-1122000000,None,None,0,None,None,None,40000000,389377000,None,14585000000,14585000000,5127000000,None,None,8646000000,None,None,221000000,150000000,5.93,0.0216,0,0,None,1.654,0.14,1793000000,2014000000,7.69,2016-09-30,9.07,1622000000,25604999000.0,16684000000,1793000000,517000000,1656000000,1656000000,None,0,None,None,None,None,1338000000,None,None,452000000,None,None,None,0.04,1912000000,14891000000,1793000000,16253000000,-100000000,None,None,None,None,None,None,None,0.557,1.767,0.276,None,None,None,None,None,0,None,0.0229,None,638000000,2025-10-30,quarterly,7.83,USD,pre-market,None,5162000000,0.0395,0.155,0.095,994.66,None,1438000000,100000000,16025000000,301.16,276.34,1.8205,44863000000,42603000000,100000000,39503000000,2260000000,1338000000,16684000000,5360000000,12.24,-1718000000,344.64,238.17
2025-12-28,CI,22.59,268077007000.0,12.24,None,0.263,156.81,142000000,None,1709000000,1709000000,-77000000,-212000000,None,None,0,None,None,None,40000000,389377000,None,14585000000,14585000000,5127000000,None,None,8646000000,None,None,221000000,152000000,5.93,0.0216,0,0,None,1.654,0.14,1793000000,2014000000,7.69,2016-06-30,9.07,1622000000,25604999000.0,16684000000,1793000000,517000000,1656000000,1656000000,None,0,None,None,None,None,1338000000,None,None,503000000,None,None,None,0.04,346000000,14891000000,1793000000,16253000000,-100000000,None,None,None,None,None,None,None,0.557,1.767,0.276,None,None,None,None,None,0,None,0.0229,None,638000000,2025-10-30,quarterly,7.83,USD,pre-market,None,5162000000,0.0395,0.155,0.095,994.66,None,1438000000,100000000,16025000000,301.16,276.34,1.8205,44863000000,42603000000,100000000,39503000000,2260000000,1338000000,16684000000,5360000000,12.24,-1718000000,344.64,238.17
2025-12-28,CI,22.59,268077007000.0,12.24,None,0.263,156.81,112000000,None,1709000000,1709000000,-146000000,-360000000,None,None,0,None,None,None,40000000,389377000,None,14585000000,14585000000,5127000000,None,None,8646000000,None,None,221000000,158000000,5.93,0.0216,0,0,None,1.654,0.14,1793000000,2014000000,7.69,2016-03-31,9.07,1622000000,25604999000.0,16684000000,1793000000,517000000,1656000000,1656000000,None,0,None,None,None,None,1338000000,None,None,514000000,None,None,None,0.04,921000000,14891000000,1793000000,16253000000,-100000000,None,None,None,None,None,None,None,0.557,1.767,0.276,None,None,None,None,None,-139000000,None,0.0229,None,638000000,2025-10-30,quarterly,7.83,USD,pre-market,None,5162000000,0.0395,0.155,0.095,994.66,None,1438000000,100000000,16025000000,301.16,276.34,1.8205,44863000000,42603000000,100000000,39503000000,2260000000,1338000000,16684000000,5360000000,12.24,-1718000000,344.64,238.17
2025-12-28,CI,22.59,268077007000.0,12.24,None,0.263,156.81,153000000,None,1709000000,1709000000,-105000000,-1302000000,None,None,0,None,None,None,40000000,389377000,None,14585000000,14585000000,5127000000,None,None,8646000000,None,None,221000000,134000000,5.93,0.0216,0,0,None,1.654,0.14,1793000000,2014000000,7.69,2015-12-31,9.07,1622000000,25604999000.0,16684000000,1793000000,517000000,1656000000,1656000000,None,0,None,None,None,None,1338000000,None,None,418000000,None,None,None,0.04,998000000,14891000000,1793000000,16253000000,-100000000,None,None,None,None,None,None,None,0.557,1.767,0.276,None,None,None,None,None,-135000000,None,0.0229,None,638000000,2025-10-30,quarterly,7.83,USD,pre-market,None,5162000000,0.0395,0.155,0.095,994.66,None,1438000000,100000000,16025000000,301.16,276.34,1.8205,44863000000,42603000000,100000000,39503000000,2260000000,1338000000,16684000000,5360000000,12.24,-1718000000,344.64,238.17
2025-12-28,CI,22.59,268077007000.0,12.24,None,0.263,156.81,111000000,None,1709000000,1709000000,21000000,-201000000,None,None,0,None,None,None,40000000,389377000,None,14585000000,14585000000,5127000000,None,None,8646000000,None,None,221000000,149000000,5.93,0.0216,0,0,None,1.654,0.14,1793000000,2014000000,7.69,2015-09-30,9.07,1622000000,25604999000.0,16684000000,1793000000,517000000,1656000000,1656000000,None,0,None,None,None,None,1338000000,None,None,544000000,None,None,None,0.04,614000000,14891000000,1793000000,16253000000,-100000000,None,None,None,None,None,None,None,0.557,1.767,0.276,None,None,None,None,None,0,None,0.0229,None,638000000,2025-10-30,quarterly,7.83,USD,pre-market,None,5162000000,0.0395,0.155,0.095,994.66,None,1438000000,100000000,16025000000,301.16,276.34,1.8205,44863000000,42603000000,100000000,39503000000,2260000000,1338000000,16684000000,5360000000,12.24,-1718000000,344.64,238.17
2025-12-28,CI,22.59,268077007000.0,12.24,None,0.263,156.81,131000000,None,1709000000,1709000000,-1049000000,-47000000,None,None,0,None,None,None,40000000,389377000,None,14585000000,14585000000,5127000000,None,None,8646000000,None,None,221000000,151000000,5.93,0.0216,0,0,None,1.654,0.14,1793000000,2014000000,7.69,2015-06-30,9.07,1622000000,25604999000.0,16684000000,1793000000,517000000,1656000000,1656000000,None,0,None,None,None,None,1338000000,None,None,584000000,None,None,None,0.04,446000000,14891000000,1793000000,16253000000,-100000000,None,None,None,None,None,None,None,0.557,1.767,0.276,None,None,None,None,None,-123000000,None,0.0229,None,638000000,2025-10-30,quarterly,7.83,USD,pre-market,None,5162000000,0.0395,0.155,0.095,994.66,None,1438000000,100000000,16025000000,301.16,276.34,1.8205,44863000000,42603000000,100000000,39503000000,2260000000,1338000000,16684000000,5360000000,12.24,-1718000000,344.64,238.17
2025-12-28,CI,22.59,268077007000.0,12.24,None,0.263,156.81,115000000,None,1709000000,1709000000,603000000,-49000000,None,None,0,None,None,None,40000000,389377000,None,14585000000,14585000000,5127000000,None,None,8646000000,None,None,221000000,151000000,5.93,0.0216,894000000,894000000,None,1.654,0.14,1793000000,2014000000,7.69,2015-03-31,9.07,1622000000,25604999000.0,16684000000,1793000000,517000000,1656000000,1656000000,None,0,None,None,None,None,1338000000,None,None,531000000,None,None,None,0.04,737000000,14891000000,1793000000,16253000000,-100000000,None,None,None,None,None,None,None,0.557,1.767,0.276,None,None,None,None,None,-413000000,None,0.0229,None,638000000,2025-10-30,quarterly,7.83,USD,pre-market,None,5162000000,0.0395,0.155,0.095,994.66,None,1438000000,100000000,16025000000,301.16,276.34,1.8205,44863000000,42603000000,100000000,39503000000,2260000000,1338000000,16684000000,5360000000,12.24,-1718000000,344.64,238.17
2025-12-28,CI,22.59,268077007000.0,12.24,None,0.263,156.81,123000000,None,1709000000,1709000000,-358000000,-350000000,None,None,0,None,None,None,40000000,389377000,None,14585000000,14585000000,5127000000,None,None,8646000000,None,None,221000000,153000000,5.93,0.0216,20000000,20000000,None,1.654,0.14,1793000000,2014000000,7.69,2014-12-31,9.07,1622000000,25604999000.0,16684000000,1793000000,517000000,1656000000,1656000000,None,0,None,None,None,None,1338000000,None,None,462000000,None,None,None,0.04,522000000,14891000000,1793000000,16253000000,-100000000,None,None,None,None,None,None,None,0.557,1.767,0.276,None,None,None,None,None,-356000000,None,0.0229,None,638000000,2025-10-30,quarterly,7.83,USD,pre-market,None,5162000000,0.0395,0.155,0.095,994.66,None,1438000000,100000000,16025000000,301.16,276.34,1.8205,44863000000,42603000000,100000000,39503000000,2260000000,1338000000,16684000000,5360000000,12.24,-1718000000,344.64,238.17
2025-12-28,CI,22.59,268077007000.0,12.24,None,0.263,156.81,114000000,None,1709000000,1709000000,-217000000,-573000000,None,None,0,None,None,None,40000000,389377000,None,14585000000,14585000000,5127000000,None,None,8646000000,None,None,221000000,146000000,5.93,0.0216,11000000,11000000,None,1.654,0.14,1793000000,2014000000,7.69,2014-09-30,9.07,1622000000,25604999000.0,16684000000,1793000000,517000000,1656000000,1656000000,None,0,None,None,None,None,1338000000,None,None,531000000,None,None,None,0.04,470000000,14891000000,1793000000,16253000000,-100000000,None,None,None,None,None,None,None,0.557,1.767,0.276,None,None,None,None,None,-227000000,None,0.0229,None,638000000,2025-10-30,quarterly,7.83,USD,pre-market,None,5162000000,0.0395,0.155,0.095,994.66,None,1438000000,100000000,16025000000,301.16,276.34,1.8205,44863000000,42603000000,100000000,39503000000,2260000000,1338000000,16684000000,5360000000,12.24,-1718000000,344.64,238.17
2025-12-28,CI,22.59,268077007000.0,12.24,None,0.263,156.81,139000000,None,1709000000,1709000000,-508000000,-326000000,None,None,0,None,None,None,40000000,389377000,None,14585000000,14585000000,5127000000,None,None,8646000000,None,None,221000000,139000000,5.93,0.0216,15000000,15000000,None,1.654,0.14,1793000000,2014000000,7.69,2014-06-30,9.07,1622000000,25604999000.0,16684000000,1793000000,517000000,1656000000,1656000000,None,0,None,None,None,None,1338000000,None,None,572000000,None,None,None,0.04,512000000,14891000000,1793000000,16253000000,-100000000,None,None,None,None,None,None,None,0.557,1.767,0.276,None,None,None,None,None,-414000000,None,0.0229,None,638000000,2025-10-30,quarterly,7.83,USD,pre-market,None,5162000000,0.0395,0.155,0.095,994.66,None,1438000000,100000000,16025000000,301.16,276.34,1.8205,44863000000,42603000000,100000000,39503000000,2260000000,1338000000,16684000000,5360000000,12.24,-1718000000,344.64,238.17
2025-12-28,CI,22.59,268077007000.0,12.24,None,0.263,156.81,97000000,None,1709000000,1709000000,-499000000,-506000000,None,None,0,None,None,None,40000000,389377000,None,14585000000,14585000000,5127000000,None,None,8646000000,None,None,221000000,150000000,5.93,0.0216,19000000,19000000,None,1.654,0.14,1793000000,2014000000,7.69,2014-03-31,9.07,1622000000,25604999000.0,16684000000,1793000000,517000000,1656000000,1656000000,None,0,None,None,None,None,1338000000,None,None,529000000,None,None,None,0.04,490000000,14891000000,1793000000,16253000000,-100000000,None,None,None,None,None,None,None,0.557,1.767,0.276,None,None,None,None,None,-615000000,None,0.0229,None,638000000,2025-10-30,quarterly,7.83,USD,pre-market,None,5162000000,0.0395,0.155,0.095,994.66,None,1438000000,100000000,16025000000,301.16,276.34,1.8205,44863000000,42603000000,100000000,39503000000,2260000000,1338000000,16684000000,5360000000,12.24,-1718000000,344.64,238.17
2025-12-28,CI,22.59,268077007000.0,12.24,None,0.263,156.81,113000000,None,1709000000,1709000000,-159000000,-725000000,None,None,0,None,None,None,40000000,389377000,None,14585000000,14585000000,5127000000,None,None,8646000000,None,None,221000000,152000000,5.93,0.0216,7000000,7000000,None,1.654,0.14,1793000000,2014000000,7.69,2013-12-31,9.07,1622000000,25604999000.0,16684000000,1793000000,517000000,1656000000,1656000000,None,0,None,None,None,None,1338000000,None,None,360000000,None,None,None,0.04,612000000,14891000000,1793000000,16253000000,-100000000,None,None,None,None,None,None,None,0.557,1.767,0.276,None,None,None,None,None,-167000000,None,0.0229,None,638000000,2025-10-30,quarterly,7.83,USD,pre-market,None,5162000000,0.0395,0.155,0.095,994.66,None,1438000000,100000000,16025000000,301.16,276.34,1.8205,44863000000,42603000000,100000000,39503000000,2260000000,1338000000,16684000000,5360000000,12.24,-1718000000,344.64,238.17
2025-12-28,CI,22.59,268077007000.0,12.24,None,0.263,156.81,205000000,None,1709000000,1709000000,-617000000,-407000000,None,None,0,None,None,None,40000000,389377000,None,14585000000,14585000000,5127000000,None,None,8646000000,None,None,221000000,146000000,5.93,0.0216,20000000,20000000,None,1.654,0.14,1793000000,2014000000,7.69,2013-09-30,9.07,1622000000,25604999000.0,16684000000,1793000000,517000000,1656000000,1656000000,None,0,None,None,None,None,1338000000,None,None,553000000,None,None,None,0.04,830000000,14891000000,1793000000,16253000000,-100000000,None,None,None,None,None,None,None,0.557,1.767,0.276,None,None,None,None,None,-559000000,None,0.0229,None,638000000,2025-10-30,quarterly,7.83,USD,pre-market,None,5162000000,0.0395,0.155,0.095,994.66,None,1438000000,100000000,16025000000,301.16,276.34,1.8205,44863000000,42603000000,100000000,39503000000,2260000000,1338000000,16684000000,5360000000,12.24,-1718000000,344.64,238.17
2025-12-28,CI,22.59,268077007000.0,12.24,None,0.263,156.81,125000000,None,1709000000,1709000000,-339000000,185000000,None,None,0,None,None,None,40000000,389377000,None,14585000000,14585000000,5127000000,None,None,8646000000,None,None,221000000,149000000,5.93,0.0216,11000000,11000000,None,1.654,0.14,1793000000,2014000000,7.69,2013-06-30,9.07,1622000000,25604999000.0,16684000000,1793000000,517000000,1656000000,1656000000,None,0,None,None,None,None,1338000000,None,None,506000000,None,None,None,0.04,82000000,14891000000,1793000000,16253000000,-100000000,None,None,None,None,None,None,None,0.557,1.767,0.276,None,None,None,None,None,-200000000,None,0.0229,None,638000000,2025-10-30,quarterly,7.83,USD,pre-market,None,5162000000,0.0395,0.155,0.095,994.66,None,1438000000,100000000,16025000000,301.16,276.34,1.8205,44863000000,42603000000,100000000,39503000000,2260000000,1338000000,16684000000,5360000000,12.24,-1718000000,344.64,238.17
2025-12-28,CI,22.59,268077007000.0,12.24,None,0.263,156.81,84000000,None,1709000000,1709000000,185000000,962000000,None,None,0,None,None,None,40000000,389377000,None,14585000000,14585000000,5127000000,None,None,8646000000,None,None,221000000,150000000,5.93,0.0216,198000000,198000000,None,1.654,0.14,1793000000,2014000000,7.69,2013-03-31,9.07,1622000000,25604999000.0,16684000000,1793000000,517000000,1656000000,1656000000,None,0,None,None,None,None,1338000000,None,None,59000000,None,None,None,0.04,-805000000,14891000000,1793000000,16253000000,-100000000,None,None,None,None,None,None,None,0.557,1.767,0.276,None,None,None,None,None,-77000000,None,0.0229,None,638000000,2025-10-30,quarterly,7.83,USD,pre-market,None,5162000000,0.0395,0.155,0.095,994.66,None,1438000000,100000000,16025000000,301.16,276.34,1.8205,44863000000,42603000000,100000000,39503000000,2260000000,1338000000,16684000000,5360000000,12.24,-1718000000,344.64,238.17
2025-12-28,CI,22.59,268077007000.0,12.24,None,0.263,156.81,79000000,None,1709000000,1709000000,-78000000,7000000,None,None,0,None,None,None,40000000,389377000,None,14585000000,14585000000,5127000000,None,None,8646000000,None,None,221000000,154000000,5.93,0.0216,11000000,11000000,None,1.654,0.14,1793000000,2014000000,7.69,2012-12-31,9.07,1622000000,25604999000.0,16684000000,1793000000,517000000,1656000000,1656000000,None,0,None,None,None,None,1338000000,None,None,407000000,None,None,None,0.04,793000000,14891000000,1793000000,16253000000,-100000000,None,None,None,None,None,None,None,0.557,1.767,0.276,None,None,None,None,None,-123000000,None,0.0229,None,638000000,2025-10-30,quarterly,7.83,USD,pre-market,None,5162000000,0.0395,0.155,0.095,994.66,None,1438000000,100000000,16025000000,301.16,276.34,1.8205,44863000000,42603000000,100000000,39503000000,2260000000,1338000000,16684000000,5360000000,12.24,-1718000000,344.64,238.17
2025-12-28,CI,22.59,268077007000.0,12.24,None,0.263,156.81,121000000,None,1709000000,1709000000,-58000000,-441000000,None,None,0,None,None,None,40000000,389377000,None,14585000000,14585000000,5127000000,None,None,8646000000,None,None,221000000,136000000,5.93,0.0216,11000000,11000000,None,1.654,0.14,1793000000,2014000000,7.69,2012-09-30,9.07,1622000000,25604999000.0,16684000000,1793000000,517000000,1656000000,1656000000,None,0,None,None,None,None,1338000000,None,None,466000000,None,None,None,0.04,-320000000,14891000000,1793000000,16253000000,-100000000,None,None,None,None,None,None,None,0.557,1.767,0.276,None,None,None,None,None,-85000000,None,0.0229,None,638000000,2025-10-30,quarterly,7.83,USD,pre-market,None,5162000000,0.0395,0.155,0.095,994.66,None,1438000000,100000000,16025000000,301.16,276.34,1.8205,44863000000,42603000000,100000000,39503000000,2260000000,1338000000,16684000000,5360000000,12.24,-1718000000,344.64,238.17
2025-12-28,CI,22.59,268077007000.0,12.24,None,0.263,156.81,127000000,None,1709000000,1709000000,14000000,-4000000,None,None,0,None,None,None,40000000,389377000,None,14585000000,14585000000,5127000000,None,None,8646000000,None,None,221000000,144000000,5.93,0.0216,0,0,None,1.654,0.14,1793000000,2014000000,7.69,2012-06-30,9.07,1622000000,25604999000.0,16684000000,1793000000,517000000,1656000000,1656000000,None,0,None,None,None,None,1338000000,None,None,380000000,None,None,None,0.04,936000000,14891000000,1793000000,16253000000,-100000000,None,None,None,None,None,None,None,0.557,1.767,0.276,None,None,None,None,None,0,None,0.0229,None,638000000,2025-10-30,quarterly,7.83,USD,pre-market,None,5162000000,0.0395,0.155,0.095,994.66,None,1438000000,100000000,16025000000,301.16,276.34,1.8205,44863000000,42603000000,100000000,39503000000,2260000000,1338000000,16684000000,5360000000,12.24,-1718000000,344.64,238.17
2025-12-28,CI,22.59,268077007000.0,12.24,None,0.263,156.81,81000000,None,1709000000,1709000000,-106000000,-3419000000,None,None,0,None,None,None,40000000,389377000,None,14585000000,14585000000,5127000000,None,None,8646000000,None,None,221000000,126000000,5.93,0.0216,0,0,None,1.654,0.14,1793000000,2014000000,7.69,2012-03-31,9.07,1622000000,25604999000.0,16684000000,1793000000,517000000,1656000000,1656000000,None,0,None,None,None,None,1338000000,None,None,371000000,None,None,None,0.04,941000000,14891000000,1793000000,16253000000,-100000000,None,None,None,None,None,None,None,0.557,1.767,0.276,None,None,None,None,None,0,None,0.0229,None,638000000,2025-10-30,quarterly,7.83,USD,pre-market,None,5162000000,0.0395,0.155,0.095,994.66,None,1438000000,100000000,16025000000,301.16,276.34,1.8205,44863000000,42603000000,100000000,39503000000,2260000000,1338000000,16684000000,5360000000,12.24,-1718000000,344.64,238.17
2025-12-28,CI,22.59,268077007000.0,12.24,None,0.263,156.81,131000000,None,1709000000,1709000000,2590000000,-44000000,None,None,0,None,None,None,40000000,389377000,None,14585000000,14585000000,5127000000,None,None,8646000000,None,None,221000000,93000000,5.93,0.0216,11000000,11000000,None,1.654,0.14,1793000000,2014000000,7.69,2011-12-31,9.07,1622000000,25604999000.0,16684000000,1793000000,517000000,1656000000,1656000000,None,0,None,None,None,None,1338000000,None,None,290000000,None,None,None,0.04,248000000,14891000000,1793000000,16253000000,-100000000,None,None,None,None,None,None,None,0.557,1.767,0.276,None,None,None,None,None,0,None,0.0229,None,638000000,2025-10-30,quarterly,7.83,USD,pre-market,None,5162000000,0.0395,0.155,0.095,994.66,None,1438000000,100000000,16025000000,301.16,276.34,1.8205,44863000000,42603000000,100000000,39503000000,2260000000,1338000000,16684000000,5360000000,12.24,-1718000000,344.64,238.17
2025-12-28,CI,22.59,268077007000.0,12.24,None,0.263,156.81,104000000,None,1709000000,1709000000,4000000,-522000000,None,None,0,None,None,None,40000000,389377000,None,14585000000,14585000000,5127000000,None,None,8646000000,None,None,221000000,86000000,5.93,0.0216,11000000,11000000,None,1.654,0.14,1793000000,2014000000,7.69,2011-09-30,9.07,1622000000,25604999000.0,16684000000,1793000000,517000000,1656000000,1656000000,None,0,None,None,None,None,1338000000,None,None,183000000,None,None,None,0.04,664000000,14891000000,1793000000,16253000000,-100000000,None,None,None,None,None,None,None,0.557,1.767,0.276,None,None,None,None,None,0,None,0.0229,None,638000000,2025-10-30,quarterly,7.83,USD,pre-market,None,5162000000,0.0395,0.155,0.095,994.66,None,1438000000,100000000,16025000000,301.16,276.34,1.8205,44863000000,42603000000,100000000,39503000000,2260000000,1338000000,16684000000,5360000000,12.24,-1718000000,344.64,238.17
2025-12-28,CI,22.59,268077007000.0,12.24,None,0.263,156.81,114000000,None,1709000000,1709000000,-32000000,-388000000,None,None,0,None,None,None,40000000,389377000,None,14585000000,14585000000,5127000000,None,None,8646000000,None,None,221000000,83000000,5.93,0.0216,11000000,11000000,None,1.654,0.14,1793000000,2014000000,7.69,2011-06-30,9.07,1622000000,25604999000.0,16684000000,1793000000,517000000,1656000000,1656000000,None,0,None,None,None,None,1338000000,None,None,391000000,None,None,None,0.04,528000000,14891000000,1793000000,16253000000,-100000000,None,None,None,None,None,None,None,0.557,1.767,0.276,None,None,None,None,None,-73000000,None,0.0229,None,638000000,2025-10-30,quarterly,7.83,USD,pre-market,None,5162000000,0.0395,0.155,0.095,994.66,None,1438000000,100000000,16025000000,301.16,276.34,1.8205,44863000000,42603000000,100000000,39503000000,2260000000,1338000000,16684000000,5360000000,12.24,-1718000000,344.64,238.17
2025-12-28,CI,22.59,268077007000.0,12.24,None,0.263,156.81,73000000,None,1709000000,1709000000,305000000,-316000000,None,None,0,None,None,None,40000000,389377000,None,14585000000,14585000000,5127000000,None,None,8646000000,None,None,221000000,83000000,5.93,0.0216,591000000,591000000,None,1.654,0.14,1793000000,2014000000,7.69,2011-03-31,9.07,1622000000,25604999000.0,16684000000,1793000000,517000000,1656000000,1656000000,None,0,None,None,None,None,1338000000,None,None,414000000,None,None,None,0.04,51000000,14891000000,1793000000,16253000000,-100000000,None,None,None,None,None,None,None,0.557,1.767,0.276,None,None,None,None,None,-152000000,None,0.0229,None,638000000,2025-10-30,quarterly,7.83,USD,pre-market,None,5162000000,0.0395,0.155,0.095,994.66,None,1438000000,100000000,16025000000,301.16,276.34,1.8205,44863000000,42603000000,100000000,39503000000,2260000000,1338000000,16684000000,5360000000,12.24,-1718000000,344.64,238.17
2025-12-28,CI,22.59,268077007000.0,12.24,None,0.263,156.81,91000000,None,1709000000,1709000000,24000000,-284000000,None,None,None,None,None,None,40000000,389377000,None,14585000000,14585000000,5127000000,None,None,8646000000,None,None,221000000,88000000,5.93,0.0216,11000000,11000000,None,1.654,0.14,1793000000,2014000000,7.69,2010-12-31,9.07,1622000000,25604999000.0,16684000000,1793000000,517000000,1656000000,1656000000,None,0,None,None,None,None,1338000000,None,None,462000000,None,None,None,0.04,460000000,14891000000,1793000000,16253000000,-100000000,None,None,None,None,None,None,None,0.557,1.767,0.276,None,None,None,None,None,None,None,0.0229,None,638000000,2025-10-30,quarterly,7.83,USD,pre-market,None,5162000000,0.0395,0.155,0.095,994.66,None,1438000000,100000000,16025000000,301.16,276.34,1.8205,44863000000,42603000000,100000000,39503000000,2260000000,1338000000,16684000000,5360000000,12.24,-1718000000,344.64,238.17
2025-12-28,CI,22.59,268077007000.0,12.24,None,0.263,156.81,89000000,None,1709000000,1709000000,-51000000,-522000000,None,None,0,None,None,None,40000000,389377000,None,14585000000,14585000000,5127000000,None,None,8646000000,None,None,221000000,76000000,5.93,0.0216,2000000,2000000,None,1.654,0.14,1793000000,2014000000,7.69,2010-09-30,9.07,1622000000,25604999000.0,16684000000,1793000000,517000000,1656000000,1656000000,None,0,None,None,None,None,1338000000,None,None,308000000,None,None,None,0.04,510000000,14891000000,1793000000,16253000000,-100000000,None,None,None,None,None,None,None,0.557,1.767,0.276,None,None,None,None,None,-88000000,None,0.0229,None,638000000,2025-10-30,quarterly,7.83,USD,pre-market,None,5162000000,0.0395,0.155,0.095,994.66,None,1438000000,100000000,16025000000,301.16,276.34,1.8205,44863000000,42603000000,100000000,39503000000,2260000000,1338000000,16684000000,5360000000,12.24,-1718000000,344.64,238.17
2025-12-28,CI,22.59,268077007000.0,12.24,None,0.263,156.81,68000000,None,1709000000,1709000000,194000000,-413000000,None,None,0,None,None,None,40000000,389377000,None,14585000000,14585000000,5127000000,None,None,8646000000,None,None,221000000,67000000,5.93,0.0216,11000000,11000000,None,1.654,0.14,1793000000,2014000000,7.69,2010-06-30,9.07,1622000000,25604999000.0,16684000000,1793000000,517000000,1656000000,1656000000,None,0,None,None,None,None,1338000000,None,None,295000000,None,None,None,0.04,379000000,14891000000,1793000000,16253000000,-100000000,None,None,None,None,None,None,None,0.557,1.767,0.276,None,None,None,None,None,-113000000,None,0.0229,None,638000000,2025-10-30,quarterly,7.83,USD,pre-market,None,5162000000,0.0395,0.155,0.095,994.66,None,1438000000,100000000,16025000000,301.16,276.34,1.8205,44863000000,42603000000,100000000,39503000000,2260000000,1338000000,16684000000,5360000000,12.24,-1718000000,344.64,238.17
2025-12-28,CI,22.59,268077007000.0,12.24,None,0.263,156.81,52000000,None,1709000000,1709000000,107000000,-123000000,None,None,0,None,None,None,40000000,389377000,None,14585000000,14585000000,5127000000,None,None,8646000000,None,None,221000000,61000000,5.93,0.0216,0,0,None,1.654,0.14,1793000000,2014000000,7.69,2010-03-31,9.07,1622000000,25604999000.0,16684000000,1793000000,517000000,1656000000,1656000000,None,0,None,None,None,None,1338000000,None,None,284000000,None,None,None,0.04,394000000,14891000000,1793000000,16253000000,-100000000,None,None,None,None,None,None,None,0.557,1.767,0.276,None,None,None,None,None,0,None,0.0229,None,638000000,2025-10-30,quarterly,7.83,USD,pre-market,None,5162000000,0.0395,0.155,0.095,994.66,None,1438000000,100000000,16025000000,301.16,276.34,1.8205,44863000000,42603000000,100000000,39503000000,2260000000,1338000000,16684000000,5360000000,12.24,-1718000000,344.64,238.17
2025-12-28,CI,22.59,268077007000.0,12.24,None,0.263,156.81,89000000,None,1709000000,1709000000,17000000,-411000000,None,None,0,None,None,None,40000000,389377000,None,14585000000,14585000000,5127000000,None,None,8646000000,None,None,221000000,61000000,5.93,0.0216,11000000,11000000,None,1.654,0.14,1793000000,2014000000,7.69,2009-12-31,9.07,1622000000,25604999000.0,16684000000,1793000000,517000000,1656000000,1656000000,None,0,None,None,None,None,1338000000,None,None,331000000,None,None,None,0.04,476000000,14891000000,1793000000,16253000000,-100000000,None,None,None,None,None,None,None,0.557,1.767,0.276,None,None,None,None,None,0,None,0.0229,None,638000000,2025-10-30,quarterly,7.83,USD,pre-market,None,5162000000,0.0395,0.155,0.095,994.66,None,1438000000,100000000,16025000000,301.16,276.34,1.8205,44863000000,42603000000,100000000,39503000000,2260000000,1338000000,16684000000,5360000000,12.24,-1718000000,344.64,238.17
2025-12-28,CI,22.59,268077007000.0,12.24,None,0.263,156.81,82000000,None,1709000000,1709000000,79000000,-426000000,None,None,0,None,None,None,40000000,389377000,None,14585000000,14585000000,5127000000,None,None,8646000000,None,None,221000000,62000000,5.93,0.0216,11000000,11000000,None,1.654,0.14,1793000000,2014000000,7.69,2009-09-30,9.07,1622000000,25604999000.0,16684000000,1793000000,517000000,1656000000,1656000000,None,0,None,None,None,None,1338000000,None,None,330000000,None,None,None,0.04,157000000,14891000000,1793000000,16253000000,-100000000,None,None,None,None,None,None,None,0.557,1.767,0.276,None,None,None,None,None,0,None,0.0229,None,638000000,2025-10-30,quarterly,7.83,USD,pre-market,None,5162000000,0.0395,0.155,0.095,994.66,None,1438000000,100000000,16025000000,301.16,276.34,1.8205,44863000000,42603000000,100000000,39503000000,2260000000,1338000000,16684000000,5360000000,12.24,-1718000000,344.64,238.17
2025-12-28,CI,22.59,268077007000.0,12.24,None,0.263,156.81,76000000,None,1709000000,1709000000,74000000,-482000000,None,None,0,None,None,None,40000000,389377000,None,14585000000,14585000000,5127000000,None,None,8646000000,None,None,221000000,76000000,5.93,0.0216,11000000,11000000,None,1.654,0.14,1793000000,2014000000,7.69,2009-06-30,9.07,1622000000,25604999000.0,16684000000,1793000000,517000000,1656000000,1656000000,None,0,None,None,None,None,1338000000,None,None,435000000,None,None,None,0.04,40000000,14891000000,1793000000,16253000000,-100000000,None,None,None,None,None,None,None,0.557,1.767,0.276,None,None,None,None,None,0,None,0.0229,None,638000000,2025-10-30,quarterly,7.83,USD,pre-market,None,5162000000,0.0395,0.155,0.095,994.66,None,1438000000,100000000,16025000000,301.16,276.34,1.8205,44863000000,42603000000,100000000,39503000000,2260000000,1338000000,16684000000,5360000000,12.24,-1718000000,344.64,238.17
2025-12-28,CI,22.59,268077007000.0,12.24,None,0.263,156.81,60000000,None,1709000000,1709000000,137000000,-166000000,None,None,None,None,None,None,40000000,389377000,None,14585000000,14585000000,5127000000,None,None,8646000000,None,None,221000000,69000000,5.93,0.0216,None,None,None,1.654,0.14,1793000000,2014000000,7.69,2009-03-31,9.07,1622000000,25604999000.0,16684000000,1793000000,517000000,1656000000,1656000000,None,0,None,None,None,None,1338000000,None,None,208000000,None,None,None,0.04,72000000,14891000000,1793000000,16253000000,-100000000,None,None,None,None,None,None,None,0.557,1.767,0.276,None,None,None,None,None,None,None,0.0229,None,638000000,2025-10-30,quarterly,7.83,USD,pre-market,None,5162000000,0.0395,0.155,0.095,994.66,None,1438000000,100000000,16025000000,301.16,276.34,1.8205,44863000000,42603000000,100000000,39503000000,2260000000,1338000000,16684000000,5360000000,12.24,-1718000000,344.64,238.17
2025-12-28,CI,22.59,268077007000.0,12.24,None,0.263,156.81,78000000,None,1709000000,1709000000,-63000000,-268000000,None,None,None,None,None,None,40000000,389377000,None,14585000000,14585000000,5127000000,None,None,8646000000,None,None,221000000,63000000,5.93,0.0216,14000000,14000000,None,1.654,0.14,1793000000,2014000000,7.69,2008-12-31,9.07,1622000000,25604999000.0,16684000000,1793000000,517000000,1656000000,1656000000,None,0,None,None,None,None,1338000000,None,None,-210000000,None,None,None,0.04,606000000,14891000000,1793000000,16253000000,-100000000,None,None,None,None,None,None,None,0.557,1.767,0.276,None,None,None,None,None,-38000000,None,0.0229,None,638000000,2025-10-30,quarterly,7.83,USD,pre-market,None,5162000000,0.0395,0.155,0.095,994.66,None,1438000000,100000000,16025000000,301.16,276.34,1.8205,44863000000,42603000000,100000000,39503000000,2260000000,1338000000,16684000000,5360000000,12.24,-1718000000,344.64,238.17
2025-12-28,CI,22.59,268077007000.0,12.24,None,0.263,156.81,51000000,None,1709000000,1709000000,-246000000,43000000,None,None,-37788000000,None,None,None,40000000,389377000,None,14585000000,14585000000,5127000000,None,None,8646000000,None,None,221000000,64000000,5.93,0.0216,14000000,14000000,None,1.654,0.14,1793000000,2014000000,7.69,2008-09-30,9.07,1622000000,25604999000.0,16684000000,1793000000,517000000,1656000000,1656000000,None,0,None,None,None,None,1338000000,None,None,171000000,None,None,None,0.04,491000000,14891000000,1793000000,16253000000,-100000000,None,None,None,None,None,None,None,0.557,1.767,0.276,None,None,None,None,None,-123000000,None,0.0229,None,638000000,2025-10-30,quarterly,7.83,USD,pre-market,None,5162000000,0.0395,0.155,0.095,994.66,None,1438000000,100000000,16025000000,301.16,276.34,1.8205,44863000000,42603000000,100000000,39503000000,2260000000,1338000000,16684000000,5360000000,12.24,-1718000000,344.64,238.17
2025-12-28,CI,22.59,268077007000.0,12.24,None,0.263,156.81,60000000,None,1709000000,1709000000,-67000000,-2184000000,None,None,-38890000000,None,None,None,40000000,389377000,None,14585000000,14585000000,5127000000,None,None,8646000000,None,None,221000000,64000000,5.93,0.0216,11000000,11000000,None,1.654,0.14,1793000000,2014000000,7.69,2008-06-30,9.07,1622000000,25604999000.0,16684000000,1793000000,517000000,1656000000,1656000000,None,0,None,None,None,None,1338000000,None,None,273000000,None,None,None,0.04,207000000,14891000000,1793000000,16253000000,-100000000,None,None,None,None,None,None,None,0.557,1.767,0.276,None,None,None,None,None,-217000000,None,0.0229,None,638000000,2025-10-30,quarterly,7.83,USD,pre-market,None,5162000000,0.0395,0.155,0.095,994.66,None,1438000000,100000000,16025000000,301.16,276.34,1.8205,44863000000,42603000000,100000000,39503000000,2260000000,1338000000,16684000000,5360000000,12.24,-1718000000,344.64,238.17
2025-12-28,CI,22.59,268077007000.0,12.24,None,0.263,156.81,68000000,None,1709000000,1709000000,690000000,-163000000,None,None,-37130000000,None,None,None,40000000,389377000,None,14585000000,14585000000,5127000000,None,None,8646000000,None,None,221000000,53000000,5.93,0.0216,3000000,3000000,None,1.654,0.14,1793000000,2014000000,7.69,2008-03-31,9.07,1622000000,25604999000.0,16684000000,1793000000,517000000,1656000000,1656000000,None,0,None,None,None,None,1338000000,None,None,56000000,None,None,None,0.04,352000000,14891000000,1793000000,16253000000,-100000000,None,None,None,None,None,None,None,0.557,1.767,0.276,None,None,None,None,None,None,None,0.0229,None,638000000,2025-10-30,quarterly,7.83,USD,pre-market,None,5162000000,0.0395,0.155,0.095,994.66,None,1438000000,100000000,16025000000,301.16,276.34,1.8205,44863000000,42603000000,100000000,39503000000,2260000000,1338000000,16684000000,5360000000,12.24,-1718000000,344.64,238.17
2025-12-28,CI,22.59,268077007000.0,12.24,None,0.263,156.81,79000000,None,1709000000,1709000000,-208000000,176000000,None,None,-37258000000,None,None,None,40000000,389377000,None,14585000000,14585000000,5127000000,None,None,8646000000,None,None,221000000,47000000,5.93,0.0216,3000000,3000000,None,1.654,0.14,1793000000,2014000000,7.69,2007-12-31,9.07,1622000000,25604999000.0,16684000000,1793000000,517000000,1656000000,1656000000,None,0,None,None,None,None,1338000000,None,None,263000000,None,None,None,0.04,576000000,14891000000,1793000000,16253000000,-100000000,None,None,None,None,None,None,None,0.557,1.767,0.276,None,None,None,None,None,None,None,0.0229,None,638000000,2025-10-30,quarterly,7.83,USD,pre-market,None,5162000000,0.0395,0.155,0.095,994.66,None,1438000000,100000000,16025000000,301.16,276.34,1.8205,44863000000,42603000000,100000000,39503000000,2260000000,1338000000,16684000000,5360000000,12.24,-1718000000,344.64,238.17
2025-12-28,CI,22.59,268077007000.0,12.24,None,0.263,156.81,78000000,None,1709000000,1709000000,-230000000,197000000,None,None,-39147000000,None,None,None,40000000,389377000,None,14585000000,14585000000,5127000000,None,None,8646000000,None,None,221000000,49000000,5.93,0.0216,3000000,3000000,None,1.654,0.14,1793000000,2014000000,7.69,2007-09-30,9.07,1622000000,25604999000.0,16684000000,1793000000,517000000,1656000000,1656000000,None,0,None,None,None,None,1338000000,None,None,363000000,None,None,None,0.04,348000000,14891000000,1793000000,16253000000,-100000000,None,None,None,None,None,None,None,0.557,1.767,0.276,None,None,None,None,None,-245000000,None,0.0229,None,638000000,2025-10-30,quarterly,7.83,USD,pre-market,None,5162000000,0.0395,0.155,0.095,994.66,None,1438000000,100000000,16025000000,301.16,276.34,1.8205,44863000000,42603000000,100000000,39503000000,2260000000,1338000000,16684000000,5360000000,12.24,-1718000000,344.64,238.17
2025-12-28,CI,22.59,268077007000.0,12.24,None,0.263,156.81,86000000,None,1709000000,1709000000,-573000000,47000000,None,None,None,None,None,None,40000000,389377000,None,14585000000,14585000000,5127000000,None,None,8646000000,None,None,221000000,44000000,5.93,0.0216,3000000,3000000,None,1.654,0.14,1793000000,2014000000,7.69,2007-06-30,9.07,1622000000,25604999000.0,16684000000,1793000000,517000000,1656000000,1656000000,None,0,None,None,None,None,1338000000,None,None,217000000,None,None,None,0.04,40000000,14891000000,1793000000,16253000000,-100000000,None,None,None,None,None,None,None,0.557,1.767,0.276,None,None,None,None,None,-357000000,None,0.0229,None,638000000,2025-10-30,quarterly,7.83,USD,pre-market,None,5162000000,0.0395,0.155,0.095,994.66,None,1438000000,100000000,16025000000,301.16,276.34,1.8205,44863000000,42603000000,100000000,39503000000,2260000000,1338000000,16684000000,5360000000,12.24,-1718000000,344.64,238.17
2025-12-28,CI,22.59,268077007000.0,12.24,None,0.263,156.81,19000000,None,1709000000,1709000000,-30000000,-151000000,None,None,None,None,None,None,40000000,389377000,None,14585000000,14585000000,5127000000,None,None,8646000000,None,None,221000000,54000000,5.93,0.0216,2000000,2000000,None,1.654,0.14,1793000000,2014000000,7.69,2007-03-31,9.07,1622000000,25604999000.0,16684000000,1793000000,517000000,1656000000,1656000000,None,0,None,None,None,None,1338000000,None,None,277000000,None,None,None,0.04,378000000,14891000000,1793000000,16253000000,-100000000,None,None,None,None,None,None,None,0.557,1.767,0.276,None,None,None,None,None,-583000000,None,0.0229,None,638000000,2025-10-30,quarterly,7.83,USD,pre-market,None,5162000000,0.0395,0.155,0.095,994.66,None,1438000000,100000000,16025000000,301.16,276.34,1.8205,44863000000,42603000000,100000000,39503000000,2260000000,1338000000,16684000000,5360000000,12.24,-1718000000,344.64,238.17
2025-12-28,CI,22.59,268077007000.0,12.24,None,0.263,156.81,43000000,None,1709000000,1709000000,-316000000,236000000,None,None,-39676000000,None,None,None,40000000,389377000,None,14585000000,14585000000,5127000000,None,None,8646000000,None,None,221000000,53000000,5.93,0.0216,3000000,3000000,None,1.654,0.14,1793000000,2014000000,7.69,2006-12-31,9.07,1622000000,25604999000.0,16684000000,1793000000,517000000,1656000000,1656000000,None,0,None,None,None,None,1338000000,None,None,232000000,None,None,None,0.04,262000000,14891000000,1793000000,16253000000,-100000000,None,None,None,None,None,None,None,0.557,1.767,0.276,None,None,None,None,None,-584000000,None,0.0229,None,638000000,2025-10-30,quarterly,7.83,USD,pre-market,None,5162000000,0.0395,0.155,0.095,994.66,None,1438000000,100000000,16025000000,301.16,276.34,1.8205,44863000000,42603000000,100000000,39503000000,2260000000,1338000000,16684000000,5360000000,12.24,-1718000000,344.64,238.17
2025-12-28,CI,22.59,268077007000.0,12.24,None,0.263,156.81,26000000,None,1709000000,1709000000,-969000000,487000000,None,None,-39865000000,None,None,None,40000000,389377000,None,14585000000,14585000000,5127000000,None,None,8646000000,None,None,221000000,48000000,5.93,0.0216,3000000,3000000,None,1.654,0.14,1793000000,2014000000,7.69,2006-09-30,9.07,1622000000,25604999000.0,16684000000,1793000000,517000000,1656000000,1656000000,None,0,None,None,None,None,1338000000,None,None,302000000,None,None,None,0.04,299000000,14891000000,1793000000,16253000000,-100000000,None,None,None,None,None,None,None,0.557,1.767,0.276,None,None,None,None,None,-908000000,None,0.0229,None,638000000,2025-10-30,quarterly,7.83,USD,pre-market,None,5162000000,0.0395,0.155,0.095,994.66,None,1438000000,100000000,16025000000,301.16,276.34,1.8205,44863000000,42603000000,100000000,39503000000,2260000000,1338000000,16684000000,5360000000,12.24,-1718000000,344.64,238.17
2025-12-28,CI,22.59,268077007000.0,12.24,None,0.263,156.81,37000000,None,1709000000,1709000000,-853000000,168000000,None,None,-42026000000,None,None,None,40000000,389377000,None,14585000000,14585000000,5127000000,None,None,8646000000,None,None,221000000,53000000,5.93,0.0216,3000000,3000000,None,1.654,0.14,1793000000,2014000000,7.69,2006-06-30,9.07,1622000000,25604999000.0,16684000000,1793000000,517000000,1656000000,1656000000,None,0,None,None,None,None,1338000000,None,None,273000000,None,None,None,0.04,168000000,14891000000,1793000000,16253000000,-100000000,None,None,None,None,None,None,None,0.557,1.767,0.276,None,None,None,None,None,-873000000,None,0.0229,None,638000000,2025-10-30,quarterly,7.83,USD,pre-market,None,5162000000,0.0395,0.155,0.095,994.66,None,1438000000,100000000,16025000000,301.16,276.34,1.8205,44863000000,42603000000,100000000,39503000000,2260000000,1338000000,16684000000,5360000000,12.24,-1718000000,344.64,238.17
2025-12-28,CI,22.59,268077007000.0,12.24,None,0.263,156.81,30000000,None,1709000000,1709000000,-375000000,657000000,None,None,-42779000000,None,None,None,40000000,389377000,None,14585000000,14585000000,5127000000,None,None,8646000000,None,None,221000000,54000000,5.93,0.0216,3000000,3000000,None,1.654,0.14,1793000000,2014000000,7.69,2006-03-31,9.07,1622000000,25604999000.0,16684000000,1793000000,517000000,1656000000,1656000000,None,0,None,None,None,None,1338000000,None,None,352000000,None,None,None,0.04,-87000000,14891000000,1793000000,16253000000,-100000000,None,None,None,None,None,None,None,0.557,1.767,0.276,None,None,None,None,None,-400000000,None,0.0229,None,638000000,2025-10-30,quarterly,7.83,USD,pre-market,None,5162000000,0.0395,0.155,0.095,994.66,None,1438000000,100000000,16025000000,301.16,276.34,1.8205,44863000000,42603000000,100000000,39503000000,2260000000,1338000000,16684000000,5360000000,12.24,-1718000000,344.64,238.17
2025-12-28,CI,22.59,268077007000.0,12.24,None,0.263,156.81,29000000,None,1709000000,1709000000,-539000000,535000000,None,None,-43342000000,None,None,None,40000000,389377000,None,14585000000,14585000000,5127000000,None,None,8646000000,None,None,221000000,51000000,5.93,0.0216,3000000,3000000,None,1.654,0.14,1793000000,2014000000,7.69,2005-12-31,9.07,1622000000,25604999000.0,16684000000,1793000000,517000000,1656000000,1656000000,None,0,None,None,None,None,1338000000,None,None,210000000,None,None,None,0.04,465000000,14891000000,1793000000,16253000000,-100000000,None,None,None,None,None,None,None,0.557,1.767,0.276,None,None,None,None,None,-584000000,None,0.0229,None,638000000,2025-10-30,quarterly,7.83,USD,pre-market,None,5162000000,0.0395,0.155,0.095,994.66,None,1438000000,100000000,16025000000,301.16,276.34,1.8205,44863000000,42603000000,100000000,39503000000,2260000000,1338000000,16684000000,5360000000,12.24,-1718000000,344.64,238.17
2025-12-28,CI,22.59,268077007000.0,12.24,None,0.263,156.81,19000000,None,1709000000,1709000000,-695000000,231000000,None,None,-46019000000,None,None,None,40000000,389377000,None,14585000000,14585000000,5127000000,None,None,8646000000,None,None,221000000,58000000,5.93,0.0216,4000000,4000000,None,1.654,0.14,1793000000,2014000000,7.69,2005-09-30,9.07,1622000000,25604999000.0,16684000000,1793000000,517000000,1656000000,1656000000,None,0,None,None,None,None,1338000000,None,None,259000000,None,None,None,0.04,-166000000,14891000000,1793000000,16253000000,-100000000,None,None,None,None,None,None,None,0.557,1.767,0.276,None,None,None,None,None,-458000000,None,0.0229,None,638000000,2025-10-30,quarterly,7.83,USD,pre-market,None,5162000000,0.0395,0.155,0.095,994.66,None,1438000000,100000000,16025000000,301.16,276.34,1.8205,44863000000,42603000000,100000000,39503000000,2260000000,1338000000,16684000000,5360000000,12.24,-1718000000,344.64,238.17
2025-12-28,CI,22.59,268077007000.0,12.24,None,0.263,156.81,1406000000,None,1709000000,1709000000,-7647000000,-2102000000,None,None,-1032000000,None,None,None,40000000,389377000,None,14585000000,14585000000,5127000000,None,None,8646000000,None,None,221000000,2775000000,5.93,0.0216,1567000000,1567000000,None,1.654,0.14,1793000000,2014000000,7.69,2024-12-31,9.07,1622000000,25604999000.0,16684000000,1793000000,517000000,1656000000,1656000000,None,0,None,None,None,None,1338000000,None,None,3778000000,None,None,None,0.04,10363000000,14891000000,1793000000,16253000000,-100000000,None,None,None,None,None,None,None,0.557,1.767,0.276,None,None,None,None,None,-7034000000,None,0.0229,None,638000000,2025-10-30,annual,7.83,USD,pre-market,None,5162000000,0.0395,0.155,0.095,994.66,None,1438000000,100000000,16025000000,301.16,276.34,1.8205,44863000000,42603000000,100000000,39503000000,2260000000,1338000000,16684000000,5360000000,12.24,-1718000000,344.64,238.17
2025-12-28,CI,22.59,268077007000.0,12.24,None,0.263,156.81,1573000000,None,1709000000,1709000000,-4294000000,-5174000000,None,None,-868000000,None,None,None,40000000,389377000,None,14585000000,14585000000,5127000000,None,None,8646000000,None,None,221000000,3035000000,5.93,0.0216,1450000000,1450000000,None,1.654,0.14,1793000000,2014000000,7.69,2023-12-31,9.07,1622000000,25604999000.0,16684000000,1793000000,517000000,1656000000,1656000000,None,0,None,None,None,None,1338000000,None,None,5372000000,None,None,None,0.04,11813000000,14891000000,1793000000,16253000000,-100000000,None,None,None,None,None,None,None,0.557,1.767,0.276,None,None,None,None,None,-2284000000,None,0.0229,None,638000000,2025-10-30,annual,7.83,USD,pre-market,None,5162000000,0.0395,0.155,0.095,994.66,None,1438000000,100000000,16025000000,301.16,276.34,1.8205,44863000000,42603000000,100000000,39503000000,2260000000,1338000000,16684000000,5360000000,12.24,-1718000000,344.64,238.17
2025-12-28,CI,22.59,268077007000.0,12.24,None,0.263,156.81,1295000000,None,1709000000,1709000000,-11240000000,3098000000,514000000,None,-1055000000,None,None,-2275000000,40000000,389377000,None,14585000000,14585000000,5127000000,None,None,8646000000,None,None,221000000,2937000000,5.93,0.0216,1384000000,1384000000,None,1.654,0.14,1793000000,2014000000,7.69,2022-12-31,9.07,1622000000,25604999000.0,16684000000,1793000000,517000000,1656000000,1656000000,None,0,None,None,None,None,1338000000,None,None,6782000000,None,None,None,0.04,8656000000,14891000000,1793000000,16253000000,-100000000,None,None,None,None,None,None,None,0.557,1.767,0.276,None,None,None,None,None,-7607000000,None,0.0229,None,638000000,2025-10-30,annual,7.83,USD,pre-market,None,5162000000,0.0395,0.155,0.095,994.66,None,1438000000,100000000,16025000000,301.16,276.34,1.8205,44863000000,42603000000,100000000,39503000000,2260000000,1338000000,16684000000,5360000000,12.24,-1718000000,344.64,238.17
2025-12-28,CI,22.59,268077007000.0,12.24,None,0.263,156.81,1154000000,None,1709000000,1709000000,-8212000000,-3611000000,-4632000000,None,143000000,None,None,-3232000000,40000000,389377000,None,14585000000,14585000000,5127000000,None,None,8646000000,None,None,221000000,2923000000,5.93,0.0216,1341000000,1341000000,None,1.654,0.14,1793000000,2014000000,7.69,2021-12-31,9.07,1622000000,25604999000.0,16684000000,1793000000,517000000,1656000000,1656000000,None,0,None,None,None,None,1338000000,None,None,5420000000,None,None,None,0.04,7191000000,14891000000,1793000000,16253000000,-100000000,None,None,None,None,None,None,None,0.557,1.767,0.276,None,None,None,None,None,-7742000000,None,0.0229,None,638000000,2025-10-30,annual,7.83,USD,pre-market,None,5162000000,0.0395,0.155,0.095,994.66,None,1438000000,100000000,16025000000,301.16,276.34,1.8205,44863000000,42603000000,100000000,39503000000,2260000000,1338000000,16684000000,5360000000,12.24,-1718000000,344.64,238.17
2025-12-28,CI,22.59,268077007000.0,12.24,None,0.263,156.81,1094000000,None,1709000000,1709000000,-8533000000,2976000000,4793000000,None,30000000,None,None,-1266000000,40000000,389377000,None,14585000000,14585000000,5127000000,None,None,8646000000,None,None,221000000,2802000000,5.93,0.0216,15000000,15000000,None,1.654,0.14,1793000000,2014000000,7.69,2020-12-31,9.07,1622000000,25604999000.0,16684000000,1793000000,517000000,1656000000,1656000000,None,0,None,None,None,None,1338000000,None,None,8489000000,None,None,None,0.04,10350000000,14891000000,1793000000,16253000000,-100000000,None,None,None,None,None,None,None,0.557,1.767,0.276,None,None,None,None,None,-4042000000,None,0.0229,None,638000000,2025-10-30,annual,7.83,USD,pre-market,None,5162000000,0.0395,0.155,0.095,994.66,None,1438000000,100000000,16025000000,301.16,276.34,1.8205,44863000000,42603000000,100000000,39503000000,2260000000,1338000000,16684000000,5360000000,12.24,-1718000000,344.64,238.17
2025-12-28,CI,22.59,268077007000.0,12.24,None,0.263,156.81,1050000000,None,1709000000,1709000000,-7187000000,-734000000,1564000000,None,149000000,None,None,-990000000,40000000,389377000,None,14585000000,14585000000,5127000000,None,None,8646000000,None,None,221000000,3651000000,5.93,0.0216,15000000,15000000,None,1.654,0.14,1793000000,2014000000,7.69,2019-12-31,9.07,1622000000,25604999000.0,16684000000,1793000000,517000000,1656000000,1656000000,None,0,None,None,None,None,1338000000,None,None,5120000000,None,None,None,0.04,9485000000,14891000000,1793000000,16253000000,-100000000,None,None,None,None,None,None,None,0.557,1.767,0.276,None,None,None,None,None,-1987000000,None,0.0229,None,638000000,2025-10-30,annual,7.83,USD,pre-market,None,5162000000,0.0395,0.155,0.095,994.66,None,1438000000,100000000,16025000000,301.16,276.34,1.8205,44863000000,42603000000,100000000,39503000000,2260000000,1338000000,16684000000,5360000000,12.24,-1718000000,344.64,238.17
2025-12-28,CI,22.59,268077007000.0,12.24,None,0.263,156.81,528000000,None,1709000000,1709000000,23515000000,-26378000000,883000000,-24000000,216000000,None,None,471000000,40000000,389377000,None,14585000000,14585000000,5127000000,None,None,8646000000,None,None,221000000,695000000,5.93,0.0216,24343000000,24343000000,None,1.654,0.14,1793000000,2014000000,7.69,2018-12-31,9.07,1622000000,25604999000.0,16684000000,1793000000,517000000,1656000000,1656000000,None,0,None,None,None,None,1338000000,None,None,2646000000,None,None,None,0.04,3770000000,14891000000,1793000000,16253000000,-100000000,None,None,None,None,None,None,None,0.557,1.767,0.276,None,None,None,None,None,-342000000,None,0.0229,None,638000000,2025-10-30,annual,7.83,USD,pre-market,None,5162000000,0.0395,0.155,0.095,994.66,None,1438000000,100000000,16025000000,301.16,276.34,1.8205,44863000000,42603000000,100000000,39503000000,2260000000,1338000000,16684000000,5360000000,12.24,-1718000000,344.64,238.17
2025-12-28,CI,22.59,268077007000.0,12.24,None,0.263,156.81,471000000,None,1709000000,1709000000,-2651000000,-1703000000,None,None,-72000000,None,None,None,40000000,389377000,None,14585000000,14585000000,5127000000,None,None,8646000000,None,None,221000000,566000000,5.93,0.0216,1661000000,1661000000,None,1.654,0.14,1793000000,2014000000,7.69,2017-12-31,9.07,1622000000,25604999000.0,16684000000,1793000000,517000000,1656000000,1656000000,None,0,None,None,None,None,1338000000,None,None,2232000000,None,None,None,0.04,4086000000,14891000000,1793000000,16253000000,-100000000,None,None,None,None,None,None,None,0.557,1.767,0.276,None,None,None,None,None,-2725000000,None,0.0229,None,638000000,2025-10-30,annual,7.83,USD,pre-market,None,5162000000,0.0395,0.155,0.095,994.66,None,1438000000,100000000,16025000000,301.16,276.34,1.8205,44863000000,42603000000,100000000,39503000000,2260000000,1338000000,16684000000,5360000000,12.24,-1718000000,344.64,238.17
2025-12-28,CI,22.59,268077007000.0,12.24,None,0.263,156.81,461000000,None,1709000000,1709000000,-225000000,-2574000000,None,None,30000000,None,None,None,40000000,389377000,None,14585000000,14585000000,5127000000,None,None,8646000000,None,None,221000000,610000000,5.93,0.0216,0,0,None,1.654,0.14,1793000000,2014000000,7.69,2016-12-31,9.07,1622000000,25604999000.0,16684000000,1793000000,517000000,1656000000,1656000000,None,0,None,None,None,None,1338000000,None,None,1843000000,None,None,None,0.04,4026000000,14891000000,1793000000,16253000000,-100000000,None,None,None,None,None,None,None,0.557,1.767,0.276,None,None,None,None,None,-139000000,None,0.0229,None,638000000,2025-10-30,annual,7.83,USD,pre-market,None,5162000000,0.0395,0.155,0.095,994.66,None,1438000000,100000000,16025000000,301.16,276.34,1.8205,44863000000,42603000000,100000000,39503000000,2260000000,1338000000,16684000000,5360000000,12.24,-1718000000,344.64,238.17
2025-12-28,CI,22.59,268077007000.0,12.24,None,0.263,156.81,510000000,None,1709000000,1709000000,-530000000,-1736000000,None,None,30000000,None,None,None,40000000,389377000,None,14585000000,14585000000,5127000000,None,None,8646000000,None,None,221000000,585000000,5.93,0.0216,894000000,894000000,None,1.654,0.14,1793000000,2014000000,7.69,2015-12-31,9.07,1622000000,25604999000.0,16684000000,1793000000,517000000,1656000000,1656000000,None,0,None,None,None,None,1338000000,None,None,2077000000,None,None,None,0.04,2933000000,14891000000,1793000000,16253000000,-100000000,None,None,None,None,None,None,None,0.557,1.767,0.276,None,None,None,None,None,-671000000,None,0.0229,None,638000000,2025-10-30,annual,7.83,USD,pre-market,None,5162000000,0.0395,0.155,0.095,994.66,None,1438000000,100000000,16025000000,301.16,276.34,1.8205,44863000000,42603000000,100000000,39503000000,2260000000,1338000000,16684000000,5360000000,12.24,-1718000000,344.64,238.17
2025-12-28,CI,22.59,268077007000.0,12.24,None,0.263,156.81,473000000,None,1709000000,1709000000,-1582000000,-1866000000,None,None,0,None,None,None,40000000,389377000,None,14585000000,14585000000,5127000000,None,None,8646000000,None,None,221000000,588000000,5.93,0.0216,11000000,11000000,None,1.654,0.14,1793000000,2014000000,7.69,2014-12-31,9.07,1622000000,25604999000.0,16684000000,1793000000,517000000,1656000000,1656000000,None,0,None,None,None,None,1338000000,None,None,2094000000,None,None,None,0.04,2158000000,14891000000,1793000000,16253000000,-100000000,None,None,None,None,None,None,None,0.557,1.767,0.276,None,None,None,None,None,-1612000000,None,0.0229,None,638000000,2025-10-30,annual,7.83,USD,pre-market,None,5162000000,0.0395,0.155,0.095,994.66,None,1438000000,100000000,16025000000,301.16,276.34,1.8205,44863000000,42603000000,100000000,39503000000,2260000000,1338000000,16684000000,5360000000,12.24,-1718000000,344.64,238.17
2025-12-28,CI,22.59,268077007000.0,12.24,None,0.263,156.81,527000000,None,1709000000,1709000000,-930000000,15000000,None,None,0,None,None,None,40000000,389377000,None,14585000000,14585000000,5127000000,None,None,8646000000,None,None,221000000,597000000,5.93,0.0216,11000000,11000000,None,1.654,0.14,1793000000,2014000000,7.69,2013-12-31,9.07,1622000000,25604999000.0,16684000000,1793000000,517000000,1656000000,1656000000,None,0,None,None,None,None,1338000000,None,None,1478000000,None,None,None,0.04,719000000,14891000000,1793000000,16253000000,-100000000,None,None,None,None,None,None,None,0.557,1.767,0.276,None,None,None,None,None,-1003000000,None,0.0229,None,638000000,2025-10-30,annual,7.83,USD,pre-market,None,5162000000,0.0395,0.155,0.095,994.66,None,1438000000,100000000,16025000000,301.16,276.34,1.8205,44863000000,42603000000,100000000,39503000000,2260000000,1338000000,16684000000,5360000000,12.24,-1718000000,344.64,238.17
2025-12-28,CI,22.59,268077007000.0,12.24,None,0.263,156.81,408000000,None,1709000000,1709000000,-228000000,-3857000000,None,None,0,None,None,None,40000000,389377000,None,14585000000,14585000000,5127000000,None,None,8646000000,None,None,221000000,560000000,5.93,0.0216,11000000,11000000,None,1.654,0.14,1793000000,2014000000,7.69,2012-12-31,9.07,1622000000,25604999000.0,16684000000,1793000000,517000000,1656000000,1656000000,None,0,None,None,None,None,1338000000,None,None,1624000000,None,None,None,0.04,2350000000,14891000000,1793000000,16253000000,-100000000,None,None,None,None,None,None,None,0.557,1.767,0.276,None,None,None,None,None,-208000000,None,0.0229,None,638000000,2025-10-30,annual,7.83,USD,pre-market,None,5162000000,0.0395,0.155,0.095,994.66,None,1438000000,100000000,16025000000,301.16,276.34,1.8205,44863000000,42603000000,100000000,39503000000,2260000000,1338000000,16684000000,5360000000,12.24,-1718000000,344.64,238.17
2025-12-28,CI,22.59,268077007000.0,12.24,None,0.263,156.81,422000000,None,1709000000,1709000000,2867000000,-1270000000,None,None,0,None,None,None,40000000,389377000,None,14585000000,14585000000,5127000000,None,None,8646000000,None,None,221000000,345000000,5.93,0.0216,11000000,11000000,None,1.654,0.14,1793000000,2014000000,7.69,2011-12-31,9.07,1622000000,25604999000.0,16684000000,1793000000,517000000,1656000000,1656000000,None,0,None,None,None,None,1338000000,None,None,1261000000,None,None,None,0.04,1491000000,14891000000,1793000000,16253000000,-100000000,None,None,None,None,None,None,None,0.557,1.767,0.276,None,None,None,None,None,-225000000,None,0.0229,None,638000000,2025-10-30,annual,7.83,USD,pre-market,None,5162000000,0.0395,0.155,0.095,994.66,None,1438000000,100000000,16025000000,301.16,276.34,1.8205,44863000000,42603000000,100000000,39503000000,2260000000,1338000000,16684000000,5360000000,12.24,-1718000000,344.64,238.17
2025-12-28,CI,22.59,268077007000.0,12.24,None,0.263,156.81,300000000,None,1709000000,1709000000,274000000,-1342000000,None,None,None,None,None,None,40000000,389377000,None,14585000000,14585000000,5127000000,None,None,8646000000,None,None,221000000,292000000,5.93,0.0216,11000000,11000000,None,1.654,0.14,1793000000,2014000000,7.69,2010-12-31,9.07,1622000000,25604999000.0,16684000000,1793000000,517000000,1656000000,1656000000,None,0,None,None,None,None,1338000000,None,None,1283000000,None,None,None,0.04,1743000000,14891000000,1793000000,16253000000,-100000000,None,None,None,None,None,None,None,0.557,1.767,0.276,None,None,None,None,None,-201000000,None,0.0229,None,638000000,2025-10-30,annual,7.83,USD,pre-market,None,5162000000,0.0395,0.155,0.095,994.66,None,1438000000,100000000,16025000000,301.16,276.34,1.8205,44863000000,42603000000,100000000,39503000000,2260000000,1338000000,16684000000,5360000000,12.24,-1718000000,344.64,238.17
2025-12-28,CI,22.59,268077007000.0,12.24,None,0.263,156.81,307000000,None,1709000000,1709000000,307000000,-1485000000,None,None,0,None,None,None,40000000,389377000,None,14585000000,14585000000,5127000000,None,None,8646000000,None,None,221000000,268000000,5.93,0.0216,11000000,11000000,None,1.654,0.14,1793000000,2014000000,7.69,2009-12-31,9.07,1622000000,25604999000.0,16684000000,1793000000,517000000,1656000000,1656000000,None,0,None,None,None,None,1338000000,None,None,1304000000,None,None,None,0.04,745000000,14891000000,1793000000,16253000000,-100000000,None,None,None,None,None,None,None,0.557,1.767,0.276,None,None,None,None,None,346000000,None,0.0229,None,638000000,2025-10-30,annual,7.83,USD,pre-market,None,5162000000,0.0395,0.155,0.095,994.66,None,1438000000,100000000,16025000000,301.16,276.34,1.8205,44863000000,42603000000,100000000,39503000000,2260000000,1338000000,16684000000,5360000000,12.24,-1718000000,344.64,238.17
2025-12-28,CI,22.59,268077007000.0,12.24,None,0.263,156.81,257000000,None,1709000000,1709000000,314000000,-2572000000,None,None,None,None,None,None,40000000,389377000,None,14585000000,14585000000,5127000000,None,None,8646000000,None,None,221000000,244000000,5.93,0.0216,14000000,14000000,None,1.654,0.14,1793000000,2014000000,7.69,2008-12-31,9.07,1622000000,25604999000.0,16684000000,1793000000,517000000,1656000000,1656000000,None,0,None,None,None,None,1338000000,None,None,290000000,None,None,None,0.04,1656000000,14891000000,1793000000,16253000000,-100000000,None,None,None,None,None,None,None,0.557,1.767,0.276,None,None,None,None,None,-378000000,None,0.0229,None,638000000,2025-10-30,annual,7.83,USD,pre-market,None,5162000000,0.0395,0.155,0.095,994.66,None,1438000000,100000000,16025000000,301.16,276.34,1.8205,44863000000,42603000000,100000000,39503000000,2260000000,1338000000,16684000000,5360000000,12.24,-1718000000,344.64,238.17
2025-12-28,CI,22.59,268077007000.0,12.24,None,0.263,156.81,262000000,None,1709000000,1709000000,-1041000000,269000000,None,None,-37513000000,None,None,None,40000000,389377000,None,14585000000,14585000000,5127000000,None,None,8646000000,None,None,221000000,194000000,5.93,0.0216,11000000,11000000,None,1.654,0.14,1793000000,2014000000,7.69,2007-12-31,9.07,1622000000,25604999000.0,16684000000,1793000000,517000000,1656000000,1656000000,None,0,None,None,None,None,1338000000,None,None,1120000000,None,None,None,0.04,1342000000,14891000000,1793000000,16253000000,-100000000,None,None,None,None,None,None,None,0.557,1.767,0.276,None,None,None,None,None,-1185000000,None,0.0229,None,638000000,2025-10-30,annual,7.83,USD,pre-market,None,5162000000,0.0395,0.155,0.095,994.66,None,1438000000,100000000,16025000000,301.16,276.34,1.8205,44863000000,42603000000,100000000,39503000000,2260000000,1338000000,16684000000,5360000000,12.24,-1718000000,344.64,238.17
2025-12-28,CI,22.59,268077007000.0,12.24,None,0.263,156.81,136000000,None,1709000000,1709000000,-2513000000,1548000000,None,None,-40101000000,None,None,None,40000000,389377000,None,14585000000,14585000000,5127000000,None,None,8646000000,None,None,221000000,208000000,5.93,0.0216,12000000,12000000,None,1.654,0.14,1793000000,2014000000,7.69,2006-12-31,9.07,1622000000,25604999000.0,16684000000,1793000000,517000000,1656000000,1656000000,None,0,None,None,None,None,1338000000,None,None,1159000000,None,None,None,0.04,642000000,14891000000,1793000000,16253000000,-100000000,None,None,None,None,None,None,None,0.557,1.767,0.276,None,None,None,None,None,-2765000000,None,0.0229,None,638000000,2025-10-30,annual,7.83,USD,pre-market,None,5162000000,0.0395,0.155,0.095,994.66,None,1438000000,100000000,16025000000,301.16,276.34,1.8205,44863000000,42603000000,100000000,39503000000,2260000000,1338000000,16684000000,5360000000,12.24,-1718000000,344.64,238.17
2025-12-28,CI,22.59,268077007000.0,12.24,None,0.263,156.81,61000000,None,1709000000,1709000000,-1785000000,258000000,None,None,-42818000000,None,None,None,40000000,389377000,None,14585000000,14585000000,5127000000,None,None,8646000000,None,None,221000000,221000000,5.93,0.0216,13000000,13000000,None,1.654,0.14,1793000000,2014000000,7.69,2005-12-31,9.07,1622000000,25604999000.0,16684000000,1793000000,517000000,1656000000,1656000000,None,0,None,None,None,None,1338000000,None,None,1276000000,None,None,None,0.04,718000000,14891000000,1793000000,16253000000,-100000000,None,None,None,None,None,None,None,0.557,1.767,0.276,None,None,None,None,None,-1618000000,None,0.0229,None,638000000,2025-10-30,annual,7.83,USD,pre-market,None,5162000000,0.0395,0.155,0.095,994.66,None,1438000000,100000000,16025000000,301.16,276.34,1.8205,44863000000,42603000000,100000000,39503000000,2260000000,1338000000,16684000000,5360000000,12.24,-1718000000,344.64,238.17
