date,symbol,eps,revenue_ttm,pe_ratio,accumulateddepreciationamortizationppe,beta,book_value,capitalexpenditures,capitalleaseobligations,cashandcashequivalentsatcarryingvalue,cashandshortterminvestments,cashflowfromfinancing,cashflowfrominvestment,changeincashandcashequivalents,changeinexchangerate,changeininventory,changeinoperatingassets,changeinoperatingliabilities,changeinreceivables,commonstock,commonstocksharesoutstanding,comprehensiveincomenetoftax,costofgoodsandservicessold,costofrevenue,currentaccountspayable,currentdebt,currentlongtermdebt,currentnetreceivables,deferredrevenue,depreciation,depreciationandamortization,depreciationdepletionandamortization,dividend_per_share,dividend_yield,dividendpayout,dividendpayoutcommonstock,dividendpayoutpreferredstock,earnings_growth_yoy,earnings_surprise,ebit,ebitda,estimated_eps,fiscaldateending,forward_pe,goodwill,gross_profit_ttm,grossprofit,incomebeforetax,incometaxexpense,intangibleassets,intangibleassetsexcludinggoodwill,interestanddebtexpense,interestexpense,interestincome,inventory,investmentincomenet,investments,longtermdebt,longtermdebtnoncurrent,longterminvestments,netincome,netincomefromcontinuingoperations,netinterestincome,noninterestincome,operating_margin_ttm,operatingcashflow,operatingexpenses,operatingincome,othercurrentassets,othercurrentliabilities,othernoncurrentassets,othernoncurrentliabilities,othernonoperatingincome,paymentsforoperatingactivities,paymentsforrepurchaseofcommonstock,paymentsforrepurchaseofequity,paymentsforrepurchaseofpreferredstock,peg_ratio,price_to_book,price_to_sales_ttm,proceedsfromissuanceofcommonstock,proceedsfromissuanceoflongtermdebtandcapitalsecuritiesnet,proceedsfromissuanceofpreferredstock,proceedsfromoperatingactivities,proceedsfromrepaymentsofshorttermdebt,proceedsfromrepurchaseofequity,proceedsfromsaleoftreasurystock,profit_margin,profitloss,propertyplantequipment,report_date,report_type,reported_eps,reportedcurrency,reporttime,researchanddevelopment,retainedearnings,return_on_assets_ttm,return_on_equity_ttm,revenue_growth_yoy,revenue_per_share_ttm,sellinggeneralandadministrative,shortlongtermdebttotal,shorttermdebt,shortterminvestments,sma_200,sma_50,surprise_pct,totalassets,totalcurrentassets,totalcurrentliabilities,totalliabilities,totalnoncurrentassets,totalnoncurrentliabilities,totalrevenue,totalshareholderequity,trailing_pe,treasurystock,week_52_high,week_52_low
1996-03-31,CL,,,,,,,,,,,,,,,,,,,,,,,,,,,,,,,,,,,,,,0.0,,,0.12,,,,,,,,,,,,,,,,,,,,,,,,,,,,,,,,,,,,,,,,,,,,,,,,,1996-04-17,,0.12,,pre-market,,,,,,,,,,,,,0.0,,,,,,,,,,,,
1996-06-30,CL,,,,,,,,,,,,,,,,,,,,,,,,,,,,,,,,,,,,,,0.0,,,0.12,,,,,,,,,,,,,,,,,,,,,,,,,,,,,,,,,,,,,,,,,,,,,,,,,1996-07-24,,0.12,,pre-market,,,,,,,,,,,,,0.0,,,,,,,,,,,,
1996-09-30,CL,,,,,,,,,,,,,,,,,,,,,,,,,,,,,,,,,,,,,,0.0,,,0.13,,,,,,,,,,,,,,,,,,,,,,,,,,,,,,,,,,,,,,,,,,,,,,,,,1996-10-17,,0.13,,pre-market,,,,,,,,,,,,,0.0,,,,,,,,,,,,
1996-12-31,CL,,,,,,,,,,,,,,,,,,,,,,,,,,,,,,,,,,,,,,0.0,,,0.15,,,,,,,,,,,,,,,,,,,,,,,,,,,,,,,,,,,,,,,,,,,,,,,,,1997-02-04,,0.15,,pre-market,,,,,,,,,,,,,0.0,,,,,,,,,,,,
1997-03-31,CL,,,,,,,,,,,,,,,,,,,,,,,,,,,,,,,,,,,,,,0.0,,,0.14,,,,,,,,,,,,,,,,,,,,,,,,,,,,,,,,,,,,,,,,,,,,,,,,,1997-04-16,,0.14,,pre-market,,,,,,,,,,,,,0.0,,,,,,,,,,,,
1997-06-30,CL,,,,,,,,,,,,,,,,,,,,,,,,,,,,,,,,,,,,,,0.0,,,0.14,,,,,,,,,,,,,,,,,,,,,,,,,,,,,,,,,,,,,,,,,,,,,,,,,1997-07-24,,0.14,,pre-market,,,,,,,,,,,,,0.0,,,,,,,,,,,,
1997-09-30,CL,,,,,,,,,,,,,,,,,,,,,,,,,,,,,,,,,,,,,,0.01,,,0.15,,,,,,,,,,,,,,,,,,,,,,,,,,,,,,,,,,,,,,,,,,,,,,,,,1997-10-16,,0.16,,pre-market,,,,,,,,,,,,,6.6667,,,,,,,,,,,,
1997-12-31,CL,,,,,,,,,,,,,,,,,,,,,,,,,,,,,,,,,,,,,,-0.01,,,0.17,,,,,,,,,,,,,,,,,,,,,,,,,,,,,,,,,,,,,,,,,,,,,,,,,1998-02-03,,0.16,,pre-market,,,,,,,,,,,,,-5.8824,,,,,,,,,,,,
1998-03-31,CL,,,,,,,,,,,,,,,,,,,,,,,,,,,,,,,,,,,,,,0.0,,,0.15,,,,,,,,,,,,,,,,,,,,,,,,,,,,,,,,,,,,,,,,,,,,,,,,,1998-04-22,,0.15,,pre-market,,,,,,,,,,,,,0.0,,,,,,,,,,,,
1998-06-30,CL,,,,,,,,,,,,,,,,,,,,,,,,,,,,,,,,,,,,,,0.01,,,0.16,,,,,,,,,,,,,,,,,,,,,,,,,,,,,,,,,,,,,,,,,,,,,,,,,1998-07-23,,0.17,,pre-market,,,,,,,,,,,,,6.25,,,,,,,,,,,,
1998-09-30,CL,,,,,,,,,,,,,,,,,,,,,,,,,,,,,,,,,,,,,,0.0,,,0.17,,,,,,,,,,,,,,,,,,,,,,,,,,,,,,,,,,,,,,,,,,,,,,,,,1998-10-15,,0.17,,pre-market,,,,,,,,,,,,,0.0,,,,,,,,,,,,
1998-12-31,CL,,,,,,,,,,,,,,,,,,,,,,,,,,,,,,,,,,,,,,0.0,,,0.18,,,,,,,,,,,,,,,,,,,,,,,,,,,,,,,,,,,,,,,,,,,,,,,,,1999-02-04,,0.18,,pre-market,,,,,,,,,,,,,0.0,,,,,,,,,,,,
1999-03-31,CL,,,,,,,,,,,,,,,,,,,,,,,,,,,,,,,,,,,,,,0.02,,,0.16,,,,,,,,,,,,,,,,,,,,,,,,,,,,,,,,,,,,,,,,,,,,,,,,,1999-04-21,,0.18,,pre-market,,,,,,,,,,,,,12.5,,,,,,,,,,,,
1999-06-30,CL,,,,,,,,,,,,,,,,,,,,,,,,,,,,,,,,,,,,,,0.01,,,0.17,,,,,,,,,,,,,,,,,,,,,,,,,,,,,,,,,,,,,,,,,,,,,,,,,1999-07-21,,0.18,,pre-market,,,,,,,,,,,,,5.8824,,,,,,,,,,,,
1999-09-30,CL,,,,,,,,,,,,,,,,,,,,,,,,,,,,,,,,,,,,,,0.0,,,0.19,,,,,,,,,,,,,,,,,,,,,,,,,,,,,,,,,,,,,,,,,,,,,,,,,1999-10-21,,0.19,,pre-market,,,,,,,,,,,,,0.0,,,,,,,,,,,,
1999-12-31,CL,,,,,,,,,,,,,,,,,,,,,,,,,,,,,,,,,,,,,,0.01,,,0.2,,,,,,,,,,,,,,,,,,,,,,,,,,,,,,,,,,,,,,,,,,,,,,,,,2000-02-03,,0.21,,pre-market,,,,,,,,,,,,,5.0,,,,,,,,,,,,
2000-03-31,CL,,,,,,,,,,,,,,,,,,,,,,,,,,,,,,,,,,,,,,0.0,,,0.19,,,,,,,,,,,,,,,,,,,,,,,,,,,,,,,,,,,,,,,,,,,,,,,,,2000-04-19,,0.19,,pre-market,,,,,,,,,,,,,0.0,,,,,,,,,,,,
2000-06-30,CL,,,,,,,,,,,,,,,,,,,,,,,,,,,,,,,,,,,,,,0.01,,,0.2,,,,,,,,,,,,,,,,,,,,,,,,,,,,,,,,,,,,,,,,,,,,,,,,,2000-07-20,,0.21,,pre-market,,,,,,,,,,,,,5.0,,,,,,,,,,,,
2000-09-30,CL,,,,,,,,,,,,,,,,,,,,,,,,,,,,,,,,,,,,,,0.01,,,0.21,,,,,,,,,,,,,,,,,,,,,,,,,,,,,,,,,,,,,,,,,,,,,,,,,2000-10-24,,0.22,,pre-market,,,,,,,,,,,,,4.7619,,,,,,,,,,,,
2000-12-31,CL,,,,,,,,,,,,,,,,,,,,,,,,,,,,,,,,,,,,,,0.0,,,0.23,,,,,,,,,,,,,,,,,,,,,,,,,,,,,,,,,,,,,,,,,,,,,,,,,2001-02-01,,0.23,,pre-market,,,,,,,,,,,,,0.0,,,,,,,,,,,,
2001-03-31,CL,,,,,,,,,,,,,,,,,,,,,,,,,,,,,,,,,,,,,,0.0,,,0.22,,,,,,,,,,,,,,,,,,,,,,,,,,,,,,,,,,,,,,,,,,,,,,,,,2001-04-19,,0.22,,pre-market,,,,,,,,,,,,,0.0,,,,,,,,,,,,
2001-06-30,CL,,,,,,,,,,,,,,,,,,,,,,,,,,,,,,,,,,,,,,0.0,,,0.24,,,,,,,,,,,,,,,,,,,,,,,,,,,,,,,,,,,,,,,,,,,,,,,,,2001-07-23,,0.24,,pre-market,,,,,,,,,,,,,0.0,,,,,,,,,,,,
2001-09-30,CL,,,,,,,,,,,,,,,,,,,,,,,,,,,,,,,,,,,,,,0.0,,,0.25,,,,,,,,,,,,,,,,,,,,,,,,,,,,,,,,,,,,,,,,,,,,,,,,,2001-10-18,,0.25,,pre-market,,,,,,,,,,,,,0.0,,,,,,,,,,,,
2001-12-31,CL,,,,,,,,,,,,,,,,,,,,,,,,,,,,,,,,,,,,,,0.0,,,0.26,,,,,,,,,,,,,,,,,,,,,,,,,,,,,,,,,,,,,,,,,,,,,,,,,2002-02-05,,0.26,,pre-market,,,,,,,,,,,,,0.0,,,,,,,,,,,,
2002-03-31,CL,,,,,,,,,,,,,,,,,,,,,,,,,,,,,,,,,,,,,,0.0,,,0.25,,,,,,,,,,,,,,,,,,,,,,,,,,,,,,,,,,,,,,,,,,,,,,,,,2002-04-18,,0.25,,pre-market,,,,,,,,,,,,,0.0,,,,,,,,,,,,
2002-06-30,CL,,,,,,,,,,,,,,,,,,,,,,,,,,,,,,,,,,,,,,0.01,,,0.27,,,,,,,,,,,,,,,,,,,,,,,,,,,,,,,,,,,,,,,,,,,,,,,,,2002-07-23,,0.28,,pre-market,,,,,,,,,,,,,3.7037,,,,,,,,,,,,
2002-09-30,CL,,,,,,,,,,,,,,,,,,,,,,,,,,,,,,,,,,,,,,0.0,,,0.28,,,,,,,,,,,,,,,,,,,,,,,,,,,,,,,,,,,,,,,,,,,,,,,,,2002-10-17,,0.28,,pre-market,,,,,,,,,,,,,0.0,,,,,,,,,,,,
2002-12-31,CL,,,,,,,,,,,,,,,,,,,,,,,,,,,,,,,,,,,,,,0.01,,,0.29,,,,,,,,,,,,,,,,,,,,,,,,,,,,,,,,,,,,,,,,,,,,,,,,,2003-02-04,,0.3,,pre-market,,,,,,,,,,,,,3.4483,,,,,,,,,,,,
2003-03-31,CL,,,,,,,,,,,,,,,,,,,,,,,,,,,,,,,,,,,,,,0.01,,,0.27,,,,,,,,,,,,,,,,,,,,,,,,,,,,,,,,,,,,,,,,,,,,,,,,,2003-04-17,,0.28,,pre-market,,,,,,,,,,,,,3.7037,,,,,,,,,,,,
2003-06-30,CL,,,,,,,,,,,,,,,,,,,,,,,,,,,,,,,,,,,,,,0.0,,,0.31,,,,,,,,,,,,,,,,,,,,,,,,,,,,,,,,,,,,,,,,,,,,,,,,,2003-07-22,,0.31,,pre-market,,,,,,,,,,,,,0.0,,,,,,,,,,,,
2003-09-30,CL,,,,,,,,,,,,,,,,,,,,,,,,,,,,,,,,,,,,,,0.0,,,0.32,,,,,,,,,,,,,,,,,,,,,,,,,,,,,,,,,,,,,,,,,,,,,,,,,2003-10-23,,0.32,,pre-market,,,,,,,,,,,,,0.0,,,,,,,,,,,,
2003-12-31,CL,,,,,,,,,,,,,,,,,,,,,,,,,,,,,,,,,,,,,,0.01,,,0.32,,,,,,,,,,,,,,,,,,,,,,,,,,,,,,,,,,,,,,,,,,,,,,,,,2004-02-03,,0.33,,pre-market,,,,,,,,,,,,,3.125,,,,,,,,,,,,
2004-03-31,CL,,,,,,,,,,,,,,,,,,,,,,,,,,,,,,,,,,,,,,0.01,,,0.29,,,,,,,,,,,,,,,,,,,,,,,,,,,,,,,,,,,,,,,,,,,,,,,,,2004-04-21,,0.3,,pre-market,,,,,,,,,,,,,3.4483,,,,,,,,,,,,
2004-06-30,CL,,,,,,,,,,,,,,,,,,,,,,,,,,,,,,,,,,,,,,0.0,,,0.33,,,,,,,,,,,,,,,,,,,,,,,,,,,,,,,,,,,,,,,,,,,,,,,,,2004-07-21,,0.33,,pre-market,,,,,,,,,,,,,0.0,,,,,,,,,,,,
2004-09-30,CL,,,,,,,,,,,,,,,,,,,,,,,,,,,,,,,,,,,,,,0.0,,,0.29,,,,,,,,,,,,,,,,,,,,,,,,,,,,,,,,,,,,,,,,,,,,,,,,,2004-10-20,,0.29,,pre-market,,,,,,,,,,,,,0.0,,,,,,,,,,,,
2004-12-31,CL,,,,,,,,,,,,,,,,,,,,,,,,,,,,,,,,,,,,,,0.01,,,0.29,,,,,,,,,,,,,,,,,,,,,,,,,,,,,,,,,,,,,,,,,,,,,,,,,2005-01-27,,0.3,,pre-market,,,,,,,,,,,,,3.4483,,,,,,,,,,,,
2005-03-31,CL,,,,,,,,,,,,,,,,,,,,,,,,,,,,,,,,,,,,,,0.0,,,0.31,,,,,,,,,,,,,,,,,,,,,,,,,,,,,,,,,,,,,,,,,,,,,,,,,2005-04-27,,0.31,,pre-market,,,,,,,,,,,,,0.0,,,,,,,,,,,,
2005-06-30,CL,,,,,,,,,,,,,,,,,,,,,,,,,,,,,,,,,,,,,,0.01,,,0.33,,,,,,,,,,,,,,,,,,,,,,,,,,,,,,,,,,,,,,,,,,,,,,,,,2005-07-27,,0.34,,pre-market,,,,,,,,,,,,,3.0303,,,,,,,,,,,,
2005-09-30,CL,,,,,,,,,,,,,,,,,,,,,,,,,,,,,,,,,,,,,,0.01,,,0.33,,,,,,,,,,,,,,,,,,,,,,,,,,,,,,,,,,,,,,,,,,,,,,,,,2005-11-01,,0.34,,pre-market,,,,,,,,,,,,,3.0303,,,,,,,,,,,,
2005-12-31,CL,,,,,,,,,,,,,,,,,,,,,,,,,,,,,,,,,,,,,,0.01,,,0.34,,,,,,,,,,,,,,,,,,,,,,,,,,,,,,,,,,,,,,,,,,,,,,,,,2006-01-25,,0.35,,pre-market,,,,,,,,,,,,,2.9412,,,,,,,,,,,,
2006-03-31,CL,,,,,,,,,,,,,,,,,,,,,,,,,,,,,,,,,,,,,,0.01,,,0.33,,,,,,,,,,,,,,,,,,,,,,,,,,,,,,,,,,,,,,,,,,,,,,,,,2006-04-26,,0.34,,pre-market,,,,,,,,,,,,,3.0303,,,,,,,,,,,,
2006-06-30,CL,,,,,,,,,,,,,,,,,,,,,,,,,,,,,,,,,,,,,,0.0,,,0.36,,,,,,,,,,,,,,,,,,,,,,,,,,,,,,,,,,,,,,,,,,,,,,,,,2006-07-25,,0.36,,pre-market,,,,,,,,,,,,,0.0,,,,,,,,,,,,
2006-09-30,CL,,,,,,,,,,,,,,,,,,,,,,,,,,,,,,,,,,,,,,0.01,,,0.36,,,,,,,,,,,,,,,,,,,,,,,,,,,,,,,,,,,,,,,,,,,,,,,,,2006-10-25,,0.37,,pre-market,,,,,,,,,,,,,2.7778,,,,,,,,,,,,
2006-12-31,CL,,,,,,,,,,,,,,,,,,,,,,,,,,,,,,,,,,,,,,0.01,,,0.38,,,,,,,,,,,,,,,,,,,,,,,,,,,,,,,,,,,,,,,,,,,,,,,,,2007-01-30,,0.39,,pre-market,,,,,,,,,,,,,2.6316,,,,,,,,,,,,
2007-03-31,CL,,,,,,,,,,,,,,,,,,,,,,,,,,,,,,,,,,,,,,0.0,,,0.39,,,,,,,,,,,,,,,,,,,,,,,,,,,,,,,,,,,,,,,,,,,,,,,,,2007-04-25,,0.39,,pre-market,,,,,,,,,,,,,0.0,,,,,,,,,,,,
2007-06-30,CL,,,,,,,,,,,,,,,,,,,,,,,,,,,,,,,,,,,,,,0.0,,,0.42,,,,,,,,,,,,,,,,,,,,,,,,,,,,,,,,,,,,,,,,,,,,,,,,,2007-07-25,,0.42,,pre-market,,,,,,,,,,,,,0.0,,,,,,,,,,,,
2007-09-30,CL,,,,,,,,,,,,,,,,,,,,,,,,,,,,,,,,,,,,,,0.01,,,0.42,,,,,,,,,,,,,,,,,,,,,,,,,,,,,,,,,,,,,,,,,,,,,,,,,2007-10-30,,0.43,,pre-market,,,,,,,,,,,,,2.381,,,,,,,,,,,,
2007-12-31,CL,,,,,,,,,,,,,,,,,,,,,,,,,,,,,,,,,,,,,,0.01,,,0.45,,,,,,,,,,,,,,,,,,,,,,,,,,,,,,,,,,,,,,,,,,,,,,,,,2008-01-31,,0.46,,pre-market,,,,,,,,,,,,,2.2222,,,,,,,,,,,,
2008-03-31,CL,,,,,,,,,,,,,,,,,,,,,,,,,,,,,,,,,,,,,,0.01,,,0.44,,,,,,,,,,,,,,,,,,,,,,,,,,,,,,,,,,,,,,,,,,,,,,,,,2008-04-30,,0.45,,pre-market,,,,,,,,,,,,,2.2727,,,,,,,,,,,,
2008-06-30,CL,,,,,,,,,,,,,,,,,,,,,,,,,,,,,,,,,,,,,,0.02,,,0.47,,,,,,,,,,,,,,,,,,,,,,,,,,,,,,,,,,,,,,,,,,,,,,,,,2008-07-29,,0.49,,pre-market,,,,,,,,,,,,,4.2553,,,,,,,,,,,,
2008-09-30,CL,,,,,,,,,,,,,,,,,,,,,,,,,,,,,,,,,,,,,,0.01,,,0.49,,,,,,,,,,,,,,,,,,,,,,,,,,,,,,,,,,,,,,,,,,,,,,,,,2008-10-30,,0.5,,pre-market,,,,,,,,,,,,,2.0408,,,,,,,,,,,,
2008-12-31,CL,,,,,,,,,,,,,,,,,,,,,,,,,,,,,,,,,,,,,,0.01,,,0.49,,,,,,,,,,,,,,,,,,,,,,,,,,,,,,,,,,,,,,,,,,,,,,,,,2009-01-29,,0.5,,pre-market,,,,,,,,,,,,,2.0408,,,,,,,,,,,,
2009-03-31,CL,,,,,,,,,,,,,,,,,,,,,,,,,,,,,,,,,,,,,,0.01,,,0.48,,,,,,,,,,,,,,,,,,,,,,,,,,,,,,,,,,,,,,,,,,,,,,,,,2009-04-30,,0.49,,pre-market,,,,,,,,,,,,,2.0833,,,,,,,,,,,,
2009-06-30,CL,,,,,,,,,,,,,,,,,,,,,,,,,,,,,,,,,,,,,,0.02,,,0.52,,,,,,,,,,,,,,,,,,,,,,,,,,,,,,,,,,,,,,,,,,,,,,,,,2009-07-30,,0.54,,pre-market,,,,,,,,,,,,,3.8462,,,,,,,,,,,,
2009-09-30,CL,,,,,,,,,,,,,,,,,,,,,,,,,,,,,,,,,,,,,,0.0,,,0.56,,,,,,,,,,,,,,,,,,,,,,,,,,,,,,,,,,,,,,,,,,,,,,,,,2009-10-29,,0.56,,pre-market,,,,,,,,,,,,,0.0,,,,,,,,,,,,
2009-12-31,CL,,,,,,,,,,,,,,,,,,,,,,,,,,,,,,,,,,,,,,0.02,,,0.59,,,,,,,,,,,,,,,,,,,,,,,,,,,,,,,,,,,,,,,,,,,,,,,,,2010-01-28,,0.61,,pre-market,,,,,,,,,,,,,3.3898,,,,,,,,,,,,
2010-03-31,CL,,,,,,,,,,,,,,,,,,,,,,,,,,,,,,,,,,,,,,0.02,,,0.59,,,,,,,,,,,,,,,,,,,,,,,,,,,,,,,,,,,,,,,,,,,,,,,,,2010-04-29,,0.61,,pre-market,,,,,,,,,,,,,3.3898,,,,,,,,,,,,
2010-06-30,CL,,,,,,,,,,,,,,,,,,,,,,,,,,,,,,,,,,,,,,0.01,,,0.58,,,,,,,,,,,,,,,,,,,,,,,,,,,,,,,,,,,,,,,,,,,,,,,,,2010-07-29,,0.59,,pre-market,,,,,,,,,,,,,1.7241,,,,,,,,,,,,
2010-09-30,CL,,,,,,,,,,,,,,,,,,,,,,,,,,,,,,,,,,,,,,0.02,,,0.59,,,,,,,,,,,,,,,,,,,,,,,,,,,,,,,,,,,,,,,,,,,,,,,,,2010-10-28,,0.61,,pre-market,,,,,,,,,,,,,3.3898,,,,,,,,,,,,
2010-12-31,CL,,,,,,,,,,,,,,,,,,,,,,,,,,,,,,,,,,,,,,0.0,,,0.62,,,,,,,,,,,,,,,,,,,,,,,,,,,,,,,,,,,,,,,,,,,,,,,,,2011-01-27,,0.62,,pre-market,,,,,,,,,,,,,0.0,,,,,,,,,,,,
2011-03-31,CL,,,,,,,,,,,,,,,,,,,,,,,,,,,,,,,,,,,,,,0.0,,,0.58,,,,,,,,,,,,,,,,,,,,,,,,,,,,,,,,,,,,,,,,,,,,,,,,,2011-04-28,,0.58,,pre-market,,,,,,,,,,,,,0.0,,,,,,,,,,,,
2011-06-30,CL,,,,,,,,,,,,,,,,,,,,,,,,,,,,,,,,,,,,,,0.01,,,0.62,,,,,,,,,,,,,,,,,,,,,,,,,,,,,,,,,,,,,,,,,,,,,,,,,2011-07-28,,0.63,,pre-market,,,,,,,,,,,,,1.6129,,,,,,,,,,,,
2011-09-30,CL,,,,,,,,,,,,,,,,,,,,,,,,,,,,,,,,,,,,,,0.01,,,0.65,,,,,,,,,,,,,,,,,,,,,,,,,,,,,,,,,,,,,,,,,,,,,,,,,2011-10-27,,0.66,,pre-market,,,,,,,,,,,,,1.5385,,,,,,,,,,,,
2011-12-31,CL,,,,,,,,,,,,,,,,,,,,,,,,,,,,,,,,,,,,,,0.0,,,0.65,,,,,,,,,,,,,,,,,,,,,,,,,,,,,,,,,,,,,,,,,,,,,,,,,2012-01-26,,0.65,,pre-market,,,,,,,,,,,,,0.0,,,,,,,,,,,,
2012-03-31,CL,,,,,,,,,,,,,,,,,,,,,,,,,,,,,,,,,,,,,,0.0,,,0.62,,,,,,,,,,,,,,,,,,,,,,,,,,,,,,,,,,,,,,,,,,,,,,,,,2012-04-26,,0.62,,pre-market,,,,,,,,,,,,,0.0,,,,,,,,,,,,
2012-06-30,CL,,,,,,,,,,,,,,,,,,,,,,,,,,,,,,,,,,,,,,0.0,,,0.67,,,,,,,,,,,,,,,,,,,,,,,,,,,,,,,,,,,,,,,,,,,,,,,,,2012-07-26,,0.67,,pre-market,,,,,,,,,,,,,0.0,,,,,,,,,,,,
2012-09-30,CL,,,,,,,,,,,,,,,,,,,,,,,,,,,,,,,,,,,,,,0.0,,,0.69,,,,,,,,,,,,,,,,,,,,,,,,,,,,,,,,,,,,,,,,,,,,,,,,,2012-10-25,,0.69,,pre-market,,,,,,,,,,,,,0.0,,,,,,,,,,,,
2012-12-31,CL,,,,,,,,,,,,,,,,,,,,,,,,,,,,,,,,,,,,,,0.01,,,0.7,,,,,,,,,,,,,,,,,,,,,,,,,,,,,,,,,,,,,,,,,,,,,,,,,2013-01-31,,0.71,,pre-market,,,,,,,,,,,,,1.4286,,,,,,,,,,,,
2013-03-31,CL,,,,,,,,,,,,,,,,,,,,,,,,,,,,,,,,,,,,,,0.0,,,0.66,,,,,,,,,,,,,,,,,,,,,,,,,,,,,,,,,,,,,,,,,,,,,,,,,2013-04-25,,0.66,,pre-market,,,,,,,,,,,,,0.0,,,,,,,,,,,,
2013-06-30,CL,,,,,,,,,,,,,,,,,,,,,,,,,,,,,,,,,,,,,,0.0,,,0.7,,,,,,,,,,,,,,,,,,,,,,,,,,,,,,,,,,,,,,,,,,,,,,,,,2013-07-25,,0.7,,pre-market,,,,,,,,,,,,,0.0,,,,,,,,,,,,
2013-09-30,CL,,,,,,,,,,,,,,,,,,,,,,,,,,,,,,,,,,,,,,0.0,,,0.73,,,,,,,,,,,,,,,,,,,,,,,,,,,,,,,,,,,,,,,,,,,,,,,,,2013-10-24,,0.73,,pre-market,,,,,,,,,,,,,0.0,,,,,,,,,,,,
2013-12-31,CL,,,,,,,,,,,,,,,,,,,,,,,,,,,,,,,,,,,,,,0.01,,,0.74,,,,,,,,,,,,,,,,,,,,,,,,,,,,,,,,,,,,,,,,,,,,,,,,,2014-01-30,,0.75,,pre-market,,,,,,,,,,,,,1.3514,,,,,,,,,,,,
2014-03-31,CL,,,,,,,,,,,,,,,,,,,,,,,,,,,,,,,,,,,,,,0.0,,,0.68,,,,,,,,,,,,,,,,,,,,,,,,,,,,,,,,,,,,,,,,,,,,,,,,,2014-04-25,,0.68,,pre-market,,,,,,,,,,,,,0.0,,,,,,,,,,,,
2014-06-30,CL,,,,,,,,,,,,,,,,,,,,,,,,,,,,,,,,,,,,,,0.0,,,0.73,,,,,,,,,,,,,,,,,,,,,,,,,,,,,,,,,,,,,,,,,,,,,,,,,2014-07-31,,0.73,,pre-market,,,,,,,,,,,,,0.0,,,,,,,,,,,,
2014-09-30,CL,,,,,,,,,,,,,,,,,,,,,,,,,,,,,,,,,,,,,,0.0,,,0.76,,,,,,,,,,,,,,,,,,,,,,,,,,,,,,,,,,,,,,,,,,,,,,,,,2014-10-24,,0.76,,pre-market,,,,,,,,,,,,,0.0,,,,,,,,,,,,
2014-12-31,CL,,,,,,,,,,,,,,,,,,,,,,,,,,,,,,,,,,,,,,0.02,,,0.74,,,,,,,,,,,,,,,,,,,,,,,,,,,,,,,,,,,,,,,,,,,,,,,,,2015-01-29,,0.76,,pre-market,,,,,,,,,,,,,2.7027,,,,,,,,,,,,
2015-03-31,CL,,,,,,,,,,,,,,,,,,,,,,,,,,,,,,,,,,,,,,0.0,,,0.66,,,,,,,,,,,,,,,,,,,,,,,,,,,,,,,,,,,,,,,,,,,,,,,,,2015-04-30,,0.66,,pre-market,,,,,,,,,,,,,0.0,,,,,,,,,,,,
2015-06-30,CL,,,,,,,,,,,,,,,,,,,,,,,,,,,,,,,,,,,,,,0.0,,,0.7,,,,,,,,,,,,,,,,,,,,,,,,,,,,,,,,,,,,,,,,,,,,,,,,,2015-07-30,,0.7,,pre-market,,,,,,,,,,,,,0.0,,,,,,,,,,,,
2015-09-30,CL,,,,,,,,,,,,,,,,,,,,,,,,,,,,,,,,,,,,,,0.0,,,0.72,,,,,,,,,,,,,,,,,,,,,,,,,,,,,,,,,,,,,,,,,,,,,,,,,2015-10-30,,0.72,,pre-market,,,,,,,,,,,,,0.0,,,,,,,,,,,,
2015-12-31,CL,,,,,,,,,,,,,,,,,,,,,,,,,,,,,,,,,,,,,,0.01,,,0.72,,,,,,,,,,,,,,,,,,,,,,,,,,,,,,,,,,,,,,,,,,,,,,,,,2016-01-29,,0.73,,pre-market,,,,,,,,,,,,,1.3889,,,,,,,,,,,,
2016-03-31,CL,,,,,,,,,,,,,,,,,,,,,,,,,,,,,,,,,,,,,,0.0,,,0.63,,,,,,,,,,,,,,,,,,,,,,,,,,,,,,,,,,,,,,,,,,,,,,,,,2016-04-28,,0.63,,pre-market,,,,,,,,,,,,,0.0,,,,,,,,,,,,
2016-06-30,CL,,,,,,,,,,,,,,,,,,,,,,,,,,,,,,,,,,,,,,0.01,,,0.69,,,,,,,,,,,,,,,,,,,,,,,,,,,,,,,,,,,,,,,,,,,,,,,,,2016-07-28,,0.7,,pre-market,,,,,,,,,,,,,1.4493,,,,,,,,,,,,
2016-09-30,CL,,,,,,,,,,,,,,,,,,,,,,,,,,,,,,,,,,,,,,0.0,,,0.73,,,,,,,,,,,,,,,,,,,,,,,,,,,,,,,,,,,,,,,,,,,,,,,,,2016-10-27,,0.73,,pre-market,,,,,,,,,,,,,0.0,,,,,,,,,,,,
2016-12-31,CL,,,,,,,,,,,,,,,,,,,,,,,,,,,,,,,,,,,,,,0.0,,,0.75,,,,,,,,,,,,,,,,,,,,,,,,,,,,,,,,,,,,,,,,,,,,,,,,,2017-01-27,,0.75,,pre-market,,,,,,,,,,,,,0.0,,,,,,,,,,,,
2017-03-31,CL,,,,,,,,,,,,,,,,,,,,,,,,,,,,,,,,,,,,,,0.01,,,0.66,,,,,,,,,,,,,,,,,,,,,,,,,,,,,,,,,,,,,,,,,,,,,,,,,2017-04-28,,0.67,,pre-market,,,,,,,,,,,,,1.5152,,,,,,,,,,,,
2017-06-30,CL,,,,,,,,,,,,,,,,,,,,,,,,,,,,,,,,,,,,,,0.0,,,0.72,,,,,,,,,,,,,,,,,,,,,,,,,,,,,,,,,,,,,,,,,,,,,,,,,2017-07-21,,0.72,,pre-market,,,,,,,,,,,,,0.0,,,,,,,,,,,,
2017-09-30,CL,,,,,,,,,,,,,,,,,,,,,,,,,,,,,,,,,,,,,,0.0,,,0.73,,,,,,,,,,,,,,,,,,,,,,,,,,,,,,,,,,,,,,,,,,,,,,,,,2017-10-27,,0.73,,pre-market,,,,,,,,,,,,,0.0,,,,,,,,,,,,
2017-12-31,CL,,,,,,,,,,,,,,,,,,,,,,,,,,,,,,,,,,,,,,0.0,,,0.75,,,,,,,,,,,,,,,,,,,,,,,,,,,,,,,,,,,,,,,,,,,,,,,,,2018-01-26,,0.75,,pre-market,,,,,,,,,,,,,0.0,,,,,,,,,,,,
2018-03-31,CL,,,,,,,,,,,,,,,,,,,,,,,,,,,,,,,,,,,,,,0.02,,,0.72,,,,,,,,,,,,,,,,,,,,,,,,,,,,,,,,,,,,,,,,,,,,,,,,,2018-04-27,,0.74,,pre-market,,,,,,,,,,,,,2.7778,,,,,,,,,,,,
2018-06-30,CL,,,,,,,,,,,,,,,,,,,,,,,,,,,,,,,,,,,,,,0.0,,,0.77,,,,,,,,,,,,,,,,,,,,,,,,,,,,,,,,,,,,,,,,,,,,,,,,,2018-07-27,,0.77,,pre-market,,,,,,,,,,,,,0.0,,,,,,,,,,,,
2018-09-30,CL,,,,,,,,,,,,,,,,,,,,,,,,,,,,,,,,,,,,,,0.0,,,0.72,,,,,,,,,,,,,,,,,,,,,,,,,,,,,,,,,,,,,,,,,,,,,,,,,2018-10-26,,0.72,,pre-market,,,,,,,,,,,,,0.0,,,,,,,,,,,,
2018-12-31,CL,,,,,,,,,,,,,,,,,,,,,,,,,,,,,,,,,,,,,,0.01,,,0.73,,,,,,,,,,,,,,,,,,,,,,,,,,,,,,,,,,,,,,,,,,,,,,,,,2019-01-25,,0.74,,pre-market,,,,,,,,,,,,,1.3699,,,,,,,,,,,,
2019-03-31,CL,,,,,,,,,,,,,,,,,,,,,,,,,,,,,,,,,,,,,,0.01,,,0.66,,,,,,,,,,,,,,,,,,,,,,,,,,,,,,,,,,,,,,,,,,,,,,,,,2019-04-26,,0.67,,pre-market,,,,,,,,,,,,,1.5152,,,,,,,,,,,,
2019-06-30,CL,,,,,,,,,,,,,,,,,,,,,,,,,,,,,,,,,,,,,,0.0,,,0.72,,,,,,,,,,,,,,,,,,,,,,,,,,,,,,,,,,,,,,,,,,,,,,,,,2019-07-26,,0.72,,pre-market,,,,,,,,,,,,,0.0,,,,,,,,,,,,
2019-09-30,CL,,,,,,,,,,,,,,,,,,,,,,,,,,,,,,,,,,,,,,0.01,,,0.7,,,,,,,,,,,,,,,,,,,,,,,,,,,,,,,,,,,,,,,,,,,,,,,,,2019-11-01,,0.71,,pre-market,,,,,,,,,,,,,1.4286,,,,,,,,,,,,
2019-12-31,CL,,,,,,,,,,,,,,,,,,,,,,,,,,,,,,,,,,,,,,0.0,,,0.73,,,,,,,,,,,,,,,,,,,,,,,,,,,,,,,,,,,,,,,,,,,,,,,,,2020-01-31,,0.73,,pre-market,,,,,,,,,,,,,0.0,,,,,,,,,,,,
2020-03-31,CL,,,,,,,,,,,,,,,,,,,,,,,,,,,,,,,,,,,,,,0.01,,,0.74,,,,,,,,,,,,,,,,,,,,,,,,,,,,,,,,,,,,,,,,,,,,,,,,,2020-05-01,,0.75,,pre-market,,,,,,,,,,,,,1.3514,,,,,,,,,,,,
2020-06-30,CL,,,,,,,,,,,,,,,,,,,,,,,,,,,,,,,,,,,,,,0.04,,,0.7,,,,,,,,,,,,,,,,,,,,,,,,,,,,,,,,,,,,,,,,,,,,,,,,,2020-07-31,,0.74,,pre-market,,,,,,,,,,,,,5.7143,,,,,,,,,,,,
2020-09-30,CL,,,,,,,,,,,,,,,,,,,,,,,,,,,,,,,,,,,,,,0.09,,,0.7,,,,,,,,,,,,,,,,,,,,,,,,,,,,,,,,,,,,,,,,,,,,,,,,,2020-10-30,,0.79,,pre-market,,,,,,,,,,,,,12.8571,,,,,,,,,,,,
2020-12-31,CL,,,,,,,,,,,,,,,,,,,,,,,,,,,,,,,,,,,,,,0.01,,,0.76,,,,,,,,,,,,,,,,,,,,,,,,,,,,,,,,,,,,,,,,,,,,,,,,,2021-01-29,,0.77,,pre-market,,,,,,,,,,,,,1.3158,,,,,,,,,,,,
2021-03-31,CL,,,,,,,,,,,,,,,,,,,,,,,,,,,,,,,,,,,,,,0.01,,,0.79,,,,,,,,,,,,,,,,,,,,,,,,,,,,,,,,,,,,,,,,,,,,,,,,,2021-04-30,,0.8,,pre-market,,,,,,,,,,,,,1.2658,,,,,,,,,,,,
2021-06-30,CL,,,,,,,,,,,,,,,,,,,,,,,,,,,,,,,,,,,,,,0.0,,,0.8,,,,,,,,,,,,,,,,,,,,,,,,,,,,,,,,,,,,,,,,,,,,,,,,,2021-07-30,,0.8,,pre-market,,,,,,,,,,,,,0.0,,,,,,,,,,,,
2021-09-30,CL,,,,,,,,,,,,,,,,,,,,,,,,,,,,,,,,,,,,,,0.02,,,0.79,,,,,,,,,,,,,,,,,,,,,,,,,,,,,,,,,,,,,,,,,,,,,,,,,2021-10-29,,0.81,,pre-market,,,,,,,,,,,,,2.5316,,,,,,,,,,,,
2021-12-31,CL,,,,,,,,,,,,,,,,,,,,,,,,,,,,,,,,,,,,,,0.0,,,0.79,,,,,,,,,,,,,,,,,,,,,,,,,,,,,,,,,,,,,,,,,,,,,,,,,2022-01-28,,0.79,,pre-market,,,,,,,,,,,,,0.0,,,,,,,,,,,,
2022-03-31,CL,,,,,,,,,,,,,,,,,,,,,,,,,,,,,,,,,,,,,,0.0,,,0.74,,,,,,,,,,,,,,,,,,,,,,,,,,,,,,,,,,,,,,,,,,,,,,,,,2022-04-29,,0.74,,pre-market,,,,,,,,,,,,,0.0,,,,,,,,,,,,
2022-06-30,CL,,,,,,,,,,,,,,,,,,,,,,,,,,,,,,,,,,,,,,0.01,,,0.71,,,,,,,,,,,,,,,,,,,,,,,,,,,,,,,,,,,,,,,,,,,,,,,,,2022-07-29,,0.72,,pre-market,,,,,,,,,,,,,1.4085,,,,,,,,,,,,
2022-09-30,CL,,,,,,,,,,,,,,,,,,,,,,,,,,,,,,,,,,,,,,0.01,,,0.73,,,,,,,,,,,,,,,,,,,,,,,,,,,,,,,,,,,,,,,,,,,,,,,,,2022-10-28,,0.74,,pre-market,,,,,,,,,,,,,1.3699,,,,,,,,,,,,
2022-12-31,CL,,,,,,,,,,,,,,,,,,,,,,,,,,,,,,,,,,,,,,0.01,,,0.76,,,,,,,,,,,,,,,,,,,,,,,,,,,,,,,,,,,,,,,,,,,,,,,,,2023-01-27,,0.77,,pre-market,,,,,,,,,,,,,1.3158,,,,,,,,,,,,
2023-03-31,CL,,,,,,,,,,,,,,,,,,,,,,,,,,,,,,,,,,,,,,0.03,,,0.7,,,,,,,,,,,,,,,,,,,,,,,,,,,,,,,,,,,,,,,,,,,,,,,,,2023-04-28,,0.73,,pre-market,,,,,,,,,,,,,4.2857,,,,,,,,,,,,
2023-06-30,CL,,,,,,,,,,,,,,,,,,,,,,,,,,,,,,,,,,,,,,0.02,,,0.75,,,,,,,,,,,,,,,,,,,,,,,,,,,,,,,,,,,,,,,,,,,,,,,,,2023-07-28,,0.77,,pre-market,,,,,,,,,,,,,2.6667,,,,,,,,,,,,
2023-09-30,CL,,,,,,,,,,,,,,,,,,,,,,,,,,,,,,,,,,,,,,0.06,,,0.8,,,,,,,,,,,,,,,,,,,,,,,,,,,,,,,,,,,,,,,,,,,,,,,,,2023-10-27,,0.86,,pre-market,,,,,,,,,,,,,7.5,,,,,,,,,,,,
2023-12-31,CL,,,,,,,,,,,,,,,,,,,,,,,,,,,,,,,,,,,,,,0.02,,,0.85,,,,,,,,,,,,,,,,,,,,,,,,,,,,,,,,,,,,,,,,,,,,,,,,,2024-01-26,,0.87,,pre-market,,,,,,,,,,,,,2.3529,,,,,,,,,,,,
2024-03-31,CL,,,,,,,,,,,,,,,,,,,,,,,,,,,,,,,,,,,,,,0.05,,,0.81,,,,,,,,,,,,,,,,,,,,,,,,,,,,,,,,,,,,,,,,,,,,,,,,,2024-04-26,,0.86,,pre-market,,,,,,,,,,,,,6.1728,,,,,,,,,,,,
2024-06-30,CL,,,,,,,,,,,,,,,,,,,,,,,,,,,,,,,,,,,,,,0.04,,,0.87,,,,,,,,,,,,,,,,,,,,,,,,,,,,,,,,,,,,,,,,,,,,,,,,,2024-07-26,,0.91,,pre-market,,,,,,,,,,,,,4.5977,,,,,,,,,,,,
2024-09-30,CL,,,,,,,,,,,,,,,,,,,,,,,,,,,,,,,,,,,,,,0.03,,,0.88,,,,,,,,,,,,,,,,,,,,,,,,,,,,,,,,,,,,,,,,,,,,,,,,,2024-10-25,,0.91,,pre-market,,,,,,,,,,,,,3.4091,,,,,,,,,,,,
2024-12-31,CL,,,,,,,,,,,,,,,,,,,,,,,,,,,,,,,,,,,,,,0.02,,,0.89,,,,,,,,,,,,,,,,,,,,,,,,,,,,,,,,,,,,,,,,,,,,,,,,,2025-01-31,,0.91,,pre-market,,,,,,,,,,,,,2.2472,,,,,,,,,,,,
2025-03-31,CL,,,,,,,,,,,,,,,,,,,,,,,,,,,,,,,,,,,,,,0.05,,,0.86,,,,,,,,,,,,,,,,,,,,,,,,,,,,,,,,,,,,,,,,,,,,,,,,,2025-04-25,,0.91,,pre-market,,,,,,,,,,,,,5.814,,,,,,,,,,,,
2025-06-30,CL,,,,,,,,,,,,,,,,,,,,,,,,,,,,,,,,,,,,,,0.03,,,0.89,,,,,,,,,,,,,,,,,,,,,,,,,,,,,,,,,,,,,,,,,,,,,,,,,2025-08-01,,0.92,,pre-market,,,,,,,,,,,,,3.3708,,,,,,,,,,,,
2025-09-30,CL,,,,,,,,,,,,,,,,,,,,,,,,,,,,,,,,,,,,,,0.0,,,0.91,,,,,,,,,,,,,,,,,,,,,,,,,,,,,,,,,,,,,,,,,,,,,,,,,2025-10-31,,0.91,,pre-market,,,,,,,,,,,,,0.0,,,,,,,,,,,,
2025-12-28,CL,3.57,20096999000.0,22.33,,0.295,1.062,,,,,,,,,,,,,,,,,,,,,,,,,,2.04,0.0254,,,,0.011,0.0,,,0.91,,20.75,,12088001000.0,,,,,,,,,,,,,,,,,,,0.202,,,,,,,,,,,,,3.099,75.57,3.206,,,,,,,,0.145,,,2025-10-31,,0.91,,pre-market,,,0.153,2.936,0.019,24.76,,,,,85.47,78.38,0.0,,,,,,,,,22.33,,98.37,74.55
2025-12-28,CL,3.57,20096999000.0,22.33,,0.295,1.062,,,,,,,,,,,,,,,None,2082000000,2082000000,,,,,,None,158000000,,2.04,0.0254,,,,0.011,0.0,1059000000,1217000000,0.91,2025-09-30,20.75,,12088001000.0,3049000000,992000000,226000000,,,None,67000000,21000000,,None,,,,,735000000,766000000,-46000000,None,0.202,,1952000000,1097000000,,,,,None,,,,,3.099,75.57,3.206,,,,,,,,0.145,,,2025-10-31,quarterly,0.91,USD,pre-market,None,,0.153,2.936,0.019,24.76,1971000000,,,,85.47,78.38,0.0,,,,,,,5131000000,,22.33,,98.37,74.55
2025-12-28,CL,3.57,20096999000.0,22.33,,0.295,1.062,,,,,,,,,,,,,,,None,2041000000,2041000000,,,,,,None,151000000,,2.04,0.0254,,,,0.011,0.0,1066000000,1217000000,0.91,2025-06-30,20.75,,12088001000.0,3069000000,1007000000,234000000,,,None,71000000,50000000,,None,,,,,743000000,773000000,-50000000,None,0.202,,1989000000,1080000000,,,,,None,,,,,3.099,75.57,3.206,,,,,,,,0.145,,,2025-10-31,quarterly,0.91,USD,pre-market,None,,0.153,2.936,0.019,24.76,1308000000,,,,85.47,78.38,0.0,,,,,,,5110000000,,22.33,,98.37,74.55
2025-12-28,CL,3.57,20096999000.0,22.33,,0.295,1.062,,,,,,,,,,,,,,,None,1924000000,1924000000,,,,,,None,148000000,,2.04,0.0254,,,,0.011,0.0,1019000000,1167000000,0.91,2025-03-31,20.75,,12088001000.0,2987000000,953000000,227000000,,,None,66000000,15000000,,None,,,,,690000000,726000000,-51000000,None,0.202,,1897000000,1090000000,,,,,None,,,,,3.099,75.57,3.206,,,,,,,,0.145,,,2025-10-31,quarterly,0.91,USD,pre-market,None,,0.153,2.936,0.019,24.76,1237000000,,,,85.47,78.38,0.0,,,,,,,4911000000,,22.33,,98.37,74.55
2025-12-28,CL,3.57,20096999000.0,22.33,,0.295,1.062,,,,,,,,,,,,,,,None,1961000000,1961000000,,,,,,None,148000000,,2.04,0.0254,,,,0.011,0.0,1060000000,1208000000,0.91,2024-12-31,20.75,,12088001000.0,2983000000,994000000,214000000,,,None,66000000,50000000,,None,,,,,739000000,779000000,-50000000,None,0.202,,1893000000,1090000000,,,,,None,,,,,3.099,75.57,3.206,,,,,,,,0.145,,,2025-10-31,quarterly,0.91,USD,pre-market,355000000,,0.153,2.936,0.019,24.76,1266000000,,,,85.47,78.38,0.0,,,,,,,4944000000,,22.33,,98.37,74.55
2025-12-28,CL,3.57,20096999000.0,22.33,,0.295,1.062,,,,,,,,,,,,,,,None,1959000000,1959000000,,,,,,None,150000000,,2.04,0.0254,,,,0.011,0.0,1042000000,1192000000,0.91,2024-09-30,20.75,,12088001000.0,3074000000,986000000,210000000,,,None,56000000,56000000,,None,,,,,737000000,776000000,-56000000,None,0.202,,1964000000,1110000000,,,,,None,,,,,3.099,75.57,3.206,,,,,,,,0.145,,,2025-10-31,quarterly,0.91,USD,pre-market,None,,0.153,2.936,0.019,24.76,1305000000,,,,85.47,78.38,0.0,,,,,,,5033000000,,22.33,,98.37,74.55
2025-12-28,CL,3.57,20096999000.0,22.33,,0.295,1.062,,,,,,,,,,,,,,,None,1989000000,1989000000,,,,,,None,157000000,,2.04,0.0254,,,,0.011,0.0,1072000000,1229000000,0.91,2024-06-30,20.75,,12088001000.0,3069000000,1010000000,243000000,,,None,62000000,18000000,,None,,,,,731000000,767000000,-60000000,None,0.202,,1911000000,1158000000,,,,,None,,,,,3.099,75.57,3.206,,,,,,,,0.145,,,2025-10-31,quarterly,0.91,USD,pre-market,None,,0.153,2.936,0.019,24.76,1253000000,,,,85.47,78.38,0.0,,,,,,,5058000000,,22.33,,98.37,74.55
2025-12-28,CL,3.57,20096999000.0,22.33,,0.295,1.062,,,,,,,,,,,,,,,None,2029000000,2029000000,,,,,,None,150000000,,2.04,0.0254,,,,0.011,0.0,1025000000,1175000000,0.91,2024-03-31,20.75,,12088001000.0,3036000000,967000000,238000000,,,None,58000000,15000000,,None,,,,,683000000,729000000,-58000000,None,0.202,,1859000000,1177000000,,,,,None,,,,,3.099,75.57,3.206,,,,,,,,0.145,,,2025-10-31,quarterly,0.91,USD,pre-market,None,,0.153,2.936,0.019,24.76,1265000000,,,,85.47,78.38,0.0,,,,,,,5065000000,,22.33,,98.37,74.55
2025-12-28,CL,3.57,20096999000.0,22.33,,0.295,1.062,,,,,,,,,,,,,,,None,2007000000,2007000000,,,,,,None,150000000,,2.04,0.0254,,,,0.011,0.0,1050000000,1200000000,0.91,2023-12-31,20.75,,12088001000.0,2943000000,988000000,228000000,,,None,62000000,None,,None,,,,,718000000,760000000,-62000000,None,0.202,,1803000000,1140000000,,,,,None,,,,,3.099,75.57,3.206,,,,,,,,0.145,,,2025-10-31,quarterly,0.91,USD,pre-market,343000000,,0.153,2.936,0.019,24.76,1210000000,,,,85.47,78.38,0.0,,,,,,,4950000000,,22.33,,98.37,74.55
2025-12-28,CL,3.57,20096999000.0,22.33,,0.295,1.062,,,,,,,,,,,,,,,None,2032000000,2032000000,,,,,,None,144000000,,2.04,0.0254,,,,0.011,0.0,1016000000,1160000000,0.91,2023-09-30,20.75,,12088001000.0,2883000000,956000000,209000000,,,None,60000000,58000000,,None,,,,,708000000,747000000,-58000000,None,0.202,,1820000000,1063000000,,,,,None,,,,,3.099,75.57,3.206,,,,,,,,0.145,,,2025-10-31,quarterly,0.91,USD,pre-market,None,,0.153,2.936,0.019,24.76,1224000000,,,,85.47,78.38,0.0,,,,,,,4915000000,,22.33,,98.37,74.55
2025-12-28,CL,3.57,20096999000.0,22.33,,0.295,1.062,,,,,,,,,,,,,,,None,2031000000,2031000000,,,,,,None,145000000,,2.04,0.0254,,,,0.011,0.0,945000000,1090000000,0.91,2023-06-30,20.75,,12088001000.0,2791000000,887000000,353000000,,,None,58000000,58000000,,None,,,,,502000000,534000000,-58000000,None,0.202,,1750000000,1041000000,,,,,None,,,,,3.099,75.57,3.206,,,,,,,,0.145,,,2025-10-31,quarterly,0.91,USD,pre-market,None,,0.153,2.936,0.019,24.76,1768000000,,,,85.47,78.38,0.0,,,,,,,4822000000,,22.33,,98.37,74.55
2025-12-28,CL,3.57,20096999000.0,22.33,,0.295,1.062,,,,,,,,,,,,,,,None,2065000000,2065000000,,,,,,None,128000000,,2.04,0.0254,,,,0.011,0.0,615000000,743000000,0.91,2023-03-31,20.75,,12088001000.0,2705000000,561000000,147000000,,,None,54000000,54000000,,None,,,,,372000000,414000000,-54000000,None,0.202,,1752000000,953000000,,,,,None,,,,,3.099,75.57,3.206,,,,,,,,0.145,,,2025-10-31,quarterly,0.91,USD,pre-market,None,,0.153,2.936,0.019,24.76,1179000000,,,,85.47,78.38,0.0,,,,,,,4770000000,,22.33,,98.37,74.55
2025-12-28,CL,3.57,20096999000.0,22.33,,0.295,1.062,,,,,,,,,,,,,,,None,2058000000,2058000000,,,,,,None,135000000,,2.04,0.0254,,,,0.011,0.0,187000000,322000000,0.91,2022-12-31,20.75,,12088001000.0,2571000000,132000000,89000000,,,None,55000000,55000000,,None,,,,,5000000,43000000,-55000000,None,0.202,,1633000000,938000000,,,,,None,,,,,3.099,75.57,3.206,,,,,,,,0.145,,,2025-10-31,quarterly,0.91,USD,pre-market,320000000,,0.153,2.936,0.019,24.76,1141000000,,,,85.47,78.38,0.0,,,,,,,4629000000,,22.33,,98.37,74.55
2025-12-28,CL,3.57,20096999000.0,22.33,,0.295,1.062,,,,,,,,,,,,,,,None,1911000000,1911000000,,,,,,None,134000000,,2.04,0.0254,,,,0.011,0.0,932000000,1066000000,0.91,2022-09-30,20.75,,12088001000.0,2544000000,892000000,210000000,,,None,40000000,40000000,,None,,,,,618000000,682000000,-40000000,None,0.202,,1631000000,913000000,,,,,None,,,,,3.099,75.57,3.206,,,,,,,,0.145,,,2025-10-31,quarterly,0.91,USD,pre-market,None,,0.153,2.936,0.019,24.76,1148000000,,,,85.47,78.38,0.0,,,,,,,4455000000,,22.33,,98.37,74.55
2025-12-28,CL,3.57,20096999000.0,22.33,,0.295,1.062,,,,,,,,,,,,,,,None,1936000000,1936000000,,,,,,None,138000000,,2.04,0.0254,,,,0.011,0.0,872000000,1010000000,0.91,2022-06-30,20.75,,12088001000.0,2548000000,841000000,202000000,,,None,31000000,31000000,,None,,,,,603000000,639000000,-31000000,None,0.202,,1644000000,904000000,,,,,None,,,,,3.099,75.57,3.206,,,,,,,,0.145,,,2025-10-31,quarterly,0.91,USD,pre-market,None,,0.153,2.936,0.019,24.76,1156000000,,,,85.47,78.38,0.0,,,,,,,4484000000,,22.33,,98.37,74.55
2025-12-28,CL,3.57,20096999000.0,22.33,,0.295,1.062,,,,,,,,,,,,,,,None,1832000000,1832000000,,,,,,None,138000000,,2.04,0.0254,,,,0.011,0.0,822000000,960000000,0.91,2022-03-31,20.75,,12088001000.0,2567000000,795000000,192000000,,,None,27000000,27000000,,None,,,,,559000000,603000000,-27000000,None,0.202,,1578000000,989000000,,,,,None,,,,,3.099,75.57,3.206,,,,,,,,0.145,,,2025-10-31,quarterly,0.91,USD,pre-market,None,,0.153,2.936,0.019,24.76,1135000000,,,,85.47,78.38,0.0,,,,,,,4399000000,,22.33,,98.37,74.55
2025-12-28,CL,3.57,20096999000.0,22.33,,0.295,1.062,,,,,,,,,,,,,,,None,1846000000,1846000000,,,,,,None,142000000,,2.04,0.0254,,,,0.011,0.0,347000000,489000000,0.91,2021-12-31,20.75,,12088001000.0,2557000000,324000000,136000000,,,None,23000000,23000000,,None,,,,,148000000,188000000,-23000000,None,0.202,,1598000000,959000000,,,,,None,,,,,3.099,75.57,3.206,,,,,,,,0.145,,,2025-10-31,quarterly,0.91,USD,pre-market,307000000,,0.153,2.936,0.019,24.76,1109000000,,,,85.47,78.38,0.0,,,,,,,4403000000,,22.33,,98.37,74.55
2025-12-28,CL,3.57,20096999000.0,22.33,,0.295,1.062,,,,,,,,,,,,,,,None,1789000000,1789000000,,,,,,None,140000000,,2.04,0.0254,,,,0.011,0.0,951000000,1091000000,0.91,2021-09-30,20.75,,12088001000.0,2625000000,853000000,172000000,,,None,98000000,98000000,,None,,,,,634000000,681000000,-98000000,None,0.202,,1636000000,989000000,,,,,None,,,,,3.099,75.57,3.206,,,,,,,,0.145,,,2025-10-31,quarterly,0.91,USD,pre-market,None,,0.153,2.936,0.019,24.76,1133000000,,,,85.47,78.38,0.0,,,,,,,4414000000,,22.33,,98.37,74.55
2025-12-28,CL,3.57,20096999000.0,22.33,,0.295,1.062,,,,,,,,,,,,,,,None,1700000000,1700000000,,,,,,None,137000000,,2.04,0.0254,,,,0.011,0.0,978000000,1115000000,0.91,2021-06-30,20.75,,12088001000.0,2560000000,953000000,212000000,,,None,25000000,25000000,,None,,,,,703000000,741000000,-25000000,None,0.202,,1568000000,992000000,,,,,None,,,,,3.099,75.57,3.206,,,,,,,,0.145,,,2025-10-31,quarterly,0.91,USD,pre-market,None,,0.153,2.936,0.019,24.76,1074000000,,,,85.47,78.38,0.0,,,,,,,4260000000,,22.33,,98.37,74.55
2025-12-28,CL,3.57,20096999000.0,22.33,,0.295,1.062,,,,,,,,,,,,,,,None,1704000000,1704000000,,,,,,None,137000000,,2.04,0.0254,,,,0.011,0.0,986000000,1123000000,0.91,2021-03-31,20.75,,12088001000.0,2640000000,957000000,229000000,,,None,29000000,29000000,,None,,,,,681000000,728000000,-29000000,None,0.202,,1605000000,1035000000,,,,,None,,,,,3.099,75.57,3.206,,,,,,,,0.145,,,2025-10-31,quarterly,0.91,USD,pre-market,None,,0.153,2.936,0.019,24.76,1070000000,,,,85.47,78.38,0.0,,,,,,,4344000000,,22.33,,98.37,74.55
2025-12-28,CL,3.57,20096999000.0,22.33,,0.295,1.062,,,,,,,,,,,,,,,None,1681000000,1681000000,,,,,,None,139000000,,2.04,0.0254,,,,0.011,0.0,928000000,1067000000,0.91,2020-12-31,20.75,,12088001000.0,2643000000,894000000,202000000,,,None,34000000,57000000,,None,,,,,647000000,692000000,-57000000,None,0.202,,1633000000,1010000000,,,,,None,,,,,3.099,75.57,3.206,,,,,,,,0.145,,,2025-10-31,quarterly,0.91,USD,pre-market,290000000,,0.153,2.936,0.019,24.76,1084000000,,,,85.47,78.38,0.0,,,,,,,4324000000,,22.33,,98.37,74.55
2025-12-28,CL,3.57,20096999000.0,22.33,,0.295,1.062,,,,,,,,,,,,,,,None,1614000000,1614000000,,,,,,None,134000000,,2.04,0.0254,,,,0.011,0.0,1003000000,1137000000,0.91,2020-09-30,20.75,,12088001000.0,2539000000,967000000,222000000,,,None,36000000,36000000,,None,,,,,698000000,745000000,-36000000,None,0.202,,1518000000,1021000000,,,,,None,,,,,3.099,75.57,3.206,,,,,,,,0.145,,,2025-10-31,quarterly,0.91,USD,pre-market,None,,0.153,2.936,0.019,24.76,1042000000,,,,85.47,78.38,0.0,,,,,,,4153000000,,22.33,,98.37,74.55
2025-12-28,CL,3.57,20096999000.0,22.33,,0.295,1.062,,,,,,,,,,,,,,,None,1533000000,1533000000,,,,,,None,133000000,,2.04,0.0254,,,,0.011,0.0,926000000,1059000000,0.91,2020-06-30,20.75,,12088001000.0,2364000000,891000000,216000000,,,None,35000000,35000000,,None,,,,,635000000,675000000,-35000000,None,0.202,,1395000000,969000000,,,,,None,,,,,3.099,75.57,3.206,,,,,,,,0.145,,,2025-10-31,quarterly,0.91,USD,pre-market,None,,0.153,2.936,0.019,24.76,956000000,,,,85.47,78.38,0.0,,,,,,,3897000000,,22.33,,98.37,74.55
2025-12-28,CL,3.57,20096999000.0,22.33,,0.295,1.062,,,,,,,,,,,,,,,None,1634000000,1634000000,,,,,,None,133000000,,2.04,0.0254,,,,0.011,0.0,931000000,1064000000,0.91,2020-03-31,20.75,,12088001000.0,2463000000,895000000,147000000,,,None,36000000,36000000,,None,,,,,715000000,748000000,-36000000,None,0.202,,1467000000,996000000,,,,,None,,,,,3.099,75.57,3.206,,,,,,,,0.145,,,2025-10-31,quarterly,0.91,USD,pre-market,None,,0.153,2.936,0.019,24.76,989000000,,,,85.47,78.38,0.0,,,,,,,4097000000,,22.33,,98.37,74.55
2025-12-28,CL,3.57,20096999000.0,22.33,,0.295,1.062,,,,,,,,,,,,,,,None,1664000000,1664000000,,,,,,None,133000000,,2.04,0.0254,,,,0.011,0.0,902000000,1035000000,0.91,2019-12-31,20.75,,12088001000.0,2351000000,870000000,188000000,,,None,32000000,32000000,,None,,,,,643000000,682000000,-32000000,None,0.202,,1394000000,957000000,,,,,None,,,,,3.099,75.57,3.206,,,,,,,,0.145,,,2025-10-31,quarterly,0.91,USD,pre-market,281000000,,0.153,2.936,0.019,24.76,986000000,,,,85.47,78.38,0.0,,,,,,,4015000000,,22.33,,98.37,74.55
2025-12-28,CL,3.57,20096999000.0,22.33,,0.295,1.062,,,,,,,,,,,,,,,None,1610000000,1610000000,,,,,,None,130000000,,2.04,0.0254,,,,0.011,0.0,829000000,959000000,0.91,2019-09-30,20.75,,12088001000.0,2318000000,794000000,167000000,,,None,35000000,35000000,,None,,,,,578000000,627000000,-35000000,None,0.202,,1401000000,917000000,,,,,None,,,,,3.099,75.57,3.206,,,,,,,,0.145,,,2025-10-31,quarterly,0.91,USD,pre-market,None,,0.153,2.936,0.019,24.76,1006000000,,,,85.47,78.38,0.0,,,,,,,3928000000,,22.33,,98.37,74.55
2025-12-28,CL,3.57,20096999000.0,22.33,,0.295,1.062,,,,,,,,,,,,,,,None,1560000000,1560000000,,,,,,None,128000000,,2.04,0.0254,,,,0.011,0.0,861000000,989000000,0.91,2019-06-30,20.75,,12088001000.0,2306000000,823000000,205000000,,,None,38000000,38000000,,None,,,,,586000000,618000000,-38000000,None,0.202,,1359000000,947000000,,,,,None,,,,,3.099,75.57,3.206,,,,,,,,0.145,,,2025-10-31,quarterly,0.91,USD,pre-market,None,,0.153,2.936,0.019,24.76,1369000000,,,,85.47,78.38,0.0,,,,,,,3866000000,,22.33,,98.37,74.55
2025-12-28,CL,3.57,20096999000.0,22.33,,0.295,1.062,,,,,,,,,,,,,,,None,1586000000,1586000000,,,,,,None,128000000,,2.04,0.0254,,,,0.011,0.0,854000000,982000000,0.91,2019-03-31,20.75,,12088001000.0,2298000000,814000000,214000000,,,None,40000000,40000000,,None,,,,,560000000,600000000,-40000000,None,0.202,,1361000000,937000000,,,,,None,,,,,3.099,75.57,3.206,,,,,,,,0.145,,,2025-10-31,quarterly,0.91,USD,pre-market,None,,0.153,2.936,0.019,24.76,936000000,,,,85.47,78.38,0.0,,,,,,,3884000000,,22.33,,98.37,74.55
2025-12-28,CL,3.57,20096999000.0,22.33,,0.295,1.062,,,,,,,,,,,,,,,None,1551000000,1551000000,,,,,,None,126000000,,2.04,0.0254,,,,0.011,0.0,869000000,995000000,0.91,2018-12-31,20.75,,12088001000.0,2260000000,832000000,189000000,,,None,37000000,None,,None,,,,,606000000,643000000,None,None,0.202,,1319000000,941000000,,,,,None,,,,,3.099,75.57,3.206,,,,,,,,0.145,,,2025-10-31,quarterly,0.91,USD,pre-market,277000000,,0.153,2.936,0.019,24.76,952000000,,,,85.47,78.38,0.0,,,,,,,3811000000,,22.33,,98.37,74.55
2025-12-28,CL,3.57,20096999000.0,22.33,,0.295,1.062,,,,,,,,,,,,,,,None,1568000000,1568000000,,,,,,None,127000000,,2.04,0.0254,,,,0.011,0.0,856000000,983000000,0.91,2018-09-30,20.75,,12088001000.0,2277000000,820000000,258000000,,,None,36000000,None,,None,,,,,523000000,562000000,None,None,0.202,,1360000000,917000000,,,,,None,,,,,3.099,75.57,3.206,,,,,,,,0.145,,,2025-10-31,quarterly,0.91,USD,pre-market,0,,0.153,2.936,0.019,24.76,974000000,,,,85.47,78.38,0.0,,,,,,,3845000000,,22.33,,98.37,74.55
2025-12-28,CL,3.57,20096999000.0,22.33,,0.295,1.062,,,,,,,,,,,,,,,None,1578000000,1578000000,,,,,,None,129000000,,2.04,0.0254,,,,0.011,0.0,923000000,1052000000,0.91,2018-06-30,20.75,,12088001000.0,2308000000,888000000,213000000,,,None,35000000,None,,None,,,,,637000000,675000000,None,None,0.202,,1290000000,1018000000,,,,,None,,,,,3.099,75.57,3.206,,,,,,,,0.145,,,2025-10-31,quarterly,0.91,USD,pre-market,0,,0.153,2.936,0.019,24.76,897000000,,,,85.47,78.38,0.0,,,,,,,3886000000,,22.33,,98.37,74.55
2025-12-28,CL,3.57,20096999000.0,22.33,,0.295,1.062,,,,,,,,,,,,,,,None,1594000000,1594000000,,,,,,None,129000000,,2.04,0.0254,,,,0.011,0.0,959000000,1088000000,0.91,2018-03-31,20.75,,12088001000.0,2408000000,924000000,246000000,,,None,35000000,None,,None,,,,,634000000,678000000,None,None,0.202,,1387000000,1021000000,,,,,None,,,,,3.099,75.57,3.206,,,,,,,,0.145,,,2025-10-31,quarterly,0.91,USD,pre-market,0,,0.153,2.936,0.019,24.76,976000000,,,,85.47,78.38,0.0,,,,,,,4002000000,,22.33,,98.37,74.55
2025-12-28,CL,3.57,20096999000.0,22.33,,0.295,1.062,,,,,,,,,,,,,,,None,1539000000,1539000000,,,,,,None,121000000,,2.04,0.0254,,,,0.011,0.0,924000000,1045000000,0.91,2017-12-31,20.75,,12088001000.0,2353000000,896000000,543000000,,,None,28000000,None,,None,,,,,323000000,353000000,None,None,0.202,,1319000000,1034000000,,,,,None,,,,,3.099,75.57,3.206,,,,,,,,0.145,,,2025-10-31,quarterly,0.91,USD,pre-market,285000000,,0.153,2.936,0.019,24.76,1004000000,,,,85.47,78.38,0.0,,,,,,,3892000000,,22.33,,98.37,74.55
2025-12-28,CL,3.57,20096999000.0,22.33,,0.295,1.062,,,,,,,,,,,,,,,None,1571000000,1571000000,,,,,,None,128000000,,2.04,0.0254,,,,0.011,0.0,927000000,1055000000,0.91,2017-09-30,20.75,,12088001000.0,2403000000,900000000,250000000,,,None,27000000,None,,None,,,,,607000000,650000000,None,None,0.202,,1407000000,996000000,,,,,None,,,,,3.099,75.57,3.206,,,,,,,,0.145,,,2025-10-31,quarterly,0.91,USD,pre-market,0,,0.153,2.936,0.019,24.76,1024000000,,,,85.47,78.38,0.0,,,,,,,3974000000,,22.33,,98.37,74.55
2025-12-28,CL,3.57,20096999000.0,22.33,,0.295,1.062,,,,,,,,,,,,,,,None,1504000000,1504000000,,,,,,None,117000000,,2.04,0.0254,,,,0.011,0.0,853000000,970000000,0.91,2017-06-30,20.75,,12088001000.0,2322000000,829000000,269000000,,,None,24000000,None,,None,,,,,524000000,560000000,None,None,0.202,,1292000000,1030000000,,,,,None,,,,,3.099,75.57,3.206,,,,,,,,0.145,,,2025-10-31,quarterly,0.91,USD,pre-market,0,,0.153,2.936,0.019,24.76,934000000,,,,85.47,78.38,0.0,,,,,,,3826000000,,22.33,,98.37,74.55
2025-12-28,CL,3.57,20096999000.0,22.33,,0.295,1.062,,,,,,,,,,,,,,,None,1482000000,1482000000,,,,,,None,109000000,,2.04,0.0254,,,,0.011,0.0,885000000,994000000,0.91,2017-03-31,20.75,,12088001000.0,2280000000,862000000,251000000,,,None,23000000,None,,None,,,,,570000000,611000000,None,None,0.202,,1341000000,939000000,,,,,None,,,,,3.099,75.57,3.206,,,,,,,,0.145,,,2025-10-31,quarterly,0.91,USD,pre-market,0,,0.153,2.936,0.019,24.76,962000000,,,,85.47,78.38,0.0,,,,,,,3762000000,,22.33,,98.37,74.55
2025-12-28,CL,3.57,20096999000.0,22.33,,0.295,1.062,,,,,,,,,,,,,,,None,1464000000,1464000000,,,,,,None,114000000,,2.04,0.0254,,,,0.011,0.0,955000000,1069000000,0.91,2016-12-31,20.75,,12088001000.0,2257000000,934000000,306000000,,,None,21000000,None,,None,,,,,606000000,628000000,None,None,0.202,,1225000000,1032000000,,,,,None,,,,,3.099,75.57,3.206,,,,,,,,0.145,,,2025-10-31,quarterly,0.91,USD,pre-market,289000000,,0.153,2.936,0.019,24.76,956000000,,,,85.47,78.38,0.0,,,,,,,3721000000,,22.33,,98.37,74.55
2025-12-28,CL,3.57,20096999000.0,22.33,,0.295,1.062,,,,,,,,,,,,,,,None,1531000000,1531000000,,,,,,None,114000000,,2.04,0.0254,,,,0.011,0.0,1071000000,1185000000,0.91,2016-09-30,20.75,,12088001000.0,2336000000,1046000000,300000000,,,None,25000000,None,,None,,,,,702000000,746000000,None,None,0.202,,1313000000,1023000000,,,,,None,,,,,3.099,75.57,3.206,,,,,,,,0.145,,,2025-10-31,quarterly,0.91,USD,pre-market,0,,0.153,2.936,0.019,24.76,983000000,,,,85.47,78.38,0.0,,,,,,,3867000000,,22.33,,98.37,74.55
2025-12-28,CL,3.57,20096999000.0,22.33,,0.295,1.062,,,,,,,,,,,,,,,None,1541000000,1541000000,,,,,,None,109000000,,2.04,0.0254,,,,0.011,0.0,944000000,1053000000,0.91,2016-06-30,20.75,,12088001000.0,2304000000,919000000,281000000,,,None,25000000,None,,None,,,,,600000000,638000000,None,None,0.202,,1360000000,944000000,,,,,None,,,,,3.099,75.57,3.206,,,,,,,,0.145,,,2025-10-31,quarterly,0.91,USD,pre-market,0,,0.153,2.936,0.019,24.76,926000000,,,,85.47,78.38,0.0,,,,,,,3845000000,,22.33,,98.37,74.55
2025-12-28,CL,3.57,20096999000.0,22.33,,0.295,1.062,,,,,,,,,,,,,,,None,1514000000,1514000000,,,,,,None,106000000,,2.04,0.0254,,,,0.011,0.0,867000000,973000000,0.91,2016-03-31,20.75,,12088001000.0,2248000000,839000000,265000000,,,None,28000000,None,,None,,,,,533000000,574000000,None,None,0.202,,1381000000,867000000,,,,,None,,,,,3.099,75.57,3.206,,,,,,,,0.145,,,2025-10-31,quarterly,0.91,USD,pre-market,0,,0.153,2.936,0.019,24.76,956000000,,,,85.47,78.38,0.0,,,,,,,3762000000,,22.33,,98.37,74.55
2025-12-28,CL,3.57,20096999000.0,22.33,,0.295,1.062,,,,,,,,,,,,,,,None,1606000000,1606000000,,,,,,None,112000000,,2.04,0.0254,,,,0.011,0.0,-32000000,80000000,0.91,2015-12-31,20.75,,12088001000.0,2293000000,-146000000,275000000,,,None,7000000,None,,None,,,,,-458000000,-421000000,None,None,0.202,,1325000000,-139000000,,,,,None,,,,,3.099,75.57,3.206,,,,,,,,0.145,,,2025-10-31,quarterly,0.91,USD,pre-market,274000000,,0.153,2.936,0.019,24.76,963000000,,,,85.47,78.38,0.0,,,,,,,3899000000,,22.33,,98.37,74.55
2025-12-28,CL,3.57,20096999000.0,22.33,,0.295,1.062,,,,,,,,,,,,,,,None,1652000000,1652000000,,,,,,None,112000000,,2.04,0.0254,,,,0.011,0.0,1136000000,1248000000,0.91,2015-09-30,20.75,,12088001000.0,2347000000,1131000000,361000000,,,None,5000000,None,,None,,,,,726000000,770000000,None,None,0.202,,1211000000,1136000000,,,,,None,,,,,3.099,75.57,3.206,,,,,,,,0.145,,,2025-10-31,quarterly,0.91,USD,pre-market,0,,0.153,2.936,0.019,24.76,1019000000,,,,85.47,78.38,0.0,,,,,,,3999000000,,22.33,,98.37,74.55
2025-12-28,CL,3.57,20096999000.0,22.33,,0.295,1.062,,,,,,,,,,,,,,,None,1699000000,1699000000,,,,,,None,111000000,,2.04,0.0254,,,,0.011,0.0,932000000,1043000000,0.91,2015-06-30,20.75,,12088001000.0,2367000000,926000000,310000000,,,None,6000000,None,,None,,,,,574000000,616000000,None,None,0.202,,1435000000,932000000,,,,,None,,,,,3.099,75.57,3.206,,,,,,,,0.145,,,2025-10-31,quarterly,0.91,USD,pre-market,0,,0.153,2.936,0.019,24.76,971000000,,,,85.47,78.38,0.0,,,,,,,4066000000,,22.33,,98.37,74.55
2025-12-28,CL,3.57,20096999000.0,22.33,,0.295,1.062,,,,,,,,,,,,,,,None,1678000000,1678000000,,,,,,None,114000000,,2.04,0.0254,,,,0.011,0.0,860000000,974000000,0.91,2015-03-31,20.75,,12088001000.0,2392000000,852000000,269000000,,,None,8000000,None,,None,,,,,542000000,583000000,None,None,0.202,,1532000000,860000000,,,,,None,,,,,3.099,75.57,3.206,,,,,,,,0.145,,,2025-10-31,quarterly,0.91,USD,pre-market,0,,0.153,2.936,0.019,24.76,1020000000,,,,85.47,78.38,0.0,,,,,,,4070000000,,22.33,,98.37,74.55
2025-12-28,CL,3.57,20096999000.0,22.33,,0.295,1.062,,,,,,,,,,,,,,,None,1746000000,1746000000,,,,,,None,113000000,,2.04,0.0254,,,,0.011,0.0,1101000000,1214000000,0.91,2014-12-31,20.75,,12088001000.0,2475000000,991000000,325000000,,,None,4000000,None,,None,,,,,628000000,666000000,None,None,0.202,,924000000,995000000,,,,,None,,,,,3.099,75.57,3.206,,,,,,,,0.145,,,2025-10-31,quarterly,0.91,USD,pre-market,277000000,,0.153,2.936,0.019,24.76,1024000000,,,,85.47,78.38,0.0,,,,,,,4221000000,,22.33,,98.37,74.55
2025-12-28,CL,3.57,20096999000.0,22.33,,0.295,1.062,,,,,,,,,,,,,,,None,1821000000,1821000000,,,,,,None,114000000,,2.04,0.0254,,,,0.011,0.0,948000000,1062000000,0.91,2014-09-30,20.75,,12088001000.0,2558000000,944000000,364000000,,,None,4000000,None,,None,,,,,542000000,580000000,None,None,0.202,,1610000000,948000000,,,,,None,,,,,3.099,75.57,3.206,,,,,,,,0.145,,,2025-10-31,quarterly,0.91,USD,pre-market,0,,0.153,2.936,0.019,24.76,1069000000,,,,85.47,78.38,0.0,,,,,,,4379000000,,22.33,,98.37,74.55
2025-12-28,CL,3.57,20096999000.0,22.33,,0.295,1.062,,,,,,,,,,,,,,,None,1800000000,1800000000,,,,,,None,107000000,,2.04,0.0254,,,,0.011,0.0,980000000,1087000000,0.91,2014-06-30,20.75,,12088001000.0,2552000000,971000000,310000000,,,None,9000000,None,,None,,,,,622000000,661000000,None,None,0.202,,1572000000,980000000,,,,,None,,,,,3.099,75.57,3.206,,,,,,,,0.145,,,2025-10-31,quarterly,0.91,USD,pre-market,0,,0.153,2.936,0.019,24.76,1039000000,,,,85.47,78.38,0.0,,,,,,,4352000000,,22.33,,98.37,74.55
2025-12-28,CL,3.57,20096999000.0,22.33,,0.295,1.062,,,,,,,,,,,,,,,None,1801000000,1801000000,,,,,,None,108000000,,2.04,0.0254,,,,0.011,0.0,634000000,742000000,0.91,2014-03-31,20.75,,12088001000.0,2524000000,627000000,195000000,,,None,7000000,None,,None,,,,,388000000,432000000,None,None,0.202,,1890000000,634000000,,,,,None,,,,,3.099,75.57,3.206,,,,,,,,0.145,,,2025-10-31,quarterly,0.91,USD,pre-market,0,,0.153,2.936,0.019,24.76,1066000000,,,,85.47,78.38,0.0,,,,,,,4325000000,,22.33,,98.37,74.55
2025-12-28,CL,3.57,20096999000.0,22.33,,0.295,1.062,,,,,,,,,,,,,,,None,1794000000,1794000000,,,,,,None,110000000,,2.04,0.0254,,,,0.011,0.0,1017000000,1127000000,0.91,2013-12-31,20.75,,12088001000.0,2567000000,893000000,292000000,,,None,17000000,None,,None,,,,,564000000,601000000,None,None,0.202,,1280000000,892000000,,,,,None,,,,,3.099,75.57,3.206,,,,,,,,0.145,,,2025-10-31,quarterly,0.91,USD,pre-market,267000000,,0.153,2.936,0.019,24.76,1167000000,,,,85.47,78.38,0.0,,,,,,,4361000000,,22.33,,98.37,74.55
2025-12-28,CL,3.57,20096999000.0,22.33,,0.295,1.062,,,,,,,,,,,,,,,None,1813000000,1813000000,,,,,,None,108000000,,2.04,0.0254,,,,0.011,0.0,1016000000,1124000000,0.91,2013-09-30,20.75,,12088001000.0,2585000000,1016000000,317000000,,,None,0,None,,None,,,,,656000000,699000000,None,None,0.202,,1569000000,1016000000,,,,,None,,,,,3.099,75.57,3.206,,,,,,,,0.145,,,2025-10-31,quarterly,0.91,USD,pre-market,0,,0.153,2.936,0.019,24.76,1071000000,,,,85.47,78.38,0.0,,,,,,,4398000000,,22.33,,98.37,74.55
2025-12-28,CL,3.57,20096999000.0,22.33,,0.295,1.062,,,,,,,,,,,,,,,None,1812000000,1812000000,,,,,,None,111000000,,2.04,0.0254,,,,0.011,0.0,906000000,1017000000,0.91,2013-06-30,20.75,,12088001000.0,2534000000,911000000,307000000,,,None,5000000,None,,None,,,,,561000000,604000000,None,None,0.202,,1628000000,906000000,,,,,None,,,,,3.099,75.57,3.206,,,,,,,,0.145,,,2025-10-31,quarterly,0.91,USD,pre-market,0,,0.153,2.936,0.019,24.76,1029000000,,,,85.47,78.38,0.0,,,,,,,4346000000,,22.33,,98.37,74.55
2025-12-28,CL,3.57,20096999000.0,22.33,,0.295,1.062,,,,,,,,,,,,,,,None,1800000000,1800000000,,,,,,None,110000000,,2.04,0.0254,,,,0.011,0.0,742000000,852000000,0.91,2013-03-31,20.75,,12088001000.0,2515000000,745000000,239000000,,,None,3000000,None,,None,,,,,460000000,506000000,None,None,0.202,,1773000000,742000000,,,,,None,,,,,3.099,75.57,3.206,,,,,,,,0.145,,,2025-10-31,quarterly,0.91,USD,pre-market,0,,0.153,2.936,0.019,24.76,1065000000,,,,85.47,78.38,0.0,,,,,,,4315000000,,22.33,,98.37,74.55
2025-12-28,CL,3.57,20096999000.0,22.33,,0.295,1.062,,,,,,,,,,,,,,,None,1781000000,1781000000,,,,,,None,108000000,,2.04,0.0254,,,,0.011,0.0,1007000000,1115000000,0.91,2012-12-31,20.75,,12088001000.0,2505000000,947000000,311000000,,,None,60000000,None,,None,,,,,598000000,636000000,None,None,0.202,,1517000000,905000000,,,,,None,,,,,3.099,75.57,3.206,,,,,,,,0.145,,,2025-10-31,quarterly,0.91,USD,pre-market,259000000,,0.153,2.936,0.019,24.76,1053000000,,,,85.47,78.38,0.0,,,,,,,4286000000,,22.33,,98.37,74.55
2025-12-28,CL,3.57,20096999000.0,22.33,,0.295,1.062,,,,,,,,,,,,,,,None,1803000000,1803000000,,,,,,None,106000000,,2.04,0.0254,,,,0.011,0.0,1028000000,1134000000,0.91,2012-09-30,20.75,,12088001000.0,2529000000,1023000000,326000000,,,None,4000000,None,,None,,,,,654000000,697000000,None,None,0.202,,1501000000,1028000000,,,,,None,,,,,3.099,75.57,3.206,,,,,,,,0.145,,,2025-10-31,quarterly,0.91,USD,pre-market,0,,0.153,2.936,0.019,24.76,1048000000,,,,85.47,78.38,0.0,,,,,,,4332000000,,22.33,,98.37,74.55
2025-12-28,CL,3.57,20096999000.0,22.33,,0.295,1.062,,,,,,,,,,,,,,,None,1806000000,1806000000,,,,,,None,105000000,,2.04,0.0254,,,,0.011,0.0,877000000,982000000,0.91,2012-06-30,20.75,,12088001000.0,2461000000,976000000,311000000,,,None,6000000,None,,None,,,,,627000000,665000000,None,None,0.202,,1479000000,982000000,,,,,None,,,,,3.099,75.57,3.206,,,,,,,,0.145,,,2025-10-31,quarterly,0.91,USD,pre-market,0,,0.153,2.936,0.019,24.76,1464000000,,,,85.47,78.38,0.0,,,,,,,4267000000,,22.33,,98.37,74.55
2025-12-28,CL,3.57,20096999000.0,22.33,,0.295,1.062,,,,,,,,,,,,,,,None,1763000000,1763000000,,,,,,None,106000000,,2.04,0.0254,,,,0.011,0.0,832000000,938000000,0.91,2012-03-31,20.75,,12088001000.0,2437000000,928000000,295000000,,,None,10000000,None,,None,,,,,593000000,633000000,None,None,0.202,,1499000000,938000000,,,,,None,,,,,3.099,75.57,3.206,,,,,,,,0.145,,,2025-10-31,quarterly,0.91,USD,pre-market,0,,0.153,2.936,0.019,24.76,1478000000,,,,85.47,78.38,0.0,,,,,,,4200000000,,22.33,,98.37,74.55
2025-12-28,CL,3.57,20096999000.0,22.33,,0.295,1.062,,,,,,,,,,,,,,,None,1779000000,1779000000,,,,,,None,106000000,,2.04,0.0254,,,,0.011,0.0,930000000,1036000000,0.91,2011-12-31,20.75,,12088001000.0,2393000000,908000000,283000000,,,None,89000000,None,,None,,,,,590000000,625000000,None,None,0.202,,1470000000,923000000,,,,,None,,,,,3.099,75.57,3.206,,,,,,,,0.145,,,2025-10-31,quarterly,0.91,USD,pre-market,262000000,,0.153,2.936,0.019,24.76,1444000000,,,,85.47,78.38,0.0,,,,,,,4172000000,,22.33,,98.37,74.55
2025-12-28,CL,3.57,20096999000.0,22.33,,0.295,1.062,,,,,,,,,,,,,,,None,1921000000,1921000000,,,,,,None,113000000,,2.04,0.0254,,,,0.011,0.0,922000000,1035000000,0.91,2011-09-30,20.75,,12088001000.0,2462000000,1025000000,349000000,,,None,10000000,None,,None,,,,,643000000,676000000,None,None,0.202,,1427000000,1035000000,,,,,None,,,,,3.099,75.57,3.206,,,,,,,,0.145,,,2025-10-31,quarterly,0.91,USD,pre-market,0,,0.153,2.936,0.019,24.76,1489000000,,,,85.47,78.38,0.0,,,,,,,4383000000,,22.33,,98.37,74.55
2025-12-28,CL,3.57,20096999000.0,22.33,,0.295,1.062,,,,,,,,,,,,,,,None,1781000000,1781000000,,,,,,None,103000000,,2.04,0.0254,,,,0.011,0.0,865000000,968000000,0.91,2011-06-30,20.75,,12088001000.0,2404000000,957000000,311000000,,,None,11000000,None,,None,,,,,622000000,646000000,None,None,0.202,,1436000000,968000000,,,,,None,,,,,3.099,75.57,3.206,,,,,,,,0.145,,,2025-10-31,quarterly,0.91,USD,pre-market,0,,0.153,2.936,0.019,24.76,1421000000,,,,85.47,78.38,0.0,,,,,,,4185000000,,22.33,,98.37,74.55
2025-12-28,CL,3.57,20096999000.0,22.33,,0.295,1.062,,,,,,,,,,,,,,,None,1663000000,1663000000,,,,,,None,99000000,,2.04,0.0254,,,,0.011,0.0,816000000,915000000,0.91,2011-03-31,20.75,,12088001000.0,2331000000,899000000,292000000,,,None,16000000,None,,None,,,,,576000000,607000000,None,None,0.202,,1416000000,915000000,,,,,None,,,,,3.099,75.57,3.206,,,,,,,,0.145,,,2025-10-31,quarterly,0.91,USD,pre-market,0,,0.153,2.936,0.019,24.76,1404000000,,,,85.47,78.38,0.0,,,,,,,3994000000,,22.33,,98.37,74.55
2025-12-28,CL,3.57,20096999000.0,22.33,,0.295,1.062,,,,,,,,,,,,,,,None,1628000000,1628000000,,,,,,None,98000000,,2.04,0.0254,,,,0.011,0.0,911000000,1009000000,0.91,2010-12-31,20.75,,12088001000.0,2350000000,889000000,238000000,,,None,16000000,None,,None,,,,,624000000,651000000,None,None,0.202,,1445000000,905000000,,,,,None,,,,,3.099,75.57,3.206,,,,,,,,0.145,,,2025-10-31,quarterly,0.91,USD,pre-market,256000000,,0.153,2.936,0.019,24.76,1376000000,,,,85.47,78.38,0.0,,,,,,,3978000000,,22.33,,98.37,74.55
2025-12-28,CL,3.57,20096999000.0,22.33,,0.295,1.062,,,,,,,,,,,,,,,None,1599000000,1599000000,,,,,,None,93000000,,2.04,0.0254,,,,0.011,0.0,865000000,958000000,0.91,2010-09-30,20.75,,12088001000.0,2344000000,945000000,300000000,,,None,13000000,None,,None,,,,,619000000,645000000,None,None,0.202,,1386000000,958000000,,,,,None,,,,,3.099,75.57,3.206,,,,,,,,0.145,,,2025-10-31,quarterly,0.91,USD,pre-market,0,,0.153,2.936,0.019,24.76,1391000000,,,,85.47,78.38,0.0,,,,,,,3943000000,,22.33,,98.37,74.55
2025-12-28,CL,3.57,20096999000.0,22.33,,0.295,1.062,,,,,,,,,,,,,,,None,1572000000,1572000000,,,,,,None,93000000,,2.04,0.0254,,,,0.011,0.0,855000000,948000000,0.91,2010-06-30,20.75,,12088001000.0,2242000000,934000000,304000000,,,None,14000000,None,,None,,,,,603000000,630000000,None,None,0.202,,1294000000,948000000,,,,,None,,,,,3.099,75.57,3.206,,,,,,,,0.145,,,2025-10-31,quarterly,0.91,USD,pre-market,0,,0.153,2.936,0.019,24.76,1292000000,,,,85.47,78.38,0.0,,,,,,,3814000000,,22.33,,98.37,74.55
2025-12-28,CL,3.57,20096999000.0,22.33,,0.295,1.062,,,,,,,,,,,,,,,None,1561000000,1561000000,,,,,,None,92000000,,2.04,0.0254,,,,0.011,0.0,586000000,678000000,0.91,2010-03-31,20.75,,12088001000.0,2268000000,662000000,275000000,,,None,16000000,None,,None,,,,,357000000,387000000,None,None,0.202,,1590000000,678000000,,,,,None,,,,,3.099,75.57,3.206,,,,,,,,0.145,,,2025-10-31,quarterly,0.91,USD,pre-market,0,,0.153,2.936,0.019,24.76,1355000000,,,,85.47,78.38,0.0,,,,,,,3829000000,,22.33,,98.37,74.55
2025-12-28,CL,3.57,20096999000.0,22.33,,0.295,1.062,,,,,,,,,,,,,,,None,1654000000,1654000000,,,,,,None,89000000,,2.04,0.0254,,,,0.011,0.0,1002000000,1091000000,0.91,2009-12-31,20.75,,12088001000.0,2427000000,973000000,317000000,,,None,18000000,None,,None,,,,,631000000,0,None,None,0.202,,1436000000,991000000,,,,,None,,,,,3.099,75.57,3.206,,,,,,,,0.145,,,2025-10-31,quarterly,0.91,USD,pre-market,269000000,,0.153,2.936,0.019,24.76,1397000000,,,,85.47,78.38,0.0,,,,,,,4081000000,,22.33,,98.37,74.55
2025-12-28,CL,3.57,20096999000.0,22.33,,0.295,1.062,,,,,,,,,,,,,,,None,1631000000,1631000000,,,,,,None,89900000,,2.04,0.0254,,,,0.011,0.0,836100000,926000000,0.91,2009-09-30,20.75,,12088001000.0,2367000000,909000000,292000000,,,None,17000000,None,,None,,,,,590000000,617000000,None,None,0.202,,1441000000,926000000,,,,,None,,,,,3.099,75.57,3.206,,,,,,,,0.145,,,2025-10-31,quarterly,0.91,USD,pre-market,0,,0.153,2.936,0.019,24.76,1403000000,,,,85.47,78.38,0.0,,,,,,,3998000000,,22.33,,98.37,74.55
2025-12-28,CL,3.57,20096999000.0,22.33,,0.295,1.062,,,,,,,,,,,,,,,None,1543800000,1543800000,,,,,,None,90200000,,2.04,0.0254,,,,0.011,0.0,887100000,977300000,0.91,2009-06-30,20.75,,12088001000.0,2201200000,865600000,277800000,,,None,21500000,None,,None,,,,,562000000,0,None,None,0.202,,1314100000,887100000,,,,,None,,,,,3.099,75.57,3.206,,,,,,,,0.145,,,2025-10-31,quarterly,0.91,USD,pre-market,0,,0.153,2.936,0.019,24.76,1295700000,,,,85.47,78.38,0.0,,,,,,,3745000000,,22.33,,98.37,74.55
2025-12-28,CL,3.57,20096999000.0,22.33,,0.295,1.062,,,,,,,,,,,,,,,None,1490400000,1490400000,,,,,,None,81900000,,2.04,0.0254,,,,0.011,0.0,811400000,893300000,0.91,2009-03-31,20.75,,12088001000.0,2012400000,790200000,253700000,,,None,21200000,None,,None,,,,,508000000,0,None,None,0.202,,1201000000,811400000,,,,,None,,,,,3.099,75.57,3.206,,,,,,,,0.145,,,2025-10-31,quarterly,0.91,USD,pre-market,0,,0.153,2.936,0.019,24.76,1185700000,,,,85.47,78.38,0.0,,,,,,,3502800000,,22.33,,98.37,74.55
2025-12-28,CL,3.57,20096999000.0,22.33,,0.295,1.062,,,,,,,,,,,,,,,None,1613500000,1613500000,,,,,,None,86700000,,2.04,0.0254,,,,0.011,0.0,771600000,858300000,0.91,2008-12-31,20.75,,12088001000.0,2050600000,748000000,251000000,,,None,17300000,None,,None,,,,,497000000,0,None,None,0.202,,1289000000,761600000,,,,,None,,,,,3.099,75.57,3.206,,,,,,,,0.145,,,2025-10-31,quarterly,0.91,USD,pre-market,253100000,,0.153,2.936,0.019,24.76,1235300000,,,,85.47,78.38,0.0,,,,,,,3664100000,,22.33,,98.37,74.55
2025-12-28,CL,3.57,20096999000.0,22.33,,0.295,1.062,,,,,,,,,,,,,,,None,1751800000,1751800000,,,,,,None,88500000,,2.04,0.0254,,,,0.011,0.0,791100000,879600000,0.91,2008-09-30,20.75,,12088001000.0,2236200000,745500000,245600000,,,None,22900000,None,,None,,,,,493000000,0,None,None,0.202,,1467800000,768400000,,,,,None,,,,,3.099,75.57,3.206,,,,,,,,0.145,,,2025-10-31,quarterly,0.91,USD,pre-market,0,,0.153,2.936,0.019,24.76,1415400000,,,,85.47,78.38,0.0,,,,,,,3988000000,,22.33,,98.37,74.55
2025-12-28,CL,3.57,20096999000.0,22.33,,0.295,1.062,,,,,,,,,,,,,,,None,1725000000,1725000000,,,,,,None,83800000,,2.04,0.0254,,,,0.011,0.0,788400000,872200000,0.91,2008-06-30,20.75,,12088001000.0,2239800000,741600000,247800000,,,None,25400000,None,,None,,,,,493800000,0,None,None,0.202,,1472800000,767000000,,,,,None,,,,,3.099,75.57,3.206,,,,,,,,0.145,,,2025-10-31,quarterly,0.91,USD,pre-market,0,,0.153,2.936,0.019,24.76,1422700000,,,,85.47,78.38,0.0,,,,,,,3964800000,,22.33,,98.37,74.55
2025-12-28,CL,3.57,20096999000.0,22.33,,0.295,1.062,,,,,,,,,,,,,,,None,1613200000,1613200000,,,,,,None,88600000,,2.04,0.0254,,,,0.011,0.0,745700000,834300000,0.91,2008-03-31,20.75,,12088001000.0,2099800000,690000000,223500000,,,None,33700000,None,,None,,,,,466500000,0,None,None,0.202,,1376100000,723700000,,,,,None,,,,,3.099,75.57,3.206,,,,,,,,0.145,,,2025-10-31,quarterly,0.91,USD,pre-market,0,,0.153,2.936,0.019,24.76,1348900000,,,,85.47,78.38,0.0,,,,,,,3713000000,,22.33,,98.37,74.55
2025-12-28,CL,3.57,20096999000.0,22.33,,0.295,1.062,,,,,,,,,,,,,,,None,1599000000,1599000000,,,,,,None,87500000,,2.04,0.0254,,,,0.011,0.0,731200000,818700000,0.91,2007-12-31,20.75,,12088001000.0,2043200000,640600000,225700000,,,None,36200000,None,,None,,,,,407700000,0,None,None,0.202,,1312000000,675600000,,,,,None,,,,,3.099,75.57,3.206,,,,,,,,0.145,,,2025-10-31,quarterly,0.91,USD,pre-market,247000000,,0.153,2.936,0.019,24.76,1301400000,,,,85.47,78.38,0.0,,,,,,,3642200000,,22.33,,98.37,74.55
2025-12-28,CL,3.57,20096999000.0,22.33,,0.295,1.062,,,,,,,,,,,,,,,None,1544600000,1544600000,,,,,,None,85300000,,2.04,0.0254,,,,0.011,0.0,583500000,668800000,0.91,2007-09-30,20.75,,12088001000.0,1983600000,630300000,210200000,,,None,38500000,None,,None,,,,,413200000,0,None,None,0.202,,1314800000,668800000,,,,,None,,,,,3.099,75.57,3.206,,,,,,,,0.145,,,2025-10-31,quarterly,0.91,USD,pre-market,0,,0.153,2.936,0.019,24.76,1277700000,,,,85.47,78.38,0.0,,,,,,,3528200000,,22.33,,98.37,74.55
2025-12-28,CL,3.57,20096999000.0,22.33,,0.295,1.062,,,,,,,,,,,,,,,None,1497000000,1497000000,,,,,,None,80100000,,2.04,0.0254,,,,0.011,0.0,577500000,657600000,0.91,2007-06-30,20.75,,12088001000.0,1908400000,617200000,201400000,,,None,40400000,None,,None,,,,,409000000,0,None,None,0.202,,1250800000,657600000,,,,,None,,,,,3.099,75.57,3.206,,,,,,,,0.145,,,2025-10-31,quarterly,0.91,USD,pre-market,0,,0.153,2.936,0.019,24.76,1223700000,,,,85.47,78.38,0.0,,,,,,,3405400000,,22.33,,98.37,74.55
2025-12-28,CL,3.57,20096999000.0,22.33,,0.295,1.062,,,,,,,,,,,,,,,None,1401700000,1401700000,,,,,,None,81000000,,2.04,0.0254,,,,0.011,0.0,570100000,651100000,0.91,2007-03-31,20.75,,12088001000.0,1812200000,608400000,121800000,,,None,42700000,None,,None,,,,,479500000,0,None,None,0.202,,1161100000,651100000,,,,,None,,,,,3.099,75.57,3.206,,,,,,,,0.145,,,2025-10-31,quarterly,0.91,USD,pre-market,0,,0.153,2.936,0.019,24.76,1170200000,,,,85.47,78.38,0.0,,,,,,,3213900000,,22.33,,98.37,74.55
2025-12-28,CL,3.57,20096999000.0,22.33,,0.295,1.062,,,,,,,,,,,,,,,None,1432500000,1432500000,,,,,,None,85200000,,2.04,0.0254,,,,0.011,0.0,785800000,871000000,0.91,2006-12-31,20.75,,12088001000.0,1776600000,593800000,192600000,,,None,38900000,None,,None,,,,,393900000,0,None,None,0.202,,990800000,632700000,,,,,None,,,,,3.099,75.57,3.206,,,,,,,,0.145,,,2025-10-31,quarterly,0.91,USD,pre-market,241500000,,0.153,2.936,0.019,24.76,1145000000,,,,85.47,78.38,0.0,,,,,,,3209100000,,22.33,,98.37,74.55
2025-12-28,CL,3.57,20096999000.0,22.33,,0.295,1.062,,,,,,,,,,,,,,,None,1415300000,1415300000,,,,,,None,81100000,,2.04,0.0254,,,,0.011,0.0,468300000,549400000,0.91,2006-09-30,20.75,,12088001000.0,1728400000,508200000,164100000,,,None,41200000,None,,None,,,,,337200000,0,None,None,0.202,,1179000000,549400000,,,,,None,,,,,3.099,75.57,3.206,,,,,,,,0.145,,,2025-10-31,quarterly,0.91,USD,pre-market,0,,0.153,2.936,0.019,24.76,1140300000,,,,85.47,78.38,0.0,,,,,,,3143700000,,22.33,,98.37,74.55
2025-12-28,CL,3.57,20096999000.0,22.33,,0.295,1.062,,,,,,,,,,,,,,,None,1381200000,1381200000,,,,,,None,82200000,,2.04,0.0254,,,,0.011,0.0,378700000,460900000,0.91,2006-06-30,20.75,,12088001000.0,1633100000,419600000,136000000,,,None,41300000,None,,None,,,,,276500000,0,None,None,0.202,,1172200000,460900000,,,,,None,,,,,3.099,75.57,3.206,,,,,,,,0.145,,,2025-10-31,quarterly,0.91,USD,pre-market,0,,0.153,2.936,0.019,24.76,1052300000,,,,85.47,78.38,0.0,,,,,,,3014300000,,22.33,,98.37,74.55
2025-12-28,CL,3.57,20096999000.0,22.33,,0.295,1.062,,,,,,,,,,,,,,,None,1307100000,1307100000,,,,,,None,80200000,,2.04,0.0254,,,,0.011,0.0,437300000,517500000,0.91,2006-03-31,20.75,,12088001000.0,1563500000,480200000,155700000,,,None,37300000,None,,None,,,,,317100000,0,None,None,0.202,,1046000000,517500000,,,,,None,,,,,3.099,75.57,3.206,,,,,,,,0.145,,,2025-10-31,quarterly,0.91,USD,pre-market,0,,0.153,2.936,0.019,24.76,1017600000,,,,85.47,78.38,0.0,,,,,,,2870600000,,22.33,,98.37,74.55
2025-12-28,CL,3.57,20096999000.0,22.33,,0.295,1.062,,,,,,,,,,,,,,,None,1319900000,1319900000,,,,,,None,81900000,,2.04,0.0254,,,,0.011,0.0,577000000,658900000,0.91,2005-12-31,20.75,,12088001000.0,1584700000,540300000,179100000,,,None,36700000,None,,None,,,,,353800000,0,None,None,0.202,,1007700000,577000000,,,,,None,,,,,3.099,75.57,3.206,,,,,,,,0.145,,,2025-10-31,quarterly,0.91,USD,pre-market,246300000,,0.153,2.936,0.019,24.76,1010300000,,,,85.47,78.38,0.0,,,,,,,2904600000,,22.33,,98.37,74.55
2025-12-28,CL,3.57,20096999000.0,22.33,,0.295,1.062,,,,,,,,,,,,,,,None,1334200000,1334200000,,,,,,None,82200000,,2.04,0.0254,,,,0.011,0.0,522100000,604300000,0.91,2005-09-30,20.75,,12088001000.0,1577600000,567500000,220300000,,,None,36800000,None,,None,,,,,340100000,0,None,None,0.202,,973300000,604300000,,,,,None,,,,,3.099,75.57,3.206,,,,,,,,0.145,,,2025-10-31,quarterly,0.91,USD,pre-market,0,,0.153,2.936,0.019,24.76,1007000000,,,,85.47,78.38,0.0,,,,,,,2911800000,,22.33,,98.37,74.55
2025-12-28,CL,3.57,20096999000.0,22.33,,0.295,1.062,,,,,,,,,,,,,,,None,7995000000,7995000000,,,,,,None,605000000,,2.04,0.0254,,,,0.011,0.0,4248000000,4853000000,0.91,2024-12-31,20.75,,12088001000.0,12106000000,3956000000,907000000,,,None,292000000,67000000,,None,,,,,2889000000,3049000000,-225000000,None,0.202,,7723000000,4383000000,,,,,None,,,,,3.099,75.57,3.206,,,,,,,,0.145,,,2025-10-31,annual,0.91,USD,pre-market,355000000,,0.153,2.936,0.019,24.76,5090000000,,,,85.47,78.38,0.0,,,,,,,20101000000,,22.33,,98.37,74.55
2025-12-28,CL,3.57,20096999000.0,22.33,,0.295,1.062,,,,,,,,,,,,,,,None,8206000000,8206000000,,,,,,None,567000000,,2.04,0.0254,,,,0.011,0.0,3679000000,4246000000,0.91,2023-12-31,20.75,,12088001000.0,11251000000,3392000000,937000000,,,None,287000000,55000000,,None,,,,,2300000000,2455000000,-232000000,None,0.202,,7120000000,4131000000,,,,,None,,,,,3.099,75.57,3.206,,,,,,,,0.145,,,2025-10-31,annual,0.91,USD,pre-market,343000000,,0.153,2.936,0.019,24.76,4866000000,,,,85.47,78.38,0.0,,,,,,,19457000000,,22.33,,98.37,74.55
2025-12-28,CL,3.57,20096999000.0,22.33,,0.295,1.062,,,,,,,,,,,,,,,None,7817000000,7817000000,,,,,,None,545000000,,2.04,0.0254,,,,0.011,0.0,2827000000,3372000000,0.91,2022-12-31,20.75,,12088001000.0,10150000000,2660000000,693000000,,,None,167000000,153000000,,None,,,,,1785000000,1967000000,-153000000,None,0.202,,6565000000,3585000000,,,,,None,,,,,3.099,75.57,3.206,,,,,,,,0.145,,,2025-10-31,annual,0.91,USD,pre-market,320000000,,0.153,2.936,0.019,24.76,4568000000,,,,85.47,78.38,0.0,,,,,,,17967000000,,22.33,,98.37,74.55
2025-12-28,CL,3.57,20096999000.0,22.33,,0.295,1.062,,,,,,,,,,,,,,,None,7128000000,7128000000,,,,,,None,556000000,,2.04,0.0254,,,,0.011,0.0,3204000000,3760000000,0.91,2021-12-31,20.75,,12088001000.0,10293000000,3087000000,749000000,,,None,117000000,175000000,,None,,,,,2166000000,2338000000,-175000000,None,0.202,,6407000000,3886000000,,,,,None,,,,,3.099,75.57,3.206,,,,,,,,0.145,,,2025-10-31,annual,0.91,USD,pre-market,307000000,,0.153,2.936,0.019,24.76,4410000000,,,,85.47,78.38,0.0,,,,,,,17421000000,,22.33,,98.37,74.55
2025-12-28,CL,3.57,20096999000.0,22.33,,0.295,1.062,,,,,,,,,,,,,,,None,6538000000,6538000000,,,,,,None,539000000,,2.04,0.0254,,,,0.011,0.0,3807000000,4346000000,0.91,2020-12-31,20.75,,12088001000.0,9933000000,3647000000,787000000,,,None,160000000,164000000,,None,,,,,2695000000,2860000000,-164000000,None,0.202,,6022000000,3911000000,,,,,None,,,,,3.099,75.57,3.206,,,,,,,,0.145,,,2025-10-31,annual,0.91,USD,pre-market,290000000,,0.153,2.936,0.019,24.76,4071000000,,,,85.47,78.38,0.0,,,,,,,16471000000,,22.33,,98.37,74.55
2025-12-28,CL,3.57,20096999000.0,22.33,,0.295,1.062,,,,,,,,,,,,,,,None,6416000000,6416000000,,,,,,None,519000000,,2.04,0.0254,,,,0.011,0.0,3493000000,4012000000,0.91,2019-12-31,20.75,,12088001000.0,9277000000,3301000000,774000000,,,None,192000000,47000000,,None,,,,,2367000000,2527000000,-145000000,None,0.202,,5515000000,3762000000,,,,,None,,,,,3.099,75.57,3.206,,,,,,,,0.145,,,2025-10-31,annual,0.91,USD,pre-market,281000000,,0.153,2.936,0.019,24.76,3881000000,,,,85.47,78.38,0.0,,,,,,,15693000000,,22.33,,98.37,74.55
2025-12-28,CL,3.57,20096999000.0,22.33,,0.295,1.062,,,,,,,,,,,,,,,None,6338000000,6338000000,,,,,,None,511000000,,2.04,0.0254,,,,0.011,0.0,3657000000,4168000000,0.91,2018-12-31,20.75,,12088001000.0,9206000000,3464000000,906000000,,,None,193000000,50000000,,None,,,,,2400000000,2558000000,-143000000,None,0.202,,5356000000,3850000000,,,,,None,,,,,3.099,75.57,3.206,,,,,,,,0.145,,,2025-10-31,annual,0.91,USD,pre-market,277000000,,0.153,2.936,0.019,24.76,3844000000,,,,85.47,78.38,0.0,,,,,,,15544000000,,22.33,,98.37,74.55
2025-12-28,CL,3.57,20096999000.0,22.33,,0.295,1.062,,,,,,,,,,,,,,,None,6131000000,6131000000,,,,,,None,475000000,,2.04,0.0254,,,,0.011,0.0,3640000000,4115000000,0.91,2017-12-31,20.75,,12088001000.0,9323000000,3487000000,1313000000,,,None,153000000,51000000,,None,,,,,2024000000,2174000000,-102000000,None,0.202,,5314000000,4009000000,,,,,None,,,,,3.099,75.57,3.206,,,,,,,,0.145,,,2025-10-31,annual,0.91,USD,pre-market,285000000,,0.153,2.936,0.019,24.76,3839000000,,,,85.47,78.38,0.0,,,,,,,15454000000,,22.33,,98.37,74.55
2025-12-28,CL,3.57,20096999000.0,22.33,,0.295,1.062,,,,,,,,,,,,,,,None,6063000000,6063000000,,,,,,None,443000000,,2.04,0.0254,,,,0.011,0.0,3887000000,4330000000,0.91,2016-12-31,20.75,,12088001000.0,9132000000,3738000000,1152000000,,,None,149000000,50000000,,None,,,,,2441000000,2586000000,-99000000,None,0.202,,5172000000,3960000000,,,,,None,,,,,3.099,75.57,3.206,,,,,,,,0.145,,,2025-10-31,annual,0.91,USD,pre-market,289000000,,0.153,2.936,0.019,24.76,3744000000,,,,85.47,78.38,0.0,,,,,,,15195000000,,22.33,,98.37,74.55
2025-12-28,CL,3.57,20096999000.0,22.33,,0.295,1.062,,,,,,,,,,,,,,,None,6664000000,6664000000,,,,,,None,449000000,,2.04,0.0254,,,,0.011,0.0,2896000000,3345000000,0.91,2015-12-31,20.75,,12088001000.0,9370000000,2763000000,1215000000,,,None,133000000,26000000,,None,,,,,1384000000,1548000000,None,None,0.202,,5400000000,3970000000,,,,,None,,,,,3.099,75.57,3.206,,,,,,,,0.145,,,2025-10-31,annual,0.91,USD,pre-market,274000000,,0.153,2.936,0.019,24.76,3909000000,,,,85.47,78.38,0.0,,,,,,,16034000000,,22.33,,98.37,74.55
2025-12-28,CL,3.57,20096999000.0,22.33,,0.295,1.062,,,,,,,,,,,,,,,None,7172000000,7172000000,,,,,,None,442000000,,2.04,0.0254,,,,0.011,0.0,3663000000,4105000000,0.91,2014-12-31,20.75,,12088001000.0,10105000000,3533000000,1194000000,,,None,130000000,None,,None,,,,,2180000000,2339000000,None,None,0.202,,5920000000,4185000000,,,,,None,,,,,3.099,75.57,3.206,,,,,,,,0.145,,,2025-10-31,annual,0.91,USD,pre-market,277000000,,0.153,2.936,0.019,24.76,4136000000,,,,85.47,78.38,0.0,,,,,,,17277000000,,22.33,,98.37,74.55
2025-12-28,CL,3.57,20096999000.0,22.33,,0.295,1.062,,,,,,,,,,,,,,,None,7203000000,7203000000,,,,,,None,439000000,,2.04,0.0254,,,,0.011,0.0,3681000000,4120000000,0.91,2013-12-31,20.75,,12088001000.0,10217000000,3565000000,1155000000,,,None,116000000,None,,None,,,,,2241000000,2410000000,None,None,0.202,,6086000000,4131000000,,,,,None,,,,,3.099,75.57,3.206,,,,,,,,0.145,,,2025-10-31,annual,0.91,USD,pre-market,267000000,,0.153,2.936,0.019,24.76,4195000000,,,,85.47,78.38,0.0,,,,,,,17420000000,,22.33,,98.37,74.55
2025-12-28,CL,3.57,20096999000.0,22.33,,0.295,1.062,,,,,,,,,,,,,,,None,7169000000,7169000000,,,,,,None,425000000,,2.04,0.0254,,,,0.011,0.0,3954000000,4379000000,0.91,2012-12-31,20.75,,12088001000.0,9916000000,3874000000,1243000000,,,None,80000000,None,,None,,,,,2472000000,2631000000,None,None,0.202,,5910000000,4006000000,,,,,None,,,,,3.099,75.57,3.206,,,,,,,,0.145,,,2025-10-31,annual,0.91,USD,pre-market,259000000,,0.153,2.936,0.019,24.76,5930000000,,,,85.47,78.38,0.0,,,,,,,17085000000,,22.33,,98.37,74.55
2025-12-28,CL,3.57,20096999000.0,22.33,,0.295,1.062,,,,,,,,,,,,,,,None,7119000000,7119000000,,,,,,None,421000000,,2.04,0.0254,,,,0.011,0.0,3847000000,4268000000,0.91,2011-12-31,20.75,,12088001000.0,9615000000,3789000000,1235000000,,,None,58000000,None,,None,,,,,2431000000,2554000000,None,None,0.202,,5748000000,3867000000,,,,,None,,,,,3.099,75.57,3.206,,,,,,,,0.145,,,2025-10-31,annual,0.91,USD,pre-market,262000000,,0.153,2.936,0.019,24.76,5758000000,,,,85.47,78.38,0.0,,,,,,,16734000000,,22.33,,98.37,74.55
2025-12-28,CL,3.57,20096999000.0,22.33,,0.295,1.062,,,,,,,,,,,,,,,None,6386000000,6386000000,,,,,,None,376000000,,2.04,0.0254,,,,0.011,0.0,3495000000,3871000000,0.91,2010-12-31,20.75,,12088001000.0,9178000000,3430000000,1117000000,,,None,65000000,None,,None,,,,,2203000000,2313000000,None,None,0.202,,5414000000,3764000000,,,,,None,,,,,3.099,75.57,3.206,,,,,,,,0.145,,,2025-10-31,annual,0.91,USD,pre-market,256000000,,0.153,2.936,0.019,24.76,5414000000,,,,85.47,78.38,0.0,,,,,,,15564000000,,22.33,,98.37,74.55
2025-12-28,CL,3.57,20096999000.0,22.33,,0.295,1.062,,,,,,,,,,,,,,,None,6303000000,6303000000,,,,,,None,351000000,,2.04,0.0254,,,,0.011,0.0,3626000000,3977000000,0.91,2009-12-31,20.75,,12088001000.0,9024000000,3538000000,1141000000,,,None,88000000,None,,None,,,,,2291000000,2397000000,None,None,0.202,,5282000000,3742000000,,,,,None,,,,,3.099,75.57,3.206,,,,,,,,0.145,,,2025-10-31,annual,0.91,USD,pre-market,269000000,,0.153,2.936,0.019,24.76,5282000000,,,,85.47,78.38,0.0,,,,,,,15327000000,,22.33,,98.37,74.55
2025-12-28,CL,3.57,20096999000.0,22.33,,0.295,1.062,,,,,,,,,,,,,,,None,6663500000,6663500000,,,,,,None,347600000,,2.04,0.0254,,,,0.011,0.0,3111000000,3458600000,0.91,2008-12-31,20.75,,12088001000.0,8666400000,3005400000,967900000,,,None,105600000,None,,None,,,,,1957200000,None,None,None,0.202,,5341300000,3325100000,,,,,None,,,,,3.099,75.57,3.206,,,,,,,,0.145,,,2025-10-31,annual,0.91,USD,pre-market,253100000,,0.153,2.936,0.019,24.76,5422300000,,,,85.47,78.38,0.0,,,,,,,15329900000,,22.33,,98.37,74.55
2025-12-28,CL,3.57,20096999000.0,22.33,,0.295,1.062,,,,,,,,,,,,,,,None,5922100000,5922100000,,,,,,None,333900000,,2.04,0.0254,,,,0.011,0.0,2730200000,3064100000,0.91,2007-12-31,20.75,,12088001000.0,7867600000,2563600000,759100000,,,None,166600000,None,,None,,,,,1737400000,None,None,None,0.202,,4930100000,2937500000,,,,,None,,,,,3.099,75.57,3.206,,,,,,,,0.145,,,2025-10-31,annual,0.91,USD,pre-market,247000000,,0.153,2.936,0.019,24.76,4973000000,,,,85.47,78.38,0.0,,,,,,,13789700000,,22.33,,98.37,74.55
2025-12-28,CL,3.57,20096999000.0,22.33,,0.295,1.062,,,,,,,,,,,,,,,None,5356200000,5356200000,,,,,,None,328700000,,2.04,0.0254,,,,0.011,0.0,2225900000,2554600000,0.91,2006-12-31,20.75,,12088001000.0,6881500000,2059300000,648400000,,,None,166600000,None,,None,,,,,1353400000,None,None,None,0.202,,4309100000,2572400000,,,,,None,,,,,3.099,75.57,3.206,,,,,,,,0.145,,,2025-10-31,annual,0.91,USD,pre-market,241500000,,0.153,2.936,0.019,24.76,4355200000,,,,85.47,78.38,0.0,,,,,,,12237700000,,22.33,,98.37,74.55
2025-12-28,CL,3.57,20096999000.0,22.33,,0.295,1.062,,,,,,,,,,,,,,,None,5107300000,5107300000,,,,,,None,329300000,,2.04,0.0254,,,,0.011,0.0,2276800000,2606100000,0.91,2005-12-31,20.75,,12088001000.0,6289600000,2134300000,727600000,,,None,142500000,None,,None,,,,,1351400000,None,None,None,0.202,,3919000000,2370600000,,,,,None,,,,,3.099,75.57,3.206,,,,,,,,0.145,,,2025-10-31,annual,0.91,USD,pre-market,246300000,,0.153,2.936,0.019,24.76,3920800000,,,,85.47,78.38,0.0,,,,,,,11396900000,,22.33,,98.37,74.55
2025-12-28,CL,3.57,20096999000.0,22.33,None,0.295,1.062,,None,1279000000,1279000000,,,,,,,,,1466000000,810200000,None,5107300000,5107300000,1866000000,None,1113000000,1807000000,None,None,329300000,,2.04,0.0254,,,,0.011,0.0,2276800000,2606100000,0.91,2025-09-30,20.75,3702000000,12088001000.0,6289600000,2134300000,727600000,1889000000,1889000000,None,142500000,None,2109000000,None,None,7306000000,None,None,1351400000,None,None,None,0.202,,3919000000,2370600000,844000000,3517000000,None,2169000000,None,,,,,3.099,75.57,3.206,,,,,,,,0.145,,4560000000,2025-10-31,quarterly,0.91,USD,pre-market,246300000,27051000000,0.153,2.936,0.019,24.76,3920800000,8419000000,1113000000,6947000000,85.47,78.38,0.0,17513000000,6039000000,6496000000,16275000000,11474000000,9779000000,11396900000,856000000,22.33,None,98.37,74.55
2025-12-28,CL,3.57,20096999000.0,22.33,None,0.295,1.062,,None,1215000000,1215000000,,,,,,,,,1466000000,816484000,None,5107300000,5107300000,1790000000,None,1614000000,1773000000,None,None,329300000,,2.04,0.0254,,,,0.011,0.0,2276800000,2606100000,0.91,2025-06-30,20.75,3696000000,12088001000.0,6289600000,2134300000,727600000,1904000000,1904000000,None,142500000,None,2120000000,None,None,7144000000,None,None,1351400000,None,None,None,0.202,,3919000000,2370600000,691000000,3050000000,None,2220000000,None,,,,,3.099,75.57,3.206,,,,,,,,0.145,,4529000000,2025-10-31,quarterly,0.91,USD,pre-market,246300000,26735000000,0.153,2.936,0.019,24.76,3920800000,8758000000,1614000000,197000000,85.47,78.38,0.0,17470000000,5996000000,6775000000,16418000000,11474000000,9643000000,11396900000,702000000,22.33,None,98.37,74.55
2025-12-28,CL,3.57,20096999000.0,22.33,None,0.295,1.062,,None,1112000000,1112000000,,,,,,,,,1466000000,822500000,None,5107300000,5107300000,1800000000,None,1698000000,1725000000,None,None,329300000,,2.04,0.0254,,,,0.011,0.0,2276800000,2606100000,0.91,2025-03-31,20.75,3334000000,12088001000.0,6289600000,2134300000,727600000,1782000000,1782000000,None,142500000,None,2125000000,None,None,6571000000,None,None,1351400000,None,None,None,0.202,,3919000000,2370600000,653000000,2873000000,None,2180000000,None,,,,,3.099,75.57,3.206,,,,,,,,0.145,,4416000000,2025-10-31,quarterly,0.91,USD,pre-market,246300000,26413000000,0.153,2.936,0.019,24.76,3920800000,8269000000,1698000000,199000000,85.47,78.38,0.0,16647000000,5814000000,6861000000,15914000000,10833000000,9053000000,11396900000,363000000,22.33,None,98.37,74.55
2025-12-28,CL,3.57,20096999000.0,22.33,None,0.295,1.062,,563000000,1096000000,1096000000,,,,,,,,,1466000000,822500000,None,5107300000,5107300000,1805000000,None,660000000,1521000000,None,None,329300000,,2.04,0.0254,,,,0.011,0.0,2276800000,2606100000,0.91,2024-12-31,20.75,3272000000,12088001000.0,6289600000,2134300000,727600000,1756000000,1756000000,None,142500000,None,1987000000,None,None,7289000000,None,None,1351400000,None,None,None,0.202,,3919000000,2370600000,553000000,2622000000,None,320000000,None,,,,,3.099,75.57,3.206,,,,,,,,0.145,,4422000000,2025-10-31,quarterly,0.91,USD,pre-market,246300000,26145000000,0.153,2.936,0.019,24.76,3920800000,8512000000,767000000,160000000,85.47,78.38,0.0,16046000000,5317000000,5759000000,15502000000,10729000000,9743000000,11396900000,212000000,22.33,None,98.37,74.55
2025-12-28,CL,3.57,20096999000.0,22.33,None,0.295,1.062,,None,1234000000,1234000000,,,,,,,,,1466000000,822500000,None,5107300000,5107300000,1625000000,None,527000000,1712000000,None,None,329300000,,2.04,0.0254,,,,0.011,0.0,2276800000,2606100000,0.91,2024-09-30,20.75,3389000000,12088001000.0,6289600000,2134300000,727600000,1834000000,1834000000,None,142500000,None,2041000000,None,None,7909000000,None,None,1351400000,None,None,None,0.202,,3919000000,2370600000,559000000,3066000000,None,2144000000,None,,,,,3.099,75.57,3.206,,,,,,,,0.145,,4421000000,2025-10-31,quarterly,0.91,USD,pre-market,246300000,25814000000,0.153,2.936,0.019,24.76,3920800000,8436000000,527000000,260000000,85.47,78.38,0.0,16774000000,5806000000,5565000000,15938000000,10968000000,10373000000,11396900000,435000000,22.33,None,98.37,74.55
2025-12-28,CL,3.57,20096999000.0,22.33,None,0.295,1.062,,None,1110000000,1110000000,,,,,,,,,1466000000,823700000,None,5107300000,5107300000,1557000000,None,530000000,1825000000,None,None,329300000,,2.04,0.0254,,,,0.011,0.0,2276800000,2606100000,0.91,2024-06-30,20.75,3320000000,12088001000.0,6289600000,2134300000,727600000,1814000000,1814000000,None,142500000,None,1922000000,None,None,8146000000,None,None,1351400000,None,None,None,0.202,,3919000000,2370600000,564000000,2864000000,None,2147000000,None,,,,,3.099,75.57,3.206,,,,,,,,0.145,,None,2025-10-31,quarterly,0.91,USD,pre-market,246300000,25486000000,0.153,2.936,0.019,24.76,3920800000,8676000000,530000000,225000000,85.47,78.38,0.0,16480000000,5646000000,5350000000,15998000000,10834000000,10648000000,11396900000,123000000,22.33,None,98.37,74.55
2025-12-28,CL,3.57,20096999000.0,22.33,None,0.295,1.062,,None,1079000000,1079000000,,,,,,,,,1466000000,825900000,None,5107300000,5107300000,1646000000,None,538000000,1813000000,None,None,329300000,,2.04,0.0254,,,,0.011,0.0,2276800000,2606100000,0.91,2024-03-31,20.75,3341000000,12088001000.0,6289600000,2134300000,727600000,1837000000,1837000000,None,142500000,None,1914000000,None,None,8151000000,None,None,1351400000,None,None,None,0.202,,3919000000,2370600000,603000000,2720000000,None,2097000000,None,,,,,3.099,75.57,3.206,,,,,,,,0.145,,None,2025-10-31,quarterly,0.91,USD,pre-market,246300000,25164000000,0.153,2.936,0.019,24.76,3920800000,8689000000,538000000,231000000,85.47,78.38,0.0,16571000000,5640000000,5314000000,15954000000,10931000000,10640000000,11396900000,230000000,22.33,None,98.37,74.55
2025-12-28,CL,3.57,20096999000.0,22.33,None,0.295,1.062,,515000000,966000000,966000000,,,,,,,,,1466000000,825100000,None,5107300000,5107300000,1698000000,None,330000000,1586000000,None,None,329300000,,2.04,0.0254,,,,0.011,0.0,2276800000,2606100000,0.91,2023-12-31,20.75,3410000000,12088001000.0,6289600000,2134300000,727600000,1887000000,1887000000,None,142500000,None,1934000000,None,None,8219000000,None,None,1351400000,None,None,None,0.202,,3919000000,2370600000,614000000,2115000000,None,305000000,None,,,,,3.099,75.57,3.206,,,,,,,,0.145,,None,2025-10-31,quarterly,0.91,USD,pre-market,246300000,25289000000,0.153,2.936,0.019,24.76,3920800000,9064000000,425000000,179000000,85.47,78.38,0.0,16393000000,5279000000,4741000000,15436000000,11114000000,10695000000,11396900000,609000000,22.33,None,98.37,74.55
2025-12-28,CL,3.57,20096999000.0,22.33,None,0.295,1.062,,None,951000000,951000000,,,,,,,,,1466000000,827300000,None,5107300000,5107300000,1482000000,None,34000000,1577000000,None,None,329300000,,2.04,0.0254,,,,0.011,0.0,2276800000,2606100000,0.91,2023-09-30,20.75,3327000000,12088001000.0,6289600000,2134300000,727600000,1861000000,1861000000,None,142500000,None,1931000000,None,None,8690000000,None,None,1351400000,None,None,None,0.202,,3919000000,2370600000,898000000,2732000000,None,1915000000,None,,,,,3.099,75.57,3.206,,,,,,,,0.145,,4409000000,2025-10-31,quarterly,0.91,USD,pre-market,246300000,24571000000,0.153,2.936,0.019,24.76,3920800000,8724000000,34000000,247000000,85.47,78.38,0.0,16043000000,5357000000,4602000000,15637000000,10686000000,11035000000,11396900000,-9000000,22.33,None,98.37,74.55
2025-12-28,CL,3.57,20096999000.0,22.33,-5557000000,0.295,1.062,,None,819000000,819000000,,,,,,,,,1466000000,831300000,None,5107300000,5107300000,1544000000,None,35000000,1656000000,None,None,329300000,,2.04,0.0254,,,,0.011,0.0,2276800000,2606100000,0.91,2023-06-30,20.75,3373000000,12088001000.0,6289600000,2134300000,727600000,1901000000,1901000000,None,142500000,None,2039000000,None,None,8954000000,None,None,1351400000,None,None,None,0.202,,3919000000,2370600000,923000000,2600000000,None,1963000000,None,,,,,3.099,75.57,3.206,,,,,,,,0.145,,4431000000,2025-10-31,quarterly,0.91,USD,pre-market,246300000,24258000000,0.153,2.936,0.019,24.76,3920800000,8989000000,35000000,267000000,85.47,78.38,0.0,16227000000,5437000000,4632000000,15912000000,10790000000,11280000000,11396900000,-64000000,22.33,None,98.37,74.55
2025-12-28,CL,3.57,20096999000.0,22.33,-5452000000,0.295,1.062,,None,867000000,867000000,,,,,,,,,1466000000,833000000,None,5107300000,5107300000,1609000000,None,37000000,1590000000,None,None,329300000,,2.04,0.0254,,,,0.011,0.0,2276800000,2606100000,0.91,2023-03-31,20.75,3375000000,12088001000.0,6289600000,2134300000,727600000,1918000000,1918000000,None,142500000,None,2110000000,None,None,8870000000,None,None,1351400000,None,None,None,0.202,,3919000000,2370600000,899000000,2498000000,None,2016000000,None,,,,,3.099,75.57,3.206,,,,,,,,0.145,,4363000000,2025-10-31,quarterly,0.91,USD,pre-market,246300000,24153000000,0.153,2.936,0.019,24.76,3920800000,8907000000,37000000,7764000000,85.47,78.38,0.0,16173000000,5466000000,4441000000,15748000000,10707000000,11307000000,11396900000,-6000000,22.33,None,98.37,74.55
2025-12-28,CL,3.57,20096999000.0,22.33,None,0.295,1.062,,505000000,775000000,775000000,,,,,,,,,1466000000,834400000,None,5107300000,5107300000,1551000000,None,25000000,1504000000,None,None,329300000,,2.04,0.0254,,,,0.011,0.0,2276800000,2606100000,0.91,2022-12-31,20.75,3352000000,12088001000.0,6289600000,2134300000,727600000,1920000000,1920000000,None,142500000,None,2074000000,None,None,8766000000,None,None,1351400000,None,None,None,0.202,,3919000000,2370600000,760000000,1870000000,None,2180000000,None,,,,,3.099,75.57,3.206,,,,,,,,0.145,,4307000000,2025-10-31,quarterly,0.91,USD,pre-market,246300000,24573000000,0.153,2.936,0.019,24.76,3920800000,9271000000,133000000,175000000,85.47,78.38,0.0,15731000000,5113000000,4004000000,14925000000,10618000000,10921000000,11396900000,401000000,22.33,None,98.37,74.55
2025-12-28,CL,3.57,20096999000.0,22.33,-5195000000,0.295,1.062,,None,938000000,938000000,,,,,,,,,1466000000,838500000,None,5107300000,5107300000,1541000000,None,29000000,1425000000,None,None,329300000,,2.04,0.0254,,,,0.011,0.0,2276800000,2606100000,0.91,2022-09-30,20.75,3538000000,12088001000.0,6289600000,2134300000,727600000,2219000000,2219000000,None,142500000,None,2073000000,None,None,8219000000,None,None,1351400000,None,None,None,0.202,,3919000000,2370600000,842000000,2489000000,None,1973000000,None,,,,,3.099,75.57,3.206,,,,,,,,0.145,,4123000000,2025-10-31,quarterly,0.91,USD,pre-market,246300000,24566000000,0.153,2.936,0.019,24.76,3920800000,8248000000,29000000,208000000,85.47,78.38,0.0,16288000000,5278000000,4492000000,15235000000,11010000000,10743000000,11396900000,622000000,22.33,-24749000000,98.37,74.55
2025-12-28,CL,3.57,20096999000.0,22.33,-5249000000,0.295,1.062,,None,858000000,858000000,,,,,,,,,1466000000,839400000,None,5107300000,5107300000,1507000000,None,29000000,1490000000,None,None,329300000,,2.04,0.0254,,,,0.011,0.0,2276800000,2606100000,0.91,2022-06-30,20.75,3238000000,12088001000.0,6289600000,2134300000,727600000,2314000000,2314000000,None,142500000,None,2012000000,None,None,7957000000,None,None,1351400000,None,None,None,0.202,,3919000000,2370600000,800000000,2469000000,None,2375000000,None,,,,,3.099,75.57,3.206,,,,,,,,0.145,,3765000000,2025-10-31,quarterly,0.91,USD,pre-market,246300000,24342000000,0.153,2.936,0.019,24.76,3920800000,7986000000,29000000,120000000,85.47,78.38,0.0,15711000000,5160000000,4395000000,15153000000,10551000000,10758000000,11396900000,168000000,22.33,-24736000000,98.37,74.55
2025-12-28,CL,3.57,20096999000.0,22.33,-5291000000,0.295,1.062,,None,877000000,877000000,,,,,,,,,1466000000,843700000,None,5107300000,5107300000,1582000000,None,19000000,1532000000,None,None,329300000,,2.04,0.0254,,,,0.011,0.0,2276800000,2606100000,0.91,2022-03-31,20.75,3292000000,12088001000.0,6289600000,2134300000,727600000,2415000000,2415000000,None,142500000,None,1924000000,None,None,7588000000,None,None,1351400000,None,None,None,0.202,,3919000000,2370600000,656000000,2492000000,None,2462000000,None,,,,,3.099,75.57,3.206,,,,,,,,0.145,,3752000000,2025-10-31,quarterly,0.91,USD,pre-market,246300000,24149000000,0.153,2.936,0.019,24.76,3920800000,7607000000,19000000,58000000,85.47,78.38,0.0,15723000000,4989000000,4566000000,14995000000,10734000000,10429000000,11396900000,321000000,22.33,-24401000000,98.37,74.55
2025-12-28,CL,3.57,20096999000.0,22.33,None,0.295,1.062,,588000000,832000000,832000000,,,,,,,,,1466000000,845000000,None,5107300000,5107300000,1479000000,None,51000000,1297000000,None,None,329300000,,2.04,0.0254,,,,0.011,0.0,2276800000,2606100000,0.91,2021-12-31,20.75,3284000000,12088001000.0,6289600000,2134300000,727600000,2462000000,2462000000,None,142500000,None,1692000000,None,None,7245000000,None,None,1351400000,None,None,None,0.202,,3919000000,2370600000,576000000,4000000000,None,2824000000,None,,,,,3.099,75.57,3.206,,,,,,,,0.145,,3730000000,2025-10-31,quarterly,0.91,USD,pre-market,246300000,24350000000,0.153,2.936,0.019,24.76,3920800000,7433000000,188000000,34000000,85.47,78.38,0.0,15040000000,4397000000,4000000000,14069000000,10643000000,10069000000,11396900000,609000000,22.33,-24089000000,98.37,74.55
2025-12-28,CL,3.57,20096999000.0,22.33,-5194000000,0.295,1.062,,None,958000000,958000000,,,,,,,,,1466000000,846400000,None,5107300000,5107300000,1258000000,None,14000000,1424000000,None,None,329300000,,2.04,0.0254,,,,0.011,0.0,2276800000,2606100000,0.91,2021-09-30,20.75,3685000000,12088001000.0,6289600000,2134300000,727600000,2719000000,2719000000,None,142500000,None,1670000000,None,None,7682000000,None,None,1351400000,None,None,None,0.202,,3919000000,2370600000,618000000,2557000000,None,2491000000,None,,,,,3.099,75.57,3.206,,,,,,,,0.145,,3633000000,2025-10-31,quarterly,0.91,USD,pre-market,246300000,24201000000,0.153,2.936,0.019,24.76,3920800000,7696000000,14000000,100000000,85.47,78.38,0.0,15880000000,4670000000,4281000000,14853000000,11210000000,10572000000,11396900000,591000000,22.33,-23816000000,98.37,74.55
2025-12-28,CL,3.57,20096999000.0,22.33,-5183000000,0.295,1.062,,None,937000000,937000000,,,,,,,,,1466000000,849400000,None,5107300000,5107300000,1272000000,None,15000000,1443000000,None,None,329300000,,2.04,0.0254,,,,0.011,0.0,2276800000,2606100000,0.91,2021-06-30,20.75,3753000000,12088001000.0,6289600000,2134300000,727600000,2787000000,2787000000,None,142500000,None,1700000000,None,None,7951000000,None,None,1351400000,None,None,None,0.202,,3919000000,2370600000,572000000,2533000000,None,2562000000,None,,,,,3.099,75.57,3.206,,,,,,,,0.145,,3665000000,2025-10-31,quarterly,0.91,USD,pre-market,246300000,23946000000,0.153,2.936,0.019,24.76,3920800000,7966000000,15000000,70000000,85.47,78.38,0.0,15999000000,4652000000,4203000000,15137000000,11347000000,10934000000,11396900000,464000000,22.33,-23665000000,98.37,74.55
2025-12-28,CL,3.57,20096999000.0,22.33,-5028000000,0.295,1.062,,None,995000000,995000000,,,,,,,,,1466000000,851400000,None,5107300000,5107300000,1306000000,None,263000000,1402000000,None,None,329300000,,2.04,0.0254,,,,0.011,0.0,2276800000,2606100000,0.91,2021-03-31,20.75,3701000000,12088001000.0,6289600000,2134300000,727600000,2787000000,2787000000,None,142500000,None,1676000000,None,None,7570000000,None,None,1351400000,None,None,None,0.202,,3919000000,2370600000,490000000,2548000000,None,2614000000,None,,,,,3.099,75.57,3.206,,,,,,,,0.145,,3609000000,2025-10-31,quarterly,0.91,USD,pre-market,246300000,23624000000,0.153,2.936,0.019,24.76,3920800000,7833000000,263000000,62000000,85.47,78.38,0.0,15801000000,4563000000,4539000000,15138000000,11238000000,10599000000,11396900000,262000000,22.33,-23384000000,98.37,74.55
2025-12-28,CL,3.57,20096999000.0,22.33,None,0.295,1.062,,613000000,888000000,888000000,,,,,,,,,1466000000,858400000,None,5107300000,5107300000,1393000000,None,267000000,1264000000,None,None,329300000,,2.04,0.0254,,,,0.011,0.0,2276800000,2606100000,0.91,2020-12-31,20.75,3824000000,12088001000.0,6289600000,2134300000,727600000,2894000000,2894000000,None,142500000,None,1673000000,None,None,7334000000,None,None,1351400000,None,None,None,0.202,,3919000000,2370600000,513000000,4137000000,None,2655000000,None,,,,,3.099,75.57,3.206,,,,,,,,0.145,,3716000000,2025-10-31,quarterly,0.91,USD,pre-market,246300000,23699000000,0.153,2.936,0.019,24.76,3920800000,7738000000,404000000,37000000,85.47,78.38,0.0,15920000000,4338000000,4137000000,14819000000,11582000000,10682000000,11396900000,743000000,22.33,-23045000000,98.37,74.55
2025-12-28,CL,3.57,20096999000.0,22.33,-4874000000,0.295,1.062,,None,989000000,989000000,,,,,,,,,1466000000,861800000,None,5107300000,5107300000,1225000000,None,265000000,1292000000,None,None,329300000,,2.04,0.0254,,,,0.011,0.0,2276800000,2606100000,0.91,2020-09-30,20.75,3711000000,12088001000.0,6289600000,2134300000,727600000,2838000000,2838000000,None,142500000,None,1578000000,None,None,6971000000,None,None,1351400000,None,None,None,0.202,,3919000000,2370600000,508000000,2568000000,None,2535000000,None,,,,,3.099,75.57,3.206,,,,,,,,0.145,,3506000000,2025-10-31,quarterly,0.91,USD,pre-market,246300000,23052000000,0.153,2.936,0.019,24.76,3920800000,7236000000,265000000,80000000,85.47,78.38,0.0,15466000000,4367000000,4481000000,14393000000,11099000000,9912000000,11396900000,653000000,22.33,-22280000000,98.37,74.55
2025-12-28,CL,3.57,20096999000.0,22.33,-4714000000,0.295,1.062,,None,997000000,997000000,,,,,,,,,1466000000,858900000,None,5107300000,5107300000,1189000000,None,508000000,1231000000,None,None,329300000,,2.04,0.0254,,,,0.011,0.0,2276800000,2606100000,0.91,2020-06-30,20.75,3628000000,12088001000.0,6289600000,2134300000,727600000,2787000000,2787000000,None,142500000,None,1524000000,None,None,6884000000,None,None,1351400000,None,None,None,0.202,,3919000000,2370600000,460000000,2383000000,None,2545000000,None,,,,,3.099,75.57,3.206,,,,,,,,0.145,,3483000000,2025-10-31,quarterly,0.91,USD,pre-market,246300000,22731000000,0.153,2.936,0.019,24.76,3920800000,7392000000,508000000,25000000,85.47,78.38,0.0,15141000000,4212000000,4580000000,14409000000,10929000000,9829000000,11396900000,268000000,22.33,-22075000000,98.37,74.55
2025-12-28,CL,3.57,20096999000.0,22.33,-4680000000,0.295,1.062,,None,854000000,854000000,,,,,,,,,1466000000,858400000,None,5107300000,5107300000,1216000000,None,510000000,1551000000,None,None,329300000,,2.04,0.0254,,,,0.011,0.0,2276800000,2606100000,0.91,2020-03-31,20.75,3559000000,12088001000.0,6289600000,2134300000,727600000,2822000000,2822000000,None,142500000,None,1301000000,None,None,7336000000,None,None,1351400000,None,None,None,0.202,,3919000000,2370600000,542000000,2232000000,None,2535000000,None,,,,,3.099,75.57,3.206,,,,,,,,0.145,,3487000000,2025-10-31,quarterly,0.91,USD,pre-market,246300000,22481000000,0.153,2.936,0.019,24.76,3920800000,7846000000,510000000,43000000,85.47,78.38,0.0,15070000000,4248000000,4443000000,14729000000,10822000000,10286000000,11396900000,-113000000,22.33,-22104000000,98.37,74.55
2025-12-28,CL,3.57,20096999000.0,22.33,None,0.295,1.062,,636000000,883000000,883000000,,,,,,,,,1466000000,858000000,None,5107300000,5107300000,1237000000,None,514000000,1440000000,None,None,329300000,,2.04,0.0254,,,,0.011,0.0,2276800000,2606100000,0.91,2019-12-31,20.75,3508000000,12088001000.0,6289600000,2134300000,727600000,2667000000,2667000000,None,142500000,None,1400000000,None,None,7333000000,None,54000000,1351400000,None,None,None,0.202,,3919000000,2370600000,456000000,3524000000,None,2598000000,None,,,,,3.099,75.57,3.206,,,,,,,,0.145,,3750000000,2025-10-31,quarterly,0.91,USD,pre-market,246300000,22501000000,0.153,2.936,0.019,24.76,3920800000,15180000000,7847000000,23000000,85.47,78.38,0.0,15034000000,4179000000,11371000000,14476000000,10855000000,3105000000,11396900000,117000000,22.33,-22063000000,98.37,74.55
2025-12-28,CL,3.57,20096999000.0,22.33,-4700000000,0.295,1.062,,None,948000000,948000000,,,,,,,,,1466000000,861200000,None,5107300000,5107300000,1188000000,None,505000000,1495000000,None,None,329300000,,2.04,0.0254,,,,0.011,0.0,2276800000,2606100000,0.91,2019-09-30,20.75,3532000000,12088001000.0,6289600000,2134300000,727600000,2535000000,2535000000,None,142500000,None,1371000000,None,None,7646000000,None,6000000,1351400000,None,None,None,0.202,,3919000000,2370600000,535000000,2292000000,None,2388000000,None,,,,,3.099,75.57,3.206,,,,,,,,0.145,,3689000000,2025-10-31,quarterly,0.91,USD,pre-market,246300000,21860000000,0.153,2.936,0.019,24.76,3920800000,8151000000,505000000,109000000,85.47,78.38,0.0,15026000000,4349000000,4231000000,14852000000,10677000000,10621000000,11396900000,-324000000,22.33,-21900000000,98.37,74.55
2025-12-28,CL,3.57,20096999000.0,22.33,-4683000000,0.295,1.062,,None,863000000,863000000,,,,,,,,,1466000000,861900000,None,5107300000,5107300000,1209000000,None,5000000,1590000000,None,None,329300000,,2.04,0.0254,,,,0.011,0.0,2276800000,2606100000,0.91,2019-06-30,20.75,2536000000,12088001000.0,6289600000,2134300000,727600000,1609000000,1609000000,None,142500000,None,1322000000,None,None,6640000000,None,4000000,1351400000,None,None,None,0.202,,3919000000,2370600000,480000000,2275000000,None,2436000000,None,,,,,3.099,75.57,3.206,,,,,,,,0.145,,3793000000,2025-10-31,quarterly,0.91,USD,pre-market,246300000,21653000000,0.153,2.936,0.019,24.76,3920800000,6645000000,5000000,66000000,85.47,78.38,0.0,13151000000,4255000000,3782000000,13161000000,8896000000,9379000000,11396900000,-347000000,22.33,-21682000000,98.37,74.55
2025-12-28,CL,3.57,20096999000.0,22.33,-4577000000,0.295,1.062,,None,843000000,843000000,,,,,,,,,1466000000,863200000,None,5107300000,5107300000,1215000000,None,6000000,1547000000,None,None,329300000,,2.04,0.0254,,,,0.011,0.0,2276800000,2606100000,0.91,2019-03-31,20.75,2517000000,12088001000.0,6289600000,2134300000,727600000,1612000000,1612000000,None,142500000,None,1278000000,None,None,6655000000,None,None,1351400000,None,None,None,0.202,,3919000000,2370600000,465000000,2244000000,None,2267000000,None,,,,,3.099,75.57,3.206,,,,,,,,0.145,,3821000000,2025-10-31,quarterly,0.91,USD,pre-market,246300000,21436000000,0.153,2.936,0.019,24.76,3920800000,6661000000,6000000,37000000,85.47,78.38,0.0,12883000000,4133000000,3865000000,13093000000,8750000000,9228000000,11396900000,-552000000,22.33,-21532000000,98.37,74.55
2025-12-28,CL,3.57,20096999000.0,22.33,None,0.295,1.062,,None,726000000,726000000,,,,,,,,,1466000000,867000000,None,5107300000,5107300000,1222000000,None,1000000,1400000000,None,None,329300000,,2.04,0.0254,,,,0.011,0.0,2276800000,2606100000,0.91,2018-12-31,20.75,2530000000,12088001000.0,6289600000,2134300000,727600000,1637000000,1637000000,None,142500000,None,1250000000,None,None,6354000000,None,46000000,1351400000,None,None,None,0.202,,3919000000,2370600000,417000000,1569000000,None,2034000000,None,,,,,3.099,75.57,3.206,,,,,,,,0.145,,3881000000,2025-10-31,quarterly,0.91,USD,pre-market,246300000,21615000000,0.153,2.936,0.019,24.76,3920800000,6366000000,12000000,10000000,85.47,78.38,0.0,12161000000,3793000000,3341000000,11964000000,8368000000,8623000000,11396900000,-102000000,22.33,-21196000000,98.37,74.55
2025-12-28,CL,3.57,20096999000.0,22.33,-4580000000,0.295,1.062,,None,841000000,841000000,,,,,,,,,1466000000,871100000,None,5107300000,5107300000,1158000000,None,2000000,1532000000,None,None,329300000,,2.04,0.0254,,,,0.011,0.0,2276800000,2606100000,0.91,2018-09-30,20.75,2539000000,12088001000.0,6289600000,2134300000,727600000,1660000000,1660000000,None,142500000,None,1245000000,None,None,6519000000,None,None,1351400000,None,None,None,0.202,,3919000000,2370600000,523000000,2144000000,None,2048000000,None,,,,,3.099,75.57,3.206,,,,,,,,0.145,,3871000000,2025-10-31,quarterly,0.91,USD,pre-market,246300000,21008000000,0.153,2.936,0.019,24.76,3920800000,6604000000,85000000,120000000,85.47,78.38,0.0,12571000000,4141000000,3747000000,12639000000,8430000000,8892000000,11396900000,-430000000,22.33,-20916000000,98.37,74.55
2025-12-28,CL,3.57,20096999000.0,22.33,-4500000000,0.295,1.062,,None,833000000,833000000,,,,,,,,,1466000000,874000000,None,5107300000,5107300000,1121000000,None,4000000,1545000000,None,None,329300000,,2.04,0.0254,,,,0.011,0.0,2276800000,2606100000,0.91,2018-06-30,20.75,2483000000,12088001000.0,6289600000,2134300000,727600000,1735000000,1735000000,None,142500000,None,1254000000,None,None,6519000000,None,None,1351400000,None,None,None,0.202,,3919000000,2370600000,540000000,2093000000,None,2172000000,None,,,,,3.099,75.57,3.206,,,,,,,,0.145,,3908000000,2025-10-31,quarterly,0.91,USD,pre-market,246300000,20851000000,0.153,2.936,0.019,24.76,3920800000,6865000000,346000000,83000000,85.47,78.38,0.0,12650000000,4172000000,3942000000,12839000000,8478000000,8897000000,11396900000,-523000000,22.33,-20757000000,98.37,74.55
2025-12-28,CL,3.57,20096999000.0,22.33,-4561000000,0.295,1.062,,None,851000000,851000000,,,,,,,,,1466000000,879900000,None,5107300000,5107300000,1209000000,None,6000000,1644000000,None,None,329300000,,2.04,0.0254,,,,0.011,0.0,2276800000,2606100000,0.91,2018-03-31,20.75,2572000000,12088001000.0,6289600000,2134300000,727600000,1782000000,1782000000,None,142500000,None,1312000000,None,None,6550000000,None,None,1351400000,None,None,None,0.202,,3919000000,2370600000,485000000,2180000000,None,2264000000,None,,,,,3.099,75.57,3.206,,,,,,,,0.145,,4087000000,2025-10-31,quarterly,0.91,USD,pre-market,246300000,20581000000,0.153,2.936,0.019,24.76,3920800000,6709000000,159000000,55000000,85.47,78.38,0.0,13144000000,4292000000,3980000000,13043000000,8852000000,9063000000,11396900000,-249000000,22.33,-20441000000,98.37,74.55
2025-12-28,CL,3.57,20096999000.0,22.33,None,0.295,1.062,,None,1535000000,1535000000,,,,,,,,,1466000000,883300000,None,5107300000,5107300000,1212000000,None,1921388000,1480000000,None,None,329300000,,2.04,0.0254,,,,0.011,0.0,2276800000,2606100000,0.91,2017-12-31,20.75,2218000000,12088001000.0,6289600000,2134300000,727600000,1341000000,1341000000,None,142500000,None,1221000000,None,None,6566000000,None,42000000,1351400000,None,None,None,0.202,,3919000000,2370600000,403000000,1708000000,None,2255000000,None,,,,,3.099,75.57,3.206,,,,,,,,0.145,,4072000000,2025-10-31,quarterly,0.91,USD,pre-market,246300000,20531000000,0.153,2.936,0.019,24.76,3920800000,6577000000,11000000,14000000,85.47,78.38,0.0,12676000000,4639000000,3408000000,12433000000,8037000000,9025000000,11396900000,-60000000,22.33,-20181000000,98.37,74.55
2025-12-28,CL,3.57,20096999000.0,22.33,-4420000000,0.295,1.062,,None,1380000000,1380000000,,,,,,,,,1466000000,886300000,None,5107300000,5107300000,1164000000,None,1762288000,1530000000,None,None,329300000,,2.04,0.0254,,,,0.011,0.0,2276800000,2606100000,0.91,2017-09-30,20.75,2216000000,12088001000.0,6289600000,2134300000,727600000,1343000000,1343000000,None,142500000,None,1205000000,None,None,6520000000,None,None,1351400000,None,None,None,0.202,,3919000000,2370600000,621000000,2292000000,None,1938000000,None,,,,,3.099,75.57,3.206,,,,,,,,0.145,,3999000000,2025-10-31,quarterly,0.91,USD,pre-market,246300000,20207000000,0.153,2.936,0.019,24.76,3920800000,6527000000,7000000,222000000,85.47,78.38,0.0,12775000000,4736000000,3854000000,12508000000,8039000000,8654000000,11396900000,-108000000,22.33,-19878000000,98.37,74.55
2025-12-28,CL,3.57,20096999000.0,22.33,-4331000000,0.295,1.062,,None,1241000000,1241000000,,,,,,,,,1466000000,890800000,None,5107300000,5107300000,1131000000,None,1586293000,1526000000,None,None,329300000,,2.04,0.0254,,,,0.011,0.0,2276800000,2606100000,0.91,2017-06-30,20.75,2191000000,12088001000.0,6289600000,2134300000,727600000,1340000000,1340000000,None,142500000,None,1199000000,None,None,6506000000,None,None,1351400000,None,None,None,0.202,,3919000000,2370600000,589000000,2232000000,None,2011000000,None,,,,,3.099,75.57,3.206,,,,,,,,0.145,,3930000000,2025-10-31,quarterly,0.91,USD,pre-market,246300000,19952000000,0.153,2.936,0.019,24.76,3920800000,6519000000,13000000,155000000,85.47,78.38,0.0,12580000000,4555000000,3780000000,12492000000,8025000000,8712000000,11396900000,-242000000,22.33,-19565000000,98.37,74.55
2025-12-28,CL,3.57,20096999000.0,22.33,-4263000000,0.295,1.062,,None,1347000000,1347000000,,,,,,,,,1466000000,891000000,None,5107300000,5107300000,1116000000,None,1812396000,1496000000,None,None,329300000,,2.04,0.0254,,,,0.011,0.0,2276800000,2606100000,0.91,2017-03-31,20.75,2134000000,12088001000.0,6289600000,2134300000,727600000,1312000000,1312000000,None,142500000,None,1189000000,None,None,6466000000,None,23538000,1351400000,None,None,None,0.202,,3919000000,2370600000,564000000,2107000000,None,1980000000,None,,,,,3.099,75.57,3.206,,,,,,,,0.145,,3883000000,2025-10-31,quarterly,0.91,USD,pre-market,246300000,19782000000,0.153,2.936,0.019,24.76,3920800000,6473000000,7000000,112000000,85.47,78.38,0.0,12448000000,4596000000,3809000000,12453000000,7852000000,8644000000,11396900000,-313000000,22.33,-19293000000,98.37,74.55
2025-12-28,CL,3.57,20096999000.0,22.33,None,0.295,1.062,,None,1315000000,1315000000,,,,,,,,,1466000000,893000000,None,5107300000,5107300000,1124000000,None,6533000000,1411000000,None,None,329300000,,2.04,0.0254,,,,0.011,0.0,2276800000,2606100000,0.91,2016-12-31,20.75,2107000000,12088001000.0,6289600000,2134300000,727600000,1313000000,1313000000,None,142500000,None,1171000000,None,None,6520000000,None,39000000,1351400000,None,None,None,0.202,,3919000000,2370600000,441000000,1615000000,None,2035000000,None,,,,,3.099,75.57,3.206,,,,,,,,0.145,,3840000000,2025-10-31,quarterly,0.91,USD,pre-market,246300000,19922000000,0.153,2.936,0.019,24.76,3920800000,6533000000,13000000,23000000,85.47,78.38,0.0,12123000000,4338000000,3305000000,12106000000,7785000000,8801000000,11396900000,-243000000,22.33,-19135000000,98.37,74.55
2025-12-28,CL,3.57,20096999000.0,22.33,-4472000000,0.295,1.062,,None,1298000000,1298000000,,,,,,,,,1466000000,899200000,None,5107300000,5107300000,1076000000,None,907000000,1560000000,None,None,329300000,,2.04,0.0254,,,,0.011,0.0,2276800000,2606100000,0.91,2016-09-30,20.75,2181000000,12088001000.0,6289600000,2134300000,727600000,1346000000,1346000000,None,142500000,None,1193000000,None,None,5616000000,None,None,1351400000,None,None,None,0.202,,3919000000,2370600000,713000000,2322000000,None,1854000000,None,,,,,3.099,75.57,3.206,,,,,,,,0.145,,3837000000,2025-10-31,quarterly,0.91,USD,pre-market,246300000,19310000000,0.153,2.936,0.019,24.76,3920800000,6523000000,907000000,188000000,85.47,78.38,0.0,12623000000,4764000000,4655000000,12395000000,7859000000,7740000000,11396900000,-133000000,22.33,-18731000000,98.37,74.55
2025-12-28,CL,3.57,20096999000.0,22.33,-4422000000,0.295,1.062,,None,1085000000,1085000000,,,,,,,,,1466000000,901100000,None,5107300000,5107300000,1082000000,None,953000000,1575000000,None,None,329300000,,2.04,0.0254,,,,0.011,0.0,2276800000,2606100000,0.91,2016-06-30,20.75,2170000000,12088001000.0,6289600000,2134300000,727600000,1347000000,1347000000,None,142500000,None,1232000000,None,None,5619000000,None,None,1351400000,None,None,None,0.202,,3919000000,2370600000,722000000,2272000000,None,1933000000,None,,,,,3.099,75.57,3.206,,,,,,,,0.145,,3825000000,2025-10-31,quarterly,0.91,USD,pre-market,246300000,18955000000,0.153,2.936,0.019,24.76,3920800000,6572000000,953000000,163000000,85.47,78.38,0.0,12515000000,4614000000,4671000000,12481000000,7901000000,7810000000,11396900000,-281000000,22.33,-18396000000,98.37,74.55
2025-12-28,CL,3.57,20096999000.0,22.33,-4402000000,0.295,1.062,,None,1014000000,1014000000,,,,,,,,,1466000000,900200000,None,5107300000,5107300000,1108000000,None,None,1546000000,None,None,329300000,,2.04,0.0254,,,,0.011,0.0,2276800000,2606100000,0.91,2016-03-31,20.75,2170000000,12088001000.0,6289600000,2134300000,727600000,1361000000,1361000000,None,142500000,None,1234000000,None,None,5877000000,None,None,1351400000,None,None,None,0.202,,3919000000,2370600000,696000000,2282000000,None,1932000000,None,,,,,3.099,75.57,3.206,,,,,,,,0.145,,3820000000,2025-10-31,quarterly,0.91,USD,pre-market,246300000,18705000000,0.153,2.936,0.019,24.76,3920800000,6580000000,703000000,87000000,85.47,78.38,0.0,12448000000,4490000000,4463000000,12521000000,7958000000,8058000000,11396900000,-370000000,22.33,-18204000000,98.37,74.55
2025-12-28,CL,3.57,20096999000.0,22.33,None,0.295,1.062,,None,970000000,970000000,,,,,,,,,1466000000,903400000,None,5107300000,5107300000,1110000000,None,298000000,1427000000,None,None,329300000,,2.04,0.0254,,,,0.011,0.0,2276800000,2606100000,0.91,2015-12-31,20.75,2103000000,12088001000.0,6289600000,2134300000,727600000,1346000000,1346000000,None,142500000,None,1180000000,None,None,6269000000,None,41000000,1351400000,None,None,None,0.202,,3919000000,2370600000,807000000,1724000000,None,1966000000,None,,,,,3.099,75.57,3.206,,,,,,,,0.145,,3796000000,2025-10-31,quarterly,0.91,USD,pre-market,246300000,18861000000,0.153,2.936,0.019,24.76,3920800000,6548000000,302000000,61000000,85.47,78.38,0.0,11958000000,4384000000,3534000000,12002000000,7574000000,8445000000,11396900000,-299000000,22.33,-18102000000,98.37,74.55
2025-12-28,CL,3.57,20096999000.0,22.33,-4353000000,0.295,1.062,,None,1445000000,1445000000,,,,,,,,,1466000000,906900000,None,5107300000,5107300000,1109000000,None,None,1561000000,None,None,329300000,,2.04,0.0254,,,,0.011,0.0,2276800000,2606100000,0.91,2015-09-30,20.75,2139000000,12088001000.0,6289600000,2134300000,727600000,1367000000,1367000000,None,142500000,None,1277000000,None,None,6554000000,None,None,1351400000,None,None,None,0.202,,3919000000,2370600000,806000000,2252000000,None,2248000000,None,,,,,3.099,75.57,3.206,,,,,,,,0.145,,3959000000,2025-10-31,quarterly,0.91,USD,pre-market,246300000,19323000000,0.153,2.936,0.019,24.76,3920800000,6790000000,236000000,146000000,85.47,78.38,0.0,13563000000,5089000000,3937000000,12973000000,8474000000,9036000000,11396900000,255000000,22.33,-17792000000,98.37,74.55
2025-12-28,CL,3.57,20096999000.0,22.33,-4379000000,0.295,1.062,,None,1059000000,1059000000,,,,,,,,,1466000000,912400000,None,5107300000,5107300000,1169000000,None,None,1691000000,None,None,329300000,,2.04,0.0254,,,,0.011,0.0,2276800000,2606100000,0.91,2015-06-30,20.75,2241000000,12088001000.0,6289600000,2134300000,727600000,1371000000,1371000000,None,142500000,None,1324000000,None,None,6186000000,None,None,1351400000,None,None,None,0.202,,3919000000,2370600000,914000000,2243000000,None,2250000000,None,,,,,3.099,75.57,3.206,,,,,,,,0.145,,4039000000,2025-10-31,quarterly,0.91,USD,pre-market,246300000,18936000000,0.153,2.936,0.019,24.76,3920800000,6683000000,497000000,248000000,85.47,78.38,0.0,13660000000,4988000000,4206000000,12903000000,8672000000,8697000000,11396900000,454000000,22.33,-17473000000,98.37,74.55
2025-12-28,CL,3.57,20096999000.0,22.33,-4244000000,0.295,1.062,,None,859000000,859000000,,,,,,,,,1466000000,916300000,None,5107300000,5107300000,1167000000,None,None,1611000000,None,None,329300000,,2.04,0.0254,,,,0.011,0.0,2276800000,2606100000,0.91,2015-03-31,20.75,2186000000,12088001000.0,6289600000,2134300000,727600000,1356000000,1356000000,None,142500000,None,1350000000,None,None,5622000000,None,None,1351400000,None,None,None,0.202,,3919000000,2370600000,880000000,2233000000,None,2239000000,None,,,,,3.099,75.57,3.206,,,,,,,,0.145,,3968000000,2025-10-31,quarterly,0.91,USD,pre-market,246300000,18704000000,0.153,2.936,0.019,24.76,3920800000,6128000000,506000000,250000000,85.47,78.38,0.0,13156000000,4700000000,4323000000,12417000000,8456000000,8094000000,11396900000,460000000,22.33,-17122000000,98.37,74.55
2025-12-28,CL,3.57,20096999000.0,22.33,None,0.295,1.062,,None,1089000000,1089000000,,,,,,,,,1466000000,920100000,None,5107300000,5107300000,1231000000,None,488000000,1552000000,None,None,329300000,,2.04,0.0254,,,,0.011,0.0,2276800000,2606100000,0.91,2014-12-31,20.75,2307000000,12088001000.0,6289600000,2134300000,727600000,1413000000,1413000000,None,142500000,None,1382000000,None,None,5644000000,None,365000000,1351400000,None,None,None,0.202,,3919000000,2370600000,840000000,1795000000,None,2223000000,None,,,,,3.099,75.57,3.206,,,,,,,,0.145,,4080000000,2025-10-31,quarterly,0.91,USD,pre-market,246300000,18832000000,0.153,2.936,0.019,24.76,3920800000,6148000000,504000000,200000000,85.47,78.38,0.0,13459000000,4863000000,3946000000,12074000000,8596000000,8128000000,11396900000,1145000000,22.33,-16862000000,98.37,74.55
2025-12-28,CL,3.57,20096999000.0,22.33,-4375000000,0.295,1.062,,None,1355000000,1355000000,,,,,,,,,1466000000,922800000,None,5107300000,5107300000,1215000000,None,None,1747000000,None,None,329300000,,2.04,0.0254,,,,0.011,0.0,2276800000,2606100000,0.91,2014-09-30,20.75,2355000000,12088001000.0,6289600000,2134300000,727600000,1424000000,1424000000,None,142500000,None,1422000000,None,None,5441000000,None,None,1351400000,None,None,None,0.202,,3919000000,2370600000,657000000,2289000000,None,1731000000,None,,,,,3.099,75.57,3.206,,,,,,,,0.145,,4038000000,2025-10-31,quarterly,0.91,USD,pre-market,246300000,18210000000,0.153,2.936,0.019,24.76,3920800000,6055000000,614000000,124000000,85.47,78.38,0.0,13685000000,5181000000,4412000000,11939000000,8504000000,7527000000,11396900000,1420000000,22.33,-16477000000,98.37,74.55
2025-12-28,CL,3.57,20096999000.0,22.33,-4399000000,0.295,1.062,,None,1161000000,1161000000,,,,,,,,,1466000000,925900000,None,5107300000,5107300000,1251000000,None,None,1803000000,None,None,329300000,,2.04,0.0254,,,,0.011,0.0,2276800000,2606100000,0.91,2014-06-30,20.75,2489000000,12088001000.0,6289600000,2134300000,727600000,1486000000,1486000000,None,142500000,None,1508000000,None,None,5741000000,None,None,1351400000,None,None,None,0.202,,3919000000,2370600000,702000000,2246000000,None,1722000000,None,,,,,3.099,75.57,3.206,,,,,,,,0.145,,4077000000,2025-10-31,quarterly,0.91,USD,pre-market,246300000,17991000000,0.153,2.936,0.019,24.76,3920800000,6061000000,320000000,155000000,85.47,78.38,0.0,13988000000,5174000000,4061000000,11917000000,8814000000,7856000000,11396900000,1779000000,22.33,-16208000000,98.37,74.55
2025-12-28,CL,3.57,20096999000.0,22.33,-4326000000,0.295,1.062,,None,1795000000,1795000000,,,,,,,,,1466000000,928600000,None,5107300000,5107300000,1264000000,None,None,1670000000,None,None,329300000,,2.04,0.0254,,,,0.011,0.0,2276800000,2606100000,0.91,2014-03-31,20.75,2485000000,12088001000.0,6289600000,2134300000,727600000,1500000000,1500000000,None,142500000,None,1478000000,None,None,5739000000,None,None,1351400000,None,None,None,0.202,,3919000000,2370600000,734000000,2265000000,None,1698000000,None,,,,,3.099,75.57,3.206,,,,,,,,0.145,,4037000000,2025-10-31,quarterly,0.91,USD,pre-market,246300000,17698000000,0.153,2.936,0.019,24.76,3920800000,6659000000,920000000,243000000,85.47,78.38,0.0,14432000000,5677000000,4702000000,12532000000,8755000000,7830000000,11396900000,1630000000,22.33,-15981000000,98.37,74.55
2025-12-28,CL,3.57,20096999000.0,22.33,None,0.295,1.062,,None,962000000,962000000,,,,,,,,,1466000000,935400000,None,5107300000,5107300000,1343000000,None,None,1636000000,None,None,329300000,,2.04,0.0254,,,,0.011,0.0,2276800000,2606100000,0.91,2013-12-31,20.75,2474000000,12088001000.0,6289600000,2134300000,727600000,1496000000,1496000000,None,142500000,None,1425000000,None,None,4749000000,None,None,1351400000,None,None,None,0.202,,3919000000,2370600000,799000000,2067000000,None,1677000000,None,,,,,3.099,75.57,3.206,,,,,,,,0.145,,4083000000,2025-10-31,quarterly,0.91,USD,pre-market,246300000,17952000000,0.153,2.936,0.019,24.76,3920800000,5657000000,908000000,173000000,85.47,78.38,0.0,13876000000,4822000000,4579000000,11340000000,9054000000,6870000000,11396900000,2305000000,22.33,-15633000000,98.37,74.55
2025-12-28,CL,3.57,20096999000.0,22.33,-4193000000,0.295,1.062,,None,721000000,721000000,,,,,,,,,1466000000,936900000,None,5107300000,5107300000,1234000000,None,None,1737000000,None,None,329300000,,2.04,0.0254,,,,0.011,0.0,2276800000,2606100000,0.91,2013-09-30,20.75,2471000000,12088001000.0,6289600000,2134300000,727600000,1487000000,1487000000,None,142500000,None,1441000000,None,None,4677000000,None,None,1351400000,None,None,None,0.202,,3919000000,2370600000,701000000,2367000000,None,1952000000,None,,,,,3.099,75.57,3.206,,,,,,,,0.145,,3858000000,2025-10-31,quarterly,0.91,USD,pre-market,246300000,17393000000,0.153,2.936,0.019,24.76,3920800000,5284000000,607000000,146000000,85.47,78.38,0.0,13439000000,4600000000,4491000000,11432000000,8839000000,6941000000,11396900000,1784000000,22.33,-15236000000,98.37,74.55
2025-12-28,CL,3.57,20096999000.0,22.33,-4084000000,0.295,1.062,,None,884000000,884000000,,,,,,,,,1466000000,942300000,None,5107300000,5107300000,1279000000,None,None,1778000000,None,None,329300000,,2.04,0.0254,,,,0.011,0.0,2276800000,2606100000,0.91,2013-06-30,20.75,2419000000,12088001000.0,6289600000,2134300000,727600000,1464000000,1464000000,None,142500000,None,1440000000,None,None,5032000000,None,None,1351400000,None,None,None,0.202,,3919000000,2370600000,765000000,2291000000,None,1955000000,None,,,,,3.099,75.57,3.206,,,,,,,,0.145,,3776000000,2025-10-31,quarterly,0.91,USD,pre-market,246300000,17052000000,0.153,2.936,0.019,24.76,3920800000,5628000000,596000000,174000000,85.47,78.38,0.0,13487000000,4867000000,4444000000,11683000000,8620000000,7239000000,11396900000,1531000000,22.33,-14988000000,98.37,74.55
2025-12-28,CL,3.57,20096999000.0,22.33,-4057000000,0.295,1.062,,None,932000000,932000000,,,,,,,,,733000000,945000000,None,5107300000,5107300000,1237000000,None,None,1808000000,None,None,329300000,,2.04,0.0254,,,,0.011,0.0,2276800000,2606100000,0.91,2013-03-31,20.75,2451000000,12088001000.0,6289600000,2134300000,727600000,1465000000,1465000000,None,142500000,None,1371000000,None,None,5095000000,None,None,1351400000,None,None,None,0.202,,3919000000,2370600000,717000000,2268000000,None,2042000000,None,,,,,3.099,75.57,3.206,,,,,,,,0.145,,3820000000,2025-10-31,quarterly,0.91,USD,pre-market,246300000,16805000000,0.153,2.936,0.019,24.76,3920800000,5357000000,262000000,164000000,85.47,78.38,0.0,13533000000,4828000000,4091000000,11514000000,8705000000,7423000000,11396900000,1772000000,22.33,-14636000000,98.37,74.55
2025-12-28,CL,3.57,20096999000.0,22.33,None,0.295,1.062,,None,884000000,884000000,,,,,,,,,733000000,952100000,None,5107300000,5107300000,1290000000,None,None,1668000000,None,None,329300000,,2.04,0.0254,,,,0.011,0.0,2276800000,2606100000,0.91,2012-12-31,20.75,2500000000,12088001000.0,6289600000,2134300000,727600000,1499000000,1499000000,None,142500000,None,1365000000,None,None,4926000000,None,None,1351400000,None,None,None,0.202,,3919000000,2370600000,639000000,1840000000,None,2049000000,None,,,,,3.099,75.57,3.206,,,,,,,,0.145,,3842000000,2025-10-31,quarterly,0.91,USD,pre-market,246300000,16953000000,0.153,2.936,0.019,24.76,3920800000,5230000000,304000000,116000000,85.47,78.38,0.0,13394000000,4556000000,3736000000,11004000000,8838000000,7268000000,11396900000,2189000000,22.33,-14386000000,98.37,74.55
2025-12-28,CL,3.57,20096999000.0,22.33,-3902000000,0.295,1.062,,None,909000000,909000000,,,,,,,,,733000000,958400000,None,5107300000,5107300000,1181000000,None,None,1857000000,None,None,329300000,,2.04,0.0254,,,,0.011,0.0,2276800000,2606100000,0.91,2012-09-30,20.75,2634000000,12088001000.0,6289600000,2134300000,727600000,1322000000,1322000000,None,142500000,None,1384000000,None,None,4943000000,None,None,1351400000,None,None,None,0.202,,3919000000,2370600000,611000000,1928000000,None,1757000000,None,,,,,3.099,75.57,3.206,,,,,,,,0.145,,3685000000,2025-10-31,quarterly,0.91,USD,pre-market,246300000,16654000000,0.153,2.936,0.019,24.76,3920800000,5246000000,303000000,81000000,85.47,78.38,0.0,13424000000,4761000000,3700000000,10727000000,8663000000,7027000000,11396900000,2507000000,22.33,-13830000000,98.37,74.55
2025-12-28,CL,3.57,20096999000.0,22.33,-3802000000,0.295,1.062,,None,995000000,995000000,,,,,,,,,733000000,962700000,None,5107300000,5107300000,1226000000,None,None,1785000000,None,None,329300000,,2.04,0.0254,,,,0.011,0.0,2276800000,2606100000,0.91,2012-06-30,20.75,2611000000,12088001000.0,6289600000,2134300000,727600000,1316000000,1316000000,None,142500000,None,1368000000,None,None,5068000000,None,None,1351400000,None,None,None,0.202,,3919000000,2370600000,687000000,1757000000,None,1737000000,None,,,,,3.099,75.57,3.206,,,,,,,,0.145,,3625000000,2025-10-31,quarterly,0.91,USD,pre-market,246300000,16294000000,0.153,2.936,0.019,24.76,3920800000,5363000000,295000000,86000000,85.47,78.38,0.0,13153000000,4835000000,3566000000,10643000000,8318000000,7077000000,11396900000,2306000000,22.33,-13515000000,98.37,74.55
2025-12-28,CL,3.57,20096999000.0,22.33,-3807000000,0.295,1.062,,None,1044000000,1044000000,,,,,,,,,733000000,967800000,None,5107300000,5107300000,1187000000,None,None,1827000000,None,None,329300000,,2.04,0.0254,,,,0.011,0.0,2276800000,2606100000,0.91,2012-03-31,20.75,2721000000,12088001000.0,6289600000,2134300000,727600000,1360000000,1360000000,None,142500000,None,1400000000,None,None,4595000000,None,None,1351400000,None,None,None,0.202,,3919000000,2370600000,578000000,2112000000,None,1808000000,None,,,,,3.099,75.57,3.206,,,,,,,,0.145,,3702000000,2025-10-31,quarterly,0.91,USD,pre-market,246300000,15670000000,0.153,2.936,0.019,24.76,3920800000,4967000000,372000000,82000000,85.47,78.38,0.0,13254000000,4849000000,4107000000,10758000000,8405000000,6651000000,11396900000,2290000000,22.33,-13149000000,98.37,74.55
2025-12-28,CL,3.57,20096999000.0,22.33,None,0.295,1.062,,None,878000000,878000000,,,,,,,,,733000000,976000000,None,5107300000,5107300000,1244000000,None,None,1675000000,None,None,329300000,,2.04,0.0254,,,,0.011,0.0,2276800000,2606100000,0.91,2011-12-31,20.75,2657000000,12088001000.0,6289600000,2134300000,727600000,1341000000,1341000000,None,142500000,None,1327000000,None,None,4430000000,None,None,1351400000,None,None,None,0.202,,3919000000,2370600000,522000000,1700000000,None,1785000000,None,,,,,3.099,75.57,3.206,,,,,,,,0.145,,3668000000,2025-10-31,quarterly,0.91,USD,pre-market,246300000,15649000000,0.153,2.936,0.019,24.76,3920800000,4810000000,380000000,72000000,85.47,78.38,0.0,12724000000,4402000000,3716000000,10183000000,8322000000,6467000000,11396900000,2375000000,22.33,-12808000000,98.37,74.55
2025-12-28,CL,3.57,20096999000.0,22.33,-3614000000,0.295,1.062,,None,945000000,945000000,,,,,,,,,733000000,981000000,None,5107300000,5107300000,1150000000,None,None,1677000000,None,None,329300000,,2.04,0.0254,,,,0.011,0.0,2276800000,2606100000,0.91,2011-09-30,20.75,2694000000,12088001000.0,6289600000,2134300000,727600000,1424000000,1424000000,None,142500000,None,1336000000,None,None,3768000000,None,None,1351400000,None,None,None,0.202,,3919000000,2370600000,485000000,3329000000,None,1538000000,None,,,,,3.099,75.57,3.206,,,,,,,,0.145,,3615000000,2025-10-31,quarterly,0.91,USD,pre-market,246300000,15344000000,0.153,2.936,0.019,24.76,3920800000,8524000000,4756000000,72000000,85.47,78.38,0.0,12768000000,4443000000,8085000000,9898000000,8325000000,1813000000,11396900000,2667000000,22.33,-12420000000,98.37,74.55
2025-12-28,CL,3.57,20096999000.0,22.33,None,0.295,1.062,,None,739000000,739000000,,,,,,,,,733000000,986600000,None,5107300000,5107300000,1236000000,None,None,1819000000,None,None,329300000,,2.04,0.0254,,,,0.011,0.0,2276800000,2606100000,0.91,2011-06-30,20.75,2920000000,12088001000.0,6289600000,2134300000,727600000,1457000000,1457000000,None,142500000,None,1417000000,None,None,4020000000,None,None,1351400000,None,None,None,0.202,,3919000000,2370600000,495000000,1649000000,None,1651000000,None,,,,,3.099,75.57,3.206,,,,,,,,0.145,,3831000000,2025-10-31,quarterly,0.91,USD,pre-market,246300000,14983000000,0.153,2.936,0.019,24.76,3920800000,5011000000,991000000,53000000,85.47,78.38,0.0,13244000000,4470000000,4249000000,10100000000,8774000000,5851000000,11396900000,2969000000,22.33,-12137000000,98.37,74.55
2025-12-28,CL,3.57,20096999000.0,22.33,-3619000000,0.295,1.062,,None,686000000,686000000,,,,,,,,,733000000,993200000,None,5107300000,5107300000,1181000000,None,None,1787000000,None,None,329300000,,2.04,0.0254,,,,0.011,0.0,2276800000,2606100000,0.91,2011-03-31,20.75,2411000000,12088001000.0,6289600000,2134300000,727600000,832000000,832000000,None,142500000,None,1331000000,None,None,3166000000,None,None,1351400000,None,None,None,0.202,,3919000000,2370600000,470000000,2061000000,None,1733000000,None,,,,,3.099,75.57,3.206,,,,,,,,0.145,,3734000000,2025-10-31,quarterly,0.91,USD,pre-market,246300000,14360000000,0.153,2.936,0.019,24.76,3920800000,3804000000,638000000,43000000,85.47,78.38,0.0,11931000000,4274000000,4282000000,9340000000,7657000000,5058000000,11396900000,2419000000,22.33,-11810000000,98.37,74.55
2025-12-28,CL,3.57,20096999000.0,22.33,None,0.295,1.062,,None,490000000,490000000,,,,,,,,,733000000,999000000,None,5107300000,5107300000,1165000000,None,None,1610000000,None,None,329300000,,2.04,0.0254,,,,0.011,0.0,2276800000,2606100000,0.91,2010-12-31,20.75,2362000000,12088001000.0,6289600000,2134300000,727600000,831000000,831000000,None,142500000,None,1222000000,None,None,2815000000,None,None,1351400000,None,None,None,0.202,,3919000000,2370600000,408000000,1682000000,None,None,None,,,,,3.099,75.57,3.206,,,,,,,,0.145,,3693000000,2025-10-31,quarterly,0.91,USD,pre-market,246300000,14329000000,0.153,2.936,0.019,24.76,3920800000,3424000000,609000000,74000000,85.47,78.38,0.0,11172000000,3730000000,3728000000,8355000000,7442000000,4627000000,11396900000,2675000000,22.33,-11305000000,98.37,74.55
2025-12-28,CL,3.57,20096999000.0,22.33,-3426000000,0.295,1.062,,None,654000000,654000000,,,,,,,,,733000000,1019000000,None,5107300000,5107300000,1096000000,None,None,1690000000,None,None,329300000,,2.04,0.0254,,,,0.011,0.0,2276800000,2606100000,0.91,2010-09-30,20.75,2336000000,12088001000.0,6289600000,2134300000,727600000,818000000,818000000,None,142500000,None,1278000000,None,None,3329000000,None,None,1351400000,None,None,None,0.202,,3919000000,2370600000,469000000,3117000000,None,1927000000,None,,,,,3.099,75.57,3.206,,,,,,,,0.145,,3572000000,2025-10-31,quarterly,0.91,USD,pre-market,246300000,13980000000,0.153,2.936,0.019,24.76,3920800000,6717000000,3388000000,55000000,85.47,78.38,0.0,11390000000,4091000000,6505000000,8544000000,7299000000,2039000000,11396900000,2672000000,22.33,-11618000000,98.37,74.55
2025-12-28,CL,3.57,20096999000.0,22.33,-3221000000,0.295,1.062,,None,555000000,555000000,,,,,,,,,733000000,1030769231,None,5107300000,5107300000,1105000000,None,None,1594000000,None,None,329300000,,2.04,0.0254,,,,0.011,0.0,2276800000,2606100000,0.91,2010-06-30,20.75,2207000000,12088001000.0,6289600000,2134300000,727600000,796000000,796000000,None,142500000,None,1246000000,None,None,3331000000,None,None,1351400000,None,None,None,0.202,,3919000000,2370600000,416000000,2913000000,None,1331000000,None,,,,,3.099,75.57,3.206,,,,,,,,0.145,,3410000000,2025-10-31,quarterly,0.91,USD,pre-market,246300000,13622000000,0.153,2.936,0.019,24.76,3920800000,6704000000,3373000000,54000000,85.47,78.38,0.0,10586000000,3256000000,6286000000,7782000000,7330000000,1496000000,11396900000,2632000000,22.33,-11302000000,98.37,74.55
2025-12-28,CL,3.57,20096999000.0,22.33,-3233000000,0.295,1.062,,None,561000000,561000000,,,,,,,,,733000000,1038000000,None,5107300000,5107300000,1129000000,None,None,1709000000,None,None,329300000,,2.04,0.0254,,,,0.011,0.0,2276800000,2606100000,0.91,2010-03-31,20.75,2257000000,12088001000.0,6289600000,2134300000,727600000,808000000,808000000,None,142500000,None,1259000000,None,None,2755000000,None,None,1351400000,None,None,None,0.202,,3919000000,2370600000,402000000,1917000000,None,1362000000,None,,,,,3.099,75.57,3.206,,,,,,,,0.145,,3466000000,2025-10-31,quarterly,0.91,USD,pre-market,246300000,13032000000,0.153,2.936,0.019,24.76,3920800000,3117000000,362000000,48000000,85.47,78.38,0.0,10823000000,3931000000,3818000000,8059000000,6892000000,4241000000,11396900000,2595000000,22.33,-10876000000,98.37,74.55
2025-12-28,CL,3.57,20096999000.0,22.33,None,0.295,1.062,,None,600000000,600000000,,,,,,,,,733000000,1046800000,None,5107300000,5107300000,1172000000,None,None,1626000000,None,None,329300000,,2.04,0.0254,,,,0.011,0.0,2276800000,2606100000,0.91,2009-12-31,20.75,2302000000,12088001000.0,6289600000,2134300000,727600000,821000000,821000000,None,142500000,None,1209000000,None,None,2821000000,None,None,1351400000,None,None,None,0.202,,3919000000,2370600000,375000000,1679000000,None,1375000000,None,,,,,3.099,75.57,3.206,,,,,,,,0.145,,3516000000,2025-10-31,quarterly,0.91,USD,pre-market,246300000,13157000000,0.153,2.936,0.019,24.76,3920800000,3182000000,361000000,41000000,85.47,78.38,0.0,11134000000,3810000000,3599000000,7877000000,7324000000,4278000000,11396900000,3116000000,22.33,-10478000000,98.37,74.55
2025-12-28,CL,3.57,20096999000.0,22.33,-3115000000,0.295,1.062,,None,847000000,847000000,,,,,,,,,733000000,1049200000,None,5107300000,5107300000,1084000000,None,None,1780000000,None,None,329300000,,2.04,0.0254,,,,0.011,0.0,2276800000,2606100000,0.91,2009-09-30,20.75,2296000000,12088001000.0,6289600000,2134300000,727600000,826000000,826000000,None,142500000,None,1241000000,None,None,2883000000,None,None,1351400000,None,None,None,0.202,,3919000000,2370600000,336000000,1838000000,None,1357000000,None,,,,,3.099,75.57,3.206,,,,,,,,0.145,,3351000000,2025-10-31,quarterly,0.91,USD,pre-market,246300000,12761000000,0.153,2.936,0.019,24.76,3920800000,3263000000,380000000,38000000,85.47,78.38,0.0,11067000000,4204000000,3591000000,7956000000,6863000000,4365000000,11396900000,2952000000,22.33,-10143000000,98.37,74.55
2025-12-28,CL,3.57,20096999000.0,22.33,None,0.295,1.062,,None,896000000,896000000,,,,,,,,,732900000,1049800000,None,5107300000,5107300000,1038000000,None,None,1727800000,None,None,329300000,,2.04,0.0254,,,,0.011,0.0,2276800000,2606100000,0.91,2009-06-30,20.75,2209100000,12088001000.0,6289600000,2134300000,727600000,818200000,818200000,None,142500000,None,1223800000,None,None,3367900000,None,None,1351400000,None,None,None,0.202,,3919000000,2370600000,370200000,1513800000,None,None,None,,,,,3.099,75.57,3.206,,,,,,,,0.145,,3245400000,2025-10-31,quarterly,0.91,USD,pre-market,246300000,12392400000,0.153,2.936,0.019,24.76,3920800000,3801800000,433900000,32500000,85.47,78.38,0.0,10730100000,4217800000,3240200000,8031100000,6512300000,4790900000,11396900000,2540300000,22.33,-9964100000,98.37,74.55
2025-12-28,CL,3.57,20096999000.0,22.33,None,0.295,1.062,,None,702200000,702200000,,,,,,,,,732900000,1052400000,None,5107300000,5107300000,959000000,None,None,1565400000,None,None,329300000,,2.04,0.0254,,,,0.011,0.0,2276800000,2606100000,0.91,2009-03-31,20.75,2092500000,12088001000.0,6289600000,2134300000,727600000,810500000,810500000,None,142500000,None,1199400000,None,None,3490500000,None,None,1351400000,None,None,None,0.202,,3919000000,2370600000,349900000,1565600000,None,None,None,,,,,3.099,75.57,3.206,,,,,,,,0.145,,3054700000,2025-10-31,quarterly,0.91,USD,pre-market,246300000,11844500000,0.153,2.936,0.019,24.76,3920800000,3657000000,166500000,24700000,85.47,78.38,0.0,9933300000,3816900000,3056100000,7994400000,6116400000,4938300000,11396900000,1793400000,22.33,-9833400000,98.37,74.55
2025-12-28,CL,3.57,20096999000.0,22.33,None,0.295,1.062,,None,554900000,554900000,,,,,,,,,732900000,1059800000,None,5107300000,5107300000,1061000000,None,None,1592000000,None,None,329300000,,2.04,0.0254,,,,0.011,0.0,2276800000,2606100000,0.91,2008-12-31,20.75,2152000000,12088001000.0,6289600000,2134300000,727600000,833500000,833500000,None,142500000,None,1197100000,None,None,3585300000,None,None,1351400000,None,None,None,0.202,,3919000000,2370600000,366200000,1420600000,None,None,None,,,,,3.099,75.57,3.206,,,,,,,,0.145,,3119500000,2025-10-31,quarterly,0.91,USD,pre-market,246300000,11759500000,0.153,2.936,0.019,24.76,3920800000,3783000000,198000000,12200000,85.47,78.38,0.0,9979300000,3710000000,2952000000,8057200000,6269300000,4983000000,11396900000,1922100000,22.33,-9696700000,98.37,74.55
2025-12-28,CL,3.57,20096999000.0,22.33,None,0.295,1.062,,None,634700000,634700000,,,,,,,,,732900000,1068600000,None,5107300000,5107300000,1096000000,None,None,1761100000,None,None,329300000,,2.04,0.0254,,,,0.011,0.0,2276800000,2606100000,0.91,2008-09-30,20.75,2216700000,12088001000.0,6289600000,2134300000,727600000,831400000,831400000,None,142500000,None,1306000000,None,None,3284400000,None,None,1351400000,None,None,None,0.202,,3919000000,2370600000,385400000,1664100000,None,None,None,,,,,3.099,75.57,3.206,,,,,,,,0.145,,3047200000,2025-10-31,quarterly,0.91,USD,pre-market,246300000,11480900000,0.153,2.936,0.019,24.76,3920800000,3517900000,233500000,21700000,85.47,78.38,0.0,10555200000,4087200000,3255800000,8087300000,6468000000,4831500000,11396900000,2467900000,22.33,-9475900000,98.37,74.55
2025-12-28,CL,3.57,20096999000.0,22.33,None,0.295,1.062,,None,622800000,622800000,,,,,,,,,732900000,1073200000,None,5107300000,5107300000,1167600000,None,None,1872500000,None,None,329300000,,2.04,0.0254,,,,0.011,0.0,2276800000,2606100000,0.91,2008-06-30,20.75,2401500000,12088001000.0,6289600000,2134300000,727600000,863100000,863100000,None,142500000,None,1340500000,None,None,3475900000,None,None,1351400000,None,None,None,0.202,,3919000000,2370600000,421400000,1636500000,None,None,None,,,,,3.099,75.57,3.206,,,,,,,,0.145,,3149300000,2025-10-31,quarterly,0.91,USD,pre-market,246300000,11185600000,0.153,2.936,0.019,24.76,3920800000,3730500000,254600000,20700000,85.47,78.38,0.0,11070300000,4257200000,3320300000,8403700000,6813100000,5083400000,11396900000,2666600000,22.33,-9285500000,98.37,74.55
2025-12-28,CL,3.57,20096999000.0,22.33,None,0.295,1.062,,None,642100000,642100000,,,,,,,,,732900000,1079000000,None,5107300000,5107300000,1130900000,None,None,1784800000,None,None,329300000,,2.04,0.0254,,,,0.011,0.0,2276800000,2606100000,0.91,2008-03-31,20.75,2378500000,12088001000.0,6289600000,2134300000,727600000,874400000,874400000,None,142500000,None,1287000000,None,None,3407800000,None,None,1351400000,None,None,None,0.202,,3919000000,2370600000,374300000,1824500000,None,None,None,,,,,3.099,75.57,3.206,,,,,,,,0.145,,3082300000,2025-10-31,quarterly,0.91,USD,pre-market,246300000,10704700000,0.153,2.936,0.019,24.76,3920800000,3706800000,299000000,13600000,85.47,78.38,0.0,10809400000,4088200000,3611200000,8557200000,6721200000,4946000000,11396900000,2252200000,22.33,-9093700000,98.37,74.55
2025-12-28,CL,3.57,20096999000.0,22.33,None,0.295,1.062,,None,428700000,428700000,,,,,,,,,732900000,1059425926,None,5107300000,5107300000,1066800000,None,None,1680700000,None,None,329300000,,2.04,0.0254,,,,0.011,0.0,2276800000,2606100000,0.91,2007-12-31,20.75,2272000000,12088001000.0,6289600000,2134300000,727600000,844800000,844800000,None,142500000,None,1171000000,None,None,3221900000,None,None,1351400000,None,None,None,0.202,,3919000000,2370600000,338100000,1539200000,None,None,None,,,,,3.099,75.57,3.206,,,,,,,,0.145,,3015200000,2025-10-31,quarterly,0.91,USD,pre-market,246300000,10627500000,0.153,2.936,0.019,24.76,3920800000,3515900000,294000000,22600000,85.47,78.38,0.0,10112000000,3618500000,3162700000,7715900000,6493500000,4553200000,11396900000,2286200000,22.33,-8903700000,98.37,74.55
2025-12-28,CL,3.57,20096999000.0,22.33,None,0.295,1.062,,None,628400000,628400000,,,,,,,,,732900000,1073246753,None,5107300000,5107300000,1036000000,None,None,1758000000,None,None,329300000,,2.04,0.0254,,,,0.011,0.0,2276800000,2606100000,0.91,2007-09-30,20.75,2231200000,12088001000.0,6289600000,2134300000,727600000,840800000,840800000,None,142500000,None,1167000000,None,None,2750100000,None,None,1351400000,None,None,None,0.202,,3919000000,2370600000,382400000,1616100000,None,None,None,,,,,3.099,75.57,3.206,,,,,,,,0.145,,2831700000,2025-10-31,quarterly,0.91,USD,pre-market,246300000,10411800000,0.153,2.936,0.019,24.76,3920800000,3608200000,858100000,52800000,85.47,78.38,0.0,10083700000,3935800000,3785100000,8061600000,6147900000,4276500000,11396900000,2022100000,22.33,-8547900000,98.37,74.55
2025-12-28,CL,3.57,20096999000.0,22.33,None,0.295,1.062,,None,546900000,546900000,,,,,,,,,732900000,1076315789,None,5107300000,5107300000,993400000,None,None,1666500000,None,None,329300000,,2.04,0.0254,,,,0.011,0.0,2276800000,2606100000,0.91,2007-06-30,20.75,2141600000,12088001000.0,6289600000,2134300000,727600000,813100000,813100000,None,142500000,None,1135400000,None,None,2973100000,None,None,1351400000,None,None,None,0.202,,3919000000,2370600000,355100000,1447500000,None,None,None,,,,,3.099,75.57,3.206,,,,,,,,0.145,,2774800000,2025-10-31,quarterly,0.91,USD,pre-market,246300000,10177900000,0.153,2.936,0.019,24.76,3920800000,3740900000,767800000,30400000,85.47,78.38,0.0,9680600000,3703900000,3455700000,7909300000,5976700000,4453600000,11396900000,1771300000,22.33,-8429600000,98.37,74.55
2025-12-28,CL,3.57,20096999000.0,22.33,None,0.295,1.062,,None,474400000,474400000,,,,,,,,,732900000,1077528090,None,5107300000,5107300000,1005200000,None,None,1589700000,None,None,329300000,,2.04,0.0254,,,,0.011,0.0,2276800000,2606100000,0.91,2007-03-31,20.75,2099500000,12088001000.0,6289600000,2134300000,727600000,820700000,820700000,None,142500000,None,1095400000,None,None,2660600000,None,None,1351400000,None,None,None,0.202,,3919000000,2370600000,333200000,1561700000,None,None,None,,,,,3.099,75.57,3.206,,,,,,,,0.145,,2715000000,2025-10-31,quarterly,0.91,USD,pre-market,246300000,9775000000,0.153,2.936,0.019,24.76,3920800000,3608700000,948100000,17400000,85.47,78.38,0.0,9357600000,3492700000,3818900000,7939800000,5864900000,4120900000,11396900000,1417800000,22.33,-8255900000,98.37,74.55
2025-12-28,CL,3.57,20096999000.0,22.33,None,0.295,1.062,,None,489500000,489500000,,,,,,,,,732900000,1079759387,None,5107300000,5107300000,1039700000,None,None,1523200000,None,None,329300000,,2.04,0.0254,,,,0.011,0.0,2276800000,2606100000,0.91,2006-12-31,20.75,2081800000,12088001000.0,6289600000,2134300000,727600000,831100000,831100000,None,142500000,None,1008400000,None,None,2720400000,None,None,1351400000,None,None,None,0.202,,3919000000,2370600000,279900000,1317100000,None,None,None,,,,,3.099,75.57,3.206,,,,,,,,0.145,,2696100000,2025-10-31,quarterly,0.91,USD,pre-market,246300000,9643700000,0.153,2.936,0.019,24.76,3920800000,3671200000,950800000,None,85.47,78.38,0.0,9138000000,3301000000,3469100000,7727100000,5837000000,4258000000,11396900000,1410900000,22.33,-8073900000,98.37,74.55
2025-12-28,CL,3.57,20096999000.0,22.33,None,0.295,1.062,,None,502900000,502900000,,,,,,,,,732900000,1070476190,None,5107300000,5107300000,915000000,None,None,1446300000,None,None,329300000,,2.04,0.0254,,,,0.011,0.0,2276800000,2606100000,0.91,2006-09-30,20.75,2059300000,12088001000.0,6289600000,2134300000,727600000,825200000,825200000,None,142500000,None,1001600000,None,None,3126200000,None,None,1351400000,None,None,None,0.202,,3919000000,2370600000,304500000,1307400000,None,None,None,,,,,3.099,75.57,3.206,,,,,,,,0.145,,2526400000,2025-10-31,quarterly,0.91,USD,pre-market,246300000,9422900000,0.153,2.936,0.019,24.76,3920800000,3577900000,451700000,None,85.47,78.38,0.0,9168500000,3255300000,2860900000,7533900000,5913200000,4673000000,11396900000,1634600000,22.33,-7880300000,98.37,74.55
2025-12-28,CL,3.57,20096999000.0,22.33,None,0.295,1.062,,None,430400000,430400000,,,,,,,,,732900000,1084313725,None,5107300000,5107300000,872400000,None,None,1380700000,None,None,329300000,,2.04,0.0254,,,,0.011,0.0,2276800000,2606100000,0.91,2006-06-30,20.75,2000100000,12088001000.0,6289600000,2134300000,727600000,829900000,829900000,None,142500000,None,986700000,None,None,3156000000,None,None,1351400000,None,None,None,0.202,,3919000000,2370600000,321800000,1182800000,None,None,None,,,,,3.099,75.57,3.206,,,,,,,,0.145,,2504500000,2025-10-31,quarterly,0.91,USD,pre-market,246300000,9246300000,0.153,2.936,0.019,24.76,3920800000,3613400000,457400000,None,85.47,78.38,0.0,8961200000,3119600000,2660200000,7365700000,5841600000,4705500000,11396900000,1595500000,22.33,-7694100000,98.37,74.55
2025-12-28,CL,3.57,20096999000.0,22.33,None,0.295,1.062,,None,382800000,382800000,,,,,,,,,732900000,1074915254,None,5107300000,5107300000,851400000,None,None,1320800000,None,None,329300000,,2.04,0.0254,,,,0.011,0.0,2276800000,2606100000,0.91,2006-03-31,20.75,1878700000,12088001000.0,6289600000,2134300000,727600000,782200000,782200000,None,142500000,None,949500000,None,None,3201200000,None,None,1351400000,None,None,None,0.202,,3919000000,2370600000,296600000,1296500000,None,None,None,,,,,3.099,75.57,3.206,,,,,,,,0.145,,2519600000,2025-10-31,quarterly,0.91,USD,pre-market,246300000,8976200000,0.153,2.936,0.019,24.76,3920800000,3491600000,290400000,None,85.47,78.38,0.0,8695800000,2949700000,2663300000,7408000000,5746100000,4744700000,11396900000,1287800000,22.33,-7703600000,98.37,74.55
2025-12-28,CL,3.57,20096999000.0,22.33,None,0.295,1.062,,None,340700000,340700000,,,,,,,,,732900000,1088573542,None,5107300000,5107300000,876100000,None,None,1309400000,None,None,329300000,,2.04,0.0254,,,,0.011,0.0,2276800000,2606100000,0.91,2005-12-31,20.75,1845700000,12088001000.0,6289600000,2134300000,727600000,783200000,783200000,None,142500000,None,855800000,None,None,2918000000,None,None,1351400000,None,None,None,0.202,,3919000000,2370600000,251200000,1123200000,None,None,None,,,,,3.099,75.57,3.206,,,,,,,,0.145,,2544100000,2025-10-31,quarterly,0.91,USD,pre-market,246300000,8968100000,0.153,2.936,0.019,24.76,3920800000,3446200000,528200000,None,85.47,78.38,0.0,8507100000,2757100000,2743000000,7157000000,5750000000,4414000000,11396900000,1350100000,22.33,-7581000000,98.37,74.55
2025-12-28,CL,3.57,20096999000.0,22.33,None,0.295,1.062,,None,376300000,376300000,,,,,,,,,732900000,1079682540,None,5107300000,5107300000,804800000,None,None,1337200000,None,None,329300000,,2.04,0.0254,,,,0.011,0.0,2276800000,2606100000,0.91,2005-09-30,20.75,1874400000,12088001000.0,6289600000,2134300000,727600000,2665000000,2665000000,None,142500000,None,890400000,None,None,3017200000,None,None,1351400000,None,None,None,0.202,,3919000000,2370600000,293600000,1182400000,None,None,None,,,,,3.099,75.57,3.206,,,,,,,,0.145,,2558500000,2025-10-31,quarterly,0.91,USD,pre-market,246300000,8771000000,0.153,2.936,0.019,24.76,3920800000,3565400000,548200000,None,85.47,78.38,0.0,8654900000,2897500000,2758400000,7352200000,5757400000,4593800000,11396900000,1302700000,22.33,-7464000000,98.37,74.55
2025-12-28,CL,3.57,20096999000.0,22.33,None,0.295,1.062,,563000000,1096000000,1096000000,,,,,,,,,1466000000,822500000,None,5107300000,5107300000,1805000000,None,660000000,1521000000,None,None,329300000,,2.04,0.0254,,,,0.011,0.0,2276800000,2606100000,0.91,2024-12-31,20.75,3272000000,12088001000.0,6289600000,2134300000,727600000,1756000000,1756000000,None,142500000,None,1987000000,None,None,7289000000,None,None,1351400000,None,None,None,0.202,,3919000000,2370600000,553000000,2622000000,None,320000000,None,,,,,3.099,75.57,3.206,,,,,,,,0.145,,4951000000,2025-10-31,annual,0.91,USD,pre-market,246300000,26145000000,0.153,2.936,0.019,24.76,3920800000,8512000000,767000000,160000000,85.47,78.38,0.0,16046000000,5317000000,5759000000,15502000000,10729000000,9743000000,11396900000,212000000,22.33,None,98.37,74.55
2025-12-28,CL,3.57,20096999000.0,22.33,None,0.295,1.062,,515000000,966000000,966000000,,,,,,,,,1466000000,829200000,None,5107300000,5107300000,1698000000,None,330000000,1586000000,None,None,329300000,,2.04,0.0254,,,,0.011,0.0,2276800000,2606100000,0.91,2023-12-31,20.75,3410000000,12088001000.0,6289600000,2134300000,727600000,1887000000,1887000000,None,142500000,None,1934000000,None,None,8219000000,None,None,1351400000,None,None,None,0.202,,3919000000,2370600000,793000000,2115000000,None,305000000,None,,,,,3.099,75.57,3.206,,,,,,,,0.145,,5073000000,2025-10-31,annual,0.91,USD,pre-market,246300000,25289000000,0.153,2.936,0.019,24.76,3920800000,9064000000,425000000,179000000,85.47,78.38,0.0,16393000000,5279000000,4741000000,15436000000,11114000000,10695000000,11396900000,609000000,22.33,None,98.37,74.55
2025-12-28,CL,3.57,20096999000.0,22.33,None,0.295,1.062,,505000000,775000000,775000000,,,,,,,,,1466000000,838800000,None,5107300000,5107300000,1551000000,None,25000000,1504000000,None,None,329300000,,2.04,0.0254,,,,0.011,0.0,2276800000,2606100000,0.91,2022-12-31,20.75,3352000000,12088001000.0,6289600000,2134300000,727600000,1920000000,1920000000,None,142500000,None,2074000000,None,None,8766000000,None,None,1351400000,None,None,None,0.202,,3919000000,2370600000,760000000,1870000000,None,2180000000,None,,,,,3.099,75.57,3.206,,,,,,,,0.145,,4307000000,2025-10-31,annual,0.91,USD,pre-market,246300000,24573000000,0.153,2.936,0.019,24.76,3920800000,9271000000,133000000,175000000,85.47,78.38,0.0,15731000000,5113000000,4004000000,14925000000,10618000000,10921000000,11396900000,401000000,22.33,None,98.37,74.55
2025-12-28,CL,3.57,20096999000.0,22.33,None,0.295,1.062,,588000000,832000000,832000000,,,,,,,,,1466000000,848300000,None,5107300000,5107300000,1479000000,None,51000000,1297000000,None,None,329300000,,2.04,0.0254,,,,0.011,0.0,2276800000,2606100000,0.91,2021-12-31,20.75,3284000000,12088001000.0,6289600000,2134300000,727600000,2462000000,2462000000,None,142500000,None,1692000000,None,None,7245000000,None,None,1351400000,None,None,None,0.202,,3919000000,2370600000,576000000,4000000000,None,2824000000,None,,,,,3.099,75.57,3.206,,,,,,,,0.145,,3730000000,2025-10-31,annual,0.91,USD,pre-market,246300000,24350000000,0.153,2.936,0.019,24.76,3920800000,7433000000,188000000,34000000,85.47,78.38,0.0,15040000000,4397000000,4000000000,14069000000,10643000000,10069000000,11396900000,609000000,22.33,-24089000000,98.37,74.55
2025-12-28,CL,3.57,20096999000.0,22.33,None,0.295,1.062,,613000000,888000000,888000000,,,,,,,,,1466000000,859300000,None,5107300000,5107300000,1393000000,None,267000000,1264000000,None,None,329300000,,2.04,0.0254,,,,0.011,0.0,2276800000,2606100000,0.91,2020-12-31,20.75,3824000000,12088001000.0,6289600000,2134300000,727600000,2894000000,2894000000,None,142500000,None,1673000000,None,None,7334000000,None,None,1351400000,None,None,None,0.202,,3919000000,2370600000,513000000,4137000000,None,2655000000,None,,,,,3.099,75.57,3.206,,,,,,,,0.145,,3716000000,2025-10-31,annual,0.91,USD,pre-market,246300000,23699000000,0.153,2.936,0.019,24.76,3920800000,7738000000,404000000,37000000,85.47,78.38,0.0,15920000000,4338000000,4137000000,14819000000,11582000000,10682000000,11396900000,743000000,22.33,-23045000000,98.37,74.55
2025-12-28,CL,3.57,20096999000.0,22.33,None,0.295,1.062,,636000000,883000000,883000000,,,,,,,,,1466000000,861100000,None,5107300000,5107300000,1237000000,None,514000000,1440000000,None,None,329300000,,2.04,0.0254,,,,0.011,0.0,2276800000,2606100000,0.91,2019-12-31,20.75,3508000000,12088001000.0,6289600000,2134300000,727600000,2667000000,2667000000,None,142500000,None,1400000000,None,None,7333000000,None,54000000,1351400000,None,None,None,0.202,,3919000000,2370600000,456000000,3524000000,None,2598000000,None,,,,,3.099,75.57,3.206,,,,,,,,0.145,,3750000000,2025-10-31,annual,0.91,USD,pre-market,246300000,22501000000,0.153,2.936,0.019,24.76,3920800000,15180000000,7847000000,23000000,85.47,78.38,0.0,15034000000,4179000000,11371000000,14476000000,10855000000,3105000000,11396900000,117000000,22.33,-22063000000,98.37,74.55
2025-12-28,CL,3.57,20096999000.0,22.33,None,0.295,1.062,,None,726000000,726000000,,,,,,,,,1466000000,873000000,None,5107300000,5107300000,1222000000,None,12000000,1400000000,None,None,329300000,,2.04,0.0254,,,,0.011,0.0,2276800000,2606100000,0.91,2018-12-31,20.75,2530000000,12088001000.0,6289600000,2134300000,727600000,1637000000,1637000000,None,142500000,None,1250000000,None,None,6354000000,None,46000000,1351400000,None,None,None,0.202,,3919000000,2370600000,417000000,1569000000,None,2034000000,None,,,,,3.099,75.57,3.206,,,,,,,,0.145,,3881000000,2025-10-31,annual,0.91,USD,pre-market,246300000,21615000000,0.153,2.936,0.019,24.76,3920800000,6366000000,12000000,10000000,85.47,78.38,0.0,12161000000,3793000000,3341000000,11964000000,8368000000,8623000000,11396900000,-102000000,22.33,-21196000000,98.37,74.55
2025-12-28,CL,3.57,20096999000.0,22.33,None,0.295,1.062,,None,1535000000,1535000000,,,,,,,,,1466000000,887800000,None,5107300000,5107300000,1212000000,None,11000000,1480000000,None,None,329300000,,2.04,0.0254,,,,0.011,0.0,2276800000,2606100000,0.91,2017-12-31,20.75,2218000000,12088001000.0,6289600000,2134300000,727600000,1341000000,1341000000,None,142500000,None,1221000000,None,None,6566000000,None,42000000,1351400000,None,None,None,0.202,,3919000000,2370600000,403000000,1708000000,None,2255000000,None,,,,,3.099,75.57,3.206,,,,,,,,0.145,,4072000000,2025-10-31,annual,0.91,USD,pre-market,246300000,20531000000,0.153,2.936,0.019,24.76,3920800000,6577000000,11000000,14000000,85.47,78.38,0.0,12676000000,4639000000,3408000000,12433000000,8037000000,9025000000,11396900000,-60000000,22.33,-20181000000,98.37,74.55
2025-12-28,CL,3.57,20096999000.0,22.33,None,0.295,1.062,,None,1315000000,1315000000,,,,,,,,,1466000000,898400000,None,5107300000,5107300000,1124000000,None,13000000,1411000000,None,None,329300000,,2.04,0.0254,,,,0.011,0.0,2276800000,2606100000,0.91,2016-12-31,20.75,2107000000,12088001000.0,6289600000,2134300000,727600000,1313000000,1313000000,None,142500000,None,1171000000,None,None,6520000000,None,39000000,1351400000,None,None,None,0.202,,3919000000,2370600000,441000000,1615000000,None,2035000000,None,,,,,3.099,75.57,3.206,,,,,,,,0.145,,3840000000,2025-10-31,annual,0.91,USD,pre-market,246300000,19922000000,0.153,2.936,0.019,24.76,3920800000,6533000000,13000000,71000000,85.47,78.38,0.0,12123000000,4338000000,3305000000,12106000000,7785000000,8801000000,11396900000,-243000000,22.33,-19135000000,98.37,74.55
2025-12-28,CL,3.57,20096999000.0,22.33,None,0.295,1.062,,None,970000000,970000000,,,,,,,,,1466000000,909700000,None,5107300000,5107300000,1110000000,None,298000000,1427000000,None,None,329300000,,2.04,0.0254,,,,0.011,0.0,2276800000,2606100000,0.91,2015-12-31,20.75,2103000000,12088001000.0,6289600000,2134300000,727600000,1346000000,1346000000,None,142500000,None,1180000000,None,None,6269000000,None,41000000,1351400000,None,None,None,0.202,,3919000000,2370600000,807000000,1724000000,None,1966000000,None,,,,,3.099,75.57,3.206,,,,,,,,0.145,,3796000000,2025-10-31,annual,0.91,USD,pre-market,246300000,18861000000,0.153,2.936,0.019,24.76,3920800000,6548000000,302000000,61000000,85.47,78.38,0.0,11958000000,4384000000,3534000000,12002000000,7574000000,8445000000,11396900000,-299000000,22.33,-18102000000,98.37,74.55
2025-12-28,CL,3.57,20096999000.0,22.33,None,0.295,1.062,,None,1089000000,1089000000,,,,,,,,,1466000000,924300000,None,5107300000,5107300000,1231000000,None,958242000,1552000000,None,None,329300000,,2.04,0.0254,,,,0.011,0.0,2276800000,2606100000,0.91,2014-12-31,20.75,2307000000,12088001000.0,6289600000,2134300000,727600000,1413000000,1413000000,None,142500000,None,1382000000,None,None,5644000000,None,37016000,1351400000,None,None,None,0.202,,3919000000,2370600000,840000000,1795000000,None,None,None,,,,,3.099,75.57,3.206,,,,,,,,0.145,,4080000000,2025-10-31,annual,0.91,USD,pre-market,246300000,18832000000,0.153,2.936,0.019,24.76,3920800000,6148000000,504000000,200000000,85.47,78.38,0.0,13459000000,4863000000,3946000000,12074000000,8596000000,8128000000,11396900000,1145000000,22.33,-16862000000,98.37,74.55
2025-12-28,CL,3.57,20096999000.0,22.33,None,0.295,1.062,,None,962000000,962000000,,,,,,,,,1466000000,939900000,None,5107300000,5107300000,1343000000,None,None,1636000000,None,None,329300000,,2.04,0.0254,,,,0.011,0.0,2276800000,2606100000,0.91,2013-12-31,20.75,2474000000,12088001000.0,6289600000,2134300000,727600000,1496000000,1496000000,None,142500000,None,1425000000,None,None,4749000000,None,None,1351400000,None,None,None,0.202,,3919000000,2370600000,799000000,2067000000,None,1677000000,None,,,,,3.099,75.57,3.206,,,,,,,,0.145,,4083000000,2025-10-31,annual,0.91,USD,pre-market,246300000,17952000000,0.153,2.936,0.019,24.76,3920800000,5657000000,908000000,173000000,85.47,78.38,0.0,13876000000,4822000000,4579000000,11340000000,9054000000,6870000000,11396900000,2305000000,22.33,-15633000000,98.37,74.55
2025-12-28,CL,3.57,20096999000.0,22.33,None,0.295,1.062,,None,884000000,884000000,,,,,,,,,733000000,960200000,None,5107300000,5107300000,1290000000,None,None,1668000000,None,None,329300000,,2.04,0.0254,,,,0.011,0.0,2276800000,2606100000,0.91,2012-12-31,20.75,2500000000,12088001000.0,6289600000,2134300000,727600000,1499000000,1499000000,None,142500000,None,1365000000,None,None,4926000000,None,None,1351400000,None,None,None,0.202,,3919000000,2370600000,639000000,1840000000,None,2049000000,None,,,,,3.099,75.57,3.206,,,,,,,,0.145,,3842000000,2025-10-31,annual,0.91,USD,pre-market,246300000,16953000000,0.153,2.936,0.019,24.76,3920800000,5230000000,304000000,116000000,85.47,78.38,0.0,13394000000,4556000000,3736000000,11004000000,8838000000,7268000000,11396900000,2189000000,22.33,-14386000000,98.37,74.55
2025-12-28,CL,3.57,20096999000.0,22.33,None,0.295,1.062,,None,878000000,878000000,,,,,,,,,733000000,984000000,None,5107300000,5107300000,1244000000,None,None,1675000000,None,None,329300000,,2.04,0.0254,,,,0.011,0.0,2276800000,2606100000,0.91,2011-12-31,20.75,2657000000,12088001000.0,6289600000,2134300000,727600000,1341000000,1341000000,None,142500000,None,1327000000,None,None,4430000000,None,None,1351400000,None,None,None,0.202,,3919000000,2370600000,522000000,3336000000,None,1785000000,None,,,,,3.099,75.57,3.206,,,,,,,,0.145,,3668000000,2025-10-31,annual,0.91,USD,pre-market,246300000,15649000000,0.153,2.936,0.019,24.76,3920800000,9240000000,4810000000,72000000,85.47,78.38,0.0,12724000000,4402000000,8146000000,10183000000,8322000000,2037000000,11396900000,2375000000,22.33,-12808000000,98.37,74.55
2025-12-28,CL,3.57,20096999000.0,22.33,None,0.295,1.062,,None,490000000,490000000,,,,,,,,,733000000,1021800000,None,5107300000,5107300000,1165000000,None,None,1610000000,None,None,329300000,,2.04,0.0254,,,,0.011,0.0,2276800000,2606100000,0.91,2010-12-31,20.75,2362000000,12088001000.0,6289600000,2134300000,727600000,831000000,831000000,None,142500000,None,1222000000,None,None,2815000000,None,None,1351400000,None,None,None,0.202,,3919000000,2370600000,408000000,3119000000,None,None,None,,,,,3.099,75.57,3.206,,,,,,,,0.145,,3693000000,2025-10-31,annual,0.91,USD,pre-market,246300000,14329000000,0.153,2.936,0.019,24.76,3920800000,6239000000,3424000000,74000000,85.47,78.38,0.0,11172000000,3730000000,6543000000,8355000000,7442000000,1812000000,11396900000,2675000000,22.33,-11305000000,98.37,74.55
2025-12-28,CL,3.57,20096999000.0,22.33,None,0.295,1.062,,None,600000000,600000000,,,,,,,,,733000000,1049200000,None,5107300000,5107300000,1172000000,None,None,1626000000,None,None,329300000,,2.04,0.0254,,,,0.011,0.0,2276800000,2606100000,0.91,2009-12-31,20.75,2302000000,12088001000.0,6289600000,2134300000,727600000,821000000,821000000,None,142500000,None,1209000000,None,None,2821000000,None,None,1351400000,None,None,None,0.202,,3919000000,2370600000,375000000,3238000000,None,1375000000,None,,,,,3.099,75.57,3.206,,,,,,,,0.145,,3516000000,2025-10-31,annual,0.91,USD,pre-market,246300000,13157000000,0.153,2.936,0.019,24.76,3920800000,6003000000,3182000000,41000000,85.47,78.38,0.0,11134000000,3810000000,6420000000,7877000000,7324000000,1457000000,11396900000,3116000000,22.33,-10478000000,98.37,74.55
2025-12-28,CL,3.57,20096999000.0,22.33,None,0.295,1.062,,None,554900000,554900000,,,,,,,,,732900000,1070000000,None,5107300000,5107300000,1061000000,None,None,1592000000,None,None,329300000,,2.04,0.0254,,,,0.011,0.0,2276800000,2606100000,0.91,2008-12-31,20.75,2152000000,12088001000.0,6289600000,2134300000,727600000,833500000,833500000,None,142500000,None,1197100000,None,None,3585300000,None,None,1351400000,None,None,None,0.202,,3919000000,2370600000,353900000,1420600000,None,None,None,,,,,3.099,75.57,3.206,,,,,,,,0.145,,3119500000,2025-10-31,annual,0.91,USD,pre-market,246300000,11759500000,0.153,2.936,0.019,24.76,3920800000,3783000000,198000000,12200000,85.47,78.38,0.0,9979300000,3710000000,2952000000,8057200000,6269300000,4983000000,11396900000,1922100000,22.33,-9696700000,98.37,74.55
2025-12-28,CL,3.57,20096999000.0,22.33,None,0.295,1.062,,None,428700000,428700000,,,,,,,,,732900000,1068375000,None,5107300000,5107300000,1066800000,None,None,1680700000,None,None,329300000,,2.04,0.0254,,,,0.011,0.0,2276800000,2606100000,0.91,2007-12-31,20.75,2272000000,12088001000.0,6289600000,2134300000,727600000,844800000,844800000,None,142500000,None,1171000000,None,None,3221900000,None,None,1351400000,None,None,None,0.202,,3919000000,2370600000,338100000,1539200000,None,None,None,,,,,3.099,75.57,3.206,,,,,,,,0.145,,3015200000,2025-10-31,annual,0.91,USD,pre-market,246300000,10627500000,0.153,2.936,0.019,24.76,3920800000,3515900000,294000000,22600000,85.47,78.38,0.0,10112000000,3618500000,3162700000,7715900000,6493500000,4553200000,11396900000,2286200000,22.33,-8903700000,98.37,74.55
2025-12-28,CL,3.57,20096999000.0,22.33,None,0.295,1.062,,None,489500000,489500000,,,,,,,,,732900000,1076991870,None,5107300000,5107300000,1039700000,None,None,1523200000,None,None,329300000,,2.04,0.0254,,,,0.011,0.0,2276800000,2606100000,0.91,2006-12-31,20.75,2081800000,12088001000.0,6289600000,2134300000,727600000,831100000,831100000,None,142500000,None,1008400000,None,None,2720400000,None,None,1351400000,None,None,None,0.202,,3919000000,2370600000,279900000,1317100000,None,None,None,,,,,3.099,75.57,3.206,,,,,,,,0.145,,2696100000,2025-10-31,annual,0.91,USD,pre-market,246300000,9643700000,0.153,2.936,0.019,24.76,3920800000,3671200000,950800000,None,85.47,78.38,0.0,9138000000,3301000000,3469100000,7727100000,5837000000,4258000000,11396900000,1410900000,22.33,-8073900000,98.37,74.55
2025-12-28,CL,3.57,20096999000.0,22.33,None,0.295,1.062,,None,340700000,340700000,,,,,,,,,732900000,1089053498,None,5107300000,5107300000,876100000,None,None,1309400000,None,None,329300000,,2.04,0.0254,,,,0.011,0.0,2276800000,2606100000,0.91,2005-12-31,20.75,1845700000,12088001000.0,6289600000,2134300000,727600000,783200000,783200000,None,142500000,None,855800000,None,None,2918000000,None,None,1351400000,None,None,None,0.202,,3919000000,2370600000,251200000,1123200000,None,None,None,,,,,3.099,75.57,3.206,,,,,,,,0.145,,2544100000,2025-10-31,annual,0.91,USD,pre-market,246300000,8968100000,0.153,2.936,0.019,24.76,3920800000,3446200000,528200000,None,85.47,78.38,0.0,8507100000,2757100000,2743000000,7157000000,5750000000,4414000000,11396900000,1350100000,22.33,-7581000000,98.37,74.55
2025-12-28,CL,3.57,20096999000.0,22.33,None,0.295,1.062,155000000,None,340700000,340700000,-1028000000,-154000000,None,None,6000000,None,None,None,732900000,1089053498,None,5107300000,5107300000,876100000,None,None,1309400000,None,None,329300000,158000000,2.04,0.0254,420000000,420000000,None,0.011,0.0,2276800000,2606100000,0.91,2025-09-30,20.75,1845700000,12088001000.0,6289600000,2134300000,727600000,783200000,783200000,None,142500000,None,855800000,None,None,2918000000,None,None,767000000,None,None,None,0.202,1261000000,3919000000,2370600000,251200000,1123200000,None,None,None,None,None,None,None,3.099,75.57,3.206,None,None,None,None,None,516000000,None,0.145,None,2544100000,2025-10-31,quarterly,0.91,USD,pre-market,246300000,8968100000,0.153,2.936,0.019,24.76,3920800000,3446200000,528200000,None,85.47,78.38,0.0,8507100000,2757100000,2743000000,7157000000,5750000000,4414000000,11396900000,1350100000,22.33,-7581000000,98.37,74.55
2025-12-28,CL,3.57,20096999000.0,22.33,None,0.295,1.062,108000000,None,340700000,340700000,-409000000,-401000000,None,None,89000000,None,None,None,732900000,1089053498,None,5107300000,5107300000,876100000,None,None,1309400000,None,None,329300000,151000000,2.04,0.0254,474000000,474000000,None,0.011,0.0,2276800000,2606100000,0.91,2025-06-30,20.75,1845700000,12088001000.0,6289600000,2134300000,727600000,783200000,783200000,None,142500000,None,855800000,None,None,2918000000,None,None,773000000,None,None,None,0.202,884000000,3919000000,2370600000,251200000,1123200000,None,None,None,None,None,None,None,3.099,75.57,3.206,None,None,None,None,None,-232000000,None,0.145,None,2544100000,2025-10-31,quarterly,0.91,USD,pre-market,246300000,8968100000,0.153,2.936,0.019,24.76,3920800000,3446200000,528200000,None,85.47,78.38,0.0,8507100000,2757100000,2743000000,7157000000,5750000000,4414000000,11396900000,1350100000,22.33,-7581000000,98.37,74.55
2025-12-28,CL,3.57,20096999000.0,22.33,None,0.295,1.062,124000000,None,340700000,340700000,-458000000,-159000000,None,None,-86000000,None,None,None,732900000,1089053498,None,5107300000,5107300000,876100000,None,None,1309400000,None,None,329300000,148000000,2.04,0.0254,406000000,406000000,None,0.011,0.0,2276800000,2606100000,0.91,2025-03-31,20.75,1845700000,12088001000.0,6289600000,2134300000,727600000,783200000,783200000,None,142500000,None,855800000,None,None,2918000000,None,None,726000000,None,None,None,0.202,600000000,3919000000,2370600000,251200000,1123200000,None,None,None,None,None,None,None,3.099,75.57,3.206,None,None,None,None,None,-284000000,None,0.145,None,2544100000,2025-10-31,quarterly,0.91,USD,pre-market,246300000,8968100000,0.153,2.936,0.019,24.76,3920800000,3446200000,528200000,None,85.47,78.38,0.0,8507100000,2757100000,2743000000,7157000000,5750000000,4414000000,11396900000,1350100000,22.33,-7581000000,98.37,74.55
2025-12-28,CL,3.57,20096999000.0,22.33,None,0.295,1.062,184000000,None,340700000,340700000,-1279000000,-80000000,None,None,-6000000,None,None,None,732900000,1089053498,None,5107300000,5107300000,876100000,None,None,1309400000,None,None,329300000,148000000,2.04,0.0254,514000000,514000000,None,0.011,0.0,2276800000,2606100000,0.91,2024-12-31,20.75,1845700000,12088001000.0,6289600000,2134300000,727600000,783200000,783200000,None,142500000,None,855800000,None,None,2918000000,None,None,779000000,None,None,None,0.202,1269000000,3919000000,2370600000,251200000,1123200000,None,None,None,None,None,None,None,3.099,75.57,3.206,None,None,None,None,None,-455000000,None,0.145,None,2544100000,2025-10-31,quarterly,0.91,USD,pre-market,246300000,8968100000,0.153,2.936,0.019,24.76,3920800000,3446200000,528200000,None,85.47,78.38,0.0,8507100000,2757100000,2743000000,7157000000,5750000000,4414000000,11396900000,1350100000,22.33,-7581000000,98.37,74.55
2025-12-28,CL,3.57,20096999000.0,22.33,None,0.295,1.062,134000000,None,340700000,340700000,-904000000,-150000000,None,None,-77000000,None,None,None,732900000,1089053498,None,5107300000,5107300000,876100000,None,None,1309400000,None,None,329300000,150000000,2.04,0.0254,408000000,408000000,None,0.011,0.0,2276800000,2606100000,0.91,2024-09-30,20.75,1845700000,12088001000.0,6289600000,2134300000,727600000,783200000,783200000,None,142500000,None,855800000,None,None,2918000000,None,None,775000000,None,None,None,0.202,1167000000,3919000000,2370600000,251200000,1123200000,None,None,None,None,None,None,None,3.099,75.57,3.206,None,None,None,None,None,-295000000,None,0.145,None,2544100000,2025-10-31,quarterly,0.91,USD,pre-market,246300000,8968100000,0.153,2.936,0.019,24.76,3920800000,3446200000,528200000,None,85.47,78.38,0.0,8507100000,2757100000,2743000000,7157000000,5750000000,4414000000,11396900000,1350100000,22.33,-7581000000,98.37,74.55
2025-12-28,CL,3.57,20096999000.0,22.33,None,0.295,1.062,117000000,None,340700000,340700000,-845000000,-111000000,None,None,-28000000,None,None,None,732900000,1089053498,None,5107300000,5107300000,876100000,None,None,1309400000,None,None,329300000,157000000,2.04,0.0254,473000000,473000000,None,0.011,0.0,2276800000,2606100000,0.91,2024-06-30,20.75,1845700000,12088001000.0,6289600000,2134300000,727600000,783200000,783200000,None,142500000,None,855800000,None,None,2918000000,None,None,766000000,None,None,None,0.202,990000000,3919000000,2370600000,251200000,1123200000,None,None,None,None,None,None,None,3.099,75.57,3.206,None,None,None,None,None,-480000000,None,0.145,None,2544100000,2025-10-31,quarterly,0.91,USD,pre-market,246300000,8968100000,0.153,2.936,0.019,24.76,3920800000,3446200000,528200000,None,85.47,78.38,0.0,8507100000,2757100000,2743000000,7157000000,5750000000,4414000000,11396900000,1350100000,22.33,-7581000000,98.37,74.55
2025-12-28,CL,3.57,20096999000.0,22.33,None,0.295,1.062,126000000,None,340700000,340700000,-361000000,-193000000,None,None,11000000,None,None,None,732900000,1089053498,None,5107300000,5107300000,876100000,None,None,1309400000,None,None,329300000,150000000,2.04,0.0254,394000000,394000000,None,0.011,0.0,2276800000,2606100000,0.91,2024-03-31,20.75,1845700000,12088001000.0,6289600000,2134300000,727600000,783200000,783200000,None,142500000,None,855800000,None,None,2918000000,None,None,729000000,None,None,None,0.202,681000000,3919000000,2370600000,251200000,1123200000,None,None,None,None,None,None,None,3.099,75.57,3.206,None,None,None,None,None,-509000000,None,0.145,None,2544100000,2025-10-31,quarterly,0.91,USD,pre-market,246300000,8968100000,0.153,2.936,0.019,24.76,3920800000,3446200000,528200000,None,85.47,78.38,0.0,8507100000,2757100000,2743000000,7157000000,5750000000,4414000000,11396900000,1350100000,22.33,-7581000000,98.37,74.55
2025-12-28,CL,3.57,20096999000.0,22.33,None,0.295,1.062,197000000,None,340700000,340700000,-992000000,-143000000,None,None,44000000,None,None,None,732900000,1089053498,None,5107300000,5107300000,876100000,None,None,1309400000,None,None,329300000,150000000,2.04,0.0254,506000000,506000000,None,0.011,0.0,2276800000,2606100000,0.91,2023-12-31,20.75,1845700000,12088001000.0,6289600000,2134300000,727600000,783200000,783200000,None,142500000,None,855800000,None,None,2918000000,None,None,760000000,None,None,None,0.202,1136000000,3919000000,2370600000,251200000,1123200000,None,None,None,None,None,None,None,3.099,75.57,3.206,None,None,None,None,None,-245000000,None,0.145,None,2544100000,2025-10-31,quarterly,0.91,USD,pre-market,246300000,8968100000,0.153,2.936,0.019,24.76,3920800000,3446200000,528200000,None,85.47,78.38,0.0,8507100000,2757100000,2743000000,7157000000,5750000000,4414000000,11396900000,1350100000,22.33,-7581000000,98.37,74.55
2025-12-28,CL,3.57,20096999000.0,22.33,None,0.295,1.062,161000000,None,340700000,340700000,-846000000,-599000000,None,None,96000000,None,None,None,732900000,1089053498,None,5107300000,5107300000,876100000,None,None,1309400000,None,None,329300000,144000000,2.04,0.0254,396000000,396000000,None,0.011,0.0,2276800000,2606100000,0.91,2023-09-30,20.75,1845700000,12088001000.0,6289600000,2134300000,727600000,783200000,783200000,None,142500000,None,855800000,None,None,2918000000,None,None,747000000,None,None,None,0.202,1152000000,3919000000,2370600000,251200000,1123200000,None,None,None,None,None,None,None,3.099,75.57,3.206,None,None,None,None,None,-332000000,None,0.145,None,2544100000,2025-10-31,quarterly,0.91,USD,pre-market,246300000,8968100000,0.153,2.936,0.019,24.76,3920800000,3446200000,528200000,None,85.47,78.38,0.0,8507100000,2757100000,2743000000,7157000000,5750000000,4414000000,11396900000,1350100000,22.33,-7581000000,98.37,74.55
2025-12-28,CL,3.57,20096999000.0,22.33,None,0.295,1.062,184000000,None,340700000,340700000,-580000000,-174000000,-32000000,None,78000000,None,None,-55000000,732900000,1089053498,None,5107300000,5107300000,876100000,None,None,1309400000,None,None,329300000,145000000,2.04,0.0254,457000000,457000000,None,0.011,0.0,2276800000,2606100000,0.91,2023-06-30,20.75,1845700000,12088001000.0,6289600000,2134300000,727600000,783200000,783200000,None,142500000,None,855800000,None,None,2918000000,None,None,534000000,None,None,None,0.202,722000000,3919000000,2370600000,251200000,1123200000,None,None,None,None,None,None,None,3.099,75.57,3.206,None,None,None,None,None,-371000000,None,0.145,None,2544100000,2025-10-31,quarterly,0.91,USD,pre-market,246300000,8968100000,0.153,2.936,0.019,24.76,3920800000,3446200000,528200000,None,85.47,78.38,0.0,8507100000,2757100000,2743000000,7157000000,5750000000,4414000000,11396900000,1350100000,22.33,-7581000000,98.37,74.55
2025-12-28,CL,3.57,20096999000.0,22.33,None,0.295,1.062,163000000,None,340700000,340700000,-375000000,-264000000,96000000,None,-24000000,None,None,-57000000,732900000,1089053498,None,5107300000,5107300000,876100000,None,None,1309400000,None,None,329300000,128000000,2.04,0.0254,390000000,390000000,None,0.011,0.0,2276800000,2606100000,0.91,2023-03-31,20.75,1845700000,12088001000.0,6289600000,2134300000,727600000,783200000,783200000,None,142500000,None,855800000,None,None,2918000000,None,None,414000000,None,None,None,0.202,735000000,3919000000,2370600000,251200000,1123200000,None,None,None,None,None,None,None,3.099,75.57,3.206,None,None,None,None,None,-180000000,None,0.145,None,2544100000,2025-10-31,quarterly,0.91,USD,pre-market,246300000,8968100000,0.153,2.936,0.019,24.76,3920800000,3446200000,528200000,None,85.47,78.38,0.0,8507100000,2757100000,2743000000,7157000000,5750000000,4414000000,11396900000,1350100000,22.33,-7581000000,98.37,74.55
2025-12-28,CL,3.57,20096999000.0,22.33,None,0.295,1.062,221000000,None,340700000,340700000,-666000000,-1601000000,-166000000,None,89000000,None,None,-56000000,732900000,1089053498,None,5107300000,5107300000,876100000,None,None,1309400000,None,None,329300000,135000000,2.04,0.0254,485000000,485000000,None,0.011,0.0,2276800000,2606100000,0.91,2022-12-31,20.75,1845700000,12088001000.0,6289600000,2134300000,727600000,783200000,783200000,None,142500000,None,855800000,None,None,2918000000,None,None,43000000,None,None,None,0.202,673000000,3919000000,2370600000,251200000,1123200000,None,None,None,None,None,None,None,3.099,75.57,3.206,None,None,None,None,None,-413000000,None,0.145,None,2544100000,2025-10-31,quarterly,0.91,USD,pre-market,246300000,8968100000,0.153,2.936,0.019,24.76,3920800000,3446200000,528200000,None,85.47,78.38,0.0,8507100000,2757100000,2743000000,7157000000,5750000000,4414000000,11396900000,1350100000,22.33,-7581000000,98.37,74.55
2025-12-28,CL,3.57,20096999000.0,22.33,None,0.295,1.062,175000000,None,340700000,340700000,99000000,-946000000,122000000,None,-90000000,None,None,20000000,732900000,1089053498,None,5107300000,5107300000,876100000,None,None,1309400000,None,None,329300000,134000000,2.04,0.0254,392000000,392000000,None,0.011,0.0,2276800000,2606100000,0.91,2022-09-30,20.75,1845700000,12088001000.0,6289600000,2134300000,727600000,783200000,783200000,None,142500000,None,855800000,None,None,2918000000,None,None,682000000,None,None,None,0.202,969000000,3919000000,2370600000,251200000,1123200000,None,None,None,None,None,None,None,3.099,75.57,3.206,None,None,None,None,None,-104000000,None,0.145,None,2544100000,2025-10-31,quarterly,0.91,USD,pre-market,246300000,8968100000,0.153,2.936,0.019,24.76,3920800000,3446200000,528200000,None,85.47,78.38,0.0,8507100000,2757100000,2743000000,7157000000,5750000000,4414000000,11396900000,1350100000,22.33,-7581000000,98.37,74.55
2025-12-28,CL,3.57,20096999000.0,22.33,None,0.295,1.062,178000000,None,340700000,340700000,-181000000,-341000000,6000000,None,-117000000,None,None,6000000,732900000,1089053498,None,5107300000,5107300000,876100000,None,None,1309400000,None,None,329300000,138000000,2.04,0.0254,436000000,436000000,None,0.011,0.0,2276800000,2606100000,0.91,2022-06-30,20.75,1845700000,12088001000.0,6289600000,2134300000,727600000,783200000,783200000,None,142500000,None,855800000,None,None,2918000000,None,None,639000000,None,None,None,0.202,528000000,3919000000,2370600000,251200000,1123200000,None,None,None,None,None,None,None,3.099,75.57,3.206,None,None,None,None,None,-381000000,None,0.145,None,2544100000,2025-10-31,quarterly,0.91,USD,pre-market,246300000,8968100000,0.153,2.936,0.019,24.76,3920800000,3446200000,528200000,None,85.47,78.38,0.0,8507100000,2757100000,2743000000,7157000000,5750000000,4414000000,11396900000,1350100000,22.33,-7581000000,98.37,74.55
2025-12-28,CL,3.57,20096999000.0,22.33,None,0.295,1.062,122000000,None,340700000,340700000,-204000000,-141000000,41000000,None,-215000000,None,None,-197000000,732900000,1089053498,None,5107300000,5107300000,876100000,None,None,1309400000,None,None,329300000,138000000,2.04,0.0254,378000000,378000000,None,0.011,0.0,2276800000,2606100000,0.91,2022-03-31,20.75,1845700000,12088001000.0,6289600000,2134300000,727600000,783200000,783200000,None,142500000,None,855800000,None,None,2918000000,None,None,603000000,None,None,None,0.202,386000000,3919000000,2370600000,251200000,1123200000,None,None,None,None,None,None,None,3.099,75.57,3.206,None,None,None,None,None,-410000000,None,0.145,None,2544100000,2025-10-31,quarterly,0.91,USD,pre-market,246300000,8968100000,0.153,2.936,0.019,24.76,3920800000,3446200000,528200000,None,85.47,78.38,0.0,8507100000,2757100000,2743000000,7157000000,5750000000,4414000000,11396900000,1350100000,22.33,-7581000000,98.37,74.55
2025-12-28,CL,3.57,20096999000.0,22.33,None,0.295,1.062,193000000,None,340700000,340700000,-1106000000,-130000000,-130000000,None,-35000000,None,None,114000000,732900000,1089053498,None,5107300000,5107300000,876100000,None,None,1309400000,None,None,329300000,142000000,2.04,0.0254,496000000,496000000,None,0.011,0.0,2276800000,2606100000,0.91,2021-12-31,20.75,1845700000,12088001000.0,6289600000,2134300000,727600000,783200000,783200000,None,142500000,None,855800000,None,None,2918000000,None,None,188000000,None,None,None,0.202,1106000000,3919000000,2370600000,251200000,1123200000,None,None,None,None,None,None,None,3.099,75.57,3.206,None,None,None,None,None,-356000000,None,0.145,None,2544100000,2025-10-31,quarterly,0.91,USD,pre-market,246300000,8968100000,0.153,2.936,0.019,24.76,3920800000,3446200000,528200000,None,85.47,78.38,0.0,8507100000,2757100000,2743000000,7157000000,5750000000,4414000000,11396900000,1350100000,22.33,-7581000000,98.37,74.55
2025-12-28,CL,3.57,20096999000.0,22.33,None,0.295,1.062,137000000,None,340700000,340700000,-784000000,-173000000,37000000,None,2000000,None,None,-10000000,732900000,1089053498,None,5107300000,5107300000,876100000,None,None,1309400000,None,None,329300000,140000000,2.04,0.0254,387000000,387000000,None,0.011,0.0,2276800000,2606100000,0.91,2021-09-30,20.75,1845700000,12088001000.0,6289600000,2134300000,727600000,783200000,783200000,None,142500000,None,855800000,None,None,2918000000,None,None,681000000,None,None,None,0.202,994000000,3919000000,2370600000,251200000,1123200000,None,None,None,None,None,None,None,3.099,75.57,3.206,None,None,None,None,None,-251000000,None,0.145,None,2544100000,2025-10-31,quarterly,0.91,USD,pre-market,246300000,8968100000,0.153,2.936,0.019,24.76,3920800000,3446200000,528200000,None,85.47,78.38,0.0,8507100000,2757100000,2743000000,7157000000,5750000000,4414000000,11396900000,1350100000,22.33,-7581000000,98.37,74.55
2025-12-28,CL,3.57,20096999000.0,22.33,None,0.295,1.062,130000000,None,340700000,340700000,-550000000,-147000000,-70000000,None,1000000,None,None,-18000000,732900000,1089053498,None,5107300000,5107300000,876100000,None,None,1309400000,None,None,329300000,137000000,2.04,0.0254,420000000,420000000,None,0.011,0.0,2276800000,2606100000,0.91,2021-06-30,20.75,1845700000,12088001000.0,6289600000,2134300000,727600000,783200000,783200000,None,142500000,None,855800000,None,None,2918000000,None,None,741000000,None,None,None,0.202,627000000,3919000000,2370600000,251200000,1123200000,None,None,None,None,None,None,None,3.099,75.57,3.206,None,None,None,None,None,-341000000,None,0.145,None,2544100000,2025-10-31,quarterly,0.91,USD,pre-market,246300000,8968100000,0.153,2.936,0.019,24.76,3920800000,3446200000,528200000,None,85.47,78.38,0.0,8507100000,2757100000,2743000000,7157000000,5750000000,4414000000,11396900000,1350100000,22.33,-7581000000,98.37,74.55
2025-12-28,CL,3.57,20096999000.0,22.33,None,0.295,1.062,107000000,None,340700000,340700000,-334000000,-142000000,122000000,None,-40000000,None,None,-170000000,732900000,1089053498,None,5107300000,5107300000,876100000,None,None,1309400000,None,None,329300000,137000000,2.04,0.0254,376000000,376000000,None,0.011,0.0,2276800000,2606100000,0.91,2021-03-31,20.75,1845700000,12088001000.0,6289600000,2134300000,727600000,783200000,783200000,None,142500000,None,855800000,None,None,2918000000,None,None,728000000,None,None,None,0.202,598000000,3919000000,2370600000,251200000,1123200000,None,None,None,None,None,None,None,3.099,75.57,3.206,None,None,None,None,None,-372000000,None,0.145,None,2544100000,2025-10-31,quarterly,0.91,USD,pre-market,246300000,8968100000,0.153,2.936,0.019,24.76,3920800000,3446200000,528200000,None,85.47,78.38,0.0,8507100000,2757100000,2743000000,7157000000,5750000000,4414000000,11396900000,1350100000,22.33,-7581000000,98.37,74.55
2025-12-28,CL,3.57,20096999000.0,22.33,None,0.295,1.062,161000000,None,340700000,340700000,-951000000,-111000000,-99000000,None,-37000000,None,None,76000000,732900000,1089053498,None,5107300000,5107300000,876100000,None,None,1309400000,None,None,329300000,139000000,2.04,0.0254,340000000,340000000,None,0.011,0.0,2276800000,2606100000,0.91,2020-12-31,20.75,1845700000,12088001000.0,6289600000,2134300000,727600000,783200000,783200000,None,142500000,None,855800000,None,None,2918000000,None,None,692000000,None,None,None,0.202,963000000,3919000000,2370600000,251200000,1123200000,None,None,None,None,None,None,None,3.099,75.57,3.206,None,None,None,None,None,-898000000,None,0.145,None,2544100000,2025-10-31,quarterly,0.91,USD,pre-market,246300000,8968100000,0.153,2.936,0.019,24.76,3920800000,3446200000,528200000,None,85.47,78.38,0.0,8507100000,2757100000,2743000000,7157000000,5750000000,4414000000,11396900000,1350100000,22.33,-7581000000,98.37,74.55
2025-12-28,CL,3.57,20096999000.0,22.33,None,0.295,1.062,90000000,None,340700000,340700000,-728000000,-250000000,-16000000,None,-38000000,None,None,-59000000,732900000,1089053498,None,5107300000,5107300000,876100000,None,None,1309400000,None,None,329300000,134000000,2.04,0.0254,378000000,378000000,None,0.011,0.0,2276800000,2606100000,0.91,2020-09-30,20.75,1845700000,12088001000.0,6289600000,2134300000,727600000,783200000,783200000,None,142500000,None,855800000,None,None,2918000000,None,None,745000000,None,None,None,0.202,962000000,3919000000,2370600000,251200000,1123200000,None,None,None,None,None,None,None,3.099,75.57,3.206,None,None,None,None,None,-350000000,None,0.145,None,2544100000,2025-10-31,quarterly,0.91,USD,pre-market,246300000,8968100000,0.153,2.936,0.019,24.76,3920800000,3446200000,528200000,None,85.47,78.38,0.0,8507100000,2757100000,2743000000,7157000000,5750000000,4414000000,11396900000,1350100000,22.33,-7581000000,98.37,74.55
2025-12-28,CL,3.57,20096999000.0,22.33,None,0.295,1.062,77000000,None,340700000,340700000,-833000000,-58000000,135000000,None,-205000000,None,None,332000000,732900000,1089053498,None,5107300000,5107300000,876100000,None,None,1309400000,None,None,329300000,133000000,2.04,0.0254,411000000,411000000,None,0.011,0.0,2276800000,2606100000,0.91,2020-06-30,20.75,1845700000,12088001000.0,6289600000,2134300000,727600000,783200000,783200000,None,142500000,None,855800000,None,None,2918000000,None,None,675000000,None,None,None,0.202,1026000000,3919000000,2370600000,251200000,1123200000,None,None,None,None,None,None,None,3.099,75.57,3.206,None,None,None,None,None,-8000000,None,0.145,None,2544100000,2025-10-31,quarterly,0.91,USD,pre-market,246300000,8968100000,0.153,2.936,0.019,24.76,3920800000,3446200000,528200000,None,85.47,78.38,0.0,8507100000,2757100000,2743000000,7157000000,5750000000,4414000000,11396900000,1350100000,22.33,-7581000000,98.37,74.55
2025-12-28,CL,3.57,20096999000.0,22.33,None,0.295,1.062,82000000,None,340700000,340700000,-308000000,-459000000,1000000,None,29000000,None,None,-211000000,732900000,1089053498,None,5107300000,5107300000,876100000,None,None,1309400000,None,None,329300000,133000000,2.04,0.0254,373000000,373000000,None,0.011,0.0,2276800000,2606100000,0.91,2020-03-31,20.75,1845700000,12088001000.0,6289600000,2134300000,727600000,783200000,783200000,None,142500000,None,855800000,None,None,2918000000,None,None,748000000,None,None,None,0.202,768000000,3919000000,2370600000,251200000,1123200000,None,None,None,None,None,None,None,3.099,75.57,3.206,None,None,None,None,None,-220000000,None,0.145,None,2544100000,2025-10-31,quarterly,0.91,USD,pre-market,246300000,8968100000,0.153,2.936,0.019,24.76,3920800000,3446200000,528200000,None,85.47,78.38,0.0,8507100000,2757100000,2743000000,7157000000,5750000000,4414000000,11396900000,1350100000,22.33,-7581000000,98.37,74.55
2025-12-28,CL,3.57,20096999000.0,22.33,None,0.295,1.062,109000000,None,340700000,340700000,-1020000000,-24000000,-74000000,None,-8000000,None,None,84000000,732900000,1089053498,None,5107300000,5107300000,876100000,None,None,1309400000,None,None,329300000,133000000,2.04,0.0254,474000000,474000000,None,0.011,0.0,2276800000,2606100000,0.91,2019-12-31,20.75,1845700000,12088001000.0,6289600000,2134300000,727600000,783200000,783200000,None,142500000,None,855800000,None,None,2918000000,None,None,682000000,None,None,None,0.202,970000000,3919000000,2370600000,251200000,1123200000,None,None,None,None,None,None,None,3.099,75.57,3.206,None,None,None,None,None,-178000000,None,0.145,None,2544100000,2025-10-31,quarterly,0.91,USD,pre-market,246300000,8968100000,0.153,2.936,0.019,24.76,3920800000,3446200000,528200000,None,85.47,78.38,0.0,8507100000,2757100000,2743000000,7157000000,5750000000,4414000000,11396900000,1350100000,22.33,-7581000000,98.37,74.55
2025-12-28,CL,3.57,20096999000.0,22.33,None,0.295,1.062,80000000,None,340700000,340700000,1054000000,-1863000000,105000000,None,-6000000,None,None,113000000,732900000,1089053498,None,5107300000,5107300000,876100000,None,None,1309400000,None,None,329300000,130000000,2.04,0.0254,370000000,370000000,None,0.011,0.0,2276800000,2606100000,0.91,2019-09-30,20.75,1845700000,12088001000.0,6289600000,2134300000,727600000,783200000,783200000,None,142500000,None,855800000,None,None,2918000000,None,None,627000000,None,None,None,0.202,914000000,3919000000,2370600000,251200000,1123200000,None,None,None,None,None,None,None,3.099,75.57,3.206,None,None,None,None,None,-360000000,None,0.145,None,2544100000,2025-10-31,quarterly,0.91,USD,pre-market,246300000,8968100000,0.153,2.936,0.019,24.76,3920800000,3446200000,528200000,None,85.47,78.38,0.0,8507100000,2757100000,2743000000,7157000000,5750000000,4414000000,11396900000,1350100000,22.33,-7581000000,98.37,74.55
2025-12-28,CL,3.57,20096999000.0,22.33,None,0.295,1.062,75000000,None,340700000,340700000,-512000000,-114000000,18000000,None,-31000000,None,None,-33000000,732900000,1089053498,None,5107300000,5107300000,876100000,None,None,1309400000,None,None,329300000,128000000,2.04,0.0254,404000000,404000000,None,0.011,0.0,2276800000,2606100000,0.91,2019-06-30,20.75,1845700000,12088001000.0,6289600000,2134300000,727600000,783200000,783200000,None,142500000,None,855800000,None,None,2918000000,None,None,618000000,None,None,None,0.202,644000000,3919000000,2370600000,251200000,1123200000,None,None,None,None,None,None,None,3.099,75.57,3.206,None,None,None,None,None,-265000000,None,0.145,None,2544100000,2025-10-31,quarterly,0.91,USD,pre-market,246300000,8968100000,0.153,2.936,0.019,24.76,3920800000,3446200000,528200000,None,85.47,78.38,0.0,8507100000,2757100000,2743000000,7157000000,5750000000,4414000000,11396900000,1350100000,22.33,-7581000000,98.37,74.55
2025-12-28,CL,3.57,20096999000.0,22.33,None,0.295,1.062,71000000,None,340700000,340700000,-392000000,-98000000,115000000,None,-32000000,None,None,-145000000,732900000,1089053498,None,5107300000,5107300000,876100000,None,None,1309400000,None,None,329300000,128000000,2.04,0.0254,366000000,366000000,None,0.011,0.0,2276800000,2606100000,0.91,2019-03-31,20.75,1845700000,12088001000.0,6289600000,2134300000,727600000,783200000,783200000,None,142500000,None,855800000,None,None,2918000000,None,None,600000000,None,None,None,0.202,605000000,3919000000,2370600000,251200000,1123200000,None,None,None,None,None,None,None,3.099,75.57,3.206,None,None,None,None,None,-399000000,None,0.145,None,2544100000,2025-10-31,quarterly,0.91,USD,pre-market,246300000,8968100000,0.153,2.936,0.019,24.76,3920800000,3446200000,528200000,None,85.47,78.38,0.0,8507100000,2757100000,2743000000,7157000000,5750000000,4414000000,11396900000,1350100000,22.33,-7581000000,98.37,74.55
2025-12-28,CL,3.57,20096999000.0,22.33,None,0.295,1.062,115000000,None,340700000,340700000,-978000000,4000000,-115000000,-3000000,-22000000,None,None,117000000,732900000,1089053498,None,5107300000,5107300000,876100000,None,None,1309400000,None,None,329300000,126000000,2.04,0.0254,469000000,469000000,None,0.011,0.0,2276800000,2606100000,0.91,2018-12-31,20.75,1845700000,12088001000.0,6289600000,2134300000,727600000,783200000,783200000,None,142500000,None,855800000,None,None,2918000000,None,None,643000000,None,None,None,0.202,862000000,3919000000,2370600000,251200000,1123200000,None,None,None,None,None,None,None,3.099,75.57,3.206,None,None,None,None,None,-282000000,None,0.145,None,2544100000,2025-10-31,quarterly,0.91,USD,pre-market,246300000,8968100000,0.153,2.936,0.019,24.76,3920800000,3446200000,528200000,None,85.47,78.38,0.0,8507100000,2757100000,2743000000,7157000000,5750000000,4414000000,11396900000,1350100000,22.33,-7581000000,98.37,74.55
2025-12-28,CL,3.57,20096999000.0,22.33,None,0.295,1.062,105000000,None,340700000,340700000,-722000000,-161000000,8000000,-6000000,-6000000,None,None,4000000,732900000,1089053498,None,5107300000,5107300000,876100000,None,None,1309400000,None,None,329300000,127000000,2.04,0.0254,366000000,366000000,None,0.011,0.0,2276800000,2606100000,0.91,2018-09-30,20.75,1845700000,12088001000.0,6289600000,2134300000,727600000,783200000,783200000,None,142500000,None,855800000,None,None,2918000000,None,None,562000000,None,None,None,0.202,897000000,3919000000,2370600000,251200000,1123200000,None,None,None,None,None,None,None,3.099,75.57,3.206,None,None,None,None,None,-260000000,None,0.145,None,2544100000,2025-10-31,quarterly,0.91,USD,pre-market,246300000,8968100000,0.153,2.936,0.019,24.76,3920800000,3446200000,528200000,None,85.47,78.38,0.0,8507100000,2757100000,2743000000,7157000000,5750000000,4414000000,11396900000,1350100000,22.33,-7581000000,98.37,74.55
2025-12-28,CL,3.57,20096999000.0,22.33,None,0.295,1.062,98000000,None,340700000,340700000,-542000000,-132000000,-18000000,-25000000,3000000,None,None,11000000,732900000,1089053498,None,5107300000,5107300000,876100000,None,None,1309400000,None,None,329300000,129000000,2.04,0.0254,404000000,404000000,None,0.011,0.0,2276800000,2606100000,0.91,2018-06-30,20.75,1845700000,12088001000.0,6289600000,2134300000,727600000,783200000,783200000,None,142500000,None,855800000,None,None,2918000000,None,None,675000000,None,None,None,0.202,681000000,3919000000,2370600000,251200000,1123200000,None,None,None,None,None,None,None,3.099,75.57,3.206,None,None,None,None,None,-345000000,None,0.145,None,2544100000,2025-10-31,quarterly,0.91,USD,pre-market,246300000,8968100000,0.153,2.936,0.019,24.76,3920800000,3446200000,528200000,None,85.47,78.38,0.0,8507100000,2757100000,2743000000,7157000000,5750000000,4414000000,11396900000,1350100000,22.33,-7581000000,98.37,74.55
2025-12-28,CL,3.57,20096999000.0,22.33,None,0.295,1.062,118000000,None,340700000,340700000,-437000000,-881000000,-684000000,18000000,-33000000,None,None,-211000000,732900000,1089053498,None,5107300000,5107300000,876100000,None,None,1309400000,None,None,329300000,129000000,2.04,0.0254,352000000,352000000,None,0.011,0.0,2276800000,2606100000,0.91,2018-03-31,20.75,1845700000,12088001000.0,6289600000,2134300000,727600000,783200000,783200000,None,142500000,None,855800000,None,None,2918000000,None,None,678000000,None,None,None,0.202,616000000,3919000000,2370600000,251200000,1123200000,None,None,None,None,None,None,None,3.099,75.57,3.206,None,None,None,None,None,-351000000,None,0.145,None,2544100000,2025-10-31,quarterly,0.91,USD,pre-market,246300000,8968100000,0.153,2.936,0.019,24.76,3920800000,3446200000,528200000,None,85.47,78.38,0.0,8507100000,2757100000,2743000000,7157000000,5750000000,4414000000,11396900000,1350100000,22.33,-7581000000,98.37,74.55
2025-12-28,CL,3.57,20096999000.0,22.33,None,0.295,1.062,171000000,None,340700000,340700000,-683000000,61000000,155000000,18000000,-24000000,None,None,35000000,732900000,1089053498,None,5107300000,5107300000,876100000,None,None,1309400000,None,None,329300000,121000000,2.04,0.0254,459000000,459000000,None,0.011,0.0,2276800000,2606100000,0.91,2017-12-31,20.75,1845700000,12088001000.0,6289600000,2134300000,727600000,783200000,783200000,None,142500000,None,855800000,None,None,2918000000,None,None,353000000,None,None,None,0.202,759000000,3919000000,2370600000,251200000,1123200000,None,None,None,None,None,None,None,3.099,75.57,3.206,None,None,None,None,None,-344000000,None,0.145,None,2544100000,2025-10-31,quarterly,0.91,USD,pre-market,246300000,8968100000,0.153,2.936,0.019,24.76,3920800000,3446200000,528200000,None,85.47,78.38,0.0,8507100000,2757100000,2743000000,7157000000,5750000000,4414000000,11396900000,1350100000,22.33,-7581000000,98.37,74.55
2025-12-28,CL,3.57,20096999000.0,22.33,None,0.295,1.062,153000000,None,340700000,340700000,-648000000,-220000000,139000000,17000000,7000000,None,None,14000000,732900000,1089053498,None,5107300000,5107300000,876100000,None,None,1309400000,None,None,329300000,128000000,2.04,0.0254,354000000,354000000,None,0.011,0.0,2276800000,2606100000,0.91,2017-09-30,20.75,1845700000,12088001000.0,6289600000,2134300000,727600000,783200000,783200000,None,142500000,None,855800000,None,None,2918000000,None,None,650000000,None,None,None,0.202,990000000,3919000000,2370600000,251200000,1123200000,None,None,None,None,None,None,None,3.099,75.57,3.206,None,None,None,None,None,-395000000,None,0.145,None,2544100000,2025-10-31,quarterly,0.91,USD,pre-market,246300000,8968100000,0.153,2.936,0.019,24.76,3920800000,3446200000,528200000,None,85.47,78.38,0.0,8507100000,2757100000,2743000000,7157000000,5750000000,4414000000,11396900000,1350100000,22.33,-7581000000,98.37,74.55
2025-12-28,CL,3.57,20096999000.0,22.33,None,0.295,1.062,108000000,None,340700000,340700000,-599000000,-154000000,-106000000,33000000,9000000,None,None,-12000000,732900000,1089053498,None,5107300000,5107300000,876100000,None,None,1309400000,None,None,329300000,117000000,2.04,0.0254,371000000,371000000,None,0.011,0.0,2276800000,2606100000,0.91,2017-06-30,20.75,1845700000,12088001000.0,6289600000,2134300000,727600000,783200000,783200000,None,142500000,None,855800000,None,None,2918000000,None,None,560000000,None,None,None,0.202,614000000,3919000000,2370600000,251200000,1123200000,None,None,None,None,None,None,None,3.099,75.57,3.206,None,None,None,None,None,-327000000,None,0.145,None,2544100000,2025-10-31,quarterly,0.91,USD,pre-market,246300000,8968100000,0.153,2.936,0.019,24.76,3920800000,3446200000,528200000,None,85.47,78.38,0.0,8507100000,2757100000,2743000000,7157000000,5750000000,4414000000,11396900000,1350100000,22.33,-7581000000,98.37,74.55
2025-12-28,CL,3.57,20096999000.0,22.33,None,0.295,1.062,121000000,None,340700000,340700000,-520000000,-158000000,32000000,19000000,9000000,None,None,-52000000,732900000,1089053498,None,5107300000,5107300000,876100000,None,None,1309400000,None,None,329300000,109000000,2.04,0.0254,345000000,345000000,None,0.011,0.0,2276800000,2606100000,0.91,2017-03-31,20.75,1845700000,12088001000.0,6289600000,2134300000,727600000,783200000,783200000,None,142500000,None,855800000,None,None,2918000000,None,None,611000000,None,None,None,0.202,691000000,3919000000,2370600000,251200000,1123200000,None,None,None,None,None,None,None,3.099,75.57,3.206,None,None,None,None,None,-333000000,None,0.145,None,2544100000,2025-10-31,quarterly,0.91,USD,pre-market,246300000,8968100000,0.153,2.936,0.019,24.76,3920800000,3446200000,528200000,None,85.47,78.38,0.0,8507100000,2757100000,2743000000,7157000000,5750000000,4414000000,11396900000,1350100000,22.33,-7581000000,98.37,74.55
2025-12-28,CL,3.57,20096999000.0,22.33,None,0.295,1.062,201000000,None,340700000,340700000,-686000000,-54000000,17000000,-67000000,-8000000,None,None,109000000,732900000,1089053498,None,5107300000,5107300000,876100000,None,None,1309400000,None,None,329300000,114000000,2.04,0.0254,455000000,455000000,None,0.011,0.0,2276800000,2606100000,0.91,2016-12-31,20.75,1845700000,12088001000.0,6289600000,2134300000,727600000,783200000,783200000,None,142500000,None,855800000,None,None,2918000000,None,None,628000000,None,None,None,0.202,824000000,3919000000,2370600000,251200000,1123200000,None,None,None,None,None,None,None,3.099,75.57,3.206,None,None,None,None,None,-422000000,None,0.145,None,2544100000,2025-10-31,quarterly,0.91,USD,pre-market,246300000,8968100000,0.153,2.936,0.019,24.76,3920800000,3446200000,528200000,None,85.47,78.38,0.0,8507100000,2757100000,2743000000,7157000000,5750000000,4414000000,11396900000,1350100000,22.33,-7581000000,98.37,74.55
2025-12-28,CL,3.57,20096999000.0,22.33,None,0.295,1.062,144000000,None,340700000,340700000,-680000000,-105000000,213000000,1000000,39000000,None,None,6000000,732900000,1089053498,None,5107300000,5107300000,876100000,None,None,1309400000,None,None,329300000,114000000,2.04,0.0254,349000000,349000000,None,0.011,0.0,2276800000,2606100000,0.91,2016-09-30,20.75,1845700000,12088001000.0,6289600000,2134300000,727600000,783200000,783200000,None,142500000,None,855800000,None,None,2918000000,None,None,746000000,None,None,None,0.202,997000000,3919000000,2370600000,251200000,1123200000,None,None,None,None,None,None,None,3.099,75.57,3.206,None,None,None,None,None,-431000000,None,0.145,None,2544100000,2025-10-31,quarterly,0.91,USD,pre-market,246300000,8968100000,0.153,2.936,0.019,24.76,3920800000,3446200000,528200000,None,85.47,78.38,0.0,8507100000,2757100000,2743000000,7157000000,5750000000,4414000000,11396900000,1350100000,22.33,-7581000000,98.37,74.55
2025-12-28,CL,3.57,20096999000.0,22.33,None,0.295,1.062,134000000,None,340700000,340700000,-426000000,-196000000,71000000,-13000000,-3000000,None,None,-37000000,732900000,1089053498,None,5107300000,5107300000,876100000,None,None,1309400000,None,None,329300000,109000000,2.04,0.0254,364000000,364000000,None,0.011,0.0,2276800000,2606100000,0.91,2016-06-30,20.75,1845700000,12088001000.0,6289600000,2134300000,727600000,783200000,783200000,None,142500000,None,855800000,None,None,2918000000,None,None,638000000,None,None,None,0.202,706000000,3919000000,2370600000,251200000,1123200000,None,None,None,None,None,None,None,3.099,75.57,3.206,None,None,None,None,None,-253000000,None,0.145,None,2544100000,2025-10-31,quarterly,0.91,USD,pre-market,246300000,8968100000,0.153,2.936,0.019,24.76,3920800000,3446200000,528200000,None,85.47,78.38,0.0,8507100000,2757100000,2743000000,7157000000,5750000000,4414000000,11396900000,1350100000,22.33,-7581000000,98.37,74.55
2025-12-28,CL,3.57,20096999000.0,22.33,None,0.295,1.062,114000000,None,340700000,340700000,-441000000,-144000000,44000000,15000000,-32000000,None,None,-95000000,732900000,1089053498,None,5107300000,5107300000,876100000,None,None,1309400000,None,None,329300000,106000000,2.04,0.0254,340000000,340000000,None,0.011,0.0,2276800000,2606100000,0.91,2016-03-31,20.75,1845700000,12088001000.0,6289600000,2134300000,727600000,783200000,783200000,None,142500000,None,855800000,None,None,2918000000,None,None,574000000,None,None,None,0.202,614000000,3919000000,2370600000,251200000,1123200000,None,None,None,None,None,None,None,3.099,75.57,3.206,None,None,None,None,None,-229000000,None,0.145,None,2544100000,2025-10-31,quarterly,0.91,USD,pre-market,246300000,8968100000,0.153,2.936,0.019,24.76,3920800000,3446200000,528200000,None,85.47,78.38,0.0,8507100000,2757100000,2743000000,7157000000,5750000000,4414000000,11396900000,1350100000,22.33,-7581000000,98.37,74.55
2025-12-28,CL,3.57,20096999000.0,22.33,None,0.295,1.062,232000000,None,340700000,340700000,-950000000,-341000000,-475000000,-25000000,-14000000,None,None,97000000,732900000,1089053498,None,5107300000,5107300000,876100000,None,None,1309400000,None,None,329300000,112000000,2.04,0.0254,460000000,460000000,None,0.011,0.0,2276800000,2606100000,0.91,2015-12-31,20.75,1845700000,12088001000.0,6289600000,2134300000,727600000,783200000,783200000,None,142500000,None,855800000,None,None,2918000000,None,None,-421000000,None,None,None,0.202,841000000,3919000000,2370600000,251200000,1123200000,None,None,None,None,None,None,None,3.099,75.57,3.206,None,None,None,None,None,-355000000,None,0.145,None,2544100000,2025-10-31,quarterly,0.91,USD,pre-market,246300000,8968100000,0.153,2.936,0.019,24.76,3920800000,3446200000,528200000,None,85.47,78.38,0.0,8507100000,2757100000,2743000000,7157000000,5750000000,4414000000,11396900000,1350100000,22.33,-7581000000,98.37,74.55
2025-12-28,CL,3.57,20096999000.0,22.33,None,0.295,1.062,179000000,None,340700000,340700000,-570000000,94000000,386000000,-23000000,-7000000,None,None,50000000,732900000,1089053498,None,5107300000,5107300000,876100000,None,None,1309400000,None,None,329300000,112000000,2.04,0.0254,344000000,344000000,None,0.011,0.0,2276800000,2606100000,0.91,2015-09-30,20.75,1845700000,12088001000.0,6289600000,2134300000,727600000,783200000,783200000,None,142500000,None,855800000,None,None,2918000000,None,None,770000000,None,None,None,0.202,885000000,3919000000,2370600000,251200000,1123200000,None,None,None,None,None,None,None,3.099,75.57,3.206,None,None,None,None,None,-429000000,None,0.145,None,2544100000,2025-10-31,quarterly,0.91,USD,pre-market,246300000,8968100000,0.153,2.936,0.019,24.76,3920800000,3446200000,528200000,None,85.47,78.38,0.0,8507100000,2757100000,2743000000,7157000000,5750000000,4414000000,11396900000,1350100000,22.33,-7581000000,98.37,74.55
2025-12-28,CL,3.57,20096999000.0,22.33,None,0.295,1.062,158000000,None,340700000,340700000,-115000000,-181000000,200000000,None,31000000,None,None,-72000000,732900000,1089053498,None,5107300000,5107300000,876100000,None,None,1309400000,None,None,329300000,111000000,2.04,0.0254,360000000,360000000,None,0.011,0.0,2276800000,2606100000,0.91,2015-06-30,20.75,1845700000,12088001000.0,6289600000,2134300000,727600000,783200000,783200000,None,142500000,None,855800000,None,None,2918000000,None,None,616000000,None,None,None,0.202,496000000,3919000000,2370600000,251200000,1123200000,None,None,None,None,None,None,None,3.099,75.57,3.206,None,None,None,None,None,-393000000,None,0.145,None,2544100000,2025-10-31,quarterly,0.91,USD,pre-market,246300000,8968100000,0.153,2.936,0.019,24.76,3920800000,3446200000,528200000,None,85.47,78.38,0.0,8507100000,2757100000,2743000000,7157000000,5750000000,4414000000,11396900000,1350100000,22.33,-7581000000,98.37,74.55
2025-12-28,CL,3.57,20096999000.0,22.33,None,0.295,1.062,122000000,None,340700000,340700000,-641000000,-257000000,-230000000,-59000000,-23000000,None,None,-150000000,732900000,1089053498,None,5107300000,5107300000,876100000,None,None,1309400000,None,None,329300000,114000000,2.04,0.0254,329000000,329000000,None,0.011,0.0,2276800000,2606100000,0.91,2015-03-31,20.75,1845700000,12088001000.0,6289600000,2134300000,727600000,783200000,783200000,None,142500000,None,855800000,None,None,2918000000,None,None,583000000,None,None,None,0.202,727000000,3919000000,2370600000,251200000,1123200000,None,None,None,None,None,None,None,3.099,75.57,3.206,None,None,None,None,None,-374000000,None,0.145,None,2544100000,2025-10-31,quarterly,0.91,USD,pre-market,246300000,8968100000,0.153,2.936,0.019,24.76,3920800000,3446200000,528200000,None,85.47,78.38,0.0,8507100000,2757100000,2743000000,7157000000,5750000000,4414000000,11396900000,1350100000,22.33,-7581000000,98.37,74.55
2025-12-28,CL,3.57,20096999000.0,22.33,None,0.295,1.062,264000000,None,340700000,340700000,-733000000,-404000000,-266000000,-35000000,-9000000,None,None,113000000,732900000,1089053498,None,5107300000,5107300000,876100000,None,None,1309400000,None,None,329300000,113000000,2.04,0.0254,456000000,456000000,None,0.011,0.0,2276800000,2606100000,0.91,2014-12-31,20.75,1845700000,12088001000.0,6289600000,2134300000,727600000,783200000,783200000,None,142500000,None,855800000,None,None,2918000000,None,None,666000000,None,None,None,0.202,906000000,3919000000,2370600000,251200000,1123200000,None,None,None,None,None,None,None,3.099,75.57,3.206,None,None,None,None,None,-411000000,None,0.145,None,2544100000,2025-10-31,quarterly,0.91,USD,pre-market,246300000,8968100000,0.153,2.936,0.019,24.76,3920800000,3446200000,528200000,None,85.47,78.38,0.0,8507100000,2757100000,2743000000,7157000000,5750000000,4414000000,11396900000,1350100000,22.33,-7581000000,98.37,74.55
2025-12-28,CL,3.57,20096999000.0,22.33,None,0.295,1.062,179000000,None,340700000,340700000,-607000000,-141000000,194000000,-61000000,39000000,None,None,-24000000,732900000,1089053498,None,5107300000,5107300000,876100000,None,None,1309400000,None,None,329300000,114000000,2.04,0.0254,328000000,328000000,None,0.011,0.0,2276800000,2606100000,0.91,2014-09-30,20.75,1845700000,12088001000.0,6289600000,2134300000,727600000,783200000,783200000,None,142500000,None,855800000,None,None,2918000000,None,None,580000000,None,None,None,0.202,1003000000,3919000000,2370600000,251200000,1123200000,None,None,None,None,None,None,None,3.099,75.57,3.206,None,None,None,None,None,-373000000,None,0.145,None,2544100000,2025-10-31,quarterly,0.91,USD,pre-market,246300000,8968100000,0.153,2.936,0.019,24.76,3920800000,3446200000,528200000,None,85.47,78.38,0.0,8507100000,2757100000,2743000000,7157000000,5750000000,4414000000,11396900000,1350100000,22.33,-7581000000,98.37,74.55
2025-12-28,CL,3.57,20096999000.0,22.33,None,0.295,1.062,146000000,None,340700000,340700000,-1133000000,-65000000,-634000000,-5000000,-23000000,None,None,-121000000,732900000,1089053498,None,5107300000,5107300000,876100000,None,None,1309400000,None,None,329300000,107000000,2.04,0.0254,346000000,346000000,None,0.011,0.0,2276800000,2606100000,0.91,2014-06-30,20.75,1845700000,12088001000.0,6289600000,2134300000,727600000,783200000,783200000,None,142500000,None,855800000,None,None,2918000000,None,None,661000000,None,None,None,0.202,569000000,3919000000,2370600000,251200000,1123200000,None,None,None,None,None,None,None,3.099,75.57,3.206,None,None,None,None,None,-293000000,None,0.145,None,2544100000,2025-10-31,quarterly,0.91,USD,pre-market,246300000,8968100000,0.153,2.936,0.019,24.76,3920800000,3446200000,528200000,None,85.47,78.38,0.0,8507100000,2757100000,2743000000,7157000000,5750000000,4414000000,11396900000,1350100000,22.33,-7581000000,98.37,74.55
2025-12-28,CL,3.57,20096999000.0,22.33,None,0.295,1.062,168000000,None,340700000,340700000,303000000,-249000000,833000000,-41000000,-67000000,None,None,-77000000,732900000,1089053498,None,5107300000,5107300000,876100000,None,None,1309400000,None,None,329300000,108000000,2.04,0.0254,316000000,316000000,None,0.011,0.0,2276800000,2606100000,0.91,2014-03-31,20.75,1845700000,12088001000.0,6289600000,2134300000,727600000,783200000,783200000,None,142500000,None,855800000,None,None,2918000000,None,None,432000000,None,None,None,0.202,820000000,3919000000,2370600000,251200000,1123200000,None,None,None,None,None,None,None,3.099,75.57,3.206,None,None,None,None,None,-453000000,None,0.145,None,2544100000,2025-10-31,quarterly,0.91,USD,pre-market,246300000,8968100000,0.153,2.936,0.019,24.76,3920800000,3446200000,528200000,None,85.47,78.38,0.0,8507100000,2757100000,2743000000,7157000000,5750000000,4414000000,11396900000,1350100000,22.33,-7581000000,98.37,74.55
2025-12-28,CL,3.57,20096999000.0,22.33,None,0.295,1.062,251000000,None,340700000,340700000,-332000000,-262000000,241000000,-4000000,10000000,None,None,100000000,732900000,1089053498,None,5107300000,5107300000,876100000,None,None,1309400000,None,None,329300000,110000000,2.04,0.0254,352000000,352000000,None,0.011,0.0,2276800000,2606100000,0.91,2013-12-31,20.75,1845700000,12088001000.0,6289600000,2134300000,727600000,783200000,783200000,None,142500000,None,855800000,None,None,2918000000,None,None,601000000,None,None,None,0.202,839000000,3919000000,2370600000,251200000,1123200000,None,None,None,None,None,None,None,3.099,75.57,3.206,None,None,None,None,None,-406000000,None,0.145,None,2544100000,2025-10-31,quarterly,0.91,USD,pre-market,246300000,8968100000,0.153,2.936,0.019,24.76,3920800000,3446200000,528200000,None,85.47,78.38,0.0,8507100000,2757100000,2743000000,7157000000,5750000000,4414000000,11396900000,1350100000,22.33,-7581000000,98.37,74.55
2025-12-28,CL,3.57,20096999000.0,22.33,None,0.295,1.062,176000000,None,340700000,340700000,-964000000,-230000000,-163000000,-9000000,11000000,None,None,57000000,732900000,1089053498,None,5107300000,5107300000,876100000,None,None,1309400000,None,None,329300000,108000000,2.04,0.0254,405000000,405000000,None,0.011,0.0,2276800000,2606100000,0.91,2013-09-30,20.75,1845700000,12088001000.0,6289600000,2134300000,727600000,783200000,783200000,None,142500000,None,855800000,None,None,2918000000,None,None,699000000,None,None,None,0.202,1040000000,3919000000,2370600000,251200000,1123200000,None,None,None,None,None,None,None,3.099,75.57,3.206,None,None,None,None,None,-344000000,None,0.145,None,2544100000,2025-10-31,quarterly,0.91,USD,pre-market,246300000,8968100000,0.153,2.936,0.019,24.76,3920800000,3446200000,528200000,None,85.47,78.38,0.0,8507100000,2757100000,2743000000,7157000000,5750000000,4414000000,11396900000,1350100000,22.33,-7581000000,98.37,74.55
2025-12-28,CL,3.57,20096999000.0,22.33,None,0.295,1.062,149000000,None,340700000,340700000,-384000000,-166000000,-48000000,-46000000,-103000000,None,None,-19000000,732900000,1089053498,None,5107300000,5107300000,876100000,None,None,1309400000,None,None,329300000,111000000,2.04,0.0254,335000000,335000000,None,0.011,0.0,2276800000,2606100000,0.91,2013-06-30,20.75,1845700000,12088001000.0,6289600000,2134300000,727600000,783200000,783200000,None,142500000,None,855800000,None,None,2918000000,None,None,604000000,None,None,None,0.202,548000000,3919000000,2370600000,251200000,1123200000,None,None,None,None,None,None,None,3.099,75.57,3.206,None,None,None,None,None,-386000000,None,0.145,None,2544100000,2025-10-31,quarterly,0.91,USD,pre-market,246300000,8968100000,0.153,2.936,0.019,24.76,3920800000,3446200000,528200000,None,85.47,78.38,0.0,8507100000,2757100000,2743000000,7157000000,5750000000,4414000000,11396900000,1350100000,22.33,-7581000000,98.37,74.55
2025-12-28,CL,3.57,20096999000.0,22.33,None,0.295,1.062,94000000,None,340700000,340700000,-462000000,-232000000,48000000,-35000000,-15000000,None,None,-175000000,732900000,1089053498,None,5107300000,5107300000,876100000,None,None,1309400000,None,None,329300000,110000000,2.04,0.0254,290000000,290000000,None,0.011,0.0,2276800000,2606100000,0.91,2013-03-31,20.75,1845700000,12088001000.0,6289600000,2134300000,727600000,783200000,783200000,None,142500000,None,855800000,None,None,2918000000,None,None,506000000,None,None,None,0.202,777000000,3919000000,2370600000,251200000,1123200000,None,None,None,None,None,None,None,3.099,75.57,3.206,None,None,None,None,None,-385000000,None,0.145,None,2544100000,2025-10-31,quarterly,0.91,USD,pre-market,246300000,8968100000,0.153,2.936,0.019,24.76,3920800000,3446200000,528200000,None,85.47,78.38,0.0,8507100000,2757100000,2743000000,7157000000,5750000000,4414000000,11396900000,1350100000,22.33,-7581000000,98.37,74.55
2025-12-28,CL,3.57,20096999000.0,22.33,None,0.295,1.062,248000000,None,340700000,340700000,-843000000,-241000000,-25000000,-4000000,27000000,None,None,185000000,732900000,1089053498,None,5107300000,5107300000,876100000,None,None,1309400000,None,None,329300000,108000000,2.04,0.0254,326000000,326000000,None,0.011,0.0,2276800000,2606100000,0.91,2012-12-31,20.75,1845700000,12088001000.0,6289600000,2134300000,727600000,783200000,783200000,None,142500000,None,855800000,None,None,2918000000,None,None,636000000,None,None,None,0.202,1063000000,3919000000,2370600000,251200000,1123200000,None,None,None,None,None,None,None,3.099,75.57,3.206,None,None,None,None,None,-599000000,None,0.145,None,2544100000,2025-10-31,quarterly,0.91,USD,pre-market,246300000,8968100000,0.153,2.936,0.019,24.76,3920800000,3446200000,528200000,None,85.47,78.38,0.0,8507100000,2757100000,2743000000,7157000000,5750000000,4414000000,11396900000,1350100000,22.33,-7581000000,98.37,74.55
2025-12-28,CL,3.57,20096999000.0,22.33,None,0.295,1.062,128000000,None,340700000,340700000,-728000000,-303000000,-86000000,5000000,-2000000,None,None,-47000000,732900000,1089053498,None,5107300000,5107300000,876100000,None,None,1309400000,None,None,329300000,106000000,2.04,0.0254,358000000,358000000,None,0.011,0.0,2276800000,2606100000,0.91,2012-09-30,20.75,1845700000,12088001000.0,6289600000,2134300000,727600000,783200000,783200000,None,142500000,None,855800000,None,None,2918000000,None,None,697000000,None,None,None,0.202,940000000,3919000000,2370600000,251200000,1123200000,None,None,None,None,None,None,None,3.099,75.57,3.206,None,None,None,None,None,-450000000,None,0.145,None,2544100000,2025-10-31,quarterly,0.91,USD,pre-market,246300000,8968100000,0.153,2.936,0.019,24.76,3920800000,3446200000,528200000,None,85.47,78.38,0.0,8507100000,2757100000,2743000000,7157000000,5750000000,4414000000,11396900000,1350100000,22.33,-7581000000,98.37,74.55
2025-12-28,CL,3.57,20096999000.0,22.33,None,0.295,1.062,129000000,None,340700000,340700000,-265000000,-280000000,-49000000,-35000000,-8000000,None,None,-29000000,732900000,1089053498,None,5107300000,5107300000,876100000,None,None,1309400000,None,None,329300000,105000000,2.04,0.0254,315000000,315000000,None,0.011,0.0,2276800000,2606100000,0.91,2012-06-30,20.75,1845700000,12088001000.0,6289600000,2134300000,727600000,783200000,783200000,None,142500000,None,855800000,None,None,2918000000,None,None,665000000,None,None,None,0.202,531000000,3919000000,2370600000,251200000,1123200000,None,None,None,None,None,None,None,3.099,75.57,3.206,None,None,None,None,None,-431000000,None,0.145,None,2544100000,2025-10-31,quarterly,0.91,USD,pre-market,246300000,8968100000,0.153,2.936,0.019,24.76,3920800000,3446200000,528200000,None,85.47,78.38,0.0,8507100000,2757100000,2743000000,7157000000,5750000000,4414000000,11396900000,1350100000,22.33,-7581000000,98.37,74.55
2025-12-28,CL,3.57,20096999000.0,22.33,None,0.295,1.062,60000000,None,340700000,340700000,-465000000,-41000000,166000000,10000000,-38000000,None,None,-90000000,732900000,1089053498,None,5107300000,5107300000,876100000,None,None,1309400000,None,None,329300000,106000000,2.04,0.0254,278000000,278000000,None,0.011,0.0,2276800000,2606100000,0.91,2012-03-31,20.75,1845700000,12088001000.0,6289600000,2134300000,727600000,783200000,783200000,None,142500000,None,855800000,None,None,2918000000,None,None,633000000,None,None,None,0.202,662000000,3919000000,2370600000,251200000,1123200000,None,None,None,None,None,None,None,3.099,75.57,3.206,None,None,None,None,None,-463000000,None,0.145,None,2544100000,2025-10-31,quarterly,0.91,USD,pre-market,246300000,8968100000,0.153,2.936,0.019,24.76,3920800000,3446200000,528200000,None,85.47,78.38,0.0,8507100000,2757100000,2743000000,7157000000,5750000000,4414000000,11396900000,1350100000,22.33,-7581000000,98.37,74.55
2025-12-28,CL,3.57,20096999000.0,22.33,None,0.295,1.062,213000000,None,340700000,340700000,-676000000,-215000000,-67000000,-15000000,17000000,None,None,-3000000,732900000,1089053498,None,5107300000,5107300000,876100000,None,None,1309400000,None,None,329300000,106000000,2.04,0.0254,353000000,353000000,None,0.011,0.0,2276800000,2606100000,0.91,2011-12-31,20.75,1845700000,12088001000.0,6289600000,2134300000,727600000,783200000,783200000,None,142500000,None,855800000,None,None,2918000000,None,None,625000000,None,None,None,0.202,839000000,3919000000,2370600000,251200000,1123200000,None,None,None,None,None,None,None,3.099,75.57,3.206,None,None,None,None,None,-420000000,None,0.145,None,2544100000,2025-10-31,quarterly,0.91,USD,pre-market,246300000,8968100000,0.153,2.936,0.019,24.76,3920800000,3446200000,528200000,None,85.47,78.38,0.0,8507100000,2757100000,2743000000,7157000000,5750000000,4414000000,11396900000,1350100000,22.33,-7581000000,98.37,74.55
2025-12-28,CL,3.57,20096999000.0,22.33,None,0.295,1.062,99000000,None,340700000,340700000,-765000000,113000000,206000000,-45000000,1000000,None,None,26000000,732900000,1089053498,None,5107300000,5107300000,876100000,None,None,1309400000,None,None,329300000,113000000,2.04,0.0254,282000000,282000000,None,0.011,0.0,2276800000,2606100000,0.91,2011-09-30,20.75,1845700000,12088001000.0,6289600000,2134300000,727600000,783200000,783200000,None,142500000,None,855800000,None,None,2918000000,None,None,676000000,None,None,None,0.202,903000000,3919000000,2370600000,251200000,1123200000,None,None,None,None,None,None,None,3.099,75.57,3.206,None,None,None,None,None,-369000000,None,0.145,None,2544100000,2025-10-31,quarterly,0.91,USD,pre-market,246300000,8968100000,0.153,2.936,0.019,24.76,3920800000,3446200000,528200000,None,85.47,78.38,0.0,8507100000,2757100000,2743000000,7157000000,5750000000,4414000000,11396900000,1350100000,22.33,-7581000000,98.37,74.55
2025-12-28,CL,3.57,20096999000.0,22.33,None,0.295,1.062,147000000,None,340700000,340700000,616000000,-1040000000,53000000,3000000,-63000000,None,None,4000000,732900000,1089053498,None,5107300000,5107300000,876100000,None,None,1309400000,None,None,329300000,103000000,2.04,0.0254,307000000,307000000,None,0.011,0.0,2276800000,2606100000,0.91,2011-06-30,20.75,1845700000,12088001000.0,6289600000,2134300000,727600000,783200000,783200000,None,142500000,None,855800000,None,None,2918000000,None,None,646000000,None,None,None,0.202,474000000,3919000000,2370600000,251200000,1123200000,None,None,None,None,None,None,None,3.099,75.57,3.206,None,None,None,None,None,-437000000,None,0.145,None,2544100000,2025-10-31,quarterly,0.91,USD,pre-market,246300000,8968100000,0.153,2.936,0.019,24.76,3920800000,3446200000,528200000,None,85.47,78.38,0.0,8507100000,2757100000,2743000000,7157000000,5750000000,4414000000,11396900000,1350100000,22.33,-7581000000,98.37,74.55
2025-12-28,CL,3.57,20096999000.0,22.33,None,0.295,1.062,78000000,None,340700000,340700000,-417000000,-71000000,196000000,4000000,-85000000,None,None,-157000000,732900000,1089053498,None,5107300000,5107300000,876100000,None,None,1309400000,None,None,329300000,99000000,2.04,0.0254,261000000,261000000,None,0.011,0.0,2276800000,2606100000,0.91,2011-03-31,20.75,1845700000,12088001000.0,6289600000,2134300000,727600000,783200000,783200000,None,142500000,None,855800000,None,None,2918000000,None,None,607000000,None,None,None,0.202,680000000,3919000000,2370600000,251200000,1123200000,None,None,None,None,None,None,None,3.099,75.57,3.206,None,None,None,None,None,-580000000,None,0.145,None,2544100000,2025-10-31,quarterly,0.91,USD,pre-market,246300000,8968100000,0.153,2.936,0.019,24.76,3920800000,3446200000,528200000,None,85.47,78.38,0.0,8507100000,2757100000,2743000000,7157000000,5750000000,4414000000,11396900000,1350100000,22.33,-7581000000,98.37,74.55
2025-12-28,CL,3.57,20096999000.0,22.33,None,0.295,1.062,232000000,None,340700000,340700000,-879000000,-220000000,-164000000,-33000000,53000000,None,None,96000000,732900000,1089053498,None,5107300000,5107300000,876100000,None,None,1309400000,None,None,329300000,98000000,2.04,0.0254,338000000,338000000,None,0.011,0.0,2276800000,2606100000,0.91,2010-12-31,20.75,1845700000,12088001000.0,6289600000,2134300000,727600000,783200000,783200000,None,142500000,None,855800000,None,None,2918000000,None,None,651000000,None,None,None,0.202,968000000,3919000000,2370600000,251200000,1123200000,None,None,None,None,None,None,None,3.099,75.57,3.206,None,None,None,None,None,-635000000,None,0.145,None,2544100000,2025-10-31,quarterly,0.91,USD,pre-market,246300000,8968100000,0.153,2.936,0.019,24.76,3920800000,3446200000,528200000,None,85.47,78.38,0.0,8507100000,2757100000,2743000000,7157000000,5750000000,4414000000,11396900000,1350100000,22.33,-7581000000,98.37,74.55
2025-12-28,CL,3.57,20096999000.0,22.33,None,0.295,1.062,114000000,None,340700000,340700000,-631000000,-223000000,99000000,12000000,22000000,None,None,-21000000,732900000,1089053498,None,5107300000,5107300000,876100000,None,None,1309400000,None,None,329300000,93000000,2.04,0.0254,284000000,284000000,None,0.011,0.0,2276800000,2606100000,0.91,2010-09-30,20.75,1845700000,12088001000.0,6289600000,2134300000,727600000,783200000,783200000,None,142500000,None,855800000,None,None,2918000000,None,None,645000000,None,None,None,0.202,941000000,3919000000,2370600000,251200000,1123200000,None,None,None,None,None,None,None,3.099,75.57,3.206,None,None,None,None,None,-407000000,None,0.145,None,2544100000,2025-10-31,quarterly,0.91,USD,pre-market,246300000,8968100000,0.153,2.936,0.019,24.76,3920800000,3446200000,528200000,None,85.47,78.38,0.0,8507100000,2757100000,2743000000,7157000000,5750000000,4414000000,11396900000,1350100000,22.33,-7581000000,98.37,74.55
2025-12-28,CL,3.57,20096999000.0,22.33,None,0.295,1.062,123000000,None,340700000,340700000,-437000000,-128000000,-6000000,-10000000,-29000000,None,None,64000000,732900000,1089053498,None,5107300000,5107300000,876100000,None,None,1309400000,None,None,329300000,93000000,2.04,0.0254,298000000,298000000,None,0.011,0.0,2276800000,2606100000,0.91,2010-06-30,20.75,1845700000,12088001000.0,6289600000,2134300000,727600000,783200000,783200000,None,142500000,None,855800000,None,None,2918000000,None,None,630000000,None,None,None,0.202,569000000,3919000000,2370600000,251200000,1123200000,None,None,None,None,None,None,None,3.099,75.57,3.206,None,None,None,None,None,-473000000,None,0.145,None,2544100000,2025-10-31,quarterly,0.91,USD,pre-market,246300000,8968100000,0.153,2.936,0.019,24.76,3920800000,3446200000,528200000,None,85.47,78.38,0.0,8507100000,2757100000,2743000000,7157000000,5750000000,4414000000,11396900000,1350100000,22.33,-7581000000,98.37,74.55
2025-12-28,CL,3.57,20096999000.0,22.33,None,0.295,1.062,81000000,None,340700000,340700000,-677000000,-87000000,-39000000,-8000000,-56000000,None,None,-99000000,732900000,1089053498,None,5107300000,5107300000,876100000,None,None,1309400000,None,None,329300000,92000000,2.04,0.0254,222000000,222000000,None,0.011,0.0,2276800000,2606100000,0.91,2010-03-31,20.75,1845700000,12088001000.0,6289600000,2134300000,727600000,783200000,783200000,None,142500000,None,855800000,None,None,2918000000,None,None,387000000,None,None,None,0.202,733000000,3919000000,2370600000,251200000,1123200000,None,None,None,None,None,None,None,3.099,75.57,3.206,None,None,None,None,None,-505000000,None,0.145,None,2544100000,2025-10-31,quarterly,0.91,USD,pre-market,246300000,8968100000,0.153,2.936,0.019,24.76,3920800000,3446200000,528200000,None,85.47,78.38,0.0,8507100000,2757100000,2743000000,7157000000,5750000000,4414000000,11396900000,1350100000,22.33,-7581000000,98.37,74.55
2025-12-28,CL,3.57,20096999000.0,22.33,None,0.295,1.062,228000000,None,340700000,340700000,-650000000,-357000000,None,None,34000000,None,None,None,732900000,1089053498,None,5107300000,5107300000,876100000,None,None,1309400000,None,None,329300000,89000000,2.04,0.0254,279000000,279000000,None,0.011,0.0,2276800000,2606100000,0.91,2009-12-31,20.75,1845700000,12088001000.0,6289600000,2134300000,727600000,783200000,783200000,None,142500000,None,855800000,None,None,2918000000,None,None,631000000,None,None,None,0.202,902000000,3919000000,2370600000,251200000,1123200000,None,None,None,None,None,None,None,3.099,75.57,3.206,None,None,None,None,None,-399000000,None,0.145,None,2544100000,2025-10-31,quarterly,0.91,USD,pre-market,246300000,8968100000,0.153,2.936,0.019,24.76,3920800000,3446200000,528200000,None,85.47,78.38,0.0,8507100000,2757100000,2743000000,7157000000,5750000000,4414000000,11396900000,1350100000,22.33,-7581000000,98.37,74.55
2025-12-28,CL,3.57,20096999000.0,22.33,None,0.295,1.062,137000000,None,340700000,340700000,-955000000,-267000000,None,None,8000000,None,None,None,732900000,1089053498,None,5107300000,5107300000,876100000,None,None,1309400000,None,None,329300000,90000000,2.04,0.0254,248000000,248000000,None,0.011,0.0,2276800000,2606100000,0.91,2009-09-30,20.75,1845700000,12088001000.0,6289600000,2134300000,727600000,783200000,783200000,None,142500000,None,855800000,None,None,2918000000,None,None,617000000,None,None,None,0.202,1164000000,3919000000,2370600000,251200000,1123200000,None,None,None,None,None,None,None,3.099,75.57,3.206,None,None,None,None,None,-268000000,None,0.145,None,2544100000,2025-10-31,quarterly,0.91,USD,pre-market,246300000,8968100000,0.153,2.936,0.019,24.76,3920800000,3446200000,528200000,None,85.47,78.38,0.0,8507100000,2757100000,2743000000,7157000000,5750000000,4414000000,11396900000,1350100000,22.33,-7581000000,98.37,74.55
2025-12-28,CL,3.57,20096999000.0,22.33,None,0.295,1.062,137000000,None,340700000,340700000,-210000000,-135000000,None,None,36000000,None,None,None,732900000,1089053498,None,5107300000,5107300000,876100000,None,None,1309400000,None,None,329300000,90000000,2.04,0.0254,251000000,251000000,None,0.011,0.0,2276800000,2606100000,0.91,2009-06-30,20.75,1845700000,12088001000.0,6289600000,2134300000,727600000,783200000,783200000,None,142500000,None,855800000,None,None,2918000000,None,None,588000000,None,None,None,0.202,521000000,3919000000,2370600000,251200000,1123200000,None,None,None,None,None,None,None,3.099,75.57,3.206,None,None,None,None,None,-194000000,None,0.145,None,2544100000,2025-10-31,quarterly,0.91,USD,pre-market,246300000,8968100000,0.153,2.936,0.019,24.76,3920800000,3446200000,528200000,None,85.47,78.38,0.0,8507100000,2757100000,2743000000,7157000000,5750000000,4414000000,11396900000,1350100000,22.33,-7581000000,98.37,74.55
2025-12-28,CL,3.57,20096999000.0,22.33,None,0.295,1.062,73000000,None,340700000,340700000,-455000000,-82000000,None,None,-34000000,None,None,None,732900000,1089053498,None,5107300000,5107300000,876100000,None,None,1309400000,None,None,329300000,82000000,2.04,0.0254,203000000,203000000,None,0.011,0.0,2276800000,2606100000,0.91,2009-03-31,20.75,1845700000,12088001000.0,6289600000,2134300000,727600000,783200000,783200000,None,142500000,None,855800000,None,None,2918000000,None,None,536000000,None,None,None,0.202,690000000,3919000000,2370600000,251200000,1123200000,None,None,None,None,None,None,None,3.099,75.57,3.206,None,None,None,None,None,-202000000,None,0.145,None,2544100000,2025-10-31,quarterly,0.91,USD,pre-market,246300000,8968100000,0.153,2.936,0.019,24.76,3920800000,3446200000,528200000,None,85.47,78.38,0.0,8507100000,2757100000,2743000000,7157000000,5750000000,4414000000,11396900000,1350100000,22.33,-7581000000,98.37,74.55
2025-12-28,CL,3.57,20096999000.0,22.33,None,0.295,1.062,291100000,None,340700000,340700000,-272800000,-272400000,None,None,41200000,None,None,None,732900000,1089053498,None,5107300000,5107300000,876100000,None,None,1309400000,None,None,329300000,86700000,2.04,0.0254,218400000,218400000,None,0.011,0.0,2276800000,2606100000,0.91,2008-12-31,20.75,1845700000,12088001000.0,6289600000,2134300000,727600000,783200000,783200000,None,142500000,None,855800000,None,None,2918000000,None,None,497000000,None,None,None,0.202,481300000,3919000000,2370600000,251200000,1123200000,None,None,None,None,None,None,None,3.099,75.57,3.206,None,None,None,None,None,-239900000,None,0.145,None,2544100000,2025-10-31,quarterly,0.91,USD,pre-market,246300000,8968100000,0.153,2.936,0.019,24.76,3920800000,3446200000,528200000,None,85.47,78.38,0.0,8507100000,2757100000,2743000000,7157000000,5750000000,4414000000,11396900000,1350100000,22.33,-7581000000,98.37,74.55
2025-12-28,CL,3.57,20096999000.0,22.33,None,0.295,1.062,175300000,None,340700000,340700000,-540500000,-170000000,None,None,-40800000,None,None,None,732900000,1089053498,None,5107300000,5107300000,876100000,None,None,1309400000,None,None,329300000,88600000,2.04,0.0254,217300000,217300000,None,0.011,0.0,2276800000,2606100000,0.91,2008-09-30,20.75,1845700000,12088001000.0,6289600000,2134300000,727600000,783200000,783200000,None,142500000,None,855800000,None,None,2918000000,None,None,499700000,None,None,None,0.202,740600000,3919000000,2370600000,251200000,1123200000,None,None,None,None,None,None,None,3.099,75.57,3.206,None,None,None,None,None,-291000000,None,0.145,None,2544100000,2025-10-31,quarterly,0.91,USD,pre-market,246300000,8968100000,0.153,2.936,0.019,24.76,3920800000,3446200000,528200000,None,85.47,78.38,0.0,8507100000,2757100000,2743000000,7157000000,5750000000,4414000000,11396900000,1350100000,22.33,-7581000000,98.37,74.55
2025-12-28,CL,3.57,20096999000.0,22.33,None,0.295,1.062,131400000,None,340700000,340700000,-373000000,-107100000,None,None,-46500000,None,None,None,732900000,1089053498,None,5107300000,5107300000,876100000,None,None,1309400000,None,None,329300000,83800000,2.04,0.0254,224100000,224100000,None,0.011,0.0,2276800000,2606100000,0.91,2008-06-30,20.75,1845700000,12088001000.0,6289600000,2134300000,727600000,783200000,783200000,None,142500000,None,855800000,None,None,2918000000,None,None,493800000,None,None,None,0.202,466500000,3919000000,2370600000,251200000,1123200000,None,None,None,None,None,None,None,3.099,75.57,3.206,None,None,None,None,None,-235800000,None,0.145,None,2544100000,2025-10-31,quarterly,0.91,USD,pre-market,246300000,8968100000,0.153,2.936,0.019,24.76,3920800000,3446200000,528200000,None,85.47,78.38,0.0,8507100000,2757100000,2743000000,7157000000,5750000000,4414000000,11396900000,1350100000,22.33,-7581000000,98.37,74.55
2025-12-28,CL,3.57,20096999000.0,22.33,None,0.295,1.062,85300000,None,340700000,340700000,-299500000,-63900000,None,None,-88700000,None,None,None,732900000,1089053498,None,5107300000,5107300000,876100000,None,None,1309400000,None,None,329300000,88600000,2.04,0.0254,185600000,185600000,None,0.011,0.0,2276800000,2606100000,0.91,2008-03-31,20.75,1845700000,12088001000.0,6289600000,2134300000,727600000,783200000,783200000,None,142500000,None,855800000,None,None,2918000000,None,None,466500000,None,None,None,0.202,569900000,3919000000,2370600000,251200000,1123200000,None,None,None,None,None,None,None,3.099,75.57,3.206,None,None,None,None,None,-306200000,None,0.145,None,2544100000,2025-10-31,quarterly,0.91,USD,pre-market,246300000,8968100000,0.153,2.936,0.019,24.76,3920800000,3446200000,528200000,None,85.47,78.38,0.0,8507100000,2757100000,2743000000,7157000000,5750000000,4414000000,11396900000,1350100000,22.33,-7581000000,98.37,74.55
2025-12-28,CL,3.57,20096999000.0,22.33,None,0.295,1.062,256000000,None,340700000,340700000,-545600000,-224700000,None,None,6900000,None,None,None,732900000,1089053498,None,5107300000,5107300000,876100000,None,None,1309400000,None,None,329300000,87500000,2.04,0.0254,199200000,199200000,None,0.011,0.0,2276800000,2606100000,0.91,2007-12-31,20.75,1845700000,12088001000.0,6289600000,2134300000,727600000,783200000,783200000,None,142500000,None,855800000,None,None,2918000000,None,None,414900000,None,None,None,0.202,565000000,3919000000,2370600000,251200000,1123200000,None,None,None,None,None,None,None,3.099,75.57,3.206,None,None,None,None,None,-402800000,None,0.145,None,2544100000,2025-10-31,quarterly,0.91,USD,pre-market,246300000,8968100000,0.153,2.936,0.019,24.76,3920800000,3446200000,528200000,None,85.47,78.38,0.0,8507100000,2757100000,2743000000,7157000000,5750000000,4414000000,11396900000,1350100000,22.33,-7581000000,98.37,74.55
2025-12-28,CL,3.57,20096999000.0,22.33,None,0.295,1.062,127500000,None,340700000,340700000,-492000000,-172400000,None,None,-16900000,None,None,None,732900000,1089053498,None,5107300000,5107300000,876100000,None,None,1309400000,None,None,329300000,85300000,2.04,0.0254,186200000,186200000,None,0.011,0.0,2276800000,2606100000,0.91,2007-09-30,20.75,1845700000,12088001000.0,6289600000,2134300000,727600000,783200000,783200000,None,142500000,None,855800000,None,None,2918000000,None,None,420100000,None,None,None,0.202,739700000,3919000000,2370600000,251200000,1123200000,None,None,None,None,None,None,None,3.099,75.57,3.206,None,None,None,None,None,-264400000,None,0.145,None,2544100000,2025-10-31,quarterly,0.91,USD,pre-market,246300000,8968100000,0.153,2.936,0.019,24.76,3920800000,3446200000,528200000,None,85.47,78.38,0.0,8507100000,2757100000,2743000000,7157000000,5750000000,4414000000,11396900000,1350100000,22.33,-7581000000,98.37,74.55
2025-12-28,CL,3.57,20096999000.0,22.33,None,0.295,1.062,106900000,None,340700000,340700000,-233000000,-111700000,None,None,-20700000,None,None,None,732900000,1089053498,None,5107300000,5107300000,876100000,None,None,1309400000,None,None,329300000,80100000,2.04,0.0254,197400000,197400000,None,0.011,0.0,2276800000,2606100000,0.91,2007-06-30,20.75,1845700000,12088001000.0,6289600000,2134300000,727600000,783200000,783200000,None,142500000,None,855800000,None,None,2918000000,None,None,415800000,None,None,None,0.202,411100000,3919000000,2370600000,251200000,1123200000,None,None,None,None,None,None,None,3.099,75.57,3.206,None,None,None,None,None,-262600000,None,0.145,None,2544100000,2025-10-31,quarterly,0.91,USD,pre-market,246300000,8968100000,0.153,2.936,0.019,24.76,3920800000,3446200000,528200000,None,85.47,78.38,0.0,8507100000,2757100000,2743000000,7157000000,5750000000,4414000000,11396900000,1350100000,22.33,-7581000000,98.37,74.55
2025-12-28,CL,3.57,20096999000.0,22.33,None,0.295,1.062,92700000,None,340700000,340700000,-483800000,-19500000,None,None,-80800000,None,None,None,732900000,1089053498,None,5107300000,5107300000,876100000,None,None,1309400000,None,None,329300000,81000000,2.04,0.0254,166800000,166800000,None,0.011,0.0,2276800000,2606100000,0.91,2007-03-31,20.75,1845700000,12088001000.0,6289600000,2134300000,727600000,783200000,783200000,None,142500000,None,855800000,None,None,2918000000,None,None,486600000,None,None,None,0.202,487900000,3919000000,2370600000,251200000,1123200000,None,None,None,None,None,None,None,3.099,75.57,3.206,None,None,None,None,None,-339600000,None,0.145,None,2544100000,2025-10-31,quarterly,0.91,USD,pre-market,246300000,8968100000,0.153,2.936,0.019,24.76,3920800000,3446200000,528200000,None,85.47,78.38,0.0,8507100000,2757100000,2743000000,7157000000,5750000000,4414000000,11396900000,1350100000,22.33,-7581000000,98.37,74.55
2025-12-28,CL,3.57,20096999000.0,22.33,None,0.295,1.062,224600000,None,340700000,340700000,-324200000,-150100000,None,None,10400000,None,None,None,732900000,1089053498,None,5107300000,5107300000,876100000,None,None,1309400000,None,None,329300000,85200000,2.04,0.0254,180400000,180400000,None,0.011,0.0,2276800000,2606100000,0.91,2006-12-31,20.75,1845700000,12088001000.0,6289600000,2134300000,727600000,783200000,783200000,None,142500000,None,855800000,None,None,2918000000,None,None,401200000,None,None,None,0.202,451600000,3919000000,2370600000,251200000,1123200000,None,None,None,None,None,None,None,3.099,75.57,3.206,None,None,None,None,None,-283400000,None,0.145,None,2544100000,2025-10-31,quarterly,0.91,USD,pre-market,246300000,8968100000,0.153,2.936,0.019,24.76,3920800000,3446200000,528200000,None,85.47,78.38,0.0,8507100000,2757100000,2743000000,7157000000,5750000000,4414000000,11396900000,1350100000,22.33,-7581000000,98.37,74.55
2025-12-28,CL,3.57,20096999000.0,22.33,None,0.295,1.062,115100000,None,340700000,340700000,-381200000,-218300000,None,None,-12200000,None,None,None,732900000,1089053498,None,5107300000,5107300000,876100000,None,None,1309400000,None,None,329300000,81100000,2.04,0.0254,167500000,167500000,None,0.011,0.0,2276800000,2606100000,0.91,2006-09-30,20.75,1845700000,12088001000.0,6289600000,2134300000,727600000,783200000,783200000,None,142500000,None,855800000,None,None,2918000000,None,None,344100000,None,None,None,0.202,674000000,3919000000,2370600000,251200000,1123200000,None,None,None,None,None,None,None,3.099,75.57,3.206,None,None,None,None,None,-265600000,None,0.145,None,2544100000,2025-10-31,quarterly,0.91,USD,pre-market,246300000,8968100000,0.153,2.936,0.019,24.76,3920800000,3446200000,528200000,None,85.47,78.38,0.0,8507100000,2757100000,2743000000,7157000000,5750000000,4414000000,11396900000,1350100000,22.33,-7581000000,98.37,74.55
2025-12-28,CL,3.57,20096999000.0,22.33,None,0.295,1.062,85000000,None,340700000,340700000,-66100000,-196500000,None,None,-31400000,None,None,None,732900000,1089053498,None,5107300000,5107300000,876100000,None,None,1309400000,None,None,329300000,82200000,2.04,0.0254,178300000,178300000,None,0.011,0.0,2276800000,2606100000,0.91,2006-06-30,20.75,1845700000,12088001000.0,6289600000,2134300000,727600000,783200000,783200000,None,142500000,None,855800000,None,None,2918000000,None,None,283600000,None,None,None,0.202,313400000,3919000000,2370600000,251200000,1123200000,None,None,None,None,None,None,None,3.099,75.57,3.206,None,None,None,None,None,-121100000,None,0.145,None,2544100000,2025-10-31,quarterly,0.91,USD,pre-market,246300000,8968100000,0.153,2.936,0.019,24.76,3920800000,3446200000,528200000,None,85.47,78.38,0.0,8507100000,2757100000,2743000000,7157000000,5750000000,4414000000,11396900000,1350100000,22.33,-7581000000,98.37,74.55
2025-12-28,CL,3.57,20096999000.0,22.33,None,0.295,1.062,51700000,None,340700000,340700000,-287500000,-55500000,None,None,-85300000,None,None,None,732900000,1089053498,None,5107300000,5107300000,876100000,None,None,1309400000,None,None,329300000,80200000,2.04,0.0254,151600000,151600000,None,0.011,0.0,2276800000,2606100000,0.91,2006-03-31,20.75,1845700000,12088001000.0,6289600000,2134300000,727600000,783200000,783200000,None,142500000,None,855800000,None,None,2918000000,None,None,324500000,None,None,None,0.202,382500000,3919000000,2370600000,251200000,1123200000,None,None,None,None,None,None,None,3.099,75.57,3.206,None,None,None,None,None,-214600000,None,0.145,None,2544100000,2025-10-31,quarterly,0.91,USD,pre-market,246300000,8968100000,0.153,2.936,0.019,24.76,3920800000,3446200000,528200000,None,85.47,78.38,0.0,8507100000,2757100000,2743000000,7157000000,5750000000,4414000000,11396900000,1350100000,22.33,-7581000000,98.37,74.55
2025-12-28,CL,3.57,20096999000.0,22.33,None,0.295,1.062,131400000,None,340700000,340700000,-468500000,-43700000,None,None,27400000,None,None,None,732900000,1089053498,None,5107300000,5107300000,876100000,None,None,1309400000,None,None,329300000,81900000,2.04,0.0254,164100000,164100000,None,0.011,0.0,2276800000,2606100000,0.91,2005-12-31,20.75,1845700000,12088001000.0,6289600000,2134300000,727600000,783200000,783200000,None,142500000,None,855800000,None,None,2918000000,None,None,361200000,None,None,None,0.202,479000000,3919000000,2370600000,251200000,1123200000,None,None,None,None,None,None,None,3.099,75.57,3.206,None,None,None,None,None,-146700000,None,0.145,None,2544100000,2025-10-31,quarterly,0.91,USD,pre-market,246300000,8968100000,0.153,2.936,0.019,24.76,3920800000,3446200000,528200000,None,85.47,78.38,0.0,8507100000,2757100000,2743000000,7157000000,5750000000,4414000000,11396900000,1350100000,22.33,-7581000000,98.37,74.55
2025-12-28,CL,3.57,20096999000.0,22.33,None,0.295,1.062,98600000,None,340700000,340700000,-583100000,-12900000,None,None,21500000,None,None,None,732900000,1089053498,None,5107300000,5107300000,876100000,None,None,1309400000,None,None,329300000,82200000,2.04,0.0254,151900000,151900000,None,0.011,0.0,2276800000,2606100000,0.91,2005-09-30,20.75,1845700000,12088001000.0,6289600000,2134300000,727600000,783200000,783200000,None,142500000,None,855800000,None,None,2918000000,None,None,347200000,None,None,None,0.202,577000000,3919000000,2370600000,251200000,1123200000,None,None,None,None,None,None,None,3.099,75.57,3.206,None,None,None,None,None,-136000000,None,0.145,None,2544100000,2025-10-31,quarterly,0.91,USD,pre-market,246300000,8968100000,0.153,2.936,0.019,24.76,3920800000,3446200000,528200000,None,85.47,78.38,0.0,8507100000,2757100000,2743000000,7157000000,5750000000,4414000000,11396900000,1350100000,22.33,-7581000000,98.37,74.55
2025-12-28,CL,3.57,20096999000.0,22.33,None,0.295,1.062,561000000,None,340700000,340700000,-3389000000,-534000000,None,None,-100000000,None,None,None,732900000,1089053498,None,5107300000,5107300000,876100000,None,None,1309400000,None,None,329300000,605000000,2.04,0.0254,1789000000,1789000000,None,0.011,0.0,2276800000,2606100000,0.91,2024-12-31,20.75,1845700000,12088001000.0,6289600000,2134300000,727600000,783200000,783200000,None,142500000,None,855800000,None,None,2918000000,None,None,3049000000,None,None,None,0.202,4107000000,3919000000,2370600000,251200000,1123200000,None,None,None,None,None,None,None,3.099,75.57,3.206,None,None,None,None,None,-1739000000,None,0.145,None,2544100000,2025-10-31,annual,0.91,USD,pre-market,246300000,8968100000,0.153,2.936,0.019,24.76,3920800000,3446200000,528200000,None,85.47,78.38,0.0,8507100000,2757100000,2743000000,7157000000,5750000000,4414000000,11396900000,1350100000,22.33,-7581000000,98.37,74.55
2025-12-28,CL,3.57,20096999000.0,22.33,None,0.295,1.062,705000000,None,340700000,340700000,-2793000000,-742000000,None,None,194000000,None,None,None,732900000,1089053498,None,5107300000,5107300000,876100000,None,None,1309400000,None,None,329300000,567000000,2.04,0.0254,1749000000,1749000000,None,0.011,0.0,2276800000,2606100000,0.91,2023-12-31,20.75,1845700000,12088001000.0,6289600000,2134300000,727600000,783200000,783200000,None,142500000,None,855800000,None,None,2918000000,None,None,2455000000,None,None,None,0.202,3745000000,3919000000,2370600000,251200000,1123200000,None,None,None,None,None,None,None,3.099,75.57,3.206,None,None,None,None,None,-1128000000,None,0.145,None,2544100000,2025-10-31,annual,0.91,USD,pre-market,246300000,8968100000,0.153,2.936,0.019,24.76,3920800000,3446200000,528200000,None,85.47,78.38,0.0,8507100000,2757100000,2743000000,7157000000,5750000000,4414000000,11396900000,1350100000,22.33,-7581000000,98.37,74.55
2025-12-28,CL,3.57,20096999000.0,22.33,None,0.295,1.062,696000000,None,340700000,340700000,-952000000,-1601000000,3000000,None,-333000000,None,None,-227000000,732900000,1089053498,None,5107300000,5107300000,876100000,None,None,1309400000,None,None,329300000,545000000,2.04,0.0254,1691000000,1691000000,None,0.011,0.0,2276800000,2606100000,0.91,2022-12-31,20.75,1845700000,12088001000.0,6289600000,2134300000,727600000,783200000,783200000,None,142500000,None,855800000,None,None,2918000000,None,None,1967000000,None,None,None,0.202,2556000000,3919000000,2370600000,251200000,1123200000,None,None,None,None,None,None,None,3.099,75.57,3.206,None,None,None,None,None,-1308000000,None,0.145,None,2544100000,2025-10-31,annual,0.91,USD,pre-market,246300000,8968100000,0.153,2.936,0.019,24.76,3920800000,3446200000,528200000,None,85.47,78.38,0.0,8507100000,2757100000,2743000000,7157000000,5750000000,4414000000,11396900000,1350100000,22.33,-7581000000,98.37,74.55
2025-12-28,CL,3.57,20096999000.0,22.33,None,0.295,1.062,567000000,None,340700000,340700000,-2774000000,-592000000,-41000000,None,-72000000,None,None,-84000000,732900000,1089053498,None,5107300000,5107300000,876100000,None,None,1309400000,None,None,329300000,556000000,2.04,0.0254,1679000000,1679000000,None,0.011,0.0,2276800000,2606100000,0.91,2021-12-31,20.75,1845700000,12088001000.0,6289600000,2134300000,727600000,783200000,783200000,None,142500000,None,855800000,None,None,2918000000,None,None,2338000000,None,None,None,0.202,3325000000,3919000000,2370600000,251200000,1123200000,None,None,None,None,None,None,None,3.099,75.57,3.206,None,None,None,None,None,-1320000000,None,0.145,None,2544100000,2025-10-31,annual,0.91,USD,pre-market,246300000,8968100000,0.153,2.936,0.019,24.76,3920800000,3446200000,528200000,None,85.47,78.38,0.0,8507100000,2757100000,2743000000,7157000000,5750000000,4414000000,11396900000,1350100000,22.33,-7581000000,98.37,74.55
2025-12-28,CL,3.57,20096999000.0,22.33,None,0.295,1.062,410000000,None,340700000,340700000,-2919000000,-779000000,21000000,None,-251000000,None,None,138000000,732900000,1089053498,None,5107300000,5107300000,876100000,None,None,1309400000,None,None,329300000,539000000,2.04,0.0254,1654000000,1654000000,None,0.011,0.0,2276800000,2606100000,0.91,2020-12-31,20.75,1845700000,12088001000.0,6289600000,2134300000,727600000,783200000,783200000,None,142500000,None,855800000,None,None,2918000000,None,None,2860000000,None,None,None,0.202,3719000000,3919000000,2370600000,251200000,1123200000,None,None,None,None,None,None,None,3.099,75.57,3.206,None,None,None,None,None,-1476000000,None,0.145,None,2544100000,2025-10-31,annual,0.91,USD,pre-market,246300000,8968100000,0.153,2.936,0.019,24.76,3920800000,3446200000,528200000,None,85.47,78.38,0.0,8507100000,2757100000,2743000000,7157000000,5750000000,4414000000,11396900000,1350100000,22.33,-7581000000,98.37,74.55
2025-12-28,CL,3.57,20096999000.0,22.33,None,0.295,1.062,335000000,None,340700000,340700000,-870000000,-2099000000,164000000,None,-77000000,None,None,19000000,732900000,1089053498,None,5107300000,5107300000,876100000,None,None,1309400000,None,None,329300000,519000000,2.04,0.0254,1614000000,1614000000,None,0.011,0.0,2276800000,2606100000,0.91,2019-12-31,20.75,1845700000,12088001000.0,6289600000,2134300000,727600000,783200000,783200000,None,142500000,None,855800000,None,None,2918000000,None,None,2527000000,None,None,None,0.202,3133000000,3919000000,2370600000,251200000,1123200000,None,None,None,None,None,None,None,3.099,75.57,3.206,None,None,None,None,None,-1202000000,None,0.145,None,2544100000,2025-10-31,annual,0.91,USD,pre-market,246300000,8968100000,0.153,2.936,0.019,24.76,3920800000,3446200000,528200000,None,85.47,78.38,0.0,8507100000,2757100000,2743000000,7157000000,5750000000,4414000000,11396900000,1350100000,22.33,-7581000000,98.37,74.55
2025-12-28,CL,3.57,20096999000.0,22.33,None,0.295,1.062,436000000,None,340700000,340700000,-2679000000,-1170000000,-809000000,-16000000,-58000000,None,None,-79000000,732900000,1089053498,None,5107300000,5107300000,876100000,None,None,1309400000,None,None,329300000,511000000,2.04,0.0254,1591000000,1591000000,None,0.011,0.0,2276800000,2606100000,0.91,2018-12-31,20.75,1845700000,12088001000.0,6289600000,2134300000,727600000,783200000,783200000,None,142500000,None,855800000,None,None,2918000000,None,None,2558000000,None,None,None,0.202,3056000000,3919000000,2370600000,251200000,1123200000,None,None,None,None,None,None,None,3.099,75.57,3.206,None,None,None,None,None,-1238000000,None,0.145,None,2544100000,2025-10-31,annual,0.91,USD,pre-market,246300000,8968100000,0.153,2.936,0.019,24.76,3920800000,3446200000,528200000,None,85.47,78.38,0.0,8507100000,2757100000,2743000000,7157000000,5750000000,4414000000,11396900000,1350100000,22.33,-7581000000,98.37,74.55
2025-12-28,CL,3.57,20096999000.0,22.33,None,0.295,1.062,553000000,None,340700000,340700000,-2450000000,-471000000,220000000,87000000,-8000000,None,None,-15000000,732900000,1089053498,None,5107300000,5107300000,876100000,None,None,1309400000,None,None,329300000,475000000,2.04,0.0254,1529000000,1529000000,None,0.011,0.0,2276800000,2606100000,0.91,2017-12-31,20.75,1845700000,12088001000.0,6289600000,2134300000,727600000,783200000,783200000,None,142500000,None,855800000,None,None,2918000000,None,None,2174000000,None,None,None,0.202,3054000000,3919000000,2370600000,251200000,1123200000,None,None,None,None,None,None,None,3.099,75.57,3.206,None,None,None,None,None,-1399000000,None,0.145,None,2544100000,2025-10-31,annual,0.91,USD,pre-market,246300000,8968100000,0.153,2.936,0.019,24.76,3920800000,3446200000,528200000,None,85.47,78.38,0.0,8507100000,2757100000,2743000000,7157000000,5750000000,4414000000,11396900000,1350100000,22.33,-7581000000,98.37,74.55
2025-12-28,CL,3.57,20096999000.0,22.33,None,0.295,1.062,593000000,None,340700000,340700000,-2233000000,-499000000,345000000,-64000000,-4000000,None,None,-17000000,732900000,1089053498,None,5107300000,5107300000,876100000,None,None,1309400000,None,None,329300000,443000000,2.04,0.0254,1508000000,1508000000,None,0.011,0.0,2276800000,2606100000,0.91,2016-12-31,20.75,1845700000,12088001000.0,6289600000,2134300000,727600000,783200000,783200000,None,142500000,None,855800000,None,None,2918000000,None,None,2586000000,None,None,None,0.202,3141000000,3919000000,2370600000,251200000,1123200000,None,None,None,None,None,None,None,3.099,75.57,3.206,None,None,None,None,None,-1335000000,None,0.145,None,2544100000,2025-10-31,annual,0.91,USD,pre-market,246300000,8968100000,0.153,2.936,0.019,24.76,3920800000,3446200000,528200000,None,85.47,78.38,0.0,8507100000,2757100000,2743000000,7157000000,5750000000,4414000000,11396900000,1350100000,22.33,-7581000000,98.37,74.55
2025-12-28,CL,3.57,20096999000.0,22.33,None,0.295,1.062,691000000,None,340700000,340700000,-2276000000,-685000000,-119000000,-107000000,-13000000,None,None,-75000000,732900000,1089053498,None,5107300000,5107300000,876100000,None,None,1309400000,None,None,329300000,449000000,2.04,0.0254,1493000000,1493000000,None,0.011,0.0,2276800000,2606100000,0.91,2015-12-31,20.75,1845700000,12088001000.0,6289600000,2134300000,727600000,783200000,783200000,None,142500000,None,855800000,None,None,2918000000,None,None,1548000000,None,None,None,0.202,2949000000,3919000000,2370600000,251200000,1123200000,None,None,None,None,None,None,None,3.099,75.57,3.206,None,None,None,None,None,-1551000000,None,0.145,None,2544100000,2025-10-31,annual,0.91,USD,pre-market,246300000,8968100000,0.153,2.936,0.019,24.76,3920800000,3446200000,528200000,None,85.47,78.38,0.0,8507100000,2757100000,2743000000,7157000000,5750000000,4414000000,11396900000,1350100000,22.33,-7581000000,98.37,74.55
2025-12-28,CL,3.57,20096999000.0,22.33,None,0.295,1.062,757000000,None,340700000,340700000,-2170000000,-859000000,127000000,-142000000,-60000000,None,None,-109000000,732900000,1089053498,None,5107300000,5107300000,876100000,None,None,1309400000,None,None,329300000,442000000,2.04,0.0254,1446000000,1446000000,None,0.011,0.0,2276800000,2606100000,0.91,2014-12-31,20.75,1845700000,12088001000.0,6289600000,2134300000,727600000,783200000,783200000,None,142500000,None,855800000,None,None,2918000000,None,None,2339000000,None,None,None,0.202,3298000000,3919000000,2370600000,251200000,1123200000,None,None,None,None,None,None,None,3.099,75.57,3.206,None,None,None,None,None,-1530000000,None,0.145,None,2544100000,2025-10-31,annual,0.91,USD,pre-market,246300000,8968100000,0.153,2.936,0.019,24.76,3920800000,3446200000,528200000,None,85.47,78.38,0.0,8507100000,2757100000,2743000000,7157000000,5750000000,4414000000,11396900000,1350100000,22.33,-7581000000,98.37,74.55
2025-12-28,CL,3.57,20096999000.0,22.33,None,0.295,1.062,670000000,None,340700000,340700000,-2142000000,-890000000,78000000,-94000000,-97000000,None,None,-37000000,732900000,1089053498,None,5107300000,5107300000,876100000,None,None,1309400000,None,None,329300000,439000000,2.04,0.0254,1382000000,1382000000,None,0.011,0.0,2276800000,2606100000,0.91,2013-12-31,20.75,1845700000,12088001000.0,6289600000,2134300000,727600000,783200000,783200000,None,142500000,None,855800000,None,None,2918000000,None,None,2410000000,None,None,None,0.202,3204000000,3919000000,2370600000,251200000,1123200000,None,None,None,None,None,None,None,3.099,75.57,3.206,None,None,None,None,None,-1521000000,None,0.145,None,2544100000,2025-10-31,annual,0.91,USD,pre-market,246300000,8968100000,0.153,2.936,0.019,24.76,3920800000,3446200000,528200000,None,85.47,78.38,0.0,8507100000,2757100000,2743000000,7157000000,5750000000,4414000000,11396900000,1350100000,22.33,-7581000000,98.37,74.55
2025-12-28,CL,3.57,20096999000.0,22.33,None,0.295,1.062,565000000,None,340700000,340700000,-2301000000,-865000000,6000000,-24000000,-21000000,None,None,19000000,732900000,1089053498,None,5107300000,5107300000,876100000,None,None,1309400000,None,None,329300000,425000000,2.04,0.0254,1277000000,1277000000,None,0.011,0.0,2276800000,2606100000,0.91,2012-12-31,20.75,1845700000,12088001000.0,6289600000,2134300000,727600000,783200000,783200000,None,142500000,None,855800000,None,None,2918000000,None,None,2631000000,None,None,None,0.202,3196000000,3919000000,2370600000,251200000,1123200000,None,None,None,None,None,None,None,3.099,75.57,3.206,None,None,None,None,None,-1943000000,None,0.145,None,2544100000,2025-10-31,annual,0.91,USD,pre-market,246300000,8968100000,0.153,2.936,0.019,24.76,3920800000,3446200000,528200000,None,85.47,78.38,0.0,8507100000,2757100000,2743000000,7157000000,5750000000,4414000000,11396900000,1350100000,22.33,-7581000000,98.37,74.55
2025-12-28,CL,3.57,20096999000.0,22.33,None,0.295,1.062,537000000,None,340700000,340700000,-1242000000,-1213000000,388000000,-53000000,-130000000,None,None,-130000000,732900000,1089053498,None,5107300000,5107300000,876100000,None,None,1309400000,None,None,329300000,421000000,2.04,0.0254,1203000000,1203000000,None,0.011,0.0,2276800000,2606100000,0.91,2011-12-31,20.75,1845700000,12088001000.0,6289600000,2134300000,727600000,783200000,783200000,None,142500000,None,855800000,None,None,2918000000,None,None,2554000000,None,None,None,0.202,2896000000,3919000000,2370600000,251200000,1123200000,None,None,None,None,None,None,None,3.099,75.57,3.206,None,None,None,None,None,-1806000000,None,0.145,None,2544100000,2025-10-31,annual,0.91,USD,pre-market,246300000,8968100000,0.153,2.936,0.019,24.76,3920800000,3446200000,528200000,None,85.47,78.38,0.0,8507100000,2757100000,2743000000,7157000000,5750000000,4414000000,11396900000,1350100000,22.33,-7581000000,98.37,74.55
2025-12-28,CL,3.57,20096999000.0,22.33,None,0.295,1.062,550000000,None,340700000,340700000,-2624000000,-658000000,-110000000,-39000000,-10000000,None,None,40000000,732900000,1089053498,None,5107300000,5107300000,876100000,None,None,1309400000,None,None,329300000,376000000,2.04,0.0254,1142000000,1142000000,None,0.011,0.0,2276800000,2606100000,0.91,2010-12-31,20.75,1845700000,12088001000.0,6289600000,2134300000,727600000,783200000,783200000,None,142500000,None,855800000,None,None,2918000000,None,None,2313000000,None,None,None,0.202,3211000000,3919000000,2370600000,251200000,1123200000,None,None,None,None,None,None,None,3.099,75.57,3.206,None,None,None,None,None,-2020000000,None,0.145,None,2544100000,2025-10-31,annual,0.91,USD,pre-market,246300000,8968100000,0.153,2.936,0.019,24.76,3920800000,3446200000,528200000,None,85.47,78.38,0.0,8507100000,2757100000,2743000000,7157000000,5750000000,4414000000,11396900000,1350100000,22.33,-7581000000,98.37,74.55
2025-12-28,CL,3.57,20096999000.0,22.33,None,0.295,1.062,575000000,None,340700000,340700000,-2270000000,-841000000,45000000,-121000000,44000000,None,None,57000000,732900000,1089053498,None,5107300000,5107300000,876100000,None,None,1309400000,None,None,329300000,351000000,2.04,0.0254,981000000,981000000,None,0.011,0.0,2276800000,2606100000,0.91,2009-12-31,20.75,1845700000,12088001000.0,6289600000,2134300000,727600000,783200000,783200000,None,142500000,None,855800000,None,None,2918000000,None,None,2397000000,None,None,None,0.202,3277000000,3919000000,2370600000,251200000,1123200000,None,None,None,None,None,None,None,3.099,75.57,3.206,None,None,None,None,None,-1063000000,None,0.145,None,2544100000,2025-10-31,annual,0.91,USD,pre-market,246300000,8968100000,0.153,2.936,0.019,24.76,3920800000,3446200000,528200000,None,85.47,78.38,0.0,8507100000,2757100000,2743000000,7157000000,5750000000,4414000000,11396900000,1350100000,22.33,-7581000000,98.37,74.55
2025-12-28,CL,3.57,20096999000.0,22.33,None,0.295,1.062,684000000,None,340700000,340700000,-1530000000,-613000000,None,None,-135000000,None,None,None,732900000,1089053498,None,5107300000,5107300000,876100000,None,None,1309400000,None,None,329300000,348000000,2.04,0.0254,889000000,889000000,None,0.011,0.0,2276800000,2606100000,0.91,2008-12-31,20.75,1845700000,12088001000.0,6289600000,2134300000,727600000,783200000,783200000,None,142500000,None,855800000,None,None,2918000000,None,None,1957000000,None,None,None,0.202,2302000000,3919000000,2370600000,251200000,1123200000,None,None,None,None,None,None,None,3.099,75.57,3.206,None,None,None,None,None,-1073000000,None,0.145,None,2544100000,2025-10-31,annual,0.91,USD,pre-market,246300000,8968100000,0.153,2.936,0.019,24.76,3920800000,3446200000,528200000,None,85.47,78.38,0.0,8507100000,2757100000,2743000000,7157000000,5750000000,4414000000,11396900000,1350100000,22.33,-7581000000,98.37,74.55
2025-12-28,CL,3.57,20096999000.0,22.33,None,0.295,1.062,583100000,None,340700000,340700000,-1754400000,-528300000,None,None,-111500000,None,None,None,732900000,1089053498,None,5107300000,5107300000,876100000,None,None,1309400000,None,None,329300000,333900000,2.04,0.0254,749600000,749600000,None,0.011,0.0,2276800000,2606100000,0.91,2007-12-31,20.75,1845700000,12088001000.0,6289600000,2134300000,727600000,783200000,783200000,None,142500000,None,855800000,None,None,2918000000,None,None,1737400000,None,None,None,0.202,2203700000,3919000000,2370600000,251200000,1123200000,None,None,None,None,None,None,None,3.099,75.57,3.206,None,None,None,None,None,-1269400000,None,0.145,None,2544100000,2025-10-31,annual,0.91,USD,pre-market,246300000,8968100000,0.153,2.936,0.019,24.76,3920800000,3446200000,528200000,None,85.47,78.38,0.0,8507100000,2757100000,2743000000,7157000000,5750000000,4414000000,11396900000,1350100000,22.33,-7581000000,98.37,74.55
2025-12-28,CL,3.57,20096999000.0,22.33,None,0.295,1.062,476400000,None,340700000,340700000,-1059000000,-620400000,None,None,-118500000,None,None,None,732900000,1089053498,None,5107300000,5107300000,876100000,None,None,1309400000,None,None,329300000,328700000,2.04,0.0254,677800000,677800000,None,0.011,0.0,2276800000,2606100000,0.91,2006-12-31,20.75,1845700000,12088001000.0,6289600000,2134300000,727600000,783200000,783200000,None,142500000,None,855800000,None,None,2918000000,None,None,1353400000,None,None,None,0.202,1821500000,3919000000,2370600000,251200000,1123200000,None,None,None,None,None,None,None,3.099,75.57,3.206,None,None,None,None,None,-884700000,None,0.145,None,2544100000,2025-10-31,annual,0.91,USD,pre-market,246300000,8968100000,0.153,2.936,0.019,24.76,3920800000,3446200000,528200000,None,85.47,78.38,0.0,8507100000,2757100000,2743000000,7157000000,5750000000,4414000000,11396900000,1350100000,22.33,-7581000000,98.37,74.55
2025-12-28,CL,3.57,20096999000.0,22.33,None,0.295,1.062,389200000,None,340700000,340700000,-1524400000,-220700000,None,None,-46800000,None,None,None,732900000,1089053498,None,5107300000,5107300000,876100000,None,None,1309400000,None,None,329300000,329300000,2.04,0.0254,607200000,607200000,None,0.011,0.0,2276800000,2606100000,0.91,2005-12-31,20.75,1845700000,12088001000.0,6289600000,2134300000,727600000,783200000,783200000,None,142500000,None,855800000,None,None,2918000000,None,None,1351400000,None,None,None,0.202,1784400000,3919000000,2370600000,251200000,1123200000,None,None,None,None,None,None,None,3.099,75.57,3.206,None,None,None,None,None,-796200000,None,0.145,None,2544100000,2025-10-31,annual,0.91,USD,pre-market,246300000,8968100000,0.153,2.936,0.019,24.76,3920800000,3446200000,528200000,None,85.47,78.38,0.0,8507100000,2757100000,2743000000,7157000000,5750000000,4414000000,11396900000,1350100000,22.33,-7581000000,98.37,74.55
