date,symbol,eps,revenue_ttm,pe_ratio,accumulateddepreciationamortizationppe,beta,book_value,capitalexpenditures,capitalleaseobligations,cashandcashequivalentsatcarryingvalue,cashandshortterminvestments,cashflowfromfinancing,cashflowfrominvestment,changeincashandcashequivalents,changeinexchangerate,changeininventory,changeinoperatingassets,changeinoperatingliabilities,changeinreceivables,commonstock,commonstocksharesoutstanding,comprehensiveincomenetoftax,costofgoodsandservicessold,costofrevenue,currentaccountspayable,currentdebt,currentlongtermdebt,currentnetreceivables,deferredrevenue,depreciation,depreciationandamortization,depreciationdepletionandamortization,dividendpayout,dividendpayoutcommonstock,dividendpayoutpreferredstock,earnings_growth_yoy,earnings_surprise,ebit,ebitda,estimated_eps,fiscaldateending,forward_pe,goodwill,gross_profit_ttm,grossprofit,incomebeforetax,incometaxexpense,intangibleassets,intangibleassetsexcludinggoodwill,interestanddebtexpense,interestexpense,interestincome,inventory,investmentincomenet,investments,longtermdebt,longtermdebtnoncurrent,longterminvestments,netincome,netincomefromcontinuingoperations,netinterestincome,noninterestincome,operating_margin_ttm,operatingcashflow,operatingexpenses,operatingincome,othercurrentassets,othercurrentliabilities,othernoncurrentassets,othernoncurrentliabilities,othernonoperatingincome,paymentsforoperatingactivities,paymentsforrepurchaseofcommonstock,paymentsforrepurchaseofequity,paymentsforrepurchaseofpreferredstock,peg_ratio,price_to_book,price_to_sales_ttm,proceedsfromissuanceofcommonstock,proceedsfromissuanceoflongtermdebtandcapitalsecuritiesnet,proceedsfromissuanceofpreferredstock,proceedsfromoperatingactivities,proceedsfromrepaymentsofshorttermdebt,proceedsfromrepurchaseofequity,proceedsfromsaleoftreasurystock,profit_margin,profitloss,propertyplantequipment,report_date,report_type,reported_eps,reportedcurrency,reporttime,researchanddevelopment,retainedearnings,return_on_assets_ttm,return_on_equity_ttm,revenue_growth_yoy,revenue_per_share_ttm,sellinggeneralandadministrative,shortlongtermdebttotal,shorttermdebt,shortterminvestments,sma_200,sma_50,surprise_pct,totalassets,totalcurrentassets,totalcurrentliabilities,totalliabilities,totalnoncurrentassets,totalnoncurrentliabilities,totalrevenue,totalshareholderequity,trailing_pe,treasurystock,week_52_high,week_52_low
2005-12-31,CMG,,,,,,,,,,,,,,,,,,,,,,,,,,,,,,,,,,,,0.001,,,0.0022,,,,,,,,,,,,,,,,,,,,,,,,,,,,,,,,,,,,,,,,,,,,,,,,,2006-03-13,,0.0032,,pre-market,,,,,,,,,,,,,45.4545,,,,,,,,,,,,
2006-03-31,CMG,,,,,,,,,,,,,,,,,,,,,,,,,,,,,,,,,,,,0.0028,,,0.0024,,,,,,,,,,,,,,,,,,,,,,,,,,,,,,,,,,,,,,,,,,,,,,,,,2006-05-08,,0.0052,,pre-market,,,,,,,,,,,,,116.6667,,,,,,,,,,,,
2006-06-30,CMG,,,,,,,,,,,,,,,,,,,,,,,,,,,,,,,,,,,,0.0016,,,0.005,,,,,,,,,,,,,,,,,,,,,,,,,,,,,,,,,,,,,,,,,,,,,,,,,2006-07-31,,0.0066,,pre-market,,,,,,,,,,,,,32.0,,,,,,,,,,,,
2006-09-30,CMG,,,,,,,,,,,,,,,,,,,,,,,,,,,,,,,,,,,,0.0018,,,0.0054,,,,,,,,,,,,,,,,,,,,,,,,,,,,,,,,,,,,,,,,,,,,,,,,,2006-10-31,,0.0072,,pre-market,,,,,,,,,,,,,33.3333,,,,,,,,,,,,
2006-12-31,CMG,,,,,,,,,,,,,,,,,,,,,,,,,,,,,,,,,,,,0.001,,,0.0056,,,,,,,,,,,,,,,,,,,,,,,,,,,,,,,,,,,,,,,,,,,,,,,,,2007-02-15,,0.0066,,pre-market,,,,,,,,,,,,,17.8571,,,,,,,,,,,,
2007-03-31,CMG,,,,,,,,,,,,,,,,,,,,,,,,,,,,,,,,,,,,0.0012,,,0.0064,,,,,,,,,,,,,,,,,,,,,,,,,,,,,,,,,,,,,,,,,,,,,,,,,2007-05-01,,0.0076,,pre-market,,,,,,,,,,,,,18.75,,,,,,,,,,,,
2007-06-30,CMG,,,,,,,,,,,,,,,,,,,,,,,,,,,,,,,,,,,,0.003,,,0.009,,,,,,,,,,,,,,,,,,,,,,,,,,,,,,,,,,,,,,,,,,,,,,,,,2007-07-31,,0.012,,pre-market,,,,,,,,,,,,,33.3333,,,,,,,,,,,,
2007-09-30,CMG,,,,,,,,,,,,,,,,,,,,,,,,,,,,,,,,,,,,0.0018,,,0.0106,,,,,,,,,,,,,,,,,,,,,,,,,,,,,,,,,,,,,,,,,,,,,,,,,2007-10-30,,0.0124,,pre-market,,,,,,,,,,,,,16.9811,,,,,,,,,,,,
2007-12-31,CMG,,,,,,,,,,,,,,,,,,,,,,,,,,,,,,,,,,,,-0.0004,,,0.011,,,,,,,,,,,,,,,,,,,,,,,,,,,,,,,,,,,,,,,,,,,,,,,,,2008-02-14,,0.0106,,pre-market,,,,,,,,,,,,,-3.6364,,,,,,,,,,,,
2008-03-31,CMG,,,,,,,,,,,,,,,,,,,,,,,,,,,,,,,,,,,,0.0008,,,0.0096,,,,,,,,,,,,,,,,,,,,,,,,,,,,,,,,,,,,,,,,,,,,,,,,,2008-04-23,,0.0104,,pre-market,,,,,,,,,,,,,8.3333,,,,,,,,,,,,
2008-06-30,CMG,,,,,,,,,,,,,,,,,,,,,,,,,,,,,,,,,,,,-0.0002,,,0.015,,,,,,,,,,,,,,,,,,,,,,,,,,,,,,,,,,,,,,,,,,,,,,,,,2008-07-23,,0.0148,,pre-market,,,,,,,,,,,,,-1.3333,,,,,,,,,,,,
2008-09-30,CMG,,,,,,,,,,,,,,,,,,,,,,,,,,,,,,,,,,,,0.0,,,0.0118,,,,,,,,,,,,,,,,,,,,,,,,,,,,,,,,,,,,,,,,,,,,,,,,,2008-10-22,,0.0118,,pre-market,,,,,,,,,,,,,0.0,,,,,,,,,,,,
2008-12-31,CMG,,,,,,,,,,,,,,,,,,,,,,,,,,,,,,,,,,,,0.0006,,,0.0098,,,,,,,,,,,,,,,,,,,,,,,,,,,,,,,,,,,,,,,,,,,,,,,,,2009-02-11,,0.0104,,pre-market,,,,,,,,,,,,,6.1224,,,,,,,,,,,,
2009-03-31,CMG,,,,,,,,,,,,,,,,,,,,,,,,,,,,,,,,,,,,0.0046,,,0.011,,,,,,,,,,,,,,,,,,,,,,,,,,,,,,,,,,,,,,,,,,,,,,,,,2009-04-22,,0.0156,,pre-market,,,,,,,,,,,,,41.8182,,,,,,,,,,,,
2009-06-30,CMG,,,,,,,,,,,,,,,,,,,,,,,,,,,,,,,,,,,,0.0044,,,0.0176,,,,,,,,,,,,,,,,,,,,,,,,,,,,,,,,,,,,,,,,,,,,,,,,,2009-07-22,,0.022,,pre-market,,,,,,,,,,,,,25.0,,,,,,,,,,,,
2009-09-30,CMG,,,,,,,,,,,,,,,,,,,,,,,,,,,,,,,,,,,,0.004,,,0.0176,,,,,,,,,,,,,,,,,,,,,,,,,,,,,,,,,,,,,,,,,,,,,,,,,2009-10-22,,0.0216,,pre-market,,,,,,,,,,,,,22.7273,,,,,,,,,,,,
2009-12-31,CMG,,,,,,,,,,,,,,,,,,,,,,,,,,,,,,,,,,,,0.0036,,,0.0162,,,,,,,,,,,,,,,,,,,,,,,,,,,,,,,,,,,,,,,,,,,,,,,,,2010-02-11,,0.0198,,pre-market,,,,,,,,,,,,,22.2222,,,,,,,,,,,,
2010-03-31,CMG,,,,,,,,,,,,,,,,,,,,,,,,,,,,,,,,,,,,0.0048,,,0.019,,,,,,,,,,,,,,,,,,,,,,,,,,,,,,,,,,,,,,,,,,,,,,,,,2010-04-21,,0.0238,,pre-market,,,,,,,,,,,,,25.2632,,,,,,,,,,,,
2010-06-30,CMG,,,,,,,,,,,,,,,,,,,,,,,,,,,,,,,,,,,,0.0014,,,0.0278,,,,,,,,,,,,,,,,,,,,,,,,,,,,,,,,,,,,,,,,,,,,,,,,,2010-07-22,,0.0292,,pre-market,,,,,,,,,,,,,5.036,,,,,,,,,,,,
2010-09-30,CMG,,,,,,,,,,,,,,,,,,,,,,,,,,,,,,,,,,,,0.0042,,,0.0262,,,,,,,,,,,,,,,,,,,,,,,,,,,,,,,,,,,,,,,,,,,,,,,,,2010-10-21,,0.0304,,pre-market,,,,,,,,,,,,,16.0305,,,,,,,,,,,,
2010-12-31,CMG,,,,,,,,,,,,,,,,,,,,,,,,,,,,,,,,,,,,0.0036,,,0.0258,,,,,,,,,,,,,,,,,,,,,,,,,,,,,,,,,,,,,,,,,,,,,,,,,2011-02-10,,0.0294,,pre-market,,,,,,,,,,,,,13.9535,,,,,,,,,,,,
2011-03-31,CMG,,,,,,,,,,,,,,,,,,,,,,,,,,,,,,,,,,,,0.0004,,,0.0288,,,,,,,,,,,,,,,,,,,,,,,,,,,,,,,,,,,,,,,,,,,,,,,,,2011-04-20,,0.0292,,pre-market,,,,,,,,,,,,,1.3889,,,,,,,,,,,,
2011-06-30,CMG,,,,,,,,,,,,,,,,,,,,,,,,,,,,,,,,,,,,-0.0008,,,0.0336,,,,,,,,,,,,,,,,,,,,,,,,,,,,,,,,,,,,,,,,,,,,,,,,,2011-07-19,,0.0328,,pre-market,,,,,,,,,,,,,-2.381,,,,,,,,,,,,
2011-09-30,CMG,,,,,,,,,,,,,,,,,,,,,,,,,,,,,,,,,,,,0.001,,,0.037,,,,,,,,,,,,,,,,,,,,,,,,,,,,,,,,,,,,,,,,,,,,,,,,,2011-10-20,,0.038,,pre-market,,,,,,,,,,,,,2.7027,,,,,,,,,,,,
2011-12-31,CMG,,,,,,,,,,,,,,,,,,,,,,,,,,,,,,,,,,,,-0.0004,,,0.0366,,,,,,,,,,,,,,,,,,,,,,,,,,,,,,,,,,,,,,,,,,,,,,,,,2012-02-01,,0.0362,,pre-market,,,,,,,,,,,,,-1.0929,,,,,,,,,,,,
2012-03-31,CMG,,,,,,,,,,,,,,,,,,,,,,,,,,,,,,,,,,,,0.0008,,,0.0386,,,,,,,,,,,,,,,,,,,,,,,,,,,,,,,,,,,,,,,,,,,,,,,,,2012-04-19,,0.0394,,pre-market,,,,,,,,,,,,,2.0725,,,,,,,,,,,,
2012-06-30,CMG,,,,,,,,,,,,,,,,,,,,,,,,,,,,,,,,,,,,0.0052,,,0.046,,,,,,,,,,,,,,,,,,,,,,,,,,,,,,,,,,,,,,,,,,,,,,,,,2012-07-19,,0.0512,,pre-market,,,,,,,,,,,,,11.3043,,,,,,,,,,,,
2012-09-30,CMG,,,,,,,,,,,,,,,,,,,,,,,,,,,,,,,,,,,,-0.0006,,,0.046,,,,,,,,,,,,,,,,,,,,,,,,,,,,,,,,,,,,,,,,,,,,,,,,,2012-10-18,,0.0454,,pre-market,,,,,,,,,,,,,-1.3043,,,,,,,,,,,,
2012-12-31,CMG,,,,,,,,,,,,,,,,,,,,,,,,,,,,,,,,,,,,-0.0002,,,0.0392,,,,,,,,,,,,,,,,,,,,,,,,,,,,,,,,,,,,,,,,,,,,,,,,,2013-02-05,,0.039,,pre-market,,,,,,,,,,,,,-0.5102,,,,,,,,,,,,
2013-03-31,CMG,,,,,,,,,,,,,,,,,,,,,,,,,,,,,,,,,,,,0.0044,,,0.0426,,,,,,,,,,,,,,,,,,,,,,,,,,,,,,,,,,,,,,,,,,,,,,,,,2013-04-18,,0.047,,pre-market,,,,,,,,,,,,,10.3286,,,,,,,,,,,,
2013-06-30,CMG,,,,,,,,,,,,,,,,,,,,,,,,,,,,,,,,,,,,0.0002,,,0.0562,,,,,,,,,,,,,,,,,,,,,,,,,,,,,,,,,,,,,,,,,,,,,,,,,2013-07-18,,0.0564,,pre-market,,,,,,,,,,,,,0.3559,,,,,,,,,,,,
2013-09-30,CMG,,,,,,,,,,,,,,,,,,,,,,,,,,,,,,,,,,,,-0.0024,,,0.0556,,,,,,,,,,,,,,,,,,,,,,,,,,,,,,,,,,,,,,,,,,,,,,,,,2013-10-17,,0.0532,,pre-market,,,,,,,,,,,,,-4.3165,,,,,,,,,,,,
2013-12-31,CMG,,,,,,,,,,,,,,,,,,,,,,,,,,,,,,,,,,,,0.0,,,0.0506,,,,,,,,,,,,,,,,,,,,,,,,,,,,,,,,,,,,,,,,,,,,,,,,,2014-01-30,,0.0506,,pre-market,,,,,,,,,,,,,0.0,,,,,,,,,,,,
2014-03-31,CMG,,,,,,,,,,,,,,,,,,,,,,,,,,,,,,,,,,,,-0.0044,,,0.0572,,,,,,,,,,,,,,,,,,,,,,,,,,,,,,,,,,,,,,,,,,,,,,,,,2014-04-17,,0.0528,,pre-market,,,,,,,,,,,,,-7.6923,,,,,,,,,,,,
2014-06-30,CMG,,,,,,,,,,,,,,,,,,,,,,,,,,,,,,,,,,,,0.0082,,,0.0618,,,,,,,,,,,,,,,,,,,,,,,,,,,,,,,,,,,,,,,,,,,,,,,,,2014-07-21,,0.07,,pre-market,,,,,,,,,,,,,13.2686,,,,,,,,,,,,
2014-09-30,CMG,,,,,,,,,,,,,,,,,,,,,,,,,,,,,,,,,,,,0.0062,,,0.0768,,,,,,,,,,,,,,,,,,,,,,,,,,,,,,,,,,,,,,,,,,,,,,,,,2014-10-20,,0.083,,post-market,,,,,,,,,,,,,8.0729,,,,,,,,,,,,
2014-12-31,CMG,,,,,,,,,,,,,,,,,,,,,,,,,,,,,,,,,,,,0.001,,,0.0758,,,,,,,,,,,,,,,,,,,,,,,,,,,,,,,,,,,,,,,,,,,,,,,,,2015-02-03,,0.0768,,post-market,,,,,,,,,,,,,1.3193,,,,,,,,,,,,
2015-03-31,CMG,,,,,,,,,,,,,,,,,,,,,,,,,,,,,,,,,,,,0.0044,,,0.0732,,,,,,,,,,,,,,,,,,,,,,,,,,,,,,,,,,,,,,,,,,,,,,,,,2015-04-21,,0.0776,,post-market,,,,,,,,,,,,,6.0109,,,,,,,,,,,,
2015-06-30,CMG,,,,,,,,,,,,,,,,,,,,,,,,,,,,,,,,,,,,0.0002,,,0.0888,,,,,,,,,,,,,,,,,,,,,,,,,,,,,,,,,,,,,,,,,,,,,,,,,2015-07-21,,0.089,,post-market,,,,,,,,,,,,,0.2252,,,,,,,,,,,,
2015-09-30,CMG,,,,,,,,,,,,,,,,,,,,,,,,,,,,,,,,,,,,-0.0006,,,0.0924,,,,,,,,,,,,,,,,,,,,,,,,,,,,,,,,,,,,,,,,,,,,,,,,,2015-10-20,,0.0918,,post-market,,,,,,,,,,,,,-0.6494,,,,,,,,,,,,
2015-12-31,CMG,,,,,,,,,,,,,,,,,,,,,,,,,,,,,,,,,,,,0.0064,,,0.037,,,,,,,,,,,,,,,,,,,,,,,,,,,,,,,,,,,,,,,,,,,,,,,,,2016-02-02,,0.0434,,post-market,,,,,,,,,,,,,17.2973,,,,,,,,,,,,
2016-03-31,CMG,,,,,,,,,,,,,,,,,,,,,,,,,,,,,,,,,,,,0.0014,,,-0.019,,,,,,,,,,,,,,,,,,,,,,,,,,,,,,,,,,,,,,,,,,,,,,,,,2016-04-26,,-0.0176,,post-market,,,,,,,,,,,,,7.3684,,,,,,,,,,,,
2016-06-30,CMG,,,,,,,,,,,,,,,,,,,,,,,,,,,,,,,,,,,,-0.0012,,,0.0186,,,,,,,,,,,,,,,,,,,,,,,,,,,,,,,,,,,,,,,,,,,,,,,,,2016-07-21,,0.0174,,post-market,,,,,,,,,,,,,-6.4516,,,,,,,,,,,,
2016-09-30,CMG,,,,,,,,,,,,,,,,,,,,,,,,,,,,,,,,,,,,-0.0262,,,0.0316,,,,,,,,,,,,,,,,,,,,,,,,,,,,,,,,,,,,,,,,,,,,,,,,,2016-10-25,,0.0054,,post-market,,,,,,,,,,,,,-82.9114,,,,,,,,,,,,
2016-12-31,CMG,,,,,,,,,,,,,,,,,,,,,,,,,,,,,,,,,,,,-0.0004,,,0.0114,,,,,,,,,,,,,,,,,,,,,,,,,,,,,,,,,,,,,,,,,,,,,,,,,2017-02-02,,0.011,,post-market,,,,,,,,,,,,,-3.5088,,,,,,,,,,,,
2017-03-31,CMG,,,,,,,,,,,,,,,,,,,,,,,,,,,,,,,,,,,,0.0066,,,0.0254,,,,,,,,,,,,,,,,,,,,,,,,,,,,,,,,,,,,,,,,,,,,,,,,,2017-04-25,,0.032,,post-market,,,,,,,,,,,,,25.9843,,,,,,,,,,,,
2017-06-30,CMG,,,,,,,,,,,,,,,,,,,,,,,,,,,,,,,,,,,,0.0028,,,0.0436,,,,,,,,,,,,,,,,,,,,,,,,,,,,,,,,,,,,,,,,,,,,,,,,,2017-07-25,,0.0464,,post-market,,,,,,,,,,,,,6.422,,,,,,,,,,,,
2017-09-30,CMG,,,,,,,,,,,,,,,,,,,,,,,,,,,,,,,,,,,,-0.0188,,,0.0326,,,,,,,,,,,,,,,,,,,,,,,,,,,,,,,,,,,,,,,,,,,,,,,,,2017-10-24,,0.0138,,post-market,,,,,,,,,,,,,-57.6687,,,,,,,,,,,,
2017-12-31,CMG,,,,,,,,,,,,,,,,,,,,,,,,,,,,,,,,,,,,0.0004,,,0.0264,,,,,,,,,,,,,,,,,,,,,,,,,,,,,,,,,,,,,,,,,,,,,,,,,2018-02-06,,0.0268,,post-market,,,,,,,,,,,,,1.5152,,,,,,,,,,,,
2018-03-31,CMG,,,,,,,,,,,,,,,,,,,,,,,,,,,,,,,,,,,,0.0112,,,0.0314,,,,,,,,,,,,,,,,,,,,,,,,,,,,,,,,,,,,,,,,,,,,,,,,,2018-04-25,,0.0426,,post-market,,,,,,,,,,,,,35.6688,,,,,,,,,,,,
2018-06-30,CMG,,,,,,,,,,,,,,,,,,,,,,,,,,,,,,,,,,,,0.0014,,,0.056,,,,,,,,,,,,,,,,,,,,,,,,,,,,,,,,,,,,,,,,,,,,,,,,,2018-07-26,,0.0574,,post-market,,,,,,,,,,,,,2.5,,,,,,,,,,,,
2018-09-30,CMG,,,,,,,,,,,,,,,,,,,,,,,,,,,,,,,,,,,,0.0032,,,0.04,,,,,,,,,,,,,,,,,,,,,,,,,,,,,,,,,,,,,,,,,,,,,,,,,2018-10-25,,0.0432,,post-market,,,,,,,,,,,,,8.0,,,,,,,,,,,,
2018-12-31,CMG,,,,,,,,,,,,,,,,,,,,,,,,,,,,,,,,,,,,0.007,,,0.0274,,,,,,,,,,,,,,,,,,,,,,,,,,,,,,,,,,,,,,,,,,,,,,,,,2019-02-06,,0.0344,,post-market,,,,,,,,,,,,,25.5474,,,,,,,,,,,,
2019-03-31,CMG,,,,,,,,,,,,,,,,,,,,,,,,,,,,,,,,,,,,0.0078,,,0.0602,,,,,,,,,,,,,,,,,,,,,,,,,,,,,,,,,,,,,,,,,,,,,,,,,2019-04-24,,0.068,,post-market,,,,,,,,,,,,,12.9568,,,,,,,,,,,,
2019-06-30,CMG,,,,,,,,,,,,,,,,,,,,,,,,,,,,,,,,,,,,0.0046,,,0.0752,,,,,,,,,,,,,,,,,,,,,,,,,,,,,,,,,,,,,,,,,,,,,,,,,2019-07-23,,0.0798,,post-market,,,,,,,,,,,,,6.117,,,,,,,,,,,,
2019-09-30,CMG,,,,,,,,,,,,,,,,,,,,,,,,,,,,,,,,,,,,0.012,,,0.0644,,,,,,,,,,,,,,,,,,,,,,,,,,,,,,,,,,,,,,,,,,,,,,,,,2019-10-22,,0.0764,,post-market,,,,,,,,,,,,,18.6335,,,,,,,,,,,,
2019-12-31,CMG,,,,,,,,,,,,,,,,,,,,,,,,,,,,,,,,,,,,0.0022,,,0.055,,,,,,,,,,,,,,,,,,,,,,,,,,,,,,,,,,,,,,,,,,,,,,,,,2020-02-04,,0.0572,,post-market,,,,,,,,,,,,,4.0,,,,,,,,,,,,
2020-03-31,CMG,,,,,,,,,,,,,,,,,,,,,,,,,,,,,,,,,,,,0.0034,,,0.0582,,,,,,,,,,,,,,,,,,,,,,,,,,,,,,,,,,,,,,,,,,,,,,,,,2020-04-21,,0.0616,,post-market,,,,,,,,,,,,,5.8419,,,,,,,,,,,,
2020-06-30,CMG,,,,,,,,,,,,,,,,,,,,,,,,,,,,,,,,,,,,0.001,,,0.007,,,,,,,,,,,,,,,,,,,,,,,,,,,,,,,,,,,,,,,,,,,,,,,,,2020-07-22,,0.008,,post-market,,,,,,,,,,,,,14.2857,,,,,,,,,,,,
2020-09-30,CMG,,,,,,,,,,,,,,,,,,,,,,,,,,,,,,,,,,,,0.0058,,,0.0694,,,,,,,,,,,,,,,,,,,,,,,,,,,,,,,,,,,,,,,,,,,,,,,,,2020-10-21,,0.0752,,post-market,,,,,,,,,,,,,8.3573,,,,,,,,,,,,
2020-12-31,CMG,,,,,,,,,,,,,,,,,,,,,,,,,,,,,,,,,,,,-0.005,,,0.0746,,,,,,,,,,,,,,,,,,,,,,,,,,,,,,,,,,,,,,,,,,,,,,,,,2021-02-02,,0.0696,,post-market,,,,,,,,,,,,,-6.7024,,,,,,,,,,,,
2021-03-31,CMG,,,,,,,,,,,,,,,,,,,,,,,,,,,,,,,,,,,,0.0094,,,0.0978,,,,,,,,,,,,,,,,,,,,,,,,,,,,,,,,,,,,,,,,,,,,,,,,,2021-04-21,,0.1072,,post-market,,,,,,,,,,,,,9.6115,,,,,,,,,,,,
2021-06-30,CMG,,,,,,,,,,,,,,,,,,,,,,,,,,,,,,,,,,,,0.0188,,,0.1304,,,,,,,,,,,,,,,,,,,,,,,,,,,,,,,,,,,,,,,,,,,,,,,,,2021-07-20,,0.1492,,post-market,,,,,,,,,,,,,14.4172,,,,,,,,,,,,
2021-09-30,CMG,,,,,,,,,,,,,,,,,,,,,,,,,,,,,,,,,,,,0.014,,,0.1264,,,,,,,,,,,,,,,,,,,,,,,,,,,,,,,,,,,,,,,,,,,,,,,,,2021-10-21,,0.1404,,post-market,,,,,,,,,,,,,11.0759,,,,,,,,,,,,
2021-12-31,CMG,,,,,,,,,,,,,,,,,,,,,,,,,,,,,,,,,,,,0.0064,,,0.1052,,,,,,,,,,,,,,,,,,,,,,,,,,,,,,,,,,,,,,,,,,,,,,,,,2022-02-08,,0.1116,,post-market,,,,,,,,,,,,,6.0837,,,,,,,,,,,,
2022-03-31,CMG,,,,,,,,,,,,,,,,,,,,,,,,,,,,,,,,,,,,0.0012,,,0.1128,,,,,,,,,,,,,,,,,,,,,,,,,,,,,,,,,,,,,,,,,,,,,,,,,2022-04-26,,0.114,,post-market,,,,,,,,,,,,,1.0638,,,,,,,,,,,,
2022-06-30,CMG,,,,,,,,,,,,,,,,,,,,,,,,,,,,,,,,,,,,0.0052,,,0.1808,,,,,,,,,,,,,,,,,,,,,,,,,,,,,,,,,,,,,,,,,,,,,,,,,2022-07-26,,0.186,,post-market,,,,,,,,,,,,,2.8761,,,,,,,,,,,,
2022-09-30,CMG,,,,,,,,,,,,,,,,,,,,,,,,,,,,,,,,,,,,0.006,,,0.1842,,,,,,,,,,,,,,,,,,,,,,,,,,,,,,,,,,,,,,,,,,,,,,,,,2022-10-25,,0.1902,,post-market,,,,,,,,,,,,,3.2573,,,,,,,,,,,,
2022-12-31,CMG,,,,,,,,,,,,,,,,,,,,,,,,,,,,,,,,,,,,-0.0122,,,0.178,,,,,,,,,,,,,,,,,,,,,,,,,,,,,,,,,,,,,,,,,,,,,,,,,2023-02-07,,0.1658,,post-market,,,,,,,,,,,,,-6.8539,,,,,,,,,,,,
2023-03-31,CMG,,,,,,,,,,,,,,,,,,,,,,,,,,,,,,,,,,,,0.0316,,,0.1784,,,,,,,,,,,,,,,,,,,,,,,,,,,,,,,,,,,,,,,,,,,,,,,,,2023-04-25,,0.21,,post-market,,,,,,,,,,,,,17.713,,,,,,,,,,,,
2023-06-30,CMG,,,,,,,,,,,,,,,,,,,,,,,,,,,,,,,,,,,,0.0068,,,0.2462,,,,,,,,,,,,,,,,,,,,,,,,,,,,,,,,,,,,,,,,,,,,,,,,,2023-07-26,,0.253,,post-market,,,,,,,,,,,,,2.762,,,,,,,,,,,,
2023-09-30,CMG,,,,,,,,,,,,,,,,,,,,,,,,,,,,,,,,,,,,0.0162,,,0.211,,,,,,,,,,,,,,,,,,,,,,,,,,,,,,,,,,,,,,,,,,,,,,,,,2023-10-26,,0.2272,,post-market,,,,,,,,,,,,,7.6777,,,,,,,,,,,,
2023-12-31,CMG,,,,,,,,,,,,,,,,,,,,,,,,,,,,,,,,,,,,0.0122,,,0.195,,,,,,,,,,,,,,,,,,,,,,,,,,,,,,,,,,,,,,,,,,,,,,,,,2024-02-06,,0.2072,,pre-market,,,,,,,,,,,,,6.2564,,,,,,,,,,,,
2024-03-31,CMG,,,,,,,,,,,,,,,,,,,,,,,,,,,,,,,,,,,,0.0338,,,0.2336,,,,,,,,,,,,,,,,,,,,,,,,,,,,,,,,,,,,,,,,,,,,,,,,,2024-04-24,,0.2674,,post-market,,,,,,,,,,,,,14.4692,,,,,,,,,,,,
2024-06-30,CMG,,,,,,,,,,,,,,,,,,,,,,,,,,,,,,,,,,,,0.02,,,0.32,,,,,,,,,,,,,,,,,,,,,,,,,,,,,,,,,,,,,,,,,,,,,,,,,2024-07-24,,0.34,,post-market,,,,,,,,,,,,,6.25,,,,,,,,,,,,
2024-09-30,CMG,,,,,,,,,,,,,,,,,,,,,,,,,,,,,,,,,,,,0.02,,,0.25,,,,,,,,,,,,,,,,,,,,,,,,,,,,,,,,,,,,,,,,,,,,,,,,,2024-10-29,,0.27,,post-market,,,,,,,,,,,,,8.0,,,,,,,,,,,,
2024-12-31,CMG,,,,,,,,,,,,,,,,,,,,,,,,,,,,,,,,,,,,0.0,,,0.25,,,,,,,,,,,,,,,,,,,,,,,,,,,,,,,,,,,,,,,,,,,,,,,,,2025-02-04,,0.25,,post-market,,,,,,,,,,,,,0.0,,,,,,,,,,,,
2025-03-31,CMG,,,,,,,,,,,,,,,,,,,,,,,,,,,,,,,,,,,,0.01,,,0.28,,,,,,,,,,,,,,,,,,,,,,,,,,,,,,,,,,,,,,,,,,,,,,,,,2025-04-23,,0.29,,post-market,,,,,,,,,,,,,3.5714,,,,,,,,,,,,
2025-06-30,CMG,,,,,,,,,,,,,,,,,,,,,,,,,,,,,,,,,,,,0.0,,,0.33,,,,,,,,,,,,,,,,,,,,,,,,,,,,,,,,,,,,,,,,,,,,,,,,,2025-07-23,,0.33,,post-market,,,,,,,,,,,,,0.0,,,,,,,,,,,,
2025-09-30,CMG,,,,,,,,,,,,,,,,,,,,,,,,,,,,,,,,,,,,-0.01,,,0.3,,,,,,,,,,,,,,,,,,,,,,,,,,,,,,,,,,,,,,,,,,,,,,,,,2025-10-29,,0.29,,post-market,,,,,,,,,,,,,-3.3333,,,,,,,,,,,,
2025-12-28,CMG,1.13,11787400000.0,33.46,,0.991,2.43,,,,,,,,,,,,,,,,,,,,,,,,,,,,,0.022,-0.01,,,0.3,,31.95,,4737443000.0,,,,,,,,,,,,,,,,,,,0.161,,,,,,,,,,,,,2.119,15.52,4.301,,,,,,,,0.13,,,2025-10-29,,0.29,,post-market,,,0.136,0.45,0.075,8.74,,,,,44.41,35.08,-3.3333,,,,,,,,,33.46,,61.16,29.75
2025-12-28,CMG,1.13,11787400000.0,33.46,,0.991,2.43,,,,,,,,,,,,,,,None,2267861000,2267861000,,,,,,None,90524000,,,,,0.022,-0.01,496961000,587485000,0.3,2025-09-30,31.95,,4737443000.0,735583000,496961000,114858000,,,None,None,19789000,,None,,,,,382103000,382103000,19789000,None,0.161,,258411000,477172000,,,,,None,,,,,2.119,15.52,4.301,,,,,,,,0.13,,,2025-10-29,quarterly,0.29,USD,post-market,None,,0.136,0.45,0.075,8.74,146742000,,,,44.41,35.08,-3.3333,,,,,,,3003444000,,33.46,,61.16,29.75
2025-12-28,CMG,1.13,11787400000.0,33.46,,0.991,2.43,,,,,,,,,,,,,,,None,2225163000,2225163000,,,,,,None,90945000,,,,,0.022,-0.01,577412000,668357000,0.3,2025-06-30,31.95,,4737443000.0,838230000,577412000,141285000,,,None,None,18355000,,None,,,,,436127000,436127000,18355000,None,0.161,,279173000,559057000,,,,,None,,,,,2.119,15.52,4.301,,,,,,,,0.13,,,2025-10-29,quarterly,0.29,USD,post-market,None,,0.136,0.45,0.075,8.74,172151000,,,,44.41,35.08,-3.3333,,,,,,,3063393000,,33.46,,61.16,29.75
2025-12-28,CMG,1.13,11787400000.0,33.46,,0.991,2.43,,,,,,,,,,,,,,,None,2121631000,2121631000,,,,,,None,87211000,,,,,0.022,-0.01,493628000,580839000,0.3,2025-03-31,31.95,,4737443000.0,753622000,501503000,114904000,,,None,None,22253000,,None,,,,,386599000,386599000,22253000,None,0.161,,274372000,479250000,,,,,None,,,,,2.119,15.52,4.301,,,,,,,,0.13,,,2025-10-29,quarterly,0.29,USD,post-market,None,,0.136,0.45,0.075,8.74,172783000,,,,44.41,35.08,-3.3333,,,,,,,2875253000,,33.46,,61.16,29.75
2025-12-28,CMG,1.13,11787400000.0,33.46,,0.991,2.43,,,,,,,,,,,,,,,None,2141049000,2141049000,,,,,,None,83876000,,,,,0.022,-0.01,429169000,513045000,0.3,2024-12-31,31.95,,4737443000.0,704261000,439097000,107333000,,,None,None,23365000,,None,,,,,331764000,331764000,23365000,None,0.161,,288529000,415732000,,,,,None,,,,,2.119,15.52,4.301,,,,,,,,0.13,,,2025-10-29,quarterly,0.29,USD,post-market,None,,0.136,0.45,0.075,8.74,191216000,,,,44.41,35.08,-3.3333,,,,,,,2845310000,,33.46,,61.16,29.75
2025-12-28,CMG,1.13,11787400000.0,33.46,,0.991,2.43,,,,,,,,,,,,,,,None,2081395000,2081395000,,,,,,None,84349000,,,,,0.022,-0.01,501218000,585567000,0.3,2024-09-30,31.95,,4737443000.0,712181000,502563000,115175000,,,None,None,29307000,,None,,,,,387388000,387388000,29307000,None,0.161,,238925000,473256000,,,,,None,,,,,2.119,15.52,4.301,,,,,,,,0.13,,,2025-10-29,quarterly,0.29,USD,post-market,None,,0.136,0.45,0.075,8.74,126614000,,,,44.41,35.08,-3.3333,,,,,,,2793576000,,33.46,,61.16,29.75
2025-12-28,CMG,1.13,11787400000.0,33.46,,0.991,2.43,,,,,,,,,,,,,,,None,2113717000,2113717000,,,,,,None,83562000,,,,,0.022,-0.01,600810000,684372000,0.3,2024-06-30,31.95,,4737443000.0,859400000,607914000,152243000,,,None,None,21861000,,None,,,,,455671000,455671000,21861000,None,0.161,,273347000,586053000,,,,,None,,,,,2.119,15.52,4.301,,,,,,,,0.13,,,2025-10-29,quarterly,0.29,USD,post-market,None,,0.136,0.45,0.075,8.74,175028000,,,,44.41,35.08,-3.3333,,,,,,,2973117000,,33.46,,61.16,29.75
2025-12-28,CMG,1.13,11787400000.0,33.46,,0.991,2.43,,,,,,,,,,,,,,,None,1959998000,1959998000,,,,,,None,83243000,,,,,0.022,-0.01,453982000,537225000,0.3,2024-03-31,31.95,,4737443000.0,741850000,460656000,101369000,,,None,None,19364000,,None,,,,,359287000,359287000,19364000,None,0.161,,300558000,441292000,,,,,None,,,,,2.119,15.52,4.301,,,,,,,,0.13,,,2025-10-29,quarterly,0.29,USD,post-market,None,,0.136,0.45,0.075,8.74,204625000,,,,44.41,35.08,-3.3333,,,,,,,2701848000,,33.46,,61.16,29.75
2025-12-28,CMG,1.13,11787400000.0,33.46,,0.991,2.43,,,,,,,,,,,,,,,None,1878016000,1878016000,,,,,,None,85492000,,,,,0.022,-0.01,383565000,469057000,0.3,2023-12-31,31.95,,4737443000.0,638304000,382353000,100267000,,,None,8949000,18906000,,None,,,,,282086000,282086000,18906000,None,0.161,,274857000,363447000,,,,,None,,,,,2.119,15.52,4.301,,,,,,,,0.13,,,2025-10-29,quarterly,0.29,USD,post-market,None,,0.136,0.45,0.075,8.74,169247000,,,,44.41,35.08,-3.3333,,,,,,,2516320000,,33.46,,61.16,29.75
2025-12-28,CMG,1.13,11787400000.0,33.46,,0.991,2.43,,,,,,,,,,,,,,,None,1822105000,1822105000,,,,,,None,78546000,,,,,0.022,-0.01,411796000,490342000,0.3,2023-09-30,31.95,,4737443000.0,649843000,413342000,100125000,,,None,None,18392000,,None,,,,,313217000,313217000,18392000,None,0.161,,254893000,394950000,,,,,None,,,,,2.119,15.52,4.301,,,,,,,,0.13,,,2025-10-29,quarterly,0.29,USD,post-market,None,,0.136,0.45,0.075,8.74,159501000,,,,44.41,35.08,-3.3333,,,,,,,2471948000,,33.46,,61.16,29.75
2025-12-28,CMG,1.13,11787400000.0,33.46,,0.991,2.43,,,,,,,,,,,,,,,None,1823946000,1823946000,,,,,,None,78771000,,,,,0.022,-0.01,455588000,534359000,0.3,2023-06-30,31.95,,4737443000.0,690855000,448256000,106466000,,,None,None,16446000,,None,,,,,341790000,341790000,16446000,None,0.161,,259045000,431810000,,,,,16446000,,,,,2.119,15.52,4.301,,,,,,,,0.13,,,2025-10-29,quarterly,0.29,USD,post-market,None,,0.136,0.45,0.075,8.74,156496000,,,,44.41,35.08,-3.3333,,,,,,,2514801000,,33.46,,61.16,29.75
2025-12-28,CMG,1.13,11787400000.0,33.46,,0.991,2.43,,,,,,,,,,,,,,,None,1761490000,1761490000,,,,,,None,76585000,,,,,0.022,-0.01,382165000,458750000,0.3,2023-03-31,31.95,,4737443000.0,607090000,376555000,84911000,,,None,8949000,8949000,,None,,,,,291644000,291644000,8949000,None,0.161,,239484000,367606000,,,,,8949000,,,,,2.119,15.52,4.301,,,,,,,,0.13,,,2025-10-29,quarterly,0.29,USD,post-market,None,,0.136,0.45,0.075,8.74,148340000,,,,44.41,35.08,-3.3333,,,,,,,2368580000,,33.46,,61.16,29.75
2025-12-28,CMG,1.13,11787400000.0,33.46,,0.991,2.43,,,,,,,,,,,,,,,None,1658057000,1658057000,,,,,,None,74012000,,,,,0.022,-0.01,313457000,387469000,0.3,2022-12-31,31.95,,4737443000.0,522542000,303388000,79661000,,,None,-14071000,7057000,,None,,,,,223727000,223727000,7057000,None,0.161,,226211000,296331000,,,,,7057000,,,,,2.119,15.52,4.301,,,,,,,,0.13,,,2025-10-29,quarterly,0.29,USD,post-market,None,,0.136,0.45,0.075,8.74,135073000,,,,44.41,35.08,-3.3333,,,,,,,2180599000,,33.46,,61.16,29.75
2025-12-28,CMG,1.13,11787400000.0,33.46,,0.991,2.43,,,,,,,,,,,,,,,None,1657629000,1657629000,,,,,,None,71416000,,,,,0.022,-0.01,350234000,421650000,0.3,2022-09-30,31.95,,4737443000.0,562546000,339965000,82827000,,,None,3712000,3712000,,None,,,,,257138000,257138000,3712000,None,0.161,,226293000,336253000,,,,,3712000,,,,,2.119,15.52,4.301,,,,,,,,0.13,,,2025-10-29,quarterly,0.29,USD,post-market,None,,0.136,0.45,0.075,8.74,140896000,,,,44.41,35.08,-3.3333,,,,,,,2220175000,,33.46,,61.16,29.75
2025-12-28,CMG,1.13,11787400000.0,33.46,,0.991,2.43,,,,,,,,,,,,,,,None,1655254000,1655254000,,,,,,None,69733000,,,,,0.022,-0.01,347532000,417265000,0.3,2022-06-30,31.95,,4737443000.0,558085000,348170000,88228000,,,None,10572000,10572000,,None,,,,,259942000,259942000,10572000,None,0.161,,220487000,337598000,,,,,10572000,,,,,2.119,15.52,4.301,,,,,,,,0.13,,,2025-10-29,quarterly,0.29,USD,post-market,None,,0.136,0.45,0.075,8.74,140820000,,,,44.41,35.08,-3.3333,,,,,,,2213339000,,33.46,,61.16,29.75
2025-12-28,CMG,1.13,11787400000.0,33.46,,0.991,2.43,,,,,,,,,,,,,,,None,1601593000,1601593000,,,,,,None,71665000,,,,,0.022,-0.01,199879000,271544000,0.3,2022-03-31,31.95,,4737443000.0,418946000,190008000,31714000,,,None,213000,213000,,None,,,,,158294000,158294000,-213000,None,0.161,,228725000,190221000,,,,,-213000,,,,,2.119,15.52,4.301,,,,,,,,0.13,,,2025-10-29,quarterly,0.29,USD,post-market,None,,0.136,0.45,0.075,8.74,147402000,,,,44.41,35.08,-3.3333,,,,,,,2020539000,,33.46,,61.16,29.75
2025-12-28,CMG,1.13,11787400000.0,33.46,,0.991,2.43,,,,,,,,,,,,,,,None,1564615000,1564615000,,,,,,None,66262000,,,,,0.022,-0.01,198851000,265113000,0.3,2021-12-31,31.95,,4737443000.0,396018000,167559000,34084000,,,None,2294000,9263000,,None,,,,,133475000,133475000,9263000,None,0.161,,237722000,158296000,,,,,9263000,,,,,2.119,15.52,4.301,,,,,,,,0.13,,,2025-10-29,quarterly,0.29,USD,post-market,None,,0.136,0.45,0.075,8.74,159777000,,,,44.41,35.08,-3.3333,,,,,,,1960633000,,33.46,,61.16,29.75
2025-12-28,CMG,1.13,11787400000.0,33.46,,0.991,2.43,,,,,,,,,,,,,,,None,1492962000,1492962000,,,,,,None,63191000,,,,,0.022,-0.01,250232000,313423000,0.3,2021-09-30,31.95,,4737443000.0,459353000,239554000,35120000,,,None,126000,126000,,None,,,,,204434000,204434000,-126000,None,0.161,,219673000,239680000,,,,,-126000,,,,,2.119,15.52,4.301,,,,,,,,0.13,,,2025-10-29,quarterly,0.29,USD,post-market,None,,0.136,0.45,0.075,8.74,145930000,,,,44.41,35.08,-3.3333,,,,,,,1952315000,,33.46,,61.16,29.75
2025-12-28,CMG,1.13,11787400000.0,33.46,,0.991,2.43,,,,,,,,,,,,,,,None,1429656000,1429656000,,,,,,None,62082000,,,,,0.022,-0.01,254756000,316838000,0.3,2021-06-30,31.95,,4737443000.0,462882000,246376000,58402000,,,None,851000,851000,,None,,,,,187974000,187974000,851000,None,0.161,,217357000,245525000,,,,,851000,,,,,2.119,15.52,4.301,,,,,,,,0.13,,,2025-10-29,quarterly,0.29,USD,post-market,None,,0.136,0.45,0.075,8.74,146044000,,,,44.41,35.08,-3.3333,,,,,,,1892538000,,33.46,,61.16,29.75
2025-12-28,CMG,1.13,11787400000.0,33.46,,0.991,2.43,,,,,,,,,,,,,,,None,1352819000,1352819000,,,,,,None,63122000,,,,,0.022,-0.01,170531000,233653000,0.3,2021-03-31,31.95,,4737443000.0,388756000,159274000,32173000,,,None,2168000,2168000,,None,,,,,127101000,127101000,-2168000,None,0.161,,227314000,161442000,,,,,-2168000,,,,,2.119,15.52,4.301,,,,,,,,0.13,,,2025-10-29,quarterly,0.29,USD,post-market,None,,0.136,0.45,0.075,8.74,155103000,,,,44.41,35.08,-3.3333,,,,,,,1741575000,,33.46,,61.16,29.75
2025-12-28,CMG,1.13,11787400000.0,33.46,,0.991,2.43,,,,,,,,,,,,,,,None,1294483000,1294483000,,,,,,None,108442000,,,,,0.022,-0.01,129247000,237689000,0.3,2020-12-31,31.95,,4737443000.0,313227000,117732000,-73227000,,,None,595000,846000,,None,,,,,190959000,190959000,846000,None,0.161,,196341000,116886000,,,,,None,,,,,2.119,15.52,4.301,,,,,,,,0.13,,,2025-10-29,quarterly,0.29,USD,post-market,None,,0.136,0.45,0.075,8.74,124024000,,,,44.41,35.08,-3.3333,,,,,,,1607710000,,33.46,,61.16,29.75
2025-12-28,CMG,1.13,11787400000.0,33.46,,0.991,2.43,,,,,,,,,,,,,,,None,1289189000,1289189000,,,,,,None,60180000,,,,,0.022,-0.01,107096000,167276000,0.3,2020-09-30,31.95,,4737443000.0,312225000,106501000,26257000,,,None,595000,595000,,None,,,,,80244000,80244000,-595000,None,0.161,,205129000,107096000,,,,,-595000,,,,,2.119,15.52,4.301,,,,,,,,0.13,,,2025-10-29,quarterly,0.29,USD,post-market,None,,0.136,0.45,0.075,8.74,133150000,,,,44.41,35.08,-3.3333,,,,,,,1601414000,,33.46,,61.16,29.75
2025-12-28,CMG,1.13,11787400000.0,33.46,,0.991,2.43,,,,,,,,,,,,,,,None,1197976000,1197976000,,,,,,None,105202000,,,,,0.022,-0.01,4091000,109293000,0.3,2020-06-30,31.95,,4737443000.0,166762000,-4316000,-12491000,,,None,None,623000,,None,,,,,8175000,8175000,623000,None,0.161,,171701000,-4939000,,,,,623000,,,,,2.119,15.52,4.301,,,,,,,,0.13,,,2025-10-29,quarterly,0.29,USD,post-market,None,,0.136,0.45,0.075,8.74,102647000,,,,44.41,35.08,-3.3333,,,,,,,1364738000,,33.46,,61.16,29.75
2025-12-28,CMG,1.13,11787400000.0,33.46,,0.991,2.43,,,,,,,,,,,,,,,None,1161905000,1161905000,,,,,,None,101335000,,,,,0.022,-0.01,84023000,185358000,0.3,2020-03-31,31.95,,4737443000.0,248867000,73864000,-2524000,,,None,None,2743000,,None,,,,,76388000,76388000,2743000,None,0.161,,177746000,71121000,,,,,2743000,,,,,2.119,15.52,4.301,,,,,,,,0.13,,,2025-10-29,quarterly,0.29,USD,post-market,None,,0.136,0.45,0.075,8.74,106470000,,,,44.41,35.08,-3.3333,,,,,,,1410772000,,33.46,,61.16,29.75
2025-12-28,CMG,1.13,11787400000.0,33.46,,0.991,2.43,,,,,,,,,,,,,,,None,1163779000,1163779000,,,,,,None,101479000,,,,,0.022,-0.01,108880000,210359000,0.3,2019-12-31,31.95,,4737443000.0,276445000,100996000,28580000,,,None,None,2840000,,None,,,,,72416000,72416000,2840000,None,0.161,,178289000,98156000,,,,,2840000,,,,,2.119,15.52,4.301,,,,,,,,0.13,,,2025-10-29,quarterly,0.29,USD,post-market,None,,0.136,0.45,0.075,8.74,112416000,,,,44.41,35.08,-3.3333,,,,,,,1440224000,,33.46,,61.16,29.75
2025-12-28,CMG,1.13,11787400000.0,33.46,,0.991,2.43,,,,,,,,,,,,,,,None,1111809000,1111809000,,,,,,None,92390000,,,,,0.022,-0.01,124612000,217002000,0.3,2019-09-30,31.95,,4737443000.0,291888000,120032000,21450000,,,None,None,4411000,,None,,,,,98582000,98582000,4411000,None,0.161,,176267000,115621000,,,,,4411000,,,,,2.119,15.52,4.301,,,,,,,,0.13,,,2025-10-29,quarterly,0.29,USD,post-market,None,,0.136,0.45,0.075,8.74,115070000,,,,44.41,35.08,-3.3333,,,,,,,1403697000,,33.46,,61.16,29.75
2025-12-28,CMG,1.13,11787400000.0,33.46,,0.991,2.43,,,,,,,,,,,,,,,None,1134569000,1134569000,,,,,,None,90975000,,,,,0.022,-0.01,126625000,217600000,0.3,2019-06-30,31.95,,4737443000.0,299662000,123967000,32939000,,,None,None,3947000,,None,,,,,91028000,91028000,3947000,None,0.161,,179642000,120020000,,,,,3947000,,,,,2.119,15.52,4.301,,,,,,,,0.13,,,2025-10-29,quarterly,0.29,USD,post-market,None,,0.136,0.45,0.075,8.74,121395000,,,,44.41,35.08,-3.3333,,,,,,,1434231000,,33.46,,61.16,29.75
2025-12-28,CMG,1.13,11787400000.0,33.46,,0.991,2.43,,,,,,,,,,,,,,,None,1033722000,1033722000,,,,,,None,91886000,,,,,0.022,-0.01,118043000,209929000,0.3,2019-03-31,31.95,,4737443000.0,274495000,113290000,25158000,,,None,None,None,,None,,,,,88132000,88132000,3129000,None,0.161,,164334000,110161000,,,,,3129000,,,,,2.119,15.52,4.301,,,,,,,,0.13,,,2025-10-29,quarterly,0.29,USD,post-market,None,,0.136,0.45,0.075,8.74,102671000,,,,44.41,35.08,-3.3333,,,,,,,1308217000,,33.46,,61.16,29.75
2025-12-28,CMG,1.13,11787400000.0,33.46,,0.991,2.43,,,,,,,,,,,,,,,None,1016752000,1016752000,,,,,,None,53217000,,,,,0.022,-0.01,51372000,104589000,0.3,2018-12-31,31.95,,4737443000.0,208309000,43470000,11451000,,,None,0,None,,None,,,,,32019000,32019000,None,None,0.161,,168697000,39612000,,,,,3858000,,,,,2.119,15.52,4.301,,,,,,,,0.13,,,2025-10-29,quarterly,0.29,USD,post-market,0,,0.136,0.45,0.075,8.74,103720000,,,,44.41,35.08,-3.3333,,,,,,,1225061000,,33.46,,61.16,29.75
2025-12-28,CMG,1.13,11787400000.0,33.46,,0.991,2.43,,,,,,,,,,,,,,,None,996257000,996257000,,,,,,None,52654000,,,,,0.022,-0.01,66572000,119226000,0.3,2018-09-30,31.95,,4737443000.0,228750000,60484000,22280000,,,None,0,None,,None,,,,,38204000,38204000,None,None,0.161,,170759000,57991000,,,,,2493000,,,,,2.119,15.52,4.301,,,,,,,,0.13,,,2025-10-29,quarterly,0.29,USD,post-market,0,,0.136,0.45,0.075,8.74,109524000,,,,44.41,35.08,-3.3333,,,,,,,1225007000,,33.46,,61.16,29.75
2025-12-28,CMG,1.13,11787400000.0,33.46,,0.991,2.43,,,,,,,,,,,,,,,None,1016881000,1016881000,,,,,,None,49193000,,,,,0.022,-0.01,115293000,164486000,0.3,2018-06-30,31.95,,4737443000.0,249639000,70280000,23396000,,,None,0,None,,None,,,,,46884000,46884000,None,None,0.161,,181682000,67957000,,,,,2323000,,,,,2.119,15.52,4.301,,,,,,,,0.13,,,2025-10-29,quarterly,0.29,USD,post-market,0,,0.136,0.45,0.075,8.74,85153000,,,,44.41,35.08,-3.3333,,,,,,,1266520000,,33.46,,61.16,29.75
2025-12-28,CMG,1.13,11787400000.0,33.46,,0.991,2.43,,,,,,,,,,,,,,,None,924103000,924103000,,,,,,None,46915000,,,,,0.022,-0.01,100316000,147231000,0.3,2018-03-31,31.95,,4737443000.0,224294000,94202000,34756000,,,None,0,None,,None,,,,,59446000,59446000,None,None,0.161,,131486000,92808000,,,,,1394000,,,,,2.119,15.52,4.301,,,,,,,,0.13,,,2025-10-29,quarterly,0.29,USD,post-market,0,,0.136,0.45,0.075,8.74,77063000,,,,44.41,35.08,-3.3333,,,,,,,1148397000,,33.46,,61.16,29.75
2025-12-28,CMG,1.13,11787400000.0,33.46,,0.991,2.43,,,,,,,,,,,,,,,None,945030000,945030000,,,,,,None,41442000,,,,,0.022,-0.01,65938000,107380000,0.3,2017-12-31,31.95,,4737443000.0,165070000,61466000,17673000,,,None,0,None,,None,,,,,43793000,43793000,None,None,0.161,,105041000,60029000,,,,,1437000,,,,,2.119,15.52,4.301,,,,,,,,0.13,,,2025-10-29,quarterly,0.29,USD,post-market,0,,0.136,0.45,0.075,8.74,57690000,,,,44.41,35.08,-3.3333,,,,,,,1110100000,,33.46,,61.16,29.75
2025-12-28,CMG,1.13,11787400000.0,33.46,,0.991,2.43,,,,,,,,,,,,,,,None,946940000,946940000,,,,,,None,41546000,,,,,0.022,-0.01,40406000,81952000,0.3,2017-09-30,31.95,,4737443000.0,181134000,32142000,12532000,,,None,0,None,,None,,,,,19610000,19610000,None,None,0.161,,150267000,30867000,,,,,1275000,,,,,2.119,15.52,4.301,,,,,,,,0.13,,,2025-10-29,quarterly,0.29,USD,post-market,0,,0.136,0.45,0.075,8.74,99182000,,,,44.41,35.08,-3.3333,,,,,,,1128074000,,33.46,,61.16,29.75
2025-12-28,CMG,1.13,11787400000.0,33.46,,0.991,2.43,,,,,,,,,,,,,,,None,949009000,949009000,,,,,,None,41081000,,,,,0.022,-0.01,109244000,150325000,0.3,2017-06-30,31.95,,4737443000.0,220400000,107774000,41044000,,,None,0,None,,None,,,,,66730000,66730000,None,None,0.161,,113675000,106725000,,,,,1049000,,,,,2.119,15.52,4.301,,,,,,,,0.13,,,2025-10-29,quarterly,0.29,USD,post-market,0,,0.136,0.45,0.075,8.74,70075000,,,,44.41,35.08,-3.3333,,,,,,,1169409000,,33.46,,61.16,29.75
2025-12-28,CMG,1.13,11787400000.0,33.46,,0.991,2.43,,,,,,,,,,,,,,,None,879217000,879217000,,,,,,None,39279000,,,,,0.022,-0.01,80892000,120171000,0.3,2017-03-31,31.95,,4737443000.0,189612000,74361000,28241000,,,None,0,None,,None,,,,,46120000,46120000,None,None,0.161,,116439000,73173000,,,,,1188000,,,,,2.119,15.52,4.301,,,,,,,,0.13,,,2025-10-29,quarterly,0.29,USD,post-market,0,,0.136,0.45,0.075,8.74,69441000,,,,44.41,35.08,-3.3333,,,,,,,1068829000,,33.46,,61.16,29.75
2025-12-28,CMG,1.13,11787400000.0,33.46,,0.991,2.43,,,,,,,,,,,,,,,None,894914000,894914000,,,,,,None,38072000,,,,,0.022,-0.01,36505000,74577000,0.3,2016-12-31,31.95,,4737443000.0,139646000,31138000,15163000,,,None,4172000,None,,None,,,,,15975000,15975000,None,None,0.161,,109096000,30550000,,,,,588000,,,,,2.119,15.52,4.301,,,,,,,,0.13,,,2025-10-29,quarterly,0.29,USD,post-market,0,,0.136,0.45,0.075,8.74,65069000,,,,44.41,35.08,-3.3333,,,,,,,1034560000,,33.46,,61.16,29.75
2025-12-28,CMG,1.13,11787400000.0,33.46,,0.991,2.43,,,,,,,,,,,,,,,None,890290000,890290000,,,,,,None,37434000,,,,,0.022,-0.01,30853000,68287000,0.3,2016-09-30,31.95,,4737443000.0,146692000,10398000,2599000,,,None,0,None,,None,,,,,7799000,7799000,None,None,0.161,,136966000,9726000,,,,,672000,,,,,2.119,15.52,4.301,,,,,,,,0.13,,,2025-10-29,quarterly,0.29,USD,post-market,0,,0.136,0.45,0.075,8.74,78405000,,,,44.41,35.08,-3.3333,,,,,,,1036982000,,33.46,,61.16,29.75
2025-12-28,CMG,1.13,11787400000.0,33.46,,0.991,2.43,,,,,,,,,,,,,,,None,843338000,843338000,,,,,,None,36074000,,,,,0.022,-0.01,48215000,84289000,0.3,2016-06-30,31.95,,4737443000.0,155045000,41681000,16085000,,,None,786000,None,,None,,,,,25596000,25596000,None,None,0.161,,114150000,40895000,,,,,786000,,,,,2.119,15.52,4.301,,,,,,,,0.13,,,2025-10-29,quarterly,0.29,USD,post-market,0,,0.136,0.45,0.075,8.74,70756000,,,,44.41,35.08,-3.3333,,,,,,,998383000,,33.46,,61.16,29.75
2025-12-28,CMG,1.13,11787400000.0,33.46,,0.991,2.43,,,,,,,,,,,,,,,None,777628000,777628000,,,,,,None,34788000,,,,,0.022,-0.01,-39967000,-5179000,0.3,2016-03-31,31.95,,4737443000.0,56831000,-44478000,-18046000,,,None,2126000,None,,None,,,,,-26432000,-26432000,None,None,0.161,,103435000,-46604000,,,,,2126000,,,,,2.119,15.52,4.301,,,,,,,,0.13,,,2025-10-29,quarterly,0.29,USD,post-market,0,,0.136,0.45,0.075,8.74,62010000,,,,44.41,35.08,-3.3333,,,,,,,834459000,,33.46,,61.16,29.75
2025-12-28,CMG,1.13,11787400000.0,33.46,,0.991,2.43,,,,,,,,,,,,,,,None,801977000,801977000,,,,,,None,34140000,,,,,0.022,-0.01,114515000,148655000,0.3,2015-12-31,31.95,,4737443000.0,195530000,105408000,37534000,,,None,6278000,None,,None,,,,,67874000,67874000,None,None,0.161,,91917000,103613000,,,,,1795000,,,,,2.119,15.52,4.301,,,,,,,,0.13,,,2025-10-29,quarterly,0.29,USD,post-market,0,,0.136,0.45,0.075,8.74,46875000,,,,44.41,35.08,-3.3333,,,,,,,997507000,,33.46,,61.16,29.75
2025-12-28,CMG,1.13,11787400000.0,33.46,,0.991,2.43,,,,,,,,,,,,,,,None,872397000,872397000,,,,,,None,33145000,,,,,0.022,-0.01,241282000,274427000,0.3,2015-09-30,31.95,,4737443000.0,344493000,236277000,91394000,,,None,1518000,None,,None,,,,,144883000,144883000,None,None,0.161,,109734000,234759000,,,,,1518000,,,,,2.119,15.52,4.301,,,,,,,,0.13,,,2025-10-29,quarterly,0.29,USD,post-market,0,,0.136,0.45,0.075,8.74,70066000,,,,44.41,35.08,-3.3333,,,,,,,1216890000,,33.46,,61.16,29.75
2025-12-28,CMG,1.13,11787400000.0,33.46,,0.991,2.43,,,,,,,,,,,,,,,None,862659000,862659000,,,,,,None,32440000,,,,,0.022,-0.01,232472000,264912000,0.3,2015-06-30,31.95,,4737443000.0,335124000,229158000,88954000,,,None,1742000,None,,None,,,,,140204000,140204000,None,None,0.161,,107708000,227416000,,,,,1742000,,,,,2.119,15.52,4.301,,,,,,,,0.13,,,2025-10-29,quarterly,0.29,USD,post-market,0,,0.136,0.45,0.075,8.74,70212000,,,,44.41,35.08,-3.3333,,,,,,,1197783000,,33.46,,61.16,29.75
2025-12-28,CMG,1.13,11787400000.0,33.46,,0.991,2.43,,,,,,,,,,,,,,,None,789903000,789903000,,,,,,None,30643000,,,,,0.022,-0.01,205436000,236079000,0.3,2015-03-31,31.95,,4737443000.0,299140000,199024000,76383000,,,None,1223000,None,,None,,,,,122641000,122641000,None,None,0.161,,101339000,197801000,,,,,1223000,,,,,2.119,15.52,4.301,,,,,,,,0.13,,,2025-10-29,quarterly,0.29,USD,post-market,0,,0.136,0.45,0.075,8.74,63061000,,,,44.41,35.08,-3.3333,,,,,,,1089043000,,33.46,,61.16,29.75
2025-12-28,CMG,1.13,11787400000.0,33.46,,0.991,2.43,,,,,,,,,,,,,,,None,784963000,784963000,,,,,,None,29750000,,,,,0.022,-0.01,194169000,223919000,0.3,2014-12-31,31.95,,4737443000.0,284848000,188757000,67523000,,,None,3503000,None,,None,,,,,121234000,121234000,None,None,0.161,,96976000,187872000,,,,,885000,,,,,2.119,15.52,4.301,,,,,,,,0.13,,,2025-10-29,quarterly,0.29,USD,post-market,0,,0.136,0.45,0.075,8.74,60929000,,,,44.41,35.08,-3.3333,,,,,,,1069811000,,33.46,,61.16,29.75
2025-12-28,CMG,1.13,11787400000.0,33.46,,0.991,2.43,,,,,,,,,,,,,,,None,772218000,772218000,,,,,,None,27961000,,,,,0.022,-0.01,212871000,240832000,0.3,2014-09-30,31.95,,4737443000.0,312004000,208221000,77420000,,,None,785000,None,,None,,,,,130801000,130801000,None,None,0.161,,104568000,207436000,,,,,785000,,,,,2.119,15.52,4.301,,,,,,,,0.13,,,2025-10-29,quarterly,0.29,USD,post-market,0,,0.136,0.45,0.075,8.74,71172000,,,,44.41,35.08,-3.3333,,,,,,,1084222000,,33.46,,61.16,29.75
2025-12-28,CMG,1.13,11787400000.0,33.46,,0.991,2.43,,,,,,,,,,,,,,,None,763349000,763349000,,,,,,None,27009000,,,,,0.022,-0.01,184836000,211845000,0.3,2014-06-30,31.95,,4737443000.0,286724000,180986000,70716000,,,None,1144000,None,,None,,,,,110270000,110270000,None,None,0.161,,106882000,179842000,,,,,1144000,,,,,2.119,15.52,4.301,,,,,,,,0.13,,,2025-10-29,quarterly,0.29,USD,post-market,0,,0.136,0.45,0.075,8.74,74879000,,,,44.41,35.08,-3.3333,,,,,,,1050073000,,33.46,,61.16,29.75
2025-12-28,CMG,1.13,11787400000.0,33.46,,0.991,2.43,,,,,,,,,,,,,,,None,669983000,669983000,,,,,,None,25754000,,,,,0.022,-0.01,141509000,167263000,0.3,2014-03-31,31.95,,4737443000.0,234180000,136339000,53270000,,,None,689000,None,,None,,,,,83069000,83069000,None,None,0.161,,98530000,135650000,,,,,689000,,,,,2.119,15.52,4.301,,,,,,,,0.13,,,2025-10-29,quarterly,0.29,USD,post-market,0,,0.136,0.45,0.075,8.74,66917000,,,,44.41,35.08,-3.3333,,,,,,,904163000,,33.46,,61.16,29.75
2025-12-28,CMG,1.13,11787400000.0,33.46,,0.991,2.43,,,,,,,,,,,,,,,None,627914000,627914000,,,,,,None,24903000,,,,,0.022,-0.01,135486000,160389000,0.3,2013-12-31,31.95,,4737443000.0,216233000,129494000,49872000,,,None,1751000,None,,None,,,,,79622000,79622000,None,None,0.161,,87129000,129104000,,,,,390000,,,,,2.119,15.52,4.301,,,,,,,,0.13,,,2025-10-29,quarterly,0.29,USD,post-market,0,,0.136,0.45,0.075,8.74,55844000,,,,44.41,35.08,-3.3333,,,,,,,844147000,,33.46,,61.16,29.75
2025-12-28,CMG,1.13,11787400000.0,33.46,,0.991,2.43,,,,,,,,,,,,,,,None,605400000,605400000,,,,,,None,24618000,,,,,0.022,-0.01,144163000,168781000,0.3,2013-09-30,31.95,,4737443000.0,221507000,137919000,54540000,,,None,0,None,,None,,,,,83379000,83379000,None,None,0.161,,84353000,137154000,,,,,765000,,,,,2.119,15.52,4.301,,,,,,,,0.13,,,2025-10-29,quarterly,0.29,USD,post-market,0,,0.136,0.45,0.075,8.74,52726000,,,,44.41,35.08,-3.3333,,,,,,,826907000,,33.46,,61.16,29.75
2025-12-28,CMG,1.13,11787400000.0,33.46,,0.991,2.43,,,,,,,,,,,,,,,None,591174000,591174000,,,,,,None,23597000,,,,,0.022,-0.01,151063000,174660000,0.3,2013-06-30,31.95,,4737443000.0,225612000,146748000,58895000,,,None,0,None,,None,,,,,87853000,87853000,None,None,0.161,,79194000,146418000,,,,,330000,,,,,2.119,15.52,4.301,,,,,,,,0.13,,,2025-10-29,quarterly,0.29,USD,post-market,0,,0.136,0.45,0.075,8.74,50952000,,,,44.41,35.08,-3.3333,,,,,,,816786000,,33.46,,61.16,29.75
2025-12-28,CMG,1.13,11787400000.0,33.46,,0.991,2.43,,,,,,,,,,,,,,,None,535334000,535334000,,,,,,None,22936000,,,,,0.022,-0.01,124270000,147206000,0.3,2013-03-31,31.95,,4737443000.0,191417000,120310000,43726000,,,None,0,None,,None,,,,,76584000,76584000,None,None,0.161,,71373000,120044000,,,,,266000,,,,,2.119,15.52,4.301,,,,,,,,0.13,,,2025-10-29,quarterly,0.29,USD,post-market,0,,0.136,0.45,0.075,8.74,44211000,,,,44.41,35.08,-3.3333,,,,,,,726751000,,33.46,,61.16,29.75
2025-12-28,CMG,1.13,11787400000.0,33.46,,0.991,2.43,,,,,,,,,,,,,,,None,527372000,527372000,,,,,,None,22141000,,,,,0.022,-0.01,115000000,137141000,0.3,2012-12-31,31.95,,4737443000.0,171789000,102650000,41297000,,,None,1820000,None,,None,,,,,61353000,61353000,None,None,0.161,,69601000,102188000,,,,,462000,,,,,2.119,15.52,4.301,,,,,,,,0.13,,,2025-10-29,quarterly,0.29,USD,post-market,0,,0.136,0.45,0.075,8.74,34648000,,,,44.41,35.08,-3.3333,,,,,,,699161000,,33.46,,61.16,29.75
2025-12-28,CMG,1.13,11787400000.0,33.46,,0.991,2.43,,,,,,,,,,,,,,,None,508726000,508726000,,,,,,None,21362000,,,,,0.022,-0.01,121834000,143196000,0.3,2012-09-30,31.95,,4737443000.0,191802000,118210000,45910000,,,None,547000,None,,None,,,,,72300000,72300000,None,None,0.161,,74139000,117663000,,,,,547000,,,,,2.119,15.52,4.301,,,,,,,,0.13,,,2025-10-29,quarterly,0.29,USD,post-market,0,,0.136,0.45,0.075,8.74,48606000,,,,44.41,35.08,-3.3333,,,,,,,700528000,,33.46,,61.16,29.75
2025-12-28,CMG,1.13,11787400000.0,33.46,,0.991,2.43,,,,,,,,,,,,,,,None,489523000,489523000,,,,,,None,20543000,,,,,0.022,-0.01,138571000,159114000,0.3,2012-06-30,31.95,,4737443000.0,201409000,134167000,52484000,,,None,377000,None,,None,,,,,81683000,81683000,None,None,0.161,,67619000,133790000,,,,,377000,,,,,2.119,15.52,4.301,,,,,,,,0.13,,,2025-10-29,quarterly,0.29,USD,post-market,0,,0.136,0.45,0.075,8.74,42295000,,,,44.41,35.08,-3.3333,,,,,,,690932000,,33.46,,61.16,29.75
2025-12-28,CMG,1.13,11787400000.0,33.46,,0.991,2.43,,,,,,,,,,,,,,,None,465263000,465263000,,,,,,None,20084000,,,,,0.022,-0.01,105922000,126006000,0.3,2012-03-31,31.95,,4737443000.0,175340000,102658000,39994000,,,None,0,None,,None,,,,,62664000,62664000,None,None,0.161,,73116000,102224000,,,,,434000,,,,,2.119,15.52,4.301,,,,,,,,0.13,,,2025-10-29,quarterly,0.29,USD,post-market,0,,0.136,0.45,0.075,8.74,49334000,,,,44.41,35.08,-3.3333,,,,,,,640603000,,33.46,,61.16,29.75
2025-12-28,CMG,1.13,11787400000.0,33.46,,0.991,2.43,,,,,,,,,,,,,,,None,441060000,441060000,,,,,,None,19198000,,,,,0.022,-0.01,94439000,113637000,0.3,2011-12-31,31.95,,4737443000.0,155689000,94282000,36809000,,,None,157000,None,,None,,,,,57473000,57473000,None,None,0.161,,61821000,93868000,,,,,414000,,,,,2.119,15.52,4.301,,,,,,,,0.13,,,2025-10-29,quarterly,0.29,USD,post-market,0,,0.136,0.45,0.075,8.74,41133000,,,,44.41,35.08,-3.3333,,,,,,,596749000,,33.46,,61.16,29.75
2025-12-28,CMG,1.13,11787400000.0,33.46,,0.991,2.43,,,,,,,,,,,,,,,None,434123000,434123000,,,,,,None,18741000,,,,,0.022,-0.01,99288000,118029000,0.3,2011-09-30,31.95,,4737443000.0,157731000,98458000,38025000,,,None,119000,None,,None,,,,,60433000,60433000,None,None,0.161,,59721000,98010000,,,,,448000,,,,,2.119,15.52,4.301,,,,,,,,0.13,,,2025-10-29,quarterly,0.29,USD,post-market,0,,0.136,0.45,0.075,8.74,39702000,,,,44.41,35.08,-3.3333,,,,,,,591854000,,33.46,,61.16,29.75
2025-12-28,CMG,1.13,11787400000.0,33.46,,0.991,2.43,,,,,,,,,,,,,,,None,424242000,424242000,,,,,,None,18505000,,,,,0.022,-0.01,85240000,103745000,0.3,2011-06-30,31.95,,4737443000.0,147319000,81857000,31200000,,,None,2481000,None,,None,,,,,50657000,50657000,None,None,0.161,,63456000,83863000,,,,,-2006000,,,,,2.119,15.52,4.301,,,,,,,,0.13,,,2025-10-29,quarterly,0.29,USD,post-market,0,,0.136,0.45,0.075,8.74,43574000,,,,44.41,35.08,-3.3333,,,,,,,188121000,,33.46,,61.16,29.75
2025-12-28,CMG,1.13,11787400000.0,33.46,,0.991,2.43,,,,,,,,,,,,,,,None,380896000,380896000,,,,,,None,18494000,,,,,0.022,-0.01,76482000,94976000,0.3,2011-03-31,31.95,,4737443000.0,128488000,75108000,28726000,,,None,188000,None,,None,,,,,46382000,46382000,None,None,0.161,,53667000,74821000,,,,,287000,,,,,2.119,15.52,4.301,,,,,,,,0.13,,,2025-10-29,quarterly,0.29,USD,post-market,0,,0.136,0.45,0.075,8.74,33512000,,,,44.41,35.08,-3.3333,,,,,,,509384000,,33.46,,61.16,29.75
2025-12-28,CMG,1.13,11787400000.0,33.46,,0.991,2.43,,,,,,,,,,,,,,,None,357379000,357379000,,,,,,None,17815000,,,,,0.022,-0.01,74394000,92209000,0.3,2010-12-31,31.95,,4737443000.0,125142000,74303000,27858000,,,None,91000,None,,None,,,,,46445000,0,None,None,0.161,,51150000,73992000,,,,,None,,,,,2.119,15.52,4.301,,,,,,,,0.13,,,2025-10-29,quarterly,0.29,USD,post-market,0,,0.136,0.45,0.075,8.74,31331000,,,,44.41,35.08,-3.3333,,,,,,,482521000,,33.46,,61.16,29.75
2025-12-28,CMG,1.13,11787400000.0,33.46,,0.991,2.43,,,,,,,,,,,,,,,None,344995000,344995000,,,,,,None,17319000,,,,,0.022,-0.01,77979000,95298000,0.3,2010-09-30,31.95,,4737443000.0,131879000,77965000,29737000,,,None,14000,None,,None,,,,,48228000,48228000,None,None,0.161,,54295000,77584000,,,,,381000,,,,,2.119,15.52,4.301,,,,,,,,0.13,,,2025-10-29,quarterly,0.29,USD,post-market,0,,0.136,0.45,0.075,8.74,35465000,,,,44.41,35.08,-3.3333,,,,,,,476874000,,33.46,,61.16,29.75
2025-12-28,CMG,1.13,11787400000.0,33.46,,0.991,2.43,,,,,,,,,,,,,,,None,341452000,341452000,,,,,,None,17053000,,,,,0.022,-0.01,75386000,92439000,0.3,2010-06-30,31.95,,4737443000.0,125389000,75301000,28840000,,,None,85000,None,,None,,,,,46461000,46461000,None,None,0.161,,50430000,74959000,,,,,342000,,,,,2.119,15.52,4.301,,,,,,,,0.13,,,2025-10-29,quarterly,0.29,USD,post-market,0,,0.136,0.45,0.075,8.74,31865000,,,,44.41,35.08,-3.3333,,,,,,,466841000,,33.46,,61.16,29.75
2025-12-28,CMG,1.13,11787400000.0,33.46,,0.991,2.43,,,,,,,,,,,,,,,None,302691000,302691000,,,,,,None,16734000,,,,,0.022,-0.01,61571000,78305000,0.3,2010-03-31,31.95,,4737443000.0,106995000,61492000,23645000,,,None,79000,None,,None,,,,,37847000,0,None,None,0.161,,45699000,61296000,,,,,None,,,,,2.119,15.52,4.301,,,,,,,,0.13,,,2025-10-29,quarterly,0.29,USD,post-market,0,,0.136,0.45,0.075,8.74,27696000,,,,44.41,35.08,-3.3333,,,,,,,409686000,,33.46,,61.16,29.75
2025-12-28,CMG,1.13,11787400000.0,33.46,,0.991,2.43,,,,,,,,,,,,,,,None,292532000,292532000,,,,,,None,15940000,,,,,0.022,-0.01,50687000,66627000,0.3,2009-12-31,31.95,,4737443000.0,95012000,50615000,19019000,,,None,72000,None,,None,,,,,31596000,0,None,None,0.161,,44627000,50385000,,,,,None,,,,,2.119,15.52,4.301,,,,,,,,0.13,,,2025-10-29,quarterly,0.29,USD,post-market,0,,0.136,0.45,0.075,8.74,27483000,,,,44.41,35.08,-3.3333,,,,,,,387544000,,33.46,,61.16,29.75
2025-12-28,CMG,1.13,11787400000.0,33.46,,0.991,2.43,,,,,,,,,,,,,,,None,288687000,288687000,,,,,,None,15451000,,,,,0.022,-0.01,54941000,70392000,0.3,2009-09-30,31.95,,4737443000.0,98894000,54867000,20403000,,,None,74000,None,,None,,,,,34464000,0,None,None,0.161,,44085000,54809000,,,,,None,,,,,2.119,15.52,4.301,,,,,,,,0.13,,,2025-10-29,quarterly,0.29,USD,post-market,0,,0.136,0.45,0.075,8.74,27090000,,,,44.41,35.08,-3.3333,,,,,,,387581000,,33.46,,61.16,29.75
2025-12-28,CMG,1.13,11787400000.0,33.46,,0.991,2.43,,,,,,,,,,,,,,,None,287608000,287608000,,,,,,None,15197000,,,,,0.022,-0.01,57615000,72812000,0.3,2009-06-30,31.95,,4737443000.0,101228000,57429000,22036000,,,None,186000,None,,None,,,,,35393000,0,None,None,0.161,,43906000,57322000,,,,,None,,,,,2.119,15.52,4.301,,,,,,,,0.13,,,2025-10-29,quarterly,0.29,USD,post-market,0,,0.136,0.45,0.075,8.74,27365000,,,,44.41,35.08,-3.3333,,,,,,,388836000,,33.46,,61.16,29.75
2025-12-28,CMG,1.13,11787400000.0,33.46,,0.991,2.43,,,,,,,,,,,,,,,None,271071000,271071000,,,,,,None,14720000,,,,,0.022,-0.01,41387000,56107000,0.3,2009-03-31,31.95,,4737443000.0,83385000,41314000,15922000,,,None,73000,None,,None,,,,,25392000,0,None,None,0.161,,42196000,41189000,,,,,None,,,,,2.119,15.52,4.301,,,,,,,,0.13,,,2025-10-29,quarterly,0.29,USD,post-market,0,,0.136,0.45,0.075,8.74,25612000,,,,44.41,35.08,-3.3333,,,,,,,354456000,,33.46,,61.16,29.75
2025-12-28,CMG,1.13,11787400000.0,33.46,,0.991,2.43,,,,,,,,,,,,,,,None,272447000,272447000,,,,,,None,14124000,,,,,0.022,-0.01,17013000,31137000,0.3,2008-12-31,31.95,,4737443000.0,72897000,28069000,11096000,,,None,302000,None,,None,,,,,16973000,0,None,None,0.161,,50235000,22662000,,,,,None,,,,,2.119,15.52,4.301,,,,,,,,0.13,,,2025-10-29,quarterly,0.29,USD,post-market,0,,0.136,0.45,0.075,8.74,35890000,,,,44.41,35.08,-3.3333,,,,,,,345344000,,33.46,,61.16,29.75
2025-12-28,CMG,1.13,11787400000.0,33.46,,0.991,2.43,,,,,,,,,,,,,,,None,267808000,267808000,,,,,,None,13769000,,,,,0.022,-0.01,31989000,45758000,0.3,2008-09-30,31.95,,4737443000.0,72735000,31911000,12434000,,,None,78000,None,,None,,,,,19477000,0,None,None,0.161,,41677000,31058000,,,,,None,,,,,2.119,15.52,4.301,,,,,,,,0.13,,,2025-10-29,quarterly,0.29,USD,post-market,0,,0.136,0.45,0.075,8.74,22645000,,,,44.41,35.08,-3.3333,,,,,,,340543000,,33.46,,61.16,29.75
2025-12-28,CMG,1.13,11787400000.0,33.46,,0.991,2.43,,,,,,,,,,,,,,,None,264276000,264276000,,,,,,None,12707000,,,,,0.022,-0.01,39239000,51946000,0.3,2008-06-30,31.95,,4737443000.0,76478000,39164000,14696000,,,None,75000,None,,None,,,,,24468000,0,None,None,0.161,,38164000,38314000,,,,,None,,,,,2.119,15.52,4.301,,,,,,,,0.13,,,2025-10-29,quarterly,0.29,USD,post-market,0,,0.136,0.45,0.075,8.74,24087000,,,,44.41,35.08,-3.3333,,,,,,,340754000,,33.46,,61.16,29.75
2025-12-28,CMG,1.13,11787400000.0,33.46,,0.991,2.43,,,,,,,,,,,,,,,None,278534000,278534000,,,,,,None,12170000,,,,,0.022,-0.01,28136000,40306000,0.3,2008-03-31,31.95,,4737443000.0,26793000,28062000,10778000,,,None,74000,None,,None,,,,,17284000,0,None,None,0.161,,38024000,26793000,,,,,None,,,,,2.119,15.52,4.301,,,,,,,,0.13,,,2025-10-29,quarterly,0.29,USD,post-market,0,,0.136,0.45,0.075,8.74,24391000,,,,44.41,35.08,-3.3333,,,,,,,305327000,,33.46,,61.16,29.75
2025-12-28,CMG,1.13,11787400000.0,33.46,,0.991,2.43,,,,,,,,,,,,,,,None,225021000,225021000,,,,,,None,11688000,,,,,0.022,-0.01,37496000,49184000,0.3,2007-12-31,31.95,,4737443000.0,63889000,28881000,11343000,,,None,296000,None,,None,,,,,17538000,0,None,None,0.161,,35978000,27911000,,,,,None,,,,,2.119,15.52,4.301,,,,,,,,0.13,,,2025-10-29,quarterly,0.29,USD,post-market,0,,0.136,0.45,0.075,8.74,13911000,,,,44.41,35.08,-3.3333,,,,,,,288910000,,33.46,,61.16,29.75
2025-12-28,CMG,1.13,11787400000.0,33.46,,0.991,2.43,,,,,,,,,,,,,,,None,220455000,220455000,,,,,,None,11167000,,,,,0.022,-0.01,31396000,42563000,0.3,2007-09-30,31.95,,4737443000.0,65976000,32919000,12315000,,,None,74000,None,,None,,,,,20604000,0,None,None,0.161,,34580000,31396000,,,,,None,,,,,2.119,15.52,4.301,,,,,,,,0.13,,,2025-10-29,quarterly,0.29,USD,post-market,0,,0.136,0.45,0.075,8.74,21629000,,,,44.41,35.08,-3.3333,,,,,,,286431000,,33.46,,61.16,29.75
2025-12-28,CMG,1.13,11787400000.0,33.46,,0.991,2.43,,,,,,,,,,,,,,,None,210566000,210566000,,,,,,None,10576000,,,,,0.022,-0.01,30682000,41258000,0.3,2007-06-30,31.95,,4737443000.0,63780000,32138000,12157000,,,None,74000,None,,None,,,,,19981000,0,None,None,0.161,,33098000,30682000,,,,,None,,,,,2.119,15.52,4.301,,,,,,,,0.13,,,2025-10-29,quarterly,0.29,USD,post-market,0,,0.136,0.45,0.075,8.74,20679000,,,,44.41,35.08,-3.3333,,,,,,,274346000,,33.46,,61.16,29.75
2025-12-28,CMG,1.13,11787400000.0,33.46,,0.991,2.43,,,,,,,,,,,,,,,None,187171000,187171000,,,,,,None,10164000,,,,,0.022,-0.01,18649000,28813000,0.3,2007-03-31,31.95,,4737443000.0,48924000,20064000,7624000,,,None,75000,None,,None,,,,,12440000,0,None,None,0.161,,30275000,18649000,,,,,None,,,,,2.119,15.52,4.301,,,,,,,,0.13,,,2025-10-29,quarterly,0.29,USD,post-market,0,,0.136,0.45,0.075,8.74,18819000,,,,44.41,35.08,-3.3333,,,,,,,236095000,,33.46,,61.16,29.75
2025-12-28,CMG,1.13,11787400000.0,33.46,,0.991,2.43,,,,,,,,,,,,,,,None,175060000,175060000,,,,,,None,9265000,,,,,0.022,-0.01,15496000,24761000,0.3,2006-12-31,31.95,,4737443000.0,44659000,17389000,6548000,,,None,271000,None,,None,,,,,10841000,0,None,None,0.161,,29163000,15496000,,,,,None,,,,,2.119,15.52,4.301,,,,,,,,0.13,,,2025-10-29,quarterly,0.29,USD,post-market,0,,0.136,0.45,0.075,8.74,11983000,,,,44.41,35.08,-3.3333,,,,,,,219719000,,33.46,,61.16,29.75
2025-12-28,CMG,1.13,11787400000.0,33.46,,0.991,2.43,,,,,,,,,,,,,,,None,165849000,165849000,,,,,,None,8676000,,,,,0.022,-0.01,17853000,26529000,0.3,2006-09-30,31.95,,4737443000.0,45411000,19800000,7998000,,,None,68000,None,,None,,,,,11802000,0,None,None,0.161,,27558000,17853000,,,,,None,,,,,2.119,15.52,4.301,,,,,,,,0.13,,,2025-10-29,quarterly,0.29,USD,post-market,0,,0.136,0.45,0.075,8.74,17776000,,,,44.41,35.08,-3.3333,,,,,,,211260000,,33.46,,61.16,29.75
2025-12-28,CMG,1.13,11787400000.0,33.46,,0.991,2.43,,,,,,,,,,,,,,,None,160493000,160493000,,,,,,None,8309000,,,,,0.022,-0.01,15870000,24179000,0.3,2006-06-30,31.95,,4737443000.0,44443000,17427000,6635000,,,None,65000,None,,None,,,,,10792000,0,None,None,0.161,,28573000,15870000,,,,,None,,,,,2.119,15.52,4.301,,,,,,,,0.13,,,2025-10-29,quarterly,0.29,USD,post-market,0,,0.136,0.45,0.075,8.74,19148000,,,,44.41,35.08,-3.3333,,,,,,,204936000,,33.46,,61.16,29.75
2025-12-28,CMG,1.13,11787400000.0,33.46,,0.991,2.43,,,,,,,,,,,,,,,None,149279000,149279000,,,,,,None,8003000,,,,,0.022,-0.01,12733000,20736000,0.3,2006-03-31,31.95,,4737443000.0,37736000,13639000,5651000,,,None,64000,None,,None,,,,,7988000,0,None,None,0.161,,25003000,12733000,,,,,None,,,,,2.119,15.52,4.301,,,,,,,,0.13,,,2025-10-29,quarterly,0.29,USD,post-market,0,,0.136,0.45,0.075,8.74,16377000,,,,44.41,35.08,-3.3333,,,,,,,187015000,,33.46,,61.16,29.75
2025-12-28,CMG,1.13,11787400000.0,33.46,,0.991,2.43,,,,,,,,,,,,,,,None,141155000,141155000,,,,,,None,7634000,,,,,0.022,-0.01,7735000,15369000,0.3,2005-12-31,31.95,,4737443000.0,32158000,7621000,3359000,,,None,127000,None,,None,,,,,4262000,0,None,None,0.161,,24423000,7735000,,,,,None,,,,,2.119,15.52,4.301,,,,,,,,0.13,,,2025-10-29,quarterly,0.29,USD,post-market,0,,0.136,0.45,0.075,8.74,15476000,,,,44.41,35.08,-3.3333,,,,,,,173313000,,33.46,,61.16,29.75
2025-12-28,CMG,1.13,11787400000.0,33.46,,0.991,2.43,,,,,,,,,,,,,,,None,134626000,134626000,,,,,,None,7206000,,,,,0.022,-0.01,9499000,16705000,0.3,2005-09-30,31.95,,4737443000.0,30044000,9251000,4168000,,,None,248000,None,,None,,,,,5083000,0,None,None,0.161,,20545000,9499000,,,,,None,,,,,2.119,15.52,4.301,,,,,,,,0.13,,,2025-10-29,quarterly,0.29,USD,post-market,0,,0.136,0.45,0.075,8.74,67551000,,,,44.41,35.08,-3.3333,,,,,,,151461000,,33.46,,61.16,29.75
2025-12-28,CMG,1.13,11787400000.0,33.46,,0.991,2.43,,,,,,,,,,,,,,,None,8296161000,8296161000,,,,,,None,335030000,,,,,0.022,-0.01,1985179000,2320209000,0.3,2024-12-31,31.95,,4737443000.0,3017692000,2010230000,476120000,,,None,None,93897000,,None,,,,,1534110000,1534110000,93897000,None,0.161,,1101359000,1916333000,,,,,None,,,,,2.119,15.52,4.301,,,,,,,,0.13,,,2025-10-29,annual,0.29,USD,post-market,None,,0.136,0.45,0.075,8.74,697483000,,,,44.41,35.08,-3.3333,,,,,,,11313853000,,33.46,,61.16,29.75
2025-12-28,CMG,1.13,11787400000.0,33.46,,0.991,2.43,,,,,,,,,,,,,,,None,7285557000,7285557000,,,,,,None,319394000,,,,,0.022,-0.01,1633114000,1952508000,0.3,2023-12-31,31.95,,4737443000.0,2586092000,1620506000,391769000,,,None,None,50844000,,None,,,,,1228737000,1170378000,50844000,None,0.161,,1028279000,1557813000,,,,,None,,,,,2.119,15.52,4.301,,,,,,,,0.13,,,2025-10-29,annual,0.29,USD,post-market,None,,0.136,0.45,0.075,8.74,633584000,,,,44.41,35.08,-3.3333,,,,,,,9871649000,,33.46,,61.16,29.75
2025-12-28,CMG,1.13,11787400000.0,33.46,,0.991,2.43,,,,,,,,,,,,,,,None,6572533000,6572533000,,,,,,None,286826000,,,,,0.022,-0.01,1211102000,1497928000,0.3,2022-12-31,31.95,,4737443000.0,2062119000,1181531000,282430000,,,None,21128000,21128000,,None,,,,,899101000,899101000,21128000,None,0.161,,901716000,1160403000,,,,,21128000,,,,,2.119,15.52,4.301,,,,,,,,0.13,,,2025-10-29,annual,0.29,USD,post-market,None,,0.136,0.45,0.075,8.74,564191000,,,,44.41,35.08,-3.3333,,,,,,,8634652000,,33.46,,61.16,29.75
2025-12-28,CMG,1.13,11787400000.0,33.46,,0.991,2.43,,,,,,,,,,,,,,,None,5840052000,5840052000,,,,,,None,254657000,,,,,0.022,-0.01,845498000,1100155000,0.3,2021-12-31,31.95,,4737443000.0,1707009000,812763000,159779000,,,None,30762000,7820000,,None,,,,,652984000,652984000,7820000,None,0.161,,902066000,804943000,,,,,7820000,,,,,2.119,15.52,4.301,,,,,,,,0.13,,,2025-10-29,annual,0.29,USD,post-market,None,,0.136,0.45,0.075,8.74,606854000,,,,44.41,35.08,-3.3333,,,,,,,7547061000,,33.46,,61.16,29.75
2025-12-28,CMG,1.13,11787400000.0,33.46,,0.991,2.43,,,,,,,,,,,,,,,None,4943553000,4943553000,,,,,,None,238534000,,,,,0.022,-0.01,336256000,574790000,0.3,2020-12-31,31.95,,4737443000.0,1041081000,293781000,-61985000,,,None,57537000,3617000,,None,,,,,355766000,231796000,3617000,None,0.161,,750917000,290164000,,,,,3617000,,,,,2.119,15.52,4.301,,,,,,,,0.13,,,2025-10-29,annual,0.29,USD,post-market,None,,0.136,0.45,0.075,8.74,466291000,,,,44.41,35.08,-3.3333,,,,,,,5984634000,,33.46,,61.16,29.75
2025-12-28,CMG,1.13,11787400000.0,33.46,,0.991,2.43,,,,,,,,,,,,,,,None,4443879000,4443879000,,,,,,None,212778000,,,,,0.022,-0.01,478160000,690938000,0.3,2019-12-31,31.95,,4737443000.0,1142490000,458285000,108127000,,,None,31861000,14327000,,None,,,,,350158000,350158000,14327000,None,0.161,,698532000,443958000,,,,,14327000,,,,,2.119,15.52,4.301,,,,,,,,0.13,,,2025-10-29,annual,0.29,USD,post-market,None,,0.136,0.45,0.075,8.74,451552000,,,,44.41,35.08,-3.3333,,,,,,,5586369000,,33.46,,61.16,29.75
2025-12-28,CMG,1.13,11787400000.0,33.46,,0.991,2.43,,,,,,,,,,,,,,,None,3953993000,3953993000,,,,,,None,201979000,,,,,0.022,-0.01,333553000,535532000,0.3,2018-12-31,31.95,,4737443000.0,910992000,268436000,91883000,,,None,0,10068000,,None,,,,,176553000,176553000,10068000,None,0.161,,652624000,258368000,,,,,10068000,,,,,2.119,15.52,4.301,,,,,,,,0.13,,,2025-10-29,annual,0.29,USD,post-market,0,,0.136,0.45,0.075,8.74,375460000,,,,44.41,35.08,-3.3333,,,,,,,4864985000,,33.46,,61.16,29.75
2025-12-28,CMG,1.13,11787400000.0,33.46,,0.991,2.43,,,,,,,,,,,,,,,None,3720196000,3720196000,,,,,,None,163348000,,,,,0.022,-0.01,296480000,459828000,0.3,2017-12-31,31.95,,4737443000.0,756216000,275743000,99490000,,,None,1520000,4949000,,None,,,,,176253000,176253000,4949000,None,0.161,,485422000,270794000,,,,,4949000,,,,,2.119,15.52,4.301,,,,,,,,0.13,,,2025-10-29,annual,0.29,USD,post-market,0,,0.136,0.45,0.075,8.74,296388000,,,,44.41,35.08,-3.3333,,,,,,,4476412000,,33.46,,61.16,29.75
2025-12-28,CMG,1.13,11787400000.0,33.46,,0.991,2.43,,,,,,,,,,,,,,,None,3406170000,3406170000,,,,,,None,146368000,,,,,0.022,-0.01,75606000,221974000,0.3,2016-12-31,31.95,,4737443000.0,498214000,38739000,15801000,,,None,4172000,4172000,,None,,,,,22938000,22938000,4172000,None,0.161,,463647000,34567000,,,,,4172000,,,,,2.119,15.52,4.301,,,,,,,,0.13,,,2025-10-29,annual,0.29,USD,post-market,0,,0.136,0.45,0.075,8.74,276240000,,,,44.41,35.08,-3.3333,,,,,,,3904384000,,33.46,,61.16,29.75
2025-12-28,CMG,1.13,11787400000.0,33.46,,0.991,2.43,,,,,,,,,,,,,,,None,3326936000,3326936000,,,,,,None,130368000,,,,,0.022,-0.01,793705000,924073000,0.3,2015-12-31,31.95,,4737443000.0,1174287000,769867000,294265000,,,None,6278000,6278000,,None,,,,,475602000,475602000,None,None,0.161,,410698000,763589000,,,,,6278000,,,,,2.119,15.52,4.301,,,,,,,,0.13,,,2025-10-29,annual,0.29,USD,post-market,0,,0.136,0.45,0.075,8.74,250214000,,,,44.41,35.08,-3.3333,,,,,,,4501223000,,33.46,,61.16,29.75
2025-12-28,CMG,1.13,11787400000.0,33.46,,0.991,2.43,,,,,,,,,,,,,,,None,2990513000,2990513000,,,,,,None,110474000,,,,,0.022,-0.01,733385000,843859000,0.3,2014-12-31,31.95,,4737443000.0,1117756000,714303000,268929000,,,None,3503000,None,,None,,,,,445374000,445374000,None,None,0.161,,406956000,710800000,,,,,3503000,,,,,2.119,15.52,4.301,,,,,,,,0.13,,,2025-10-29,annual,0.29,USD,post-market,0,,0.136,0.45,0.075,8.74,273897000,,,,44.41,35.08,-3.3333,,,,,,,4108269000,,33.46,,61.16,29.75
2025-12-28,CMG,1.13,11787400000.0,33.46,,0.991,2.43,,,,,,,,,,,,,,,None,2359822000,2359822000,,,,,,None,96054000,,,,,0.022,-0.01,554982000,651036000,0.3,2013-12-31,31.95,,4737443000.0,854769000,534471000,207033000,,,None,1751000,None,,None,,,,,327438000,327438000,None,None,0.161,,322049000,532720000,,,,,1751000,,,,,2.119,15.52,4.301,,,,,,,,0.13,,,2025-10-29,annual,0.29,USD,post-market,0,,0.136,0.45,0.075,8.74,203733000,,,,44.41,35.08,-3.3333,,,,,,,3214591000,,33.46,,61.16,29.75
2025-12-28,CMG,1.13,11787400000.0,33.46,,0.991,2.43,,,,,,,,,,,,,,,None,1990884000,1990884000,,,,,,None,84130000,,,,,0.022,-0.01,472801000,556931000,0.3,2012-12-31,31.95,,4737443000.0,740340000,457685000,179685000,,,None,1820000,None,,None,,,,,278000000,278000000,None,None,0.161,,284475000,455865000,,,,,1820000,,,,,2.119,15.52,4.301,,,,,,,,0.13,,,2025-10-29,annual,0.29,USD,post-market,0,,0.136,0.45,0.075,8.74,183409000,,,,44.41,35.08,-3.3333,,,,,,,2731224000,,33.46,,61.16,29.75
2025-12-28,CMG,1.13,11787400000.0,33.46,,0.991,2.43,,,,,,,,,,,,,,,None,1680321000,1680321000,,,,,,None,74938000,,,,,0.022,-0.01,364863000,439801000,0.3,2011-12-31,31.95,,4737443000.0,589227000,349705000,134760000,,,None,2945000,None,,None,,,,,214945000,214945000,None,None,0.161,,238665000,350562000,,,,,-857000,,,,,2.119,15.52,4.301,,,,,,,,0.13,,,2025-10-29,annual,0.29,USD,post-market,0,,0.136,0.45,0.075,8.74,149426000,,,,44.41,35.08,-3.3333,,,,,,,2269548000,,33.46,,61.16,29.75
2025-12-28,CMG,1.13,11787400000.0,33.46,,0.991,2.43,,,,,,,,,,,,,,,None,1346517000,1346517000,,,,,,None,68921000,,,,,0.022,-0.01,301894000,370815000,0.3,2010-12-31,31.95,,4737443000.0,489405000,289061000,110080000,,,None,269000,None,,None,,,,,178981000,178981000,None,None,0.161,,201574000,287831000,,,,,1230000,,,,,2.119,15.52,4.301,,,,,,,,0.13,,,2025-10-29,annual,0.29,USD,post-market,0,,0.136,0.45,0.075,8.74,118590000,,,,44.41,35.08,-3.3333,,,,,,,1835922000,,33.46,,61.16,29.75
2025-12-28,CMG,1.13,11787400000.0,33.46,,0.991,2.43,,,,,,,,,,,,,,,None,1139898000,1139898000,,,,,,None,61308000,,,,,0.022,-0.01,204630000,265938000,0.3,2009-12-31,31.95,,4737443000.0,378519000,204225000,77380000,,,None,405000,None,,None,,,,,126845000,None,None,None,0.161,,174814000,203705000,,,,,None,,,,,2.119,15.52,4.301,,,,,,,,0.13,,,2025-10-29,annual,0.29,USD,post-market,None,,0.136,0.45,0.075,8.74,107550000,,,,44.41,35.08,-3.3333,,,,,,,1518417000,,33.46,,61.16,29.75
2025-12-28,CMG,1.13,11787400000.0,33.46,,0.991,2.43,,,,,,,,,,,,,,,None,1045041000,1045041000,,,,,,None,52770000,,,,,0.022,-0.01,127508000,180278000,0.3,2008-12-31,31.95,,4737443000.0,286927000,127206000,49004000,,,None,302000,None,,None,,,,,78202000,None,None,None,0.161,,162888000,124039000,,,,,None,,,,,2.119,15.52,4.301,,,,,,,,0.13,,,2025-10-29,annual,0.29,USD,post-market,None,,0.136,0.45,0.075,8.74,100779000,,,,44.41,35.08,-3.3333,,,,,,,1331968000,,33.46,,61.16,29.75
2025-12-28,CMG,1.13,11787400000.0,33.46,,0.991,2.43,,,,,,,,,,,,,,,None,843213000,843213000,,,,,,None,43595000,,,,,0.022,-0.01,114298000,157893000,0.3,2007-12-31,31.95,,4737443000.0,242569000,114002000,43439000,,,None,296000,None,,None,,,,,70563000,None,None,None,0.161,,134386000,108183000,,,,,None,,,,,2.119,15.52,4.301,,,,,,,,0.13,,,2025-10-29,annual,0.29,USD,post-market,None,,0.136,0.45,0.075,8.74,75038000,,,,44.41,35.08,-3.3333,,,,,,,1085782000,,33.46,,61.16,29.75
2025-12-28,CMG,1.13,11787400000.0,33.46,,0.991,2.43,,,,,,,,,,,,,,,None,650681000,650681000,,,,,,None,34253000,,,,,0.022,-0.01,61952000,96205000,0.3,2006-12-31,31.95,,4737443000.0,172249000,68255000,26832000,,,None,271000,None,,None,,,,,41423000,None,None,None,0.161,,110297000,61952000,,,,,None,,,,,2.119,15.52,4.301,,,,,,,,0.13,,,2025-10-29,annual,0.29,USD,post-market,None,,0.136,0.45,0.075,8.74,65284000,,,,44.41,35.08,-3.3333,,,,,,,822930000,,33.46,,61.16,29.75
2025-12-28,CMG,1.13,11787400000.0,33.46,,0.991,2.43,,,,,,,,,,,,,,,None,511621000,511621000,,,,,,None,28026000,,,,,0.022,-0.01,30994000,59020000,0.3,2005-12-31,31.95,,4737443000.0,116074000,30240000,-7456000,,,None,790000,None,,None,,,,,37696000,None,None,None,0.161,,85080000,30994000,,,,,None,,,,,2.119,15.52,4.301,,,,,,,,0.13,,,2025-10-29,annual,0.29,USD,post-market,None,,0.136,0.45,0.075,8.74,53935000,,,,44.41,35.08,-3.3333,,,,,,,627695000,,33.46,,61.16,29.75
2025-12-28,CMG,1.13,11787400000.0,33.46,None,0.991,2.43,,4980117000,698743000,698743000,,,,,,,,,13257000,1339522000,None,511621000,511621000,260190000,None,None,95844000,None,None,28026000,,,,,0.022,-0.01,30994000,59020000,0.3,2025-09-30,31.95,21939000,4737443000.0,116074000,30240000,-7456000,None,None,None,790000,None,46436000,None,None,None,None,347694000,37696000,None,None,None,0.161,,85080000,30994000,210226000,390117000,None,82376000,None,,,,,2.119,15.52,4.301,,,,,,,,0.13,,6979104000,2025-10-29,quarterly,0.29,USD,post-market,None,1038734000,0.136,0.45,0.075,8.74,53935000,4980117000,293027000,722531000,44.41,35.08,-3.3333,9281848000,1773780000,1150064000,6060010000,7508068000,4909946000,627695000,3221838000,33.46,None,61.16,29.75
2025-12-28,CMG,1.13,11787400000.0,33.46,None,0.991,2.43,,4780586000,844524000,844524000,,,,,,,,,13414000,1350236000,None,511621000,511621000,216347000,None,None,185725000,None,None,28026000,,,,,0.022,-0.01,30994000,59020000,0.3,2025-06-30,31.95,21939000,4737443000.0,116074000,30240000,-7456000,None,None,None,790000,None,40402000,None,None,None,None,518680000,37696000,None,None,None,0.161,,85080000,30994000,96506000,422037000,None,78697000,None,,,,,2.119,15.52,4.301,,,,,,,,0.13,,6707418000,2025-10-29,quarterly,0.29,USD,post-market,None,1365042000,0.136,0.45,0.075,8.74,53935000,4780586000,287252000,701968000,44.41,35.08,-3.3333,9268794000,1869125000,1132271000,5740599000,7399669000,4608328000,627695000,3528195000,33.46,None,61.16,29.75
2025-12-28,CMG,1.13,11787400000.0,33.46,None,0.991,2.43,,4633079000,725597000,725597000,,,,,,,,,13498000,1360719000,None,511621000,511621000,217406000,None,None,101594000,None,None,28026000,,,,,0.022,-0.01,30994000,59020000,0.3,2025-03-31,31.95,21939000,4737443000.0,116074000,30240000,-7456000,None,None,None,790000,None,41387000,None,None,None,None,701056000,37696000,None,None,None,0.161,,85080000,30994000,103945000,339736000,None,74231000,None,,,,,2.119,15.52,4.301,,,,,,,,0.13,,6512510000,2025-10-29,quarterly,0.29,USD,post-market,None,1369418000,0.136,0.45,0.075,8.74,53935000,4633079000,284505000,689125000,44.41,35.08,-3.3333,9044094000,1661648000,1091538000,5553222000,7382446000,4461684000,627695000,3490872000,33.46,None,61.16,29.75
2025-12-28,CMG,1.13,11787400000.0,33.46,None,0.991,2.43,,4540618000,748537000,748537000,,,,,,,,,13586000,1368923000,None,511621000,511621000,210695000,None,None,211192000,None,None,28026000,,,,,0.022,-0.01,30994000,59020000,0.3,2024-12-31,31.95,21939000,4737443000.0,116074000,30240000,-7456000,None,None,None,790000,None,48942000,None,None,None,None,868025000,37696000,None,None,None,0.161,,85080000,30994000,97538000,394454000,None,71070000,None,,,,,2.119,15.52,4.301,,,,,,,,0.13,,6390253000,2025-10-29,quarterly,0.29,USD,post-market,None,1574232000,0.136,0.45,0.075,8.74,53935000,4540618000,277836000,674378000,44.41,35.08,-3.3333,9204374000,1780587000,1168768000,5548828000,7423787000,4380060000,627695000,3655546000,33.46,None,61.16,29.75
2025-12-28,CMG,1.13,11787400000.0,33.46,None,0.991,2.43,,4483442000,698547000,698547000,,,,,,,,,13635000,1374605000,None,511621000,511621000,221301000,None,None,175289000,None,None,28026000,,,,,0.022,-0.01,30994000,59020000,0.3,2024-09-30,31.95,21939000,4737443000.0,116074000,30240000,-7456000,None,None,None,790000,None,49848000,None,None,None,None,892487000,37696000,None,None,None,0.161,,85080000,30994000,87896000,365721000,None,67501000,None,,,,,2.119,15.52,4.301,,,,,,,,0.13,,6275084000,2025-10-29,quarterly,0.29,USD,post-market,None,1577525000,0.136,0.45,0.075,8.74,53935000,4483442000,270574000,668676000,44.41,35.08,-3.3333,9011670000,1680256000,1037884000,5397772000,7331414000,4359888000,627695000,3613898000,33.46,None,61.16,29.75
2025-12-28,CMG,1.13,11787400000.0,33.46,None,0.991,2.43,,4278758000,806528000,806528000,,,,,,,,,13713000,1381518000,None,511621000,511621000,203480000,None,None,169071000,None,None,28026000,,,,,0.022,-0.01,30994000,59020000,0.3,2024-06-30,31.95,21939000,4737443000.0,116074000,30240000,-7456000,None,None,None,790000,None,35560000,None,None,None,None,972644000,37696000,None,None,None,0.161,,85080000,30994000,91852000,393041000,None,67107000,None,,,,,2.119,15.52,4.301,,,,,,,,0.13,,None,2025-10-29,quarterly,0.29,USD,post-market,None,1682819000,0.136,0.45,0.075,8.74,53935000,4278758000,264304000,683287000,44.41,35.08,-3.3333,8919835000,1786298000,1043156000,5208015000,7133537000,4164859000,627695000,3711820000,33.46,None,61.16,29.75
2025-12-28,CMG,1.13,11787400000.0,33.46,None,0.991,2.43,,4157497000,727394000,727394000,,,,,,,,,376000,1381200000,None,511621000,511621000,196866000,None,None,89836000,None,None,28026000,,,,,0.022,-0.01,30994000,59020000,0.3,2024-03-31,31.95,21939000,4737443000.0,116074000,30240000,-7456000,None,None,None,790000,None,37947000,None,None,None,None,776815000,37696000,None,None,None,0.161,,85080000,30994000,98118000,359026000,None,64985000,None,,,,,2.119,15.52,4.301,,,,,,,,0.13,,None,2025-10-29,quarterly,0.29,USD,post-market,None,6416272000,0.136,0.45,0.075,8.74,53935000,4157497000,254144000,692474000,44.41,35.08,-3.3333,8411249000,1645769000,997353000,5049920000,6765480000,4052567000,627695000,3361329000,33.46,None,61.16,29.75
2025-12-28,CMG,1.13,11787400000.0,33.46,None,0.991,2.43,,4051625000,560609000,560609000,,,,,,,,,375000,1381050000,None,511621000,511621000,197646000,None,None,168495000,None,None,28026000,,,,,0.022,-0.01,30994000,59020000,0.3,2023-12-31,31.95,21939000,4737443000.0,116074000,30240000,-7456000,None,None,None,790000,None,39309000,None,None,None,None,564488000,37696000,None,None,None,0.161,,85080000,30994000,117462000,375225000,None,58870000,None,,,,,2.119,15.52,4.301,,,,,,,,0.13,,None,2025-10-29,quarterly,0.29,USD,post-market,None,6056985000,0.136,0.45,0.075,8.74,53935000,4051625000,248074000,734838000,44.41,35.08,-3.3333,8044362000,1620713000,1030625000,4982155000,6423649000,3951530000,627695000,3062207000,33.46,None,61.16,29.75
2025-12-28,CMG,1.13,11787400000.0,33.46,None,0.991,2.43,,4018081000,602307000,602307000,,,,,,,,,375000,1384050000,None,511621000,511621000,207541000,None,None,71122000,None,None,28026000,,,,,0.022,-0.01,30994000,59020000,0.3,2023-09-30,31.95,21939000,4737443000.0,116074000,30240000,-7456000,None,None,None,790000,None,40177000,None,None,None,None,473247000,37696000,None,None,None,0.161,,85080000,30994000,104038000,478852000,None,53296000,None,,,,,2.119,15.52,4.301,,,,,,,,0.13,,5648819000,2025-10-29,quarterly,0.29,USD,post-market,None,5774899000,0.136,0.45,0.075,8.74,53935000,4018081000,244994000,851699000,44.41,35.08,-3.3333,7911493000,1669343000,1087707000,5025179000,6242150000,3937472000,627695000,2886314000,33.46,None,61.16,29.75
2025-12-28,CMG,1.13,11787400000.0,33.46,None,0.991,2.43,,3887992000,504866000,504866000,,,,,,,,,375000,1387350000,None,511621000,511621000,162041000,None,None,60985000,None,None,28026000,,,,,0.022,-0.01,30994000,59020000,0.3,2023-06-30,31.95,21939000,4737443000.0,116074000,30240000,-7456000,None,None,None,790000,None,36004000,None,None,None,None,430762000,37696000,None,None,None,0.161,,85080000,30994000,103422000,417189000,None,52928000,None,,,,,2.119,15.52,4.301,,,,,,,,0.13,,2021964000,2025-10-29,quarterly,0.29,USD,post-market,None,5461682000,0.136,0.45,0.075,8.74,53935000,3887992000,244061000,851142000,44.41,35.08,-3.3333,7552435000,1556419000,982250000,4785549000,5996016000,3803299000,627695000,2766886000,33.46,-4569152000,61.16,29.75
2025-12-28,CMG,1.13,11787400000.0,33.46,None,0.991,2.43,,3771595000,409727000,409727000,,,,,,,,,374000,1389400000,None,511621000,511621000,182606000,None,None,65869000,None,None,28026000,,,,,0.022,-0.01,30994000,59020000,0.3,2023-03-31,31.95,21939000,4737443000.0,116074000,30240000,-7456000,None,None,None,790000,None,34599000,None,None,None,None,368023000,37696000,None,None,None,0.161,,85080000,30994000,98389000,314559000,None,46892000,None,,,,,2.119,15.52,4.301,,,,,,,,0.13,,5315606000,2025-10-29,quarterly,0.29,USD,post-market,None,5119892000,0.136,0.45,0.075,8.74,53935000,3771595000,239029000,652858000,44.41,35.08,-3.3333,7053372000,1261442000,894092000,4571687000,5791930000,3677595000,627695000,2481685000,33.46,-4480833000,61.16,29.75
2025-12-28,CMG,1.13,11787400000.0,33.46,None,0.991,2.43,,3731410000,384000000,384000000,,,,,,,,,373000,1394950000,None,511621000,511621000,184566000,None,None,154621000,None,None,28026000,,,,,0.022,-0.01,30994000,59020000,0.3,2022-12-31,31.95,21939000,4737443000.0,116074000,30240000,-7456000,None,None,None,790000,None,35668000,None,None,None,None,388055000,37696000,None,None,None,0.161,,85080000,30994000,86412000,317995000,None,3538978000,None,,,,,2.119,15.52,4.301,,,,,,,,0.13,,5253549000,2025-10-29,quarterly,0.29,USD,post-market,None,4828248000,0.136,0.45,0.075,8.74,53935000,3731410000,236248000,515136000,44.41,35.08,-3.3333,6927504000,1175837000,921880000,4559481000,5751667000,3637601000,627695000,2368023000,33.46,-4282014000,61.16,29.75
2025-12-28,CMG,1.13,11787400000.0,33.46,None,0.991,2.43,,3729168000,366623000,366623000,,,,,,,,,373000,1397800000,None,511621000,511621000,167842000,None,None,183340000,None,None,28026000,,,,,0.022,-0.01,30994000,59020000,0.3,2022-09-30,31.95,21939000,4737443000.0,116074000,30240000,-7456000,None,None,None,790000,None,33752000,None,None,None,None,442620000,37696000,None,None,None,0.161,,85080000,30994000,76439000,284950000,None,41723000,None,,,,,2.119,15.52,4.301,,,,,,,,0.13,,5180674000,2025-10-29,quarterly,0.29,USD,post-market,None,4604521000,0.136,0.45,0.075,8.74,53935000,3729168000,231947000,417278000,44.41,35.08,-3.3333,6817437000,1077432000,817857000,4490056000,5740005000,3672199000,627695000,2327381000,33.46,-4076555000,61.16,29.75
2025-12-28,CMG,1.13,11787400000.0,33.46,None,0.991,2.43,,3624353000,520933000,520933000,,,,,,,,,373000,1404600000,None,511621000,511621000,158581000,None,None,181510000,None,None,28026000,,,,,0.022,-0.01,30994000,59020000,0.3,2022-06-30,31.95,21939000,4737443000.0,116074000,30240000,-7456000,None,None,None,790000,None,29456000,None,None,None,None,359911000,37696000,None,None,None,0.161,,85080000,30994000,73716000,309666000,None,3433275000,None,,,,,2.119,15.52,4.301,,,,,,,,0.13,,1813348000,2025-10-29,quarterly,0.29,USD,post-market,None,4347383000,0.136,0.45,0.075,8.74,53935000,3624353000,230930000,240684000,44.41,35.08,-3.3333,6545336000,1046299000,831623000,4391137000,5499037000,3559514000,627695000,2154199000,33.46,-3969221000,61.16,29.75
2025-12-28,CMG,1.13,11787400000.0,33.46,None,0.991,2.43,,3554622000,615863000,615863000,,,,,,,,,373000,1415050000,None,511621000,511621000,168905000,None,None,139996000,None,None,28026000,,,,,0.022,-0.01,30994000,59020000,0.3,2022-03-31,31.95,21939000,4737443000.0,116074000,30240000,-7456000,None,None,None,790000,None,29852000,None,None,None,None,333088000,37696000,None,None,None,0.161,,85080000,30994000,70403000,309109000,None,40511000,None,,,,,2.119,15.52,4.301,,,,,,,,0.13,,1779521000,2025-10-29,quarterly,0.29,USD,post-market,None,4087441000,0.136,0.45,0.075,8.74,53935000,3554622000,223303000,240379000,44.41,35.08,-3.3333,6467257000,1096493000,833738000,4333297000,5370764000,3499559000,627695000,2133960000,33.46,-3702023000,61.16,29.75
2025-12-28,CMG,1.13,11787400000.0,33.46,None,0.991,2.43,,3520314000,815374000,815374000,,,,,,,,,371000,1423750000,None,511621000,511621000,163161000,None,None,193663000,None,None,28026000,,,,,0.022,-0.01,30994000,59020000,0.3,2021-12-31,31.95,21939000,4737443000.0,116074000,30240000,-7456000,None,None,None,790000,None,32826000,None,None,None,None,274311000,37696000,None,None,None,0.161,,85080000,30994000,78756000,335457000,None,38536000,None,,,,,2.119,15.52,4.301,,,,,,,,0.13,,4887572000,2025-10-29,quarterly,0.29,USD,post-market,None,3929147000,0.136,0.45,0.075,8.74,53935000,3520314000,218713000,260945000,44.41,35.08,-3.3333,6652958000,1381564000,873682000,4355584000,5271394000,3481902000,627695000,2297374000,33.46,-3356102000,61.16,29.75
2025-12-28,CMG,1.13,11787400000.0,33.46,None,0.991,2.43,,3489559000,721109000,721109000,,,,,,,,,371000,1423750000,None,511621000,511621000,171712000,None,None,394692000,None,None,28026000,,,,,0.022,-0.01,30994000,59020000,0.3,2021-09-30,31.95,21939000,4737443000.0,116074000,30240000,-7456000,None,None,None,790000,None,28450000,None,None,None,None,188344000,37696000,None,None,None,0.161,,85080000,30994000,72821000,344145000,None,42425000,None,,,,,2.119,15.52,4.301,,,,,,,,0.13,,4813269000,2025-10-29,quarterly,0.29,USD,post-market,None,3795672000,0.136,0.45,0.075,8.74,53935000,3489559000,214684000,301534000,44.41,35.08,-3.3333,6627567000,1518606000,850964000,4316659000,5108961000,3465695000,627695000,2310908000,33.46,-3170798000,61.16,29.75
2025-12-28,CMG,1.13,11787400000.0,33.46,None,0.991,2.43,,3348201000,668269000,668269000,,,,,,,,,370000,1425050000,None,511621000,511621000,140251000,None,None,360309000,None,None,28026000,,,,,0.022,-0.01,30994000,59020000,0.3,2021-06-30,31.95,21939000,4737443000.0,116074000,30240000,-7456000,None,None,None,790000,None,25159000,None,None,None,None,150814000,37696000,None,None,None,0.161,,85080000,30994000,71613000,368573000,None,42745000,None,,,,,2.119,15.52,4.301,,,,,,,,0.13,,4612096000,2025-10-29,quarterly,0.29,USD,post-market,None,3591238000,0.136,0.45,0.075,8.74,53935000,3348201000,213646000,322460000,44.41,35.08,-3.3333,6320454000,1447810000,835486000,4146296000,4872644000,3310810000,627695000,2174158000,33.46,-3067458000,61.16,29.75
2025-12-28,CMG,1.13,11787400000.0,33.46,None,0.991,2.43,,3249262000,694776000,694776000,,,,,,,,,369000,1429100000,None,511621000,511621000,147417000,None,None,312571000,None,None,28026000,,,,,0.022,-0.01,30994000,59020000,0.3,2021-03-31,31.95,21939000,4737443000.0,116074000,30240000,-7456000,21939000,21939000,None,790000,None,24304000,None,None,None,None,110928000,37696000,None,None,None,0.161,,85080000,30994000,61615000,367304000,None,41419000,None,,,,,2.119,15.52,4.301,,,,,,,,0.13,,4472015000,2025-10-29,quarterly,0.29,USD,post-market,None,3403264000,0.136,0.45,0.075,8.74,53935000,3249262000,209086000,363585000,44.41,35.08,-3.3333,6149059000,1456851000,834004000,4051528000,4692208000,3217524000,627695000,2097531000,33.46,-2908111000,61.16,29.75
2025-12-28,CMG,1.13,11787400000.0,33.46,None,0.991,2.43,,3157052000,607987000,607987000,,,,,,,,,367000,1427600000,None,511621000,511621000,121990000,None,None,387283000,None,None,28026000,,,,,0.022,-0.01,30994000,59020000,0.3,2020-12-31,31.95,21939000,4737443000.0,116074000,30240000,-7456000,None,None,None,790000,None,26445000,None,None,None,None,102328000,37696000,None,None,None,0.161,,85080000,30994000,54906000,367703000,None,2991140000,None,,,,,2.119,15.52,4.301,,,,,,,,0.13,,1584311000,2025-10-29,quarterly,0.29,USD,post-market,None,3276163000,0.136,0.45,0.075,8.74,53935000,3157052000,204756000,343616000,44.41,35.08,-3.3333,5982896000,1420237000,822199000,3962761000,4562659000,3140562000,627695000,2020135000,33.46,-2802075000,61.16,29.75
2025-12-28,CMG,1.13,11787400000.0,33.46,None,0.991,2.43,,3090955000,662401000,662401000,,,,,,,,,367000,1422700000,None,511621000,511621000,157324000,None,None,129802000,None,None,28026000,,,,,0.022,-0.01,30994000,59020000,0.3,2020-09-30,31.95,21939000,4737443000.0,116074000,30240000,-7456000,None,None,None,790000,None,25464000,None,None,None,None,61474000,37696000,None,None,None,0.161,,85080000,30994000,50794000,353111000,None,2929116000,None,,,,,2.119,15.52,4.301,,,,,,,,0.13,,1547217000,2025-10-29,quarterly,0.29,USD,post-market,None,3085204000,0.136,0.45,0.075,8.74,53935000,3090955000,199815000,342819000,44.41,35.08,-3.3333,5631640000,1211280000,801717000,3826054000,4420360000,3024337000,627695000,1805586000,33.46,-2801496000,61.16,29.75
2025-12-28,CMG,1.13,11787400000.0,33.46,None,0.991,2.43,,3006374000,605622000,605622000,,,,,,,,,367000,1416650000,None,511621000,511621000,160523000,None,None,165846000,None,None,28026000,,,,,0.022,-0.01,30994000,59020000,0.3,2020-06-30,31.95,21939000,4737443000.0,116074000,30240000,-7456000,None,None,None,790000,None,24178000,None,None,None,None,None,37696000,None,None,None,0.161,,85080000,30994000,53656000,276535000,None,2845953000,None,,,,,2.119,15.52,4.301,,,,,,,,0.13,,1498048000,2025-10-29,quarterly,0.29,USD,post-market,None,3004960000,0.136,0.45,0.075,8.74,53935000,3006374000,197196000,301041000,44.41,35.08,-3.3333,5370129000,1150343000,723178000,3665633000,4219786000,2942455000,627695000,1704496000,33.46,-2801467000,61.16,29.75
2025-12-28,CMG,1.13,11787400000.0,33.46,None,0.991,2.43,,2943136000,500315000,500315000,,,,,,,,,365000,1416150000,None,511621000,511621000,130423000,None,None,120092000,None,None,28026000,,,,,0.022,-0.01,30994000,59020000,0.3,2020-03-31,31.95,21939000,4737443000.0,116074000,30240000,-7456000,None,None,None,790000,None,23335000,None,None,None,None,None,37696000,None,None,None,0.161,,85080000,30994000,50781000,279515000,None,2803822000,None,,,,,2.119,15.52,4.301,,,,,,,,0.13,,1465666000,2025-10-29,quarterly,0.29,USD,post-market,None,2996785000,0.136,0.45,0.075,8.74,53935000,2943136000,178358000,380978000,44.41,35.08,-3.3333,5206488000,1075501000,665795000,3534468000,4130987000,2868673000,627695000,1672020000,33.46,-2801150000,61.16,29.75
2025-12-28,CMG,1.13,11787400000.0,33.46,None,0.991,2.43,,2851513000,480626000,480626000,,,,,,,,,363000,1418600000,None,511621000,511621000,115816000,None,None,108250000,None,None,28026000,,,,,0.022,-0.01,30994000,59020000,0.3,2019-12-31,31.95,21939000,4737443000.0,116074000,30240000,-7456000,None,None,None,790000,None,26096000,None,None,None,None,None,37696000,None,None,None,0.161,,85080000,30994000,57076000,282443000,None,2717171000,None,,,,,2.119,15.52,4.301,,,,,,,,0.13,,1458690000,2025-10-29,quarterly,0.29,USD,post-market,None,2921448000,0.136,0.45,0.075,8.74,53935000,2851513000,173139000,400156000,44.41,35.08,-3.3333,5104604000,1072204000,666593000,3421578000,4032400000,2754985000,627695000,1683026000,33.46,-2699119000,61.16,29.75
2025-12-28,CMG,1.13,11787400000.0,33.46,None,0.991,2.43,,2809539000,386565000,386565000,,,,,,,,,363000,1419400000,None,511621000,511621000,118483000,None,None,53313000,None,None,28026000,,,,,0.022,-0.01,30994000,59020000,0.3,2019-09-30,31.95,21939000,4737443000.0,116074000,30240000,-7456000,None,None,None,790000,None,23871000,None,None,None,None,None,37696000,None,None,None,0.161,,85080000,30994000,62211000,286925000,None,2681471000,None,,,,,2.119,15.52,4.301,,,,,,,,0.13,,1425446000,2025-10-29,quarterly,0.29,USD,post-market,None,2849032000,0.136,0.45,0.075,8.74,53935000,2809539000,166802000,428796000,44.41,35.08,-3.3333,4937937000,954756000,634019000,3315490000,3983181000,2681471000,627695000,1622447000,33.46,-2660872000,61.16,29.75
2025-12-28,CMG,1.13,11787400000.0,33.46,None,0.991,2.43,,2696022000,299913000,299913000,,,,,,,,,362000,1415000000,None,511621000,511621000,99007000,None,161253000,49362000,None,None,28026000,,,,,0.022,-0.01,30994000,59020000,0.3,2019-06-30,31.95,21939000,4737443000.0,116074000,30240000,-7456000,None,None,None,790000,None,21144000,None,None,2534769000,None,None,37696000,None,None,None,0.161,,85080000,30994000,44116000,226214000,None,2568583000,None,,,,,2.119,15.52,4.301,,,,,,,,0.13,,1387896000,2025-10-29,quarterly,0.29,USD,post-market,None,2750450000,0.136,0.45,0.075,8.74,53935000,2696022000,161253000,417867000,44.41,35.08,-3.3333,4659307000,832402000,548268000,3121258000,3826905000,2572990000,627695000,1538049000,33.46,-2621922000,61.16,29.75
2025-12-28,CMG,1.13,11787400000.0,33.46,None,0.991,2.43,,2671566000,277661000,277661000,,,,,,,,,361000,1405900000,None,511621000,511621000,106214000,None,157665000,49725000,None,None,28026000,,,,,0.022,-0.01,30994000,59020000,0.3,2019-03-31,31.95,21939000,4737443000.0,116074000,30240000,-7456000,None,None,None,790000,None,18780000,None,None,2513901000,None,None,37696000,None,None,None,0.161,,85080000,30994000,34217000,260700000,None,2547488000,None,,,,,2.119,15.52,4.301,,,,,,,,0.13,,1366684000,2025-10-29,quarterly,0.29,USD,post-market,None,2659422000,0.136,0.45,0.075,8.74,53935000,2671566000,157665000,457363000,44.41,35.08,-3.3333,4625482000,837746000,581667000,3141683000,3787736000,2560016000,627695000,1483799000,33.46,-2563410000,61.16,29.75
2025-12-28,CMG,1.13,11787400000.0,33.46,None,0.991,2.43,,None,249953000,249953000,,,,,,,,,360000,1397300000,None,511621000,511621000,113071000,None,None,62312000,None,None,28026000,,,,,0.022,-0.01,30994000,59020000,0.3,2018-12-31,31.95,21939000,4737443000.0,116074000,30240000,-7456000,None,None,None,790000,None,21555000,None,None,None,None,None,37696000,None,None,None,0.161,,85080000,30994000,54129000,239554000,None,31638000,None,,,,,2.119,15.52,4.301,,,,,,,,0.13,,1379254000,2025-10-29,quarterly,0.29,USD,post-market,None,2573617000,0.136,0.45,0.075,8.74,53935000,None,26891000,426845000,44.41,35.08,-3.3333,2265518000,814794000,449990000,824179000,1450724000,374189000,627695000,1441339000,33.46,-2500556000,61.16,29.75
2025-12-28,CMG,1.13,11787400000.0,33.46,None,0.991,2.43,,None,343028000,343028000,,,,,,,,,360000,1400850000,None,511621000,511621000,103486000,None,None,48565000,None,None,28026000,,,,,0.022,-0.01,30994000,59020000,0.3,2018-09-30,31.95,21939000,4737443000.0,116074000,30240000,-7456000,21939000,21939000,None,790000,None,18285000,None,None,0,None,None,37696000,None,None,None,0.161,,85080000,30994000,55406000,299300000,None,37123000,None,,,,,2.119,15.52,4.301,,,,,,,,0.13,,1361440000,2025-10-29,quarterly,0.29,USD,post-market,None,2541598000,0.136,0.45,0.075,8.74,53935000,None,None,327787000,44.41,35.08,-3.3333,2230872000,793071000,402786000,795035000,1437801000,392249000,627695000,1435837000,33.46,-2454337000,61.16,29.75
2025-12-28,CMG,1.13,11787400000.0,33.46,None,0.991,2.43,,None,225658000,225658000,,,,,,,,,359000,1396750000,None,511621000,511621000,95597000,None,None,56036000,None,None,28026000,,,,,0.022,-0.01,30994000,59020000,0.3,2018-06-30,31.95,21939000,4737443000.0,116074000,30240000,-7456000,21939000,21939000,None,790000,None,20851000,None,None,0,None,None,37696000,None,None,None,0.161,,85080000,30994000,69860000,259564000,None,36457000,None,,,,,2.119,15.52,4.301,,,,,,,,0.13,,1333949000,2025-10-29,quarterly,0.29,USD,post-market,None,2503394000,0.136,0.45,0.075,8.74,53935000,None,None,348269000,44.41,35.08,-3.3333,2128622000,720674000,355161000,736615000,1407948000,381454000,627695000,1392007000,33.46,-2435109000,61.16,29.75
2025-12-28,CMG,1.13,11787400000.0,33.46,None,0.991,2.43,,None,231838000,231838000,,,,,,,,,359000,1397500000,None,511621000,511621000,99001000,None,None,26691000,None,None,28026000,,,,,0.022,-0.01,30994000,59020000,0.3,2018-03-31,31.95,21939000,4737443000.0,116074000,30240000,-7456000,21939000,21939000,None,790000,None,17404000,None,None,0,None,49375000,37696000,None,None,None,0.161,,85080000,30994000,55742000,268319000,None,37630000,None,,,,,2.119,15.52,4.301,,,,,,,,0.13,,1343717000,2025-10-29,quarterly,0.29,USD,post-market,None,2456510000,0.136,0.45,0.075,8.74,53935000,None,None,298764000,44.41,35.08,-3.3333,2097444000,630439000,367320000,733399000,1467005000,366079000,627695000,1364045000,33.46,-2406434000,61.16,29.75
2025-12-28,CMG,1.13,11787400000.0,33.46,None,0.991,2.43,,None,184569000,184569000,,,,,,,,,359000,1395550000,None,511621000,511621000,82028000,None,None,49806000,None,None,28026000,,,,,0.022,-0.01,30994000,59020000,0.3,2017-12-31,31.95,21939000,4737443000.0,116074000,30240000,-7456000,21939000,21939000,None,790000,None,19860000,None,None,0,None,None,37696000,None,None,None,0.161,,85080000,30994000,50918000,159300000,None,40042000,None,,,,,2.119,15.52,4.301,,,,,,,,0.13,,1338366000,2025-10-29,quarterly,0.29,USD,post-market,None,2397064000,0.136,0.45,0.075,8.74,53935000,None,18920000,324382000,44.41,35.08,-3.3333,2045692000,629535000,323893000,681247000,1416157000,357354000,627695000,1364445000,33.46,-2334409000,61.16,29.75
2025-12-28,CMG,1.13,11787400000.0,33.46,None,0.991,2.43,,None,113480000,113480000,,,,,,,,,359000,1421950000,None,511621000,511621000,86705000,None,None,36856000,None,None,28026000,,,,,0.022,-0.01,30994000,59020000,0.3,2017-09-30,31.95,21939000,4737443000.0,116074000,30240000,-7456000,21939000,21939000,None,790000,None,21634000,None,None,0,None,None,37696000,None,None,None,0.161,,85080000,30994000,49089000,236697000,None,36826000,None,,,,,2.119,15.52,4.301,,,,,,,,0.13,,1331786000,2025-10-29,quarterly,0.29,USD,post-market,None,2353271000,0.136,0.45,0.075,8.74,53935000,None,None,434877000,44.41,35.08,-3.3333,2064377000,655936000,323402000,677251000,1408441000,353849000,627695000,1387126000,33.46,-2257174000,61.16,29.75
2025-12-28,CMG,1.13,11787400000.0,33.46,None,0.991,2.43,,None,175137000,175137000,,,,,,,,,358000,1440000000,None,511621000,511621000,80976000,None,None,24940000,None,None,28026000,,,,,0.022,-0.01,30994000,59020000,0.3,2017-06-30,31.95,21939000,4737443000.0,116074000,30240000,-7456000,21939000,21939000,None,790000,None,19126000,None,None,0,None,None,37696000,None,None,None,0.161,,85080000,30994000,50296000,186809000,None,35879000,None,,,,,2.119,15.52,4.301,,,,,,,,0.13,,1328280000,2025-10-29,quarterly,0.29,USD,post-market,None,2333661000,0.136,0.45,0.075,8.74,53935000,None,None,394466000,44.41,35.08,-3.3333,2068551000,663965000,267785000,618355000,1404586000,350570000,627695000,1450196000,33.46,-2154517000,61.16,29.75
2025-12-28,CMG,1.13,11787400000.0,33.46,None,0.991,2.43,,None,122413000,122413000,,,,,,,,,358000,1442500000,None,511621000,511621000,83840000,None,None,21582000,None,None,28026000,,,,,0.022,-0.01,30994000,59020000,0.3,2017-03-31,31.95,21939000,4737443000.0,116074000,30240000,-7456000,21939000,21939000,None,790000,None,18319000,None,None,0,None,None,37696000,None,None,None,0.161,,85080000,30994000,47023000,222483000,None,34633000,None,,,,,2.119,15.52,4.301,,,,,,,,0.13,,1322622000,2025-10-29,quarterly,0.29,USD,post-market,None,2266931000,0.136,0.45,0.075,8.74,53935000,None,None,454627000,44.41,35.08,-3.3333,2062262000,663964000,306323000,654540000,1398298000,348217000,627695000,1407722000,33.46,-2107426000,61.16,29.75
2025-12-28,CMG,1.13,11787400000.0,33.46,None,0.991,2.43,,None,87880000,87880000,,,,,,,,,358000,1450150000,None,511621000,511621000,78363000,None,None,45559000,None,None,28026000,,,,,0.022,-0.01,30994000,59020000,0.3,2016-12-31,31.95,21939000,4737443000.0,116074000,30240000,-7456000,21939000,21939000,None,790000,None,15019000,None,None,0,None,125055000,37696000,None,None,None,0.161,,85080000,30994000,44080000,123557000,None,33946000,None,,,,,2.119,15.52,4.301,,,,,,,,0.13,,1303558000,2025-10-29,quarterly,0.29,USD,post-market,None,2220811000,0.136,0.45,0.075,8.74,53935000,None,20435000,329836000,44.41,35.08,-3.3333,2026103000,522374000,281793000,623610000,1503729000,341817000,627695000,1402493000,33.46,-2049389000,61.16,29.75
2025-12-28,CMG,1.13,11787400000.0,33.46,None,0.991,2.43,,None,154128000,154128000,,,,,,,,,358000,1458550000,None,511621000,511621000,74682000,None,None,46116000,None,None,28026000,,,,,0.022,-0.01,30994000,59020000,0.3,2016-09-30,31.95,21939000,4737443000.0,116074000,30240000,-7456000,21939000,21939000,None,790000,None,18382000,None,None,0,None,250659000,37696000,None,None,None,0.161,,85080000,30994000,45250000,204817000,None,33293000,None,,,,,2.119,15.52,4.301,,,,,,,,0.13,,1278672000,2025-10-29,quarterly,0.29,USD,post-market,None,2204836000,0.136,0.45,0.075,8.74,53935000,None,None,205021000,44.41,35.08,-3.3333,2067033000,468897000,279499000,626013000,1598136000,346514000,627695000,1441020000,33.46,-1982488000,61.16,29.75
2025-12-28,CMG,1.13,11787400000.0,33.46,None,0.991,2.43,,None,189960000,189960000,,,,,,,,,358000,1467000000,None,511621000,511621000,75255000,None,None,48419000,None,None,28026000,,,,,0.022,-0.01,30994000,59020000,0.3,2016-06-30,31.95,21939000,4737443000.0,116074000,30240000,-7456000,21939000,21939000,None,790000,None,16966000,None,None,0,None,376364000,37696000,None,None,None,0.161,,85080000,30994000,52178000,201273000,None,32630000,None,,,,,2.119,15.52,4.301,,,,,,,,0.13,,1269335000,2025-10-29,quarterly,0.29,USD,post-market,None,2197037000,0.136,0.45,0.075,8.74,53935000,None,None,80184000,44.41,35.08,-3.3333,2101800000,387707000,276528000,615757000,1714093000,339229000,627695000,1486043000,33.46,-1911870000,61.16,29.75
2025-12-28,CMG,1.13,11787400000.0,33.46,None,0.991,2.43,,None,250805000,250805000,,,,,,,,,358000,1494650000,None,511621000,511621000,76606000,None,None,58733000,None,None,28026000,,,,,0.022,-0.01,30994000,59020000,0.3,2016-03-31,31.95,21939000,4737443000.0,116074000,30240000,-7456000,21939000,21939000,None,790000,None,16885000,None,None,0,None,455679000,37696000,None,None,None,0.161,,85080000,30994000,48317000,195357000,None,32216000,None,,,,,2.119,15.52,4.301,,,,,,,,0.13,,1241602000,2025-10-29,quarterly,0.29,USD,post-market,None,2171441000,0.136,0.45,0.075,8.74,53935000,None,None,0,44.41,35.08,-3.3333,2140820000,374740000,271963000,600566000,1766080000,328603000,627695000,1540254000,33.46,-1811237000,61.16,29.75
2025-12-28,CMG,1.13,11787400000.0,33.46,None,0.991,2.43,,None,248005000,248005000,,,,,,,,,358000,1565600000,None,511621000,511621000,85709000,None,3060000,96435000,None,None,28026000,,,,,0.022,-0.01,30994000,59020000,0.3,2015-12-31,31.95,21939000,4737443000.0,116074000,30240000,-7456000,21939000,21939000,None,790000,None,15043000,None,None,0,None,622939000,37696000,None,None,None,0.161,,85080000,30994000,39965000,127544000,None,32883000,None,,,,,2.119,15.52,4.301,,,,,,,,0.13,,1217220000,2025-10-29,quarterly,0.29,USD,post-market,None,2197873000,0.136,0.45,0.075,8.74,53935000,3060000,15634000,415199000,44.41,35.08,-3.3333,2725066000,814647000,279942000,597092000,1910419000,317150000,627695000,2127974000,33.46,-1234612000,61.16,29.75
2025-12-28,CMG,1.13,11787400000.0,33.46,None,0.991,2.43,,None,604162000,604162000,,,,,,,,,358000,1577400000,None,511621000,511621000,77250000,None,None,37643000,None,None,28026000,,,,,0.022,-0.01,30994000,59020000,0.3,2015-09-30,31.95,21939000,4737443000.0,116074000,30240000,-7456000,21939000,21939000,None,790000,None,17524000,None,None,0,None,None,37696000,None,None,None,0.161,,85080000,30994000,37760000,166994000,None,31919000,None,,,,,2.119,15.52,4.301,,,,,,,,0.13,,1180957000,2025-10-29,quarterly,0.29,USD,post-market,None,2129999000,0.136,0.45,0.075,8.74,53935000,None,None,355581000,44.41,35.08,-3.3333,2947922000,1073233000,244244000,546434000,1874689000,302190000,627695000,2401488000,33.46,-895881000,61.16,29.75
2025-12-28,CMG,1.13,11787400000.0,33.46,None,0.991,2.43,,None,587685000,587685000,,,,,,,,,357000,1576300000,None,511621000,511621000,81453000,None,None,33562000,None,None,28026000,,,,,0.022,-0.01,30994000,59020000,0.3,2015-06-30,31.95,21939000,4737443000.0,116074000,30240000,-7456000,21939000,21939000,None,790000,None,16529000,None,None,0,None,None,37696000,None,None,None,0.161,,85080000,30994000,39686000,179563000,None,32047000,None,,,,,2.119,15.52,4.301,,,,,,,,0.13,,1147059000,2025-10-29,quarterly,0.29,USD,post-market,None,1985116000,0.136,0.45,0.075,8.74,53935000,None,None,291545000,44.41,35.08,-3.3333,2806224000,989231000,261016000,554514000,1816993000,293498000,627695000,2251710000,33.46,-865081000,61.16,29.75
2025-12-28,CMG,1.13,11787400000.0,33.46,None,0.991,2.43,,None,542957000,542957000,,,,,,,,,355000,1579600000,None,511621000,511621000,76066000,None,None,21480000,None,None,28026000,,,,,0.022,-0.01,30994000,59020000,0.3,2015-03-31,31.95,21939000,4737443000.0,116074000,30240000,-7456000,21939000,21939000,None,790000,None,16052000,None,None,0,None,None,37696000,None,None,None,0.161,,85080000,30994000,37252000,201055000,None,30968000,None,,,,,2.119,15.52,4.301,,,,,,,,0.13,,1119469000,2025-10-29,quarterly,0.29,USD,post-market,None,1844912000,0.136,0.45,0.075,8.74,53935000,None,None,347577000,44.41,35.08,-3.3333,2703719000,984695000,277121000,569385000,1719024000,292264000,627695000,2134334000,33.46,-772008000,61.16,29.75
2025-12-28,CMG,1.13,11787400000.0,33.46,None,0.991,2.43,,None,419465000,419465000,,,,,,,,,354000,1577100000,None,511621000,511621000,69613000,None,None,51327000,None,None,28026000,,,,,0.022,-0.01,30994000,59020000,0.3,2014-12-31,31.95,21939000,4737443000.0,116074000,30240000,-7456000,21939000,21939000,None,790000,None,15332000,None,None,0,None,496106000,37696000,None,None,None,0.161,,85080000,30994000,34795000,105063000,None,28263000,None,,,,,2.119,15.52,4.301,,,,,,,,0.13,,1106984000,2025-10-29,quarterly,0.29,USD,post-market,None,1722271000,0.136,0.45,0.075,8.74,53935000,None,22929000,338592000,44.41,35.08,-3.3333,2546285000,878479000,245710000,533916000,1667806000,288206000,627695000,2012369000,33.46,-748759000,61.16,29.75
2025-12-28,CMG,1.13,11787400000.0,33.46,None,0.991,2.43,,None,442618000,442618000,,,,,,,,,353000,1577350000,None,511621000,511621000,88398000,None,None,18949000,None,None,28026000,,,,,0.022,-0.01,30994000,59020000,0.3,2014-09-30,31.95,21939000,4737443000.0,116074000,30240000,-7456000,21939000,21939000,None,790000,None,15885000,None,None,0,None,None,37696000,None,None,None,0.161,,85080000,30994000,33632000,176588000,None,27407000,None,,,,,2.119,15.52,4.301,,,,,,,,0.13,,1052684000,2025-10-29,quarterly,0.29,USD,post-market,None,1601037000,0.136,0.45,0.075,8.74,53935000,None,None,346991000,44.41,35.08,-3.3333,2437053000,873870000,264986000,543289000,1563183000,278303000,627695000,1893764000,33.46,-723826000,61.16,29.75
2025-12-28,CMG,1.13,11787400000.0,33.46,None,0.991,2.43,,None,470050000,470050000,,,,,,,,,353000,1573700000,None,511621000,511621000,77648000,None,None,20242000,None,None,28026000,,,,,0.022,-0.01,30994000,59020000,0.3,2014-06-30,31.95,21939000,4737443000.0,116074000,30240000,-7456000,21939000,21939000,None,790000,None,15522000,None,None,0,None,304108000,37696000,None,None,None,0.161,,85080000,30994000,36966000,163888000,None,26870000,None,,,,,2.119,15.52,4.301,,,,,,,,0.13,,1011916000,2025-10-29,quarterly,0.29,USD,post-market,None,1470236000,0.136,0.45,0.075,8.74,53935000,None,None,334580000,44.41,35.08,-3.3333,2277582000,892099000,241536000,524548000,1385483000,283012000,627695000,1753034000,33.46,-710713000,61.16,29.75
2025-12-28,CMG,1.13,11787400000.0,33.46,None,0.991,2.43,,None,411592000,411592000,,,,,,,,,353000,1574300000,None,511621000,511621000,66729000,None,None,16582000,None,None,28026000,,,,,0.022,-0.01,30994000,59020000,0.3,2014-03-31,31.95,21939000,4737443000.0,116074000,30240000,-7456000,21939000,21939000,None,790000,None,15202000,None,None,0,None,313601000,37696000,None,None,None,0.161,,85080000,30994000,38213000,160513000,None,26349000,None,,,,,2.119,15.52,4.301,,,,,,,,0.13,,983047000,2025-10-29,quarterly,0.29,USD,post-market,None,1359966000,0.136,0.45,0.075,8.74,53935000,None,None,295403000,44.41,35.08,-3.3333,2155680000,790791000,227242000,510647000,1364889000,283405000,627695000,1645033000,33.46,-673157000,61.16,29.75
2025-12-28,CMG,1.13,11787400000.0,33.46,None,0.991,2.43,,None,323203000,323203000,,,,,,,,,352000,1571250000,None,511621000,511621000,59022000,None,None,27673000,None,None,28026000,,,,,0.022,-0.01,30994000,59020000,0.3,2013-12-31,31.95,21939000,4737443000.0,116074000,30240000,-7456000,21939000,21939000,None,790000,None,13044000,None,None,0,None,313863000,37696000,None,None,None,0.161,,85080000,30994000,34204000,91157000,None,23591000,None,,,,,2.119,15.52,4.301,,,,,,,,0.13,,963238000,2025-10-29,quarterly,0.29,USD,post-market,None,1276897000,0.136,0.45,0.075,8.74,53935000,None,17541000,254971000,44.41,35.08,-3.3333,2009280000,666307000,199228000,470992000,1342973000,271764000,627695000,1538288000,33.46,-660421000,61.16,29.75
2025-12-28,CMG,1.13,11787400000.0,33.46,None,0.991,2.43,,None,308076000,308076000,,,,,,,,,351000,1564800000,None,511621000,511621000,70267000,None,None,14575000,None,None,28026000,,,,,0.022,-0.01,30994000,59020000,0.3,2013-09-30,31.95,21939000,4737443000.0,116074000,30240000,-7456000,21939000,21939000,None,790000,None,12509000,None,None,0,None,303700000,37696000,None,None,None,0.161,,85080000,30994000,34696000,109431000,None,23490000,None,,,,,2.119,15.52,4.301,,,,,,,,0.13,,936023000,2025-10-29,quarterly,0.29,USD,post-market,None,1197275000,0.136,0.45,0.075,8.74,53935000,None,None,224097000,44.41,35.08,-3.3333,1911432000,603782000,179698000,445690000,1307650000,265992000,627695000,1465742000,33.46,-619173000,61.16,29.75
2025-12-28,CMG,1.13,11787400000.0,33.46,None,0.991,2.43,,None,281632000,281632000,,,,,,,,,350000,1558800000,None,511621000,511621000,63305000,None,None,14961000,None,None,28026000,,,,,0.022,-0.01,30994000,59020000,0.3,2013-06-30,31.95,21939000,4737443000.0,116074000,30240000,-7456000,21939000,21939000,None,790000,None,11270000,None,None,0,None,290284000,37696000,None,None,None,0.161,,85080000,30994000,34938000,119402000,None,22508000,None,,,,,2.119,15.52,4.301,,,,,,,,0.13,,895819000,2025-10-29,quarterly,0.29,USD,post-market,None,1113896000,0.136,0.45,0.075,8.74,53935000,None,None,202164000,44.41,35.08,-3.3333,1808931000,555010000,182707000,441488000,1253921000,258781000,627695000,1367443000,33.46,-602583000,61.16,29.75
2025-12-28,CMG,1.13,11787400000.0,33.46,None,0.991,2.43,,None,346930000,346930000,,,,,,,,,349000,1561450000,None,511621000,511621000,56629000,None,None,15475000,None,None,28026000,,,,,0.022,-0.01,30994000,59020000,0.3,2013-03-31,31.95,21939000,4737443000.0,116074000,30240000,-7456000,21939000,21939000,None,790000,None,11431000,None,None,0,None,195520000,37696000,None,None,None,0.161,,85080000,30994000,31723000,125487000,None,21971000,None,,,,,2.119,15.52,4.301,,,,,,,,0.13,,875597000,2025-10-29,quarterly,0.29,USD,post-market,None,1026043000,0.136,0.45,0.075,8.74,53935000,None,None,160573000,44.41,35.08,-3.3333,1712670000,575514000,182116000,424579000,1137156000,242463000,627695000,1288091000,33.46,-572483000,61.16,29.75
2025-12-28,CMG,1.13,11787400000.0,33.46,None,0.991,2.43,,None,322553000,322553000,,,,,,,,,349000,1550600000,None,511621000,511621000,58700000,None,None,26412000,None,None,28026000,,,,,0.022,-0.01,30994000,59020000,0.3,2012-12-31,31.95,21939000,4737443000.0,116074000,30240000,-7456000,21939000,21939000,None,790000,None,11096000,None,None,3386000,None,190868000,37696000,None,None,None,0.161,,85080000,30994000,27378000,105273000,None,19885000,None,,,,,2.119,15.52,4.301,,,,,,,,0.13,,866703000,2025-10-29,quarterly,0.29,USD,post-market,None,949459000,0.136,0.45,0.075,8.74,53935000,3529000,143000,150306000,44.41,35.08,-3.3333,1668667000,546607000,186852000,422741000,1122060000,235889000,627695000,1245926000,33.46,-521518000,61.16,29.75
2025-12-28,CMG,1.13,11787400000.0,33.46,None,0.991,2.43,,None,421149000,421149000,,,,,,,,,349000,1592300000,None,511621000,511621000,65094000,None,None,40764000,None,None,28026000,,,,,0.022,-0.01,30994000,59020000,0.3,2012-09-30,31.95,21939000,4737443000.0,116074000,30240000,-7456000,21939000,21939000,None,790000,None,9964000,None,None,3423000,None,159011000,37696000,None,None,None,0.161,,85080000,30994000,32060000,94099000,None,19382000,None,,,,,2.119,15.52,4.301,,,,,,,,0.13,,835654000,2025-10-29,quarterly,0.29,USD,post-market,None,888106000,0.136,0.45,0.075,8.74,53935000,3563000,140000,152742000,44.41,35.08,-3.3333,1706205000,656679000,159333000,398589000,1049526000,239256000,627695000,1307616000,33.46,-386987000,61.16,29.75
2025-12-28,CMG,1.13,11787400000.0,33.46,None,0.991,2.43,,None,404797000,404797000,,,,,,,,,349000,1597550000,None,511621000,511621000,55960000,None,None,44797000,None,None,28026000,,,,,0.022,-0.01,30994000,59020000,0.3,2012-06-30,31.95,21939000,4737443000.0,116074000,30240000,-7456000,21939000,21939000,None,790000,None,10504000,None,None,3459000,None,169177000,37696000,None,None,None,0.161,,85080000,30994000,35608000,94011000,None,18555000,None,,,,,2.119,15.52,4.301,,,,,,,,0.13,,804655000,2025-10-29,quarterly,0.29,USD,post-market,None,815806000,0.136,0.45,0.075,8.74,53935000,3597000,138000,124736000,44.41,35.08,-3.3333,1648409000,620442000,150109000,387184000,1027967000,237075000,627695000,1261225000,33.46,-344023000,61.16,29.75
2025-12-28,CMG,1.13,11787400000.0,33.46,None,0.991,2.43,,None,370191000,370191000,,,,,,,,,349000,1592300000,None,511621000,511621000,49154000,None,None,43978000,None,None,28026000,,,,,0.022,-0.01,30994000,59020000,0.3,2012-03-31,31.95,21939000,4737443000.0,116074000,30240000,-7456000,21939000,21939000,None,790000,None,10017000,None,None,3494000,None,149072000,37696000,None,None,None,0.161,,85080000,30994000,32821000,75258000,None,18199000,None,,,,,2.119,15.52,4.301,,,,,,,,0.13,,773116000,2025-10-29,quarterly,0.29,USD,post-market,None,734123000,0.136,0.45,0.075,8.74,53935000,135000,135000,94480000,44.41,35.08,-3.3333,1527568000,551487000,124547000,357773000,976081000,233226000,627695000,1169795000,33.46,-331437000,61.16,29.75
2025-12-28,CMG,1.13,11787400000.0,33.46,None,0.991,2.43,,None,401243000,401243000,,,,,,,,,344000,1589200000,None,511621000,511621000,46382000,None,None,8389000,None,None,28026000,,,,,0.022,-0.01,30994000,59020000,0.3,2011-12-31,31.95,21939000,4737443000.0,116074000,30240000,-7456000,21939000,21939000,None,790000,None,8913000,None,None,3529000,None,128241000,37696000,None,None,None,0.161,,85080000,30994000,27642000,46557000,None,15964000,None,,,,,2.119,15.52,4.301,,,,,,,,0.13,,751951000,2025-10-29,quarterly,0.29,USD,post-market,None,671459000,0.136,0.45,0.075,8.74,53935000,133000,133000,55005000,44.41,35.08,-3.3333,1425308000,501192000,157453000,381082000,924116000,223629000,627695000,1044226000,33.46,-304426000,61.16,29.75
2025-12-28,CMG,1.13,11787400000.0,33.46,None,0.991,2.43,,None,409875000,409875000,,,,,,,,,343000,1591600000,None,511621000,511621000,49011000,None,None,5765000,None,None,28026000,,,,,0.022,-0.01,30994000,59020000,0.3,2011-09-30,31.95,21939000,4737443000.0,116074000,30240000,-7456000,21939000,21939000,None,790000,None,8768000,None,None,3563000,None,99718000,37696000,None,None,None,0.161,,85080000,30994000,28562000,76347000,None,15332000,None,,,,,2.119,15.52,4.301,,,,,,,,0.13,,719346000,2025-10-29,quarterly,0.29,USD,post-market,None,613986000,0.136,0.45,0.075,8.74,53935000,130000,130000,34759000,44.41,35.08,-3.3333,1343373000,487729000,128443000,343932000,855644000,215489000,627695000,999441000,33.46,-282728000,61.16,29.75
2025-12-28,CMG,1.13,11787400000.0,33.46,None,0.991,2.43,,None,349801000,349801000,,,,,,,,,343000,1588050000,None,511621000,511621000,40258000,None,None,12312000,None,None,28026000,,,,,0.022,-0.01,30994000,59020000,0.3,2011-06-30,31.95,21939000,4737443000.0,116074000,30240000,-7456000,21939000,21939000,None,790000,None,8447000,None,None,3596000,None,89712000,37696000,None,None,None,0.161,,85080000,30994000,36393000,77030000,None,15488000,None,,,,,2.119,15.52,4.301,,,,,,,,0.13,,695609000,2025-10-29,quarterly,0.29,USD,post-market,None,553553000,0.136,0.45,0.075,8.74,53935000,3724000,128000,34759000,44.41,35.08,-3.3333,1263581000,441712000,117416000,324519000,821869000,207103000,627695000,939062000,33.46,-263402000,61.16,29.75
2025-12-28,CMG,1.13,11787400000.0,33.46,None,0.991,2.43,,None,282939000,282939000,,,,,,,,,341000,1585850000,None,511621000,511621000,35929000,None,None,15468000,None,None,28026000,,,,,0.022,-0.01,30994000,59020000,0.3,2011-03-31,31.95,21939000,4737443000.0,116074000,30240000,-7456000,21939000,21939000,None,790000,None,8738000,None,None,3629000,None,59456000,37696000,None,None,None,0.161,,85080000,30994000,25015000,63291000,None,14970000,None,,,,,2.119,15.52,4.301,,,,,,,,0.13,,683392000,2025-10-29,quarterly,0.29,USD,post-market,None,502896000,0.136,0.45,0.075,8.74,53935000,3753000,124000,45000000,44.41,35.08,-3.3333,1158055000,377160000,99344000,295309000,780895000,195965000,627695000,862746000,33.46,-254441000,61.16,29.75
2025-12-28,CMG,1.13,11787400000.0,33.46,None,0.991,2.43,,None,224838000,224838000,,,,,,,,,340000,1554100000,None,511621000,511621000,33705000,None,None,29186000,None,None,28026000,,,,,0.022,-0.01,30994000,59020000,0.3,2010-12-31,31.95,21939000,4737443000.0,116074000,30240000,-7456000,21939000,21939000,None,790000,None,7098000,None,None,3661000,None,None,37696000,None,None,None,0.161,,85080000,30994000,20333000,38703000,None,13486000,None,,,,,2.119,15.52,4.301,,,,,,,,0.13,,676881000,2025-10-29,quarterly,0.29,USD,post-market,None,456514000,0.136,0.45,0.075,8.74,53935000,3782000,121000,124766000,44.41,35.08,-3.3333,1121605000,406221000,123054000,310732000,715384000,187678000,627695000,810873000,33.46,-240918000,61.16,29.75
2025-12-28,CMG,1.13,11787400000.0,33.46,None,0.991,2.43,,None,210996000,210996000,,,,,,,,,338000,1581450000,None,511621000,511621000,35641000,None,None,14537000,None,None,28026000,,,,,0.022,-0.01,30994000,59020000,0.3,2010-09-30,31.95,21939000,4737443000.0,116074000,30240000,-7456000,21939000,21939000,None,790000,None,7175000,None,None,3693000,None,None,37696000,None,None,None,0.161,,85080000,30994000,22691000,67675000,None,13067000,None,,,,,2.119,15.52,4.301,,,,,,,,0.13,,658423000,2025-10-29,quarterly,0.29,USD,post-market,None,410069000,0.136,0.45,0.075,8.74,53935000,3810000,117000,90000000,44.41,35.08,-3.3333,1032371000,345399000,103433000,271342000,686972000,167909000,627695000,761029000,33.46,-225796000,61.16,29.75
2025-12-28,CMG,1.13,11787400000.0,33.46,None,0.991,2.43,,None,202042000,202042000,,,,,,,,,337000,1590100000,None,511621000,511621000,30211000,None,None,3787000,None,None,28026000,,,,,0.022,-0.01,30994000,59020000,0.3,2010-06-30,31.95,21939000,4737443000.0,116074000,30240000,-7456000,21939000,21939000,None,790000,None,6358000,None,None,3724000,None,None,37696000,None,None,None,0.161,,85080000,30994000,22161000,66871000,None,12294000,None,,,,,2.119,15.52,4.301,,,,,,,,0.13,,641600000,2025-10-29,quarterly,0.29,USD,post-market,None,361841000,0.136,0.45,0.075,8.74,53935000,3835000,111000,105000000,44.41,35.08,-3.3333,1009122000,339348000,100574000,259108000,669774000,158534000,627695000,750014000,33.46,-172899000,61.16,29.75
2025-12-28,CMG,1.13,11787400000.0,33.46,None,0.991,2.43,,None,193002000,193002000,,,,,,,,,336000,1590700000,None,511621000,511621000,26139000,None,None,3514000,None,None,28026000,,,,,0.022,-0.01,30994000,59020000,0.3,2010-03-31,31.95,21939000,4737443000.0,116074000,30240000,-7456000,21939000,21939000,None,790000,None,6314000,None,None,3753000,None,None,37696000,None,None,None,0.161,,85080000,30994000,19220000,52962000,None,None,None,,,,,2.119,15.52,4.301,,,,,,,,0.13,,637569000,2025-10-29,quarterly,0.29,USD,post-market,None,315380000,0.136,0.45,0.075,8.74,53935000,3856000,103000,105000000,44.41,35.08,-3.3333,992772000,327050000,100272000,258393000,665722000,158121000,627695000,734379000,33.46,-132114000,61.16,29.75
2025-12-28,CMG,1.13,11787400000.0,33.46,None,0.991,2.43,,None,219566000,219566000,,,,,,,,,335000,1574150000,None,511621000,511621000,25230000,None,None,4763000,None,None,28026000,,,,,0.022,-0.01,30994000,59020000,0.3,2009-12-31,31.95,21939000,4737443000.0,116074000,30240000,-7456000,21939000,21939000,None,790000,None,5614000,None,None,3782000,None,None,37696000,None,None,None,0.161,,85080000,30994000,17511000,37964000,None,None,None,,,,,2.119,15.52,4.301,,,,,,,,0.13,,636411000,2025-10-29,quarterly,0.29,USD,post-market,None,277533000,0.136,0.45,0.075,8.74,53935000,3878000,96000,50000000,44.41,35.08,-3.3333,961505000,297454000,102153000,258044000,664051000,155891000,627695000,703461000,33.46,-114316000,61.16,29.75
2025-12-28,CMG,1.13,11787400000.0,33.46,None,0.991,2.43,,None,238446000,238446000,,,,,,,,,334000,1597450000,None,511621000,511621000,32555000,None,None,8109000,None,None,28026000,,,,,0.022,-0.01,30994000,59020000,0.3,2009-09-30,31.95,21939000,4737443000.0,116074000,30240000,-7456000,21939000,21939000,None,790000,None,5858000,None,None,3810000,None,None,37696000,None,None,None,0.161,,85080000,30994000,16729000,54492000,None,None,None,,,,,2.119,15.52,4.301,,,,,,,,0.13,,622026000,2025-10-29,quarterly,0.29,USD,post-market,None,245937000,0.136,0.45,0.075,8.74,53935000,3899000,89000,None,44.41,35.08,-3.3333,919819000,269142000,87136000,238137000,650677000,151001000,627695000,681682000,33.46,-100228000,61.16,29.75
2025-12-28,CMG,1.13,11787400000.0,33.46,None,0.991,2.43,,None,208299000,208299000,,,,,,,,,333000,1609750000,None,511621000,511621000,24666000,None,None,9036000,None,None,28026000,,,,,0.022,-0.01,30994000,59020000,0.3,2009-06-30,31.95,21939000,4737443000.0,116074000,30240000,-7456000,21939000,21939000,None,790000,None,5715000,None,None,3835000,None,None,37696000,None,None,None,0.161,,85080000,30994000,16247000,56191000,None,None,None,,,,,2.119,15.52,4.301,,,,,,,,0.13,,605631000,2025-10-29,quarterly,0.29,USD,post-market,None,211473000,0.136,0.45,0.075,8.74,53935000,3920000,85000,None,44.41,35.08,-3.3333,873339000,239297000,80942000,224279000,634042000,143337000,627695000,649060000,33.46,-87744000,61.16,29.75
2025-12-28,CMG,1.13,11787400000.0,33.46,None,0.991,2.43,,None,204934000,204934000,,,,,,,,,329000,1618100000,None,511621000,511621000,22662000,None,None,3375000,None,None,28026000,,,,,0.022,-0.01,30994000,59020000,0.3,2009-03-31,31.95,21939000,4737443000.0,116074000,30240000,-7456000,21939000,21939000,None,790000,None,5766000,None,None,3856000,None,None,37696000,None,None,None,0.161,,85080000,30994000,16370000,55947000,None,None,None,,,,,2.119,15.52,4.301,,,,,,,,0.13,,595951000,2025-10-29,quarterly,0.29,USD,post-market,None,176080000,0.136,0.45,0.075,8.74,53935000,3940000,84000,None,44.41,35.08,-3.3333,854599000,230445000,88616000,222053000,624154000,133437000,627695000,632546000,33.46,-51375000,61.16,29.75
2025-12-28,CMG,1.13,11787400000.0,33.46,None,0.991,2.43,,None,88044000,88044000,,,,,,,,,329000,1600150000,None,511621000,511621000,23890000,None,None,3928000,None,None,28026000,,,,,0.022,-0.01,30994000,59020000,0.3,2008-12-31,31.95,21939000,4737443000.0,116074000,30240000,-7456000,21939000,21939000,None,790000,None,4789000,None,None,3878000,None,None,37696000,None,None,None,0.161,,85080000,30994000,14321000,22953000,None,None,None,,,,,2.119,15.52,4.301,,,,,,,,0.13,,585899000,2025-10-29,quarterly,0.29,USD,post-market,None,150688000,0.136,0.45,0.075,8.74,53935000,3960000,82000,99990000,44.41,35.08,-3.3333,824985000,211072000,76788000,202395000,613913000,125607000,627695000,622590000,33.46,-30227000,61.16,29.75
2025-12-28,CMG,1.13,11787400000.0,33.46,None,0.991,2.43,,None,212183000,212183000,,,,,,,,,328000,1658500000,None,511621000,511621000,29249000,None,None,7777000,None,None,28026000,,,,,0.022,-0.01,30994000,59020000,0.3,2008-09-30,31.95,21939000,4737443000.0,116074000,30240000,-7456000,21939000,21939000,None,790000,None,5485000,None,None,3899000,None,None,37696000,None,None,None,0.161,,85080000,30994000,14531000,51748000,None,None,None,,,,,2.119,15.52,4.301,,,,,,,,0.13,,566033000,2025-10-29,quarterly,0.29,USD,post-market,None,133715000,0.136,0.45,0.075,8.74,53935000,4000000,None,None,44.41,35.08,-3.3333,831919000,239976000,80997000,199217000,591943000,118220000,627695000,632702000,33.46,None,61.16,29.75
2025-12-28,CMG,1.13,11787400000.0,33.46,None,0.991,2.43,,None,195617000,195617000,,,,,,,,,328000,1664200000,None,511621000,511621000,25565000,None,None,5374000,None,None,28026000,,,,,0.022,-0.01,30994000,59020000,0.3,2008-06-30,31.95,21939000,4737443000.0,116074000,30240000,-7456000,21939000,21939000,None,790000,None,5151000,None,None,3920000,None,None,37696000,None,None,None,0.161,,85080000,30994000,14196000,45730000,None,None,None,,,,,2.119,15.52,4.301,,,,,,,,0.13,,539340000,2025-10-29,quarterly,0.29,USD,post-market,None,114238000,0.136,0.45,0.075,8.74,53935000,4000000,None,None,44.41,35.08,-3.3333,786756000,220338000,71295000,177719000,566418000,106424000,627695000,609037000,33.46,None,61.16,29.75
2025-12-28,CMG,1.13,11787400000.0,33.46,None,0.991,2.43,,None,187162000,187162000,,,,,,,,,328000,1666500000,None,511621000,511621000,25682000,None,None,5216000,None,None,28026000,,,,,0.022,-0.01,30994000,59020000,0.3,2008-03-31,31.95,21939000,4737443000.0,116074000,30240000,-7456000,21939000,21939000,None,790000,None,4583000,None,None,3940000,None,None,37696000,None,None,None,0.161,,85080000,30994000,13715000,50252000,None,None,None,,,,,2.119,15.52,4.301,,,,,,,,0.13,,515247000,2025-10-29,quarterly,0.29,USD,post-market,None,89770000,0.136,0.45,0.075,8.74,53935000,4000000,None,None,44.41,35.08,-3.3333,751932000,210676000,75934000,170651000,541256000,94717000,627695000,581281000,33.46,None,61.16,29.75
2025-12-28,CMG,1.13,11787400000.0,33.46,None,0.991,2.43,,None,151176000,151176000,,,,,,,,,328000,1640400000,None,511621000,511621000,19880000,None,None,14908000,None,None,28026000,,,,,0.022,-0.01,30994000,59020000,0.3,2007-12-31,31.95,21939000,4737443000.0,116074000,30240000,-7456000,21939000,21939000,None,790000,None,4332000,None,None,3960000,None,None,37696000,None,None,None,0.161,,85080000,30994000,11428000,76000,None,None,None,,,,,2.119,15.52,4.301,,,,,,,,0.13,,494930000,2025-10-29,quarterly,0.29,USD,post-market,None,72486000,0.136,0.45,0.075,8.74,53935000,4000000,36862000,20000000,44.41,35.08,-3.3333,722115000,201844000,73301000,160005000,520271000,86704000,627695000,562110000,33.46,None,61.16,29.75
2025-12-28,CMG,1.13,11787400000.0,33.46,None,0.991,2.43,,None,167657000,167657000,,,,,,,,,328000,1658550000,None,511621000,511621000,24958000,None,None,6311000,None,None,28026000,,,,,0.022,-0.01,30994000,59020000,0.3,2007-09-30,31.95,21939000,4737443000.0,116074000,30240000,-7456000,21939000,21939000,None,790000,None,4404000,None,None,3979000,None,None,37696000,None,None,None,0.161,,85080000,30994000,10277000,45223000,None,None,None,,,,,2.119,15.52,4.301,,,,,,,,0.13,,469295000,2025-10-29,quarterly,0.29,USD,post-market,None,53397000,0.136,0.45,0.075,8.74,53935000,75000,75000,None,44.41,35.08,-3.3333,683367000,188649000,70256000,146600000,494718000,76344000,627695000,536767000,33.46,None,61.16,29.75
2025-12-28,CMG,1.13,11787400000.0,33.46,None,0.991,2.43,,None,156217000,156217000,,,,,,,,,327000,1653250000,None,511621000,511621000,19923000,None,None,6318000,None,None,28026000,,,,,0.022,-0.01,30994000,59020000,0.3,2007-06-30,31.95,21939000,4737443000.0,116074000,30240000,-7456000,21939000,21939000,None,790000,None,4418000,None,None,3999000,None,None,37696000,None,None,None,0.161,,85080000,30994000,9459000,3328000,None,None,None,,,,,2.119,15.52,4.301,,,,,,,,0.13,,444259000,2025-10-29,quarterly,0.29,USD,post-market,None,32793000,0.136,0.45,0.075,8.74,53935000,74000,74000,None,44.41,35.08,-3.3333,645833000,176412000,60194000,135202000,469421000,75008000,627695000,510631000,33.46,None,61.16,29.75
2025-12-28,CMG,1.13,11787400000.0,33.46,None,0.991,2.43,,None,158902000,158902000,,,,,,,,,326000,1647650000,None,511621000,511621000,19651000,None,None,5380000,None,None,28026000,,,,,0.022,-0.01,30994000,59020000,0.3,2007-03-31,31.95,19556000,4737443000.0,116074000,30240000,-7456000,19556000,19556000,None,790000,None,4142000,None,None,4018000,None,None,37696000,None,None,None,0.161,,85080000,30994000,9020000,7875000,None,None,None,,,,,2.119,15.52,4.301,,,,,,,,0.13,,426048000,2025-10-29,quarterly,0.29,USD,post-market,None,12812000,0.136,0.45,0.075,8.74,53935000,4090000,72000,None,44.41,35.08,-3.3333,626241000,177444000,66708000,140080000,448797000,73372000,627695000,486161000,33.46,None,61.16,29.75
2025-12-28,CMG,1.13,11787400000.0,33.46,None,0.991,2.43,,None,153642000,153642000,,,,,,,,,325000,1627900000,None,511621000,511621000,19567000,None,None,13648000,None,None,28026000,,,,,0.022,-0.01,30994000,59020000,0.3,2006-12-31,31.95,17738000,4737443000.0,116074000,30240000,-7456000,17738000,17738000,None,790000,None,3505000,None,None,4036000,None,None,37696000,None,None,None,0.161,,85080000,30994000,8042000,22882000,None,None,None,,,,,2.119,15.52,4.301,,,,,,,,0.13,,404740000,2025-10-29,quarterly,0.29,USD,post-market,None,2972000,0.136,0.45,0.075,8.74,53935000,71000,71000,None,44.41,35.08,-3.3333,604208000,178837000,61201000,130251000,425371000,69050000,627695000,473957000,33.46,None,61.16,29.75
2025-12-28,CMG,1.13,11787400000.0,33.46,None,0.991,2.43,,None,157565000,157565000,,,,,,,,,325000,1644250000,None,511621000,511621000,18818000,None,None,3059000,None,None,28026000,,,,,0.022,-0.01,30994000,59020000,0.3,2006-09-30,31.95,17738000,4737443000.0,116074000,30240000,-7456000,17738000,17738000,None,790000,None,3393000,None,None,4055000,None,None,37696000,None,None,None,0.161,,85080000,30994000,8699000,3755000,None,None,None,,,,,2.119,15.52,4.301,,,,,,,,0.13,,379891000,2025-10-29,quarterly,0.29,USD,post-market,None,-7869000,0.136,0.45,0.075,8.74,53935000,4126000,71000,None,44.41,35.08,-3.3333,573224000,172716000,56052000,119058000,400508000,63006000,627695000,454166000,33.46,None,61.16,29.75
2025-12-28,CMG,1.13,11787400000.0,33.46,None,0.991,2.43,,None,142044000,142044000,,,,,,,,,324000,1645150000,None,511621000,511621000,11718000,None,None,1967000,None,None,28026000,,,,,0.022,-0.01,30994000,59020000,0.3,2006-06-30,31.95,17738000,4737443000.0,116074000,30240000,-7456000,17738000,17738000,None,790000,None,3040000,None,None,3446000,None,None,37696000,None,None,None,0.161,,85080000,30994000,8009000,4866000,None,None,None,,,,,2.119,15.52,4.301,,,,,,,,0.13,,359627000,2025-10-29,quarterly,0.29,USD,post-market,None,-19671000,0.136,0.45,0.075,8.74,53935000,1285000,1285000,None,44.41,35.08,-3.3333,535053000,155060000,43914000,105400000,379993000,61486000,627695000,429653000,33.46,None,61.16,29.75
2025-12-28,CMG,1.13,11787400000.0,33.46,None,0.991,2.43,,None,133464000,133464000,,,,,,,,,325000,1553900000,None,511621000,511621000,9290000,None,None,2773000,None,None,28026000,,,,,0.022,-0.01,30994000,59020000,0.3,2006-03-31,31.95,17738000,4737443000.0,116074000,30240000,-7456000,17738000,17738000,None,790000,None,3049000,None,None,3461000,None,None,37696000,None,None,None,0.161,,85080000,30994000,8026000,7829000,None,None,None,,,,,2.119,15.52,4.301,,,,,,,,0.13,,345790000,2025-10-29,quarterly,0.29,USD,post-market,None,-30463000,0.136,0.45,0.075,8.74,53935000,58000,58000,None,44.41,35.08,-3.3333,513588000,147312000,44028000,105708000,366276000,61680000,627695000,407880000,33.46,None,61.16,29.75
2025-12-28,CMG,1.13,11787400000.0,33.46,None,0.991,2.43,,None,61000,61000,,,,,,,,,263000,1459306650,None,511621000,511621000,13188000,None,None,4181000,None,None,28026000,,,,,0.022,-0.01,30994000,59020000,0.3,2005-12-31,31.95,17738000,4737443000.0,116074000,30240000,-7456000,17738000,17738000,None,790000,None,2625000,None,None,3476000,None,None,37696000,None,None,None,0.161,,85080000,30994000,10957000,1514000,None,None,None,,,,,2.119,15.52,4.301,,,,,,,,0.13,,340694000,2025-10-29,quarterly,0.29,USD,post-market,None,-38451000,0.136,0.45,0.075,8.74,53935000,57000,57000,None,44.41,35.08,-3.3333,392495000,17824000,41982000,83141000,374671000,41159000,627695000,309354000,33.46,None,61.16,29.75
2025-12-28,CMG,1.13,11787400000.0,33.46,None,0.991,2.43,,None,1958000,1958000,,,,,,,,,584000,1317200000,None,511621000,511621000,10912000,None,None,1927000,None,None,28026000,,,,,0.022,-0.01,30994000,59020000,0.3,2005-09-30,31.95,17738000,4737443000.0,116074000,30240000,-7456000,17738000,17738000,None,790000,None,2684000,None,None,2346000,None,None,37696000,None,None,None,0.161,,85080000,30994000,7799000,1412000,None,None,None,,,,,2.119,15.52,4.301,,,,,,,,0.13,,319529000,2025-10-29,quarterly,0.29,USD,post-market,None,-42713000,0.136,0.45,0.075,8.74,53935000,4688000,4688000,None,44.41,35.08,-3.3333,371777000,14368000,37473000,74004000,357409000,36531000,627695000,297773000,33.46,None,61.16,29.75
2025-12-28,CMG,1.13,11787400000.0,33.46,None,0.991,2.43,,4540618000,748537000,748537000,,,,,,,,,13586000,1376555000,None,511621000,511621000,210695000,None,None,211192000,None,None,28026000,,,,,0.022,-0.01,30994000,59020000,0.3,2024-12-31,31.95,21939000,4737443000.0,116074000,30240000,-7456000,None,None,None,790000,None,48942000,None,None,None,None,868025000,37696000,None,None,None,0.161,,85080000,30994000,97538000,394454000,None,71070000,None,,,,,2.119,15.52,4.301,,,,,,,,0.13,,6390253000,2025-10-29,annual,0.29,USD,post-market,None,1574232000,0.136,0.45,0.075,8.74,53935000,4540618000,277836000,674378000,44.41,35.08,-3.3333,9204374000,1780587000,1168768000,5548828000,7423787000,4380060000,627695000,3655546000,33.46,None,61.16,29.75
2025-12-28,CMG,1.13,11787400000.0,33.46,None,0.991,2.43,,4051625000,560609000,560609000,,,,,,,,,375000,1385500000,None,511621000,511621000,197646000,None,None,168495000,None,None,28026000,,,,,0.022,-0.01,30994000,59020000,0.3,2023-12-31,31.95,21939000,4737443000.0,116074000,30240000,-7456000,None,None,None,790000,None,39309000,None,None,None,None,564488000,37696000,None,None,None,0.161,,85080000,30994000,117462000,375225000,None,58870000,None,,,,,2.119,15.52,4.301,,,,,,,,0.13,,5748586000,2025-10-29,annual,0.29,USD,post-market,None,6056985000,0.136,0.45,0.075,8.74,53935000,4051625000,248074000,734838000,44.41,35.08,-3.3333,8044362000,1620713000,1030625000,4982155000,6423649000,3951530000,627695000,3062207000,33.46,None,61.16,29.75
2025-12-28,CMG,1.13,11787400000.0,33.46,None,0.991,2.43,,3731410000,384000000,384000000,,,,,,,,,373000,1403100000,None,511621000,511621000,184566000,None,None,154621000,None,None,28026000,,,,,0.022,-0.01,30994000,59020000,0.3,2022-12-31,31.95,21939000,4737443000.0,116074000,30240000,-7456000,None,None,None,790000,None,35668000,None,None,None,None,388055000,37696000,None,None,None,0.161,,85080000,30994000,86412000,317995000,None,3538978000,None,,,,,2.119,15.52,4.301,,,,,,,,0.13,,5253549000,2025-10-29,annual,0.29,USD,post-market,None,4828248000,0.136,0.45,0.075,8.74,53935000,3731410000,236248000,515136000,44.41,35.08,-3.3333,6927504000,1175837000,921880000,4559481000,5751667000,3637601000,627695000,2368023000,33.46,-4282014000,61.16,29.75
2025-12-28,CMG,1.13,11787400000.0,33.46,None,0.991,2.43,,3520314000,815374000,815374000,,,,,,,,,371000,1425550000,None,511621000,511621000,163161000,None,None,193663000,None,None,28026000,,,,,0.022,-0.01,30994000,59020000,0.3,2021-12-31,31.95,21939000,4737443000.0,116074000,30240000,-7456000,None,None,None,790000,None,32826000,None,None,None,None,274311000,37696000,None,None,None,0.161,,85080000,30994000,78756000,335457000,None,38536000,None,,,,,2.119,15.52,4.301,,,,,,,,0.13,,4887572000,2025-10-29,annual,0.29,USD,post-market,None,3929147000,0.136,0.45,0.075,8.74,53935000,3520314000,218713000,260945000,44.41,35.08,-3.3333,6652958000,1381564000,873682000,4355584000,5271394000,3481902000,627695000,2297374000,33.46,-3356102000,61.16,29.75
2025-12-28,CMG,1.13,11787400000.0,33.46,None,0.991,2.43,,3157052000,607987000,607987000,,,,,,,,,367000,1420800000,None,511621000,511621000,121990000,None,None,387283000,None,None,28026000,,,,,0.022,-0.01,30994000,59020000,0.3,2020-12-31,31.95,21939000,4737443000.0,116074000,30240000,-7456000,None,None,None,790000,None,26445000,None,None,None,None,102328000,37696000,None,None,None,0.161,,85080000,30994000,54906000,367703000,None,2991140000,None,,,,,2.119,15.52,4.301,,,,,,,,0.13,,1584311000,2025-10-29,annual,0.29,USD,post-market,None,3276163000,0.136,0.45,0.075,8.74,53935000,3157052000,204756000,343616000,44.41,35.08,-3.3333,5982896000,1420237000,822199000,3962761000,4562659000,3140562000,627695000,2020135000,33.46,-2802075000,61.16,29.75
2025-12-28,CMG,1.13,11787400000.0,33.46,None,0.991,2.43,,2851513000,480626000,480626000,,,,,,,,,363000,1414750000,None,511621000,511621000,115816000,None,None,108250000,None,None,28026000,,,,,0.022,-0.01,30994000,59020000,0.3,2019-12-31,31.95,21939000,4737443000.0,116074000,30240000,-7456000,None,None,None,790000,None,26096000,None,None,None,None,None,37696000,None,None,None,0.161,,85080000,30994000,57076000,282443000,None,2717171000,None,,,,,2.119,15.52,4.301,,,,,,,,0.13,,1458690000,2025-10-29,annual,0.29,USD,post-market,None,2921448000,0.136,0.45,0.075,8.74,53935000,2851513000,173139000,400156000,44.41,35.08,-3.3333,5104604000,1072204000,666593000,3421578000,4032400000,2754985000,627695000,1683026000,33.46,-2699119000,61.16,29.75
2025-12-28,CMG,1.13,11787400000.0,33.46,None,0.991,2.43,,None,249953000,249953000,,,,,,,,,360000,1398100000,None,511621000,511621000,113071000,None,None,62312000,None,None,28026000,,,,,0.022,-0.01,30994000,59020000,0.3,2018-12-31,31.95,21939000,4737443000.0,116074000,30240000,-7456000,None,None,None,790000,None,21555000,None,None,None,None,None,37696000,None,None,None,0.161,,85080000,30994000,54129000,239554000,None,31638000,None,,,,,2.119,15.52,4.301,,,,,,,,0.13,,1379254000,2025-10-29,annual,0.29,USD,post-market,None,2573617000,0.136,0.45,0.075,8.74,53935000,None,26891000,426845000,44.41,35.08,-3.3333,2265518000,814794000,449990000,824179000,1450724000,374189000,627695000,1441339000,33.46,-2500556000,61.16,29.75
2025-12-28,CMG,1.13,11787400000.0,33.46,None,0.991,2.43,,None,184569000,184569000,,,,,,,,,359000,1428050000,None,511621000,511621000,82028000,None,None,49806000,None,None,28026000,,,,,0.022,-0.01,30994000,59020000,0.3,2017-12-31,31.95,21939000,4737443000.0,116074000,30240000,-7456000,21939000,21939000,None,790000,None,19860000,None,None,0,None,0,37696000,None,None,None,0.161,,85080000,30994000,50918000,159300000,None,40042000,None,,,,,2.119,15.52,4.301,,,,,,,,0.13,,1338366000,2025-10-29,annual,0.29,USD,post-market,None,2397064000,0.136,0.45,0.075,8.74,53935000,None,18920000,324382000,44.41,35.08,-3.3333,2045692000,629535000,323893000,681247000,1416157000,357354000,627695000,1364445000,33.46,-2334409000,61.16,29.75
2025-12-28,CMG,1.13,11787400000.0,33.46,None,0.991,2.43,,None,87880000,87880000,,,,,,,,,358000,1488500000,None,511621000,511621000,78363000,None,None,45559000,None,None,28026000,,,,,0.022,-0.01,30994000,59020000,0.3,2016-12-31,31.95,21939000,4737443000.0,116074000,30240000,-7456000,21939000,21939000,None,790000,None,15019000,None,None,0,None,125055000,37696000,None,None,None,0.161,,85080000,30994000,44080000,123557000,None,33946000,None,,,,,2.119,15.52,4.301,,,,,,,,0.13,,1303558000,2025-10-29,annual,0.29,USD,post-market,None,2220811000,0.136,0.45,0.075,8.74,53935000,None,20435000,329836000,44.41,35.08,-3.3333,2026103000,522374000,281793000,623610000,1503729000,341817000,627695000,1402493000,33.46,-2049389000,61.16,29.75
2025-12-28,CMG,1.13,11787400000.0,33.46,None,0.991,2.43,,None,248005000,248005000,,,,,,,,,358000,1574700000,None,511621000,511621000,85709000,None,3060000,96435000,None,None,28026000,,,,,0.022,-0.01,30994000,59020000,0.3,2015-12-31,31.95,21939000,4737443000.0,116074000,30240000,-7456000,21939000,21939000,None,790000,None,15043000,None,None,0,None,622939000,37696000,None,None,None,0.161,,85080000,30994000,39965000,127544000,None,32883000,None,,,,,2.119,15.52,4.301,,,,,,,,0.13,,1217220000,2025-10-29,annual,0.29,USD,post-market,None,2197873000,0.136,0.45,0.075,8.74,53935000,3060000,15634000,415199000,44.41,35.08,-3.3333,2725066000,814647000,279942000,597092000,1910419000,317150000,627695000,2127974000,33.46,-1234612000,61.16,29.75
2025-12-28,CMG,1.13,11787400000.0,33.46,None,0.991,2.43,,None,419465000,419465000,,,,,,,,,354000,1575600000,None,511621000,511621000,69613000,None,None,51327000,None,None,28026000,,,,,0.022,-0.01,30994000,59020000,0.3,2014-12-31,31.95,21939000,4737443000.0,116074000,30240000,-7456000,21939000,21939000,None,790000,None,15332000,None,None,0,None,496106000,37696000,None,None,None,0.161,,85080000,30994000,34795000,105063000,None,28263000,None,,,,,2.119,15.52,4.301,,,,,,,,0.13,,1106984000,2025-10-29,annual,0.29,USD,post-market,None,1722271000,0.136,0.45,0.075,8.74,53935000,None,22929000,338592000,44.41,35.08,-3.3333,2546285000,878479000,245710000,533916000,1667806000,288206000,627695000,2012369000,33.46,-748759000,61.16,29.75
2025-12-28,CMG,1.13,11787400000.0,33.46,None,0.991,2.43,,None,323203000,323203000,,,,,,,,,352000,1564050000,None,511621000,511621000,59022000,None,None,27673000,None,None,28026000,,,,,0.022,-0.01,30994000,59020000,0.3,2013-12-31,31.95,21939000,4737443000.0,116074000,30240000,-7456000,21939000,21939000,None,790000,None,13044000,None,None,0,None,313863000,37696000,None,None,None,0.161,,85080000,30994000,34204000,91157000,None,23591000,None,,,,,2.119,15.52,4.301,,,,,,,,0.13,,963238000,2025-10-29,annual,0.29,USD,post-market,None,1276897000,0.136,0.45,0.075,8.74,53935000,None,17541000,254971000,44.41,35.08,-3.3333,2009280000,666307000,199228000,470992000,1342973000,271764000,627695000,1538288000,33.46,-660421000,61.16,29.75
2025-12-28,CMG,1.13,11787400000.0,33.46,None,0.991,2.43,,None,322553000,322553000,,,,,,,,,349000,1589150000,None,511621000,511621000,58700000,None,None,26412000,None,None,28026000,,,,,0.022,-0.01,30994000,59020000,0.3,2012-12-31,31.95,21939000,4737443000.0,116074000,30240000,-7456000,21939000,21939000,None,790000,None,11096000,None,None,3386000,None,190868000,37696000,None,None,None,0.161,,85080000,30994000,27378000,105273000,None,19885000,None,,,,,2.119,15.52,4.301,,,,,,,,0.13,,866703000,2025-10-29,annual,0.29,USD,post-market,None,949459000,0.136,0.45,0.075,8.74,53935000,3529000,143000,150306000,44.41,35.08,-3.3333,1668667000,546607000,186852000,422741000,1122060000,235889000,627695000,1245926000,33.46,-521518000,61.16,29.75
2025-12-28,CMG,1.13,11787400000.0,33.46,None,0.991,2.43,,None,401243000,401243000,,,,,,,,,344000,1588750000,None,511621000,511621000,46382000,None,None,8389000,None,None,28026000,,,,,0.022,-0.01,30994000,59020000,0.3,2011-12-31,31.95,21939000,4737443000.0,116074000,30240000,-7456000,21939000,21939000,None,790000,None,8913000,None,None,3529000,None,128241000,37696000,None,None,None,0.161,,85080000,30994000,27642000,18012000,None,15964000,None,,,,,2.119,15.52,4.301,,,,,,,,0.13,,751951000,2025-10-29,annual,0.29,USD,post-market,None,671459000,0.136,0.45,0.075,8.74,53935000,133000,133000,55005000,44.41,35.08,-3.3333,1425308000,501192000,157453000,381082000,924116000,223629000,627695000,1044226000,33.46,-304426000,61.16,29.75
2025-12-28,CMG,1.13,11787400000.0,33.46,None,0.991,2.43,,None,224838000,224838000,,,,,,,,,340000,1586750000,None,511621000,511621000,33705000,None,None,29186000,None,None,28026000,,,,,0.022,-0.01,30994000,59020000,0.3,2010-12-31,31.95,21939000,4737443000.0,116074000,30240000,-7456000,21939000,21939000,None,790000,None,7098000,None,None,3661000,None,None,37696000,None,None,None,0.161,,85080000,30994000,20333000,89228000,None,13486000,None,,,,,2.119,15.52,4.301,,,,,,,,0.13,,676881000,2025-10-29,annual,0.29,USD,post-market,None,456514000,0.136,0.45,0.075,8.74,53935000,3782000,121000,124766000,44.41,35.08,-3.3333,1121605000,406221000,123054000,310732000,715384000,187678000,627695000,810873000,33.46,-240918000,61.16,29.75
2025-12-28,CMG,1.13,11787400000.0,33.46,None,0.991,2.43,,None,219566000,219566000,,,,,,,,,335000,1605100000,None,511621000,511621000,25230000,None,None,4763000,None,None,28026000,,,,,0.022,-0.01,30994000,59020000,0.3,2009-12-31,31.95,21939000,4737443000.0,116074000,30240000,-7456000,21939000,21939000,None,790000,None,5614000,None,None,3782000,None,None,37696000,None,None,None,0.161,,85080000,30994000,17511000,72620000,None,None,None,,,,,2.119,15.52,4.301,,,,,,,,0.13,,636411000,2025-10-29,annual,0.29,USD,post-market,None,277533000,0.136,0.45,0.075,8.74,53935000,3878000,96000,50000000,44.41,35.08,-3.3333,961505000,297454000,102153000,258044000,664051000,155891000,627695000,703461000,33.46,-114316000,61.16,29.75
2025-12-28,CMG,1.13,11787400000.0,33.46,None,0.991,2.43,,None,88044000,88044000,,,,,,,,,329000,1657300000,None,511621000,511621000,23890000,None,None,3928000,None,None,28026000,,,,,0.022,-0.01,30994000,59020000,0.3,2008-12-31,31.95,21939000,4737443000.0,116074000,30240000,-7456000,21939000,21939000,None,790000,None,4789000,None,None,3878000,None,None,37696000,None,None,None,0.161,,85080000,30994000,14321000,52816000,None,None,None,,,,,2.119,15.52,4.301,,,,,,,,0.13,,585899000,2025-10-29,annual,0.29,USD,post-market,None,150688000,0.136,0.45,0.075,8.74,53935000,3960000,82000,99990000,44.41,35.08,-3.3333,824985000,211072000,76788000,202395000,613913000,125607000,627695000,622590000,33.46,-30227000,61.16,29.75
2025-12-28,CMG,1.13,11787400000.0,33.46,None,0.991,2.43,,None,151176000,151176000,,,,,,,,,328000,1657300000,None,511621000,511621000,19880000,None,None,14908000,None,None,28026000,,,,,0.022,-0.01,30994000,59020000,0.3,2007-12-31,31.95,21939000,4737443000.0,116074000,30240000,-7456000,21939000,21939000,None,790000,None,4332000,None,None,3960000,None,None,37696000,None,None,None,0.161,,85080000,30994000,11428000,53421000,None,None,None,,,,,2.119,15.52,4.301,,,,,,,,0.13,,494930000,2025-10-29,annual,0.29,USD,post-market,None,72486000,0.136,0.45,0.075,8.74,53935000,4000000,76000,20000000,44.41,35.08,-3.3333,722115000,201844000,73301000,160005000,520271000,86704000,627695000,562110000,33.46,None,61.16,29.75
2025-12-28,CMG,1.13,11787400000.0,33.46,None,0.991,2.43,,None,153642000,153642000,,,,,,,,,325000,1623250000,None,511621000,511621000,19567000,None,None,13648000,None,None,28026000,,,,,0.022,-0.01,30994000,59020000,0.3,2006-12-31,31.95,17738000,4737443000.0,116074000,30240000,-7456000,17738000,17738000,None,790000,None,3505000,None,None,4036000,None,None,37696000,None,None,None,0.161,,85080000,30994000,8042000,1522000,None,None,None,,,,,2.119,15.52,4.301,,,,,,,,0.13,,404740000,2025-10-29,annual,0.29,USD,post-market,None,2972000,0.136,0.45,0.075,8.74,53935000,71000,71000,None,44.41,35.08,-3.3333,604208000,178837000,61201000,130251000,425371000,69050000,627695000,473957000,33.46,None,61.16,29.75
2025-12-28,CMG,1.13,11787400000.0,33.46,None,0.991,2.43,,None,61000,61000,,,,,,,,,263000,1318700000,None,511621000,511621000,13188000,None,None,4181000,None,None,28026000,,,,,0.022,-0.01,30994000,59020000,0.3,2005-12-31,31.95,17738000,4737443000.0,116074000,30240000,-7456000,17738000,17738000,None,790000,None,2625000,None,None,3476000,None,None,37696000,None,None,None,0.161,,85080000,30994000,10957000,1514000,None,None,None,,,,,2.119,15.52,4.301,,,,,,,,0.13,,340694000,2025-10-29,annual,0.29,USD,post-market,None,-38451000,0.136,0.45,0.075,8.74,53935000,57000,57000,None,44.41,35.08,-3.3333,392495000,17824000,41982000,83141000,374671000,41159000,627695000,309354000,33.46,None,61.16,29.75
2025-12-28,CMG,1.13,11787400000.0,33.46,None,0.991,2.43,163486000,None,61000,61000,-700468000,-15403000,None,None,-6085000,None,None,None,263000,1318700000,None,511621000,511621000,13188000,None,None,4181000,None,None,28026000,90524000,None,None,None,0.022,-0.01,30994000,59020000,0.3,2025-09-30,31.95,17738000,4737443000.0,116074000,30240000,-7456000,17738000,17738000,None,790000,None,2625000,None,None,3476000,None,None,382103000,None,None,None,0.161,569680000,85080000,30994000,10957000,1514000,None,None,None,None,None,None,None,2.119,15.52,4.301,None,None,None,None,None,-686665000,None,0.13,None,340694000,2025-10-29,quarterly,0.29,USD,post-market,None,-38451000,0.136,0.45,0.075,8.74,53935000,57000,57000,None,44.41,35.08,-3.3333,392495000,17824000,41982000,83141000,374671000,41159000,627695000,309354000,33.46,None,61.16,29.75
2025-12-28,CMG,1.13,11787400000.0,33.46,None,0.991,2.43,160585000,None,61000,61000,-443660000,1988000,None,None,958000,None,None,None,263000,1318700000,None,511621000,511621000,13188000,None,None,4181000,None,None,28026000,90945000,None,None,None,0.022,-0.01,30994000,59020000,0.3,2025-06-30,31.95,17738000,4737443000.0,116074000,30240000,-7456000,17738000,17738000,None,790000,None,2625000,None,None,3476000,None,None,436127000,None,None,None,0.161,561327000,85080000,30994000,10957000,1514000,None,None,None,None,None,None,None,2.119,15.52,4.301,None,None,None,None,None,-443259000,None,0.13,None,340694000,2025-10-29,quarterly,0.29,USD,post-market,None,-38451000,0.136,0.45,0.075,8.74,53935000,57000,57000,None,44.41,35.08,-3.3333,392495000,17824000,41982000,83141000,374671000,41159000,627695000,309354000,33.46,None,61.16,29.75
2025-12-28,CMG,1.13,11787400000.0,33.46,None,0.991,2.43,144810000,None,61000,61000,-585174000,6079000,None,None,7535000,None,None,None,263000,1318700000,None,511621000,511621000,13188000,None,None,4181000,None,None,28026000,87211000,None,None,None,0.022,-0.01,30994000,59020000,0.3,2025-03-31,31.95,17738000,4737443000.0,116074000,30240000,-7456000,17738000,17738000,None,790000,None,2625000,None,None,3476000,None,None,386599000,None,None,None,0.161,557075000,85080000,30994000,10957000,1514000,None,None,None,None,None,None,None,2.119,15.52,4.301,None,None,None,None,None,-553796000,None,0.13,None,340694000,2025-10-29,quarterly,0.29,USD,post-market,None,-38451000,0.136,0.45,0.075,8.74,53935000,57000,57000,None,44.41,35.08,-3.3333,392495000,17824000,41982000,83141000,374671000,41159000,627695000,309354000,33.46,None,61.16,29.75
2025-12-28,CMG,1.13,11787400000.0,33.46,None,0.991,2.43,172885000,None,61000,61000,-338735000,-136032000,None,None,743000,None,None,None,263000,1318700000,None,511621000,511621000,13188000,None,None,4181000,None,None,28026000,83876000,None,None,None,0.022,-0.01,30994000,59020000,0.3,2024-12-31,31.95,17738000,4737443000.0,116074000,30240000,-7456000,17738000,17738000,None,790000,None,2625000,None,None,3476000,None,None,331764000,None,None,None,0.161,526770000,85080000,30994000,10957000,1514000,None,None,None,None,None,None,None,2.119,15.52,4.301,None,None,None,None,None,-338954000,None,0.13,None,340694000,2025-10-29,quarterly,0.29,USD,post-market,None,-38451000,0.136,0.45,0.075,8.74,53935000,57000,57000,None,44.41,35.08,-3.3333,392495000,17824000,41982000,83141000,374671000,41159000,627695000,309354000,33.46,None,61.16,29.75
2025-12-28,CMG,1.13,11787400000.0,33.46,None,0.991,2.43,147525000,None,61000,61000,-489556000,-64240000,None,None,-14303000,None,None,None,263000,1318700000,None,511621000,511621000,13188000,None,None,4181000,None,None,28026000,84349000,None,None,None,0.022,-0.01,30994000,59020000,0.3,2024-09-30,31.95,17738000,4737443000.0,116074000,30240000,-7456000,17738000,17738000,None,790000,None,2625000,None,None,3476000,None,None,387388000,None,None,None,0.161,446494000,85080000,30994000,10957000,1514000,None,None,None,None,None,None,None,2.119,15.52,4.301,None,None,None,None,None,-490237000,None,0.13,None,340694000,2025-10-29,quarterly,0.29,USD,post-market,None,-38451000,0.136,0.45,0.075,8.74,53935000,57000,57000,None,44.41,35.08,-3.3333,392495000,17824000,41982000,83141000,374671000,41159000,627695000,309354000,33.46,None,61.16,29.75
2025-12-28,CMG,1.13,11787400000.0,33.46,None,0.991,2.43,140490000,None,61000,61000,-145334000,-336215000,None,None,2432000,None,None,None,263000,1318700000,None,511621000,511621000,13188000,None,None,4181000,None,None,28026000,83562000,None,None,None,0.022,-0.01,30994000,59020000,0.3,2024-06-30,31.95,17738000,4737443000.0,116074000,30240000,-7456000,17738000,17738000,None,790000,None,2625000,None,None,3476000,None,None,455671000,None,None,None,0.161,562578000,85080000,30994000,10957000,1514000,None,None,None,None,None,None,None,2.119,15.52,4.301,None,None,None,None,None,-145363000,None,0.13,None,340694000,2025-10-29,quarterly,0.29,USD,post-market,None,-38451000,0.136,0.45,0.075,8.74,53935000,57000,57000,None,44.41,35.08,-3.3333,392495000,17824000,41982000,83141000,374671000,41159000,627695000,309354000,33.46,None,61.16,29.75
2025-12-28,CMG,1.13,11787400000.0,33.46,None,0.991,2.43,132703000,None,61000,61000,-100074000,-301039000,None,None,1331000,None,None,None,263000,1318700000,None,511621000,511621000,13188000,None,None,4181000,None,None,28026000,83243000,None,None,None,0.022,-0.01,30994000,59020000,0.3,2024-03-31,31.95,17738000,4737443000.0,116074000,30240000,-7456000,17738000,17738000,None,790000,None,2625000,None,None,3476000,None,None,359287000,None,None,None,0.161,569234000,85080000,30994000,10957000,1514000,None,None,None,None,None,None,None,2.119,15.52,4.301,None,None,None,None,None,-27005000,None,0.13,None,340694000,2025-10-29,quarterly,0.29,USD,post-market,None,-38451000,0.136,0.45,0.075,8.74,53935000,57000,57000,None,44.41,35.08,-3.3333,392495000,17824000,41982000,83141000,374671000,41159000,627695000,309354000,33.46,None,61.16,29.75
2025-12-28,CMG,1.13,11787400000.0,33.46,None,0.991,2.43,171930000,None,61000,61000,-155280000,-152015000,None,None,859000,None,None,None,263000,1318700000,None,511621000,511621000,13188000,None,None,4181000,None,None,28026000,85492000,None,None,None,0.022,-0.01,30994000,59020000,0.3,2023-12-31,31.95,17738000,4737443000.0,116074000,30240000,-7456000,17738000,17738000,None,790000,None,2625000,None,None,3476000,None,None,282086000,None,None,None,0.161,265459000,85080000,30994000,10957000,1514000,None,None,None,None,None,None,None,2.119,15.52,4.301,None,None,None,None,None,-155044000,None,0.13,None,340694000,2025-10-29,quarterly,0.29,USD,post-market,None,-38451000,0.136,0.45,0.075,8.74,53935000,57000,57000,None,44.41,35.08,-3.3333,392495000,17824000,41982000,83141000,374671000,41159000,627695000,309354000,33.46,None,61.16,29.75
2025-12-28,CMG,1.13,11787400000.0,33.46,None,0.991,2.43,131200000,None,61000,61000,-216259000,-166302000,None,None,-4195000,None,None,None,263000,1318700000,None,511621000,511621000,13188000,None,None,4181000,None,None,28026000,78546000,None,None,None,0.022,-0.01,30994000,59020000,0.3,2023-09-30,31.95,17738000,4737443000.0,116074000,30240000,-7456000,17738000,17738000,None,790000,None,2625000,None,None,3476000,None,None,313217000,None,None,None,0.161,480472000,85080000,30994000,10957000,1514000,None,None,None,None,None,None,None,2.119,15.52,4.301,None,None,None,None,None,-215551000,None,0.13,None,340694000,2025-10-29,quarterly,0.29,USD,post-market,None,-38451000,0.136,0.45,0.075,8.74,53935000,57000,57000,None,44.41,35.08,-3.3333,392495000,17824000,41982000,83141000,374671000,41159000,627695000,309354000,33.46,None,61.16,29.75
2025-12-28,CMG,1.13,11787400000.0,33.46,None,0.991,2.43,137232000,None,61000,61000,-95230000,-392143000,95137000,None,-1399000,None,None,4368000,263000,1318700000,None,511621000,511621000,13188000,None,None,4181000,None,None,28026000,78771000,None,None,None,0.022,-0.01,30994000,59020000,0.3,2023-06-30,31.95,17738000,4737443000.0,116074000,30240000,-7456000,17738000,17738000,None,790000,None,2625000,None,None,3476000,None,None,341790000,None,None,None,0.161,582510000,85080000,30994000,10957000,1514000,None,None,None,None,None,None,None,2.119,15.52,4.301,None,None,None,None,None,-95045000,None,0.13,None,340694000,2025-10-29,quarterly,0.29,USD,post-market,None,-38451000,0.136,0.45,0.075,8.74,53935000,57000,57000,None,44.41,35.08,-3.3333,392495000,17824000,41982000,83141000,374671000,41159000,627695000,309354000,33.46,None,61.16,29.75
2025-12-28,CMG,1.13,11787400000.0,33.46,None,0.991,2.43,120369000,None,61000,61000,-193883000,-235549000,25604000,None,1086000,None,None,39659000,263000,1318700000,None,511621000,511621000,13188000,None,None,4181000,None,None,28026000,76585000,None,None,None,0.022,-0.01,30994000,59020000,0.3,2023-03-31,31.95,17738000,4737443000.0,116074000,30240000,-7456000,17738000,17738000,None,790000,None,2625000,None,None,3476000,None,None,291644000,None,None,None,0.161,455036000,85080000,30994000,10957000,1514000,None,None,None,None,None,None,None,2.119,15.52,4.301,None,None,None,None,None,-126709000,None,0.13,None,340694000,2025-10-29,quarterly,0.29,USD,post-market,None,-38451000,0.136,0.45,0.075,8.74,53935000,57000,57000,None,44.41,35.08,-3.3333,392495000,17824000,41982000,83141000,374671000,41159000,627695000,309354000,33.46,None,61.16,29.75
2025-12-28,CMG,1.13,11787400000.0,33.46,None,0.991,2.43,143646000,None,61000,61000,-206669000,-183698000,11206000,None,-1955000,None,None,-36917000,263000,1318700000,None,511621000,511621000,13188000,None,None,4181000,None,None,28026000,74012000,None,None,None,0.022,-0.01,30994000,59020000,0.3,2022-12-31,31.95,17738000,4737443000.0,116074000,30240000,-7456000,17738000,17738000,None,790000,None,2625000,None,None,3476000,None,None,223727000,None,None,None,0.161,401573000,85080000,30994000,10957000,1514000,None,None,None,None,None,None,None,2.119,15.52,4.301,None,None,None,None,None,-200365000,None,0.13,None,340694000,2025-10-29,quarterly,0.29,USD,post-market,None,-38451000,0.136,0.45,0.075,8.74,53935000,57000,57000,None,44.41,35.08,-3.3333,392495000,17824000,41982000,83141000,374671000,41159000,627695000,309354000,33.46,None,61.16,29.75
2025-12-28,CMG,1.13,11787400000.0,33.46,None,0.991,2.43,139023000,None,61000,61000,-108332000,-397137000,-153551000,None,-4376000,None,None,10538000,263000,1318700000,None,511621000,511621000,13188000,None,None,4181000,None,None,28026000,71416000,None,None,None,0.022,-0.01,30994000,59020000,0.3,2022-09-30,31.95,17738000,4737443000.0,116074000,30240000,-7456000,17738000,17738000,None,790000,None,2625000,None,None,3476000,None,None,257138000,None,None,None,0.161,351918000,85080000,30994000,10957000,1514000,None,None,None,None,None,None,None,2.119,15.52,4.301,None,None,None,None,None,-107865000,None,0.13,None,340694000,2025-10-29,quarterly,0.29,USD,post-market,None,-38451000,0.136,0.45,0.075,8.74,53935000,57000,57000,None,44.41,35.08,-3.3333,392495000,17824000,41982000,83141000,374671000,41159000,627695000,309354000,33.46,None,61.16,29.75
2025-12-28,CMG,1.13,11787400000.0,33.46,None,0.991,2.43,100333000,None,61000,61000,-264925000,-116131000,-94270000,None,350000,None,None,1959000,263000,1318700000,None,511621000,511621000,13188000,None,None,4181000,None,None,28026000,69733000,None,None,None,0.022,-0.01,30994000,59020000,0.3,2022-06-30,31.95,17738000,4737443000.0,116074000,30240000,-7456000,17738000,17738000,None,790000,None,2625000,None,None,3476000,None,None,259942000,None,None,None,0.161,286786000,85080000,30994000,10957000,1514000,None,None,None,None,None,None,None,2.119,15.52,4.301,None,None,None,None,None,-258602000,None,0.13,None,340694000,2025-10-29,quarterly,0.29,USD,post-market,None,-38451000,0.136,0.45,0.075,8.74,53935000,57000,57000,None,44.41,35.08,-3.3333,392495000,17824000,41982000,83141000,374671000,41159000,627695000,309354000,33.46,None,61.16,29.75
2025-12-28,CMG,1.13,11787400000.0,33.46,None,0.991,2.43,96162000,None,61000,61000,-349478000,-133066000,-199642000,None,2970000,None,None,10394000,263000,1318700000,None,511621000,511621000,13188000,None,None,4181000,None,None,28026000,71665000,None,None,None,0.022,-0.01,30994000,59020000,0.3,2022-03-31,31.95,17738000,4737443000.0,116074000,30240000,-7456000,17738000,17738000,None,790000,None,2625000,None,None,3476000,None,None,158294000,None,None,None,0.161,282902000,85080000,30994000,10957000,1514000,None,None,None,None,None,None,None,2.119,15.52,4.301,None,None,None,None,None,-263308000,None,0.13,None,340694000,2025-10-29,quarterly,0.29,USD,post-market,None,-38451000,0.136,0.45,0.075,8.74,53935000,57000,57000,None,44.41,35.08,-3.3333,392495000,17824000,41982000,83141000,374671000,41159000,627695000,309354000,33.46,None,61.16,29.75
2025-12-28,CMG,1.13,11787400000.0,33.46,None,0.991,2.43,121906000,None,61000,61000,-182039000,-158900000,97481000,None,-4396000,None,None,-23569000,263000,1318700000,None,511621000,511621000,13188000,None,None,4181000,None,None,28026000,66262000,None,None,None,0.022,-0.01,30994000,59020000,0.3,2021-12-31,31.95,17738000,4737443000.0,116074000,30240000,-7456000,17738000,17738000,None,790000,None,2625000,None,None,3476000,None,None,133475000,None,None,None,0.161,438420000,85080000,30994000,10957000,1514000,None,None,None,None,None,None,None,2.119,15.52,4.301,None,None,None,None,None,-165729000,None,0.13,None,340694000,2025-10-29,quarterly,0.29,USD,post-market,None,-38451000,0.136,0.45,0.075,8.74,53935000,57000,57000,None,44.41,35.08,-3.3333,392495000,17824000,41982000,83141000,374671000,41159000,627695000,309354000,33.46,None,61.16,29.75
2025-12-28,CMG,1.13,11787400000.0,33.46,None,0.991,2.43,108446000,None,61000,61000,-102348000,-125029000,53426000,None,-3305000,None,None,-15404000,263000,1318700000,None,511621000,511621000,13188000,None,None,4181000,None,None,28026000,-42294000,None,None,None,0.022,-0.01,30994000,59020000,0.3,2021-09-30,31.95,17738000,4737443000.0,116074000,30240000,-7456000,17738000,17738000,None,790000,None,2625000,None,None,3476000,None,None,204434000,None,None,None,0.161,280803000,85080000,30994000,10957000,1514000,None,None,None,None,None,None,None,2.119,15.52,4.301,None,None,None,None,None,-97582000,None,0.13,None,340694000,2025-10-29,quarterly,0.29,USD,post-market,None,-38451000,0.136,0.45,0.075,8.74,53935000,57000,57000,None,44.41,35.08,-3.3333,392495000,17824000,41982000,83141000,374671000,41159000,627695000,309354000,33.46,None,61.16,29.75
2025-12-28,CMG,1.13,11787400000.0,33.46,None,0.991,2.43,125504000,None,61000,61000,-161959000,-121610000,-26684000,None,-839000,None,None,5111000,263000,1318700000,None,511621000,511621000,13188000,None,None,4181000,None,None,28026000,118298000,None,None,None,0.022,-0.01,30994000,59020000,0.3,2021-06-30,31.95,17738000,4737443000.0,116074000,30240000,-7456000,17738000,17738000,None,790000,None,2625000,None,None,3476000,None,None,187974000,None,None,None,0.161,256885000,85080000,30994000,10957000,1514000,None,None,None,None,None,None,None,2.119,15.52,4.301,None,None,None,None,None,-145922000,None,0.13,None,340694000,2025-10-29,quarterly,0.29,USD,post-market,None,-38451000,0.136,0.45,0.075,8.74,53935000,57000,57000,None,44.41,35.08,-3.3333,392495000,17824000,41982000,83141000,374671000,41159000,627695000,309354000,33.46,None,61.16,29.75
2025-12-28,CMG,1.13,11787400000.0,33.46,None,0.991,2.43,86619000,None,61000,61000,-102260000,-116503000,87210000,None,2148000,None,None,32175000,263000,1318700000,None,511621000,511621000,13188000,None,None,4181000,None,None,28026000,112391000,None,None,None,0.022,-0.01,30994000,59020000,0.3,2021-03-31,31.95,17738000,4737443000.0,116074000,30240000,-7456000,17738000,17738000,None,790000,None,2625000,None,None,3476000,None,None,127101000,None,None,None,0.161,305973000,85080000,30994000,10957000,1514000,None,None,None,None,None,None,None,2.119,15.52,4.301,None,None,None,None,None,-57229000,None,0.13,None,340694000,2025-10-29,quarterly,0.29,USD,post-market,None,-38451000,0.136,0.45,0.075,8.74,53935000,57000,57000,None,44.41,35.08,-3.3333,392495000,17824000,41982000,83141000,374671000,41159000,627695000,309354000,33.46,None,61.16,29.75
2025-12-28,CMG,1.13,11787400000.0,33.46,None,0.991,2.43,126594000,None,61000,61000,-609000,-169370000,None,None,-1008000,None,None,None,263000,1318700000,None,511621000,511621000,13188000,None,None,4181000,None,None,28026000,108442000,None,None,None,0.022,-0.01,30994000,59020000,0.3,2020-12-31,31.95,17738000,4737443000.0,116074000,30240000,-7456000,17738000,17738000,None,790000,None,2625000,None,None,3476000,None,None,190959000,None,None,None,0.161,115124000,85080000,30994000,10957000,1514000,None,None,None,None,None,None,None,2.119,15.52,4.301,None,None,None,None,None,-579000,None,0.13,None,340694000,2025-10-29,quarterly,0.29,USD,post-market,None,-38451000,0.136,0.45,0.075,8.74,53935000,57000,57000,None,44.41,35.08,-3.3333,392495000,17824000,41982000,83141000,374671000,41159000,627695000,309354000,33.46,None,61.16,29.75
2025-12-28,CMG,1.13,11787400000.0,33.46,None,0.991,2.43,81303000,None,61000,61000,-39000,-187841000,55910000,None,-1415000,None,None,6635000,263000,1318700000,None,511621000,511621000,13188000,None,None,4181000,None,None,28026000,108093000,None,None,None,0.022,-0.01,30994000,59020000,0.3,2020-09-30,31.95,17738000,4737443000.0,116074000,30240000,-7456000,17738000,17738000,None,790000,None,2625000,None,None,3476000,None,None,80244000,None,None,None,0.161,243790000,85080000,30994000,10957000,1514000,None,None,None,None,None,None,None,2.119,15.52,4.301,None,None,None,None,None,-29000,None,0.13,None,340694000,2025-10-29,quarterly,0.29,USD,post-market,None,-38451000,0.136,0.45,0.075,8.74,53935000,57000,57000,None,44.41,35.08,-3.3333,392495000,17824000,41982000,83141000,374671000,41159000,627695000,309354000,33.46,None,61.16,29.75
2025-12-28,CMG,1.13,11787400000.0,33.46,None,0.991,2.43,87802000,None,61000,61000,-2103000,-16144000,104615000,None,-705000,None,None,-3369000,263000,1318700000,None,511621000,511621000,13188000,None,None,4181000,None,None,28026000,105202000,None,None,None,0.022,-0.01,30994000,59020000,0.3,2020-06-30,31.95,17738000,4737443000.0,116074000,30240000,-7456000,17738000,17738000,None,790000,None,2625000,None,None,3476000,None,None,8175000,None,None,None,0.161,122862000,85080000,30994000,10957000,1514000,None,None,None,None,None,None,None,2.119,15.52,4.301,None,None,None,None,None,-317000,None,0.13,None,340694000,2025-10-29,quarterly,0.29,USD,post-market,None,-38451000,0.136,0.45,0.075,8.74,53935000,57000,57000,None,44.41,35.08,-3.3333,392495000,17824000,41982000,83141000,374671000,41159000,627695000,309354000,33.46,None,61.16,29.75
2025-12-28,CMG,1.13,11787400000.0,33.46,None,0.991,2.43,77653000,None,61000,61000,-102100000,-59362000,20609000,None,2734000,None,None,25967000,263000,1318700000,None,511621000,511621000,13188000,None,None,4181000,None,None,28026000,101335000,None,None,None,0.022,-0.01,30994000,59020000,0.3,2020-03-31,31.95,17738000,4737443000.0,116074000,30240000,-7456000,17738000,17738000,None,790000,None,2625000,None,None,3476000,None,None,76388000,None,None,None,0.161,182071000,85080000,30994000,10957000,1514000,None,None,None,None,None,None,None,2.119,15.52,4.301,None,None,None,None,None,-54401000,None,0.13,None,340694000,2025-10-29,quarterly,0.29,USD,post-market,None,-38451000,0.136,0.45,0.075,8.74,53935000,57000,57000,None,44.41,35.08,-3.3333,392495000,17824000,41982000,83141000,374671000,41159000,627695000,309354000,33.46,None,61.16,29.75
2025-12-28,CMG,1.13,11787400000.0,33.46,None,0.991,2.43,95947000,None,61000,61000,-39029000,-54350000,93210000,None,-2218000,None,None,-21669000,263000,1318700000,None,511621000,511621000,13188000,None,None,4181000,None,None,28026000,101479000,None,None,None,0.022,-0.01,30994000,59020000,0.3,2019-12-31,31.95,17738000,4737443000.0,116074000,30240000,-7456000,17738000,17738000,None,790000,None,2625000,None,None,3476000,None,None,72416000,None,None,None,0.161,186589000,85080000,30994000,10957000,1514000,None,None,None,None,None,None,None,2.119,15.52,4.301,None,None,None,None,None,-38996000,None,0.13,None,340694000,2025-10-29,quarterly,0.29,USD,post-market,None,-38451000,0.136,0.45,0.075,8.74,53935000,57000,57000,None,44.41,35.08,-3.3333,392495000,17824000,41982000,83141000,374671000,41159000,627695000,309354000,33.46,None,61.16,29.75
2025-12-28,CMG,1.13,11787400000.0,33.46,None,0.991,2.43,95963000,None,61000,61000,-40256000,-107369000,86903000,None,-2733000,None,None,764000,263000,1318700000,None,511621000,511621000,13188000,None,None,4181000,None,None,28026000,92390000,None,None,None,0.022,-0.01,30994000,59020000,0.3,2019-09-30,31.95,17738000,4737443000.0,116074000,30240000,-7456000,17738000,17738000,None,790000,None,2625000,None,None,3476000,None,None,98582000,None,None,None,0.161,234528000,85080000,30994000,10957000,1514000,None,None,None,None,None,None,None,2.119,15.52,4.301,None,None,None,None,None,-40079000,None,0.13,None,340694000,2025-10-29,quarterly,0.29,USD,post-market,None,-38451000,0.136,0.45,0.075,8.74,53935000,57000,57000,None,44.41,35.08,-3.3333,392495000,17824000,41982000,83141000,374671000,41159000,627695000,309354000,33.46,None,61.16,29.75
2025-12-28,CMG,1.13,11787400000.0,33.46,None,0.991,2.43,77776000,None,61000,61000,-58919000,-36918000,22097000,None,-2360000,None,None,2329000,263000,1318700000,None,511621000,511621000,13188000,None,None,4181000,None,None,28026000,90975000,None,None,None,0.022,-0.01,30994000,59020000,0.3,2019-06-30,31.95,17738000,4737443000.0,116074000,30240000,-7456000,17738000,17738000,None,790000,None,2625000,None,None,3476000,None,None,91028000,None,None,None,0.161,117934000,85080000,30994000,10957000,1514000,None,None,None,None,None,None,None,2.119,15.52,4.301,None,None,None,None,None,-58656000,None,0.13,None,340694000,2025-10-29,quarterly,0.29,USD,post-market,None,-38451000,0.136,0.45,0.075,8.74,53935000,57000,57000,None,44.41,35.08,-3.3333,392495000,17824000,41982000,83141000,374671000,41159000,627695000,309354000,33.46,None,61.16,29.75
2025-12-28,CMG,1.13,11787400000.0,33.46,None,0.991,2.43,64226000,None,61000,61000,-63531000,-93337000,25713000,None,2781000,None,None,15946000,263000,1318700000,None,511621000,511621000,13188000,None,None,4181000,None,None,28026000,91886000,None,None,None,0.022,-0.01,30994000,59020000,0.3,2019-03-31,31.95,17738000,4737443000.0,116074000,30240000,-7456000,17738000,17738000,None,790000,None,2625000,None,None,3476000,None,None,88132000,None,None,None,0.161,182581000,85080000,30994000,10957000,1514000,None,None,None,None,None,None,None,2.119,15.52,4.301,None,None,None,None,None,-52886000,None,0.13,None,340694000,2025-10-29,quarterly,0.29,USD,post-market,None,-38451000,0.136,0.45,0.075,8.74,53935000,57000,57000,None,44.41,35.08,-3.3333,392495000,17824000,41982000,83141000,374671000,41159000,627695000,309354000,33.46,None,61.16,29.75
2025-12-28,CMG,1.13,11787400000.0,33.46,None,0.991,2.43,77391000,None,61000,61000,-45357000,-175362000,-91664000,None,-3284000,None,None,-21740000,263000,1318700000,None,511621000,511621000,13188000,None,None,4181000,None,None,28026000,53217000,None,None,None,0.022,-0.01,30994000,59020000,0.3,2018-12-31,31.95,17738000,4737443000.0,116074000,30240000,-7456000,17738000,17738000,None,790000,None,2625000,None,None,3476000,None,None,32019000,None,None,None,0.161,129055000,85080000,30994000,10957000,1514000,None,None,None,None,None,None,None,2.119,15.52,4.301,None,None,None,None,None,-44536000,None,0.13,None,340694000,2025-10-29,quarterly,0.29,USD,post-market,None,-38451000,0.136,0.45,0.075,8.74,53935000,57000,57000,None,44.41,35.08,-3.3333,392495000,17824000,41982000,83141000,374671000,41159000,627695000,309354000,33.46,None,61.16,29.75
2025-12-28,CMG,1.13,11787400000.0,33.46,None,0.991,2.43,81494000,None,61000,61000,-19322000,-60417000,117340000,None,2569000,None,None,-3179000,263000,1318700000,None,511621000,511621000,13188000,None,None,4181000,None,None,28026000,52654000,0,0,None,0.022,-0.01,30994000,59020000,0.3,2018-09-30,31.95,17738000,4737443000.0,116074000,30240000,-7456000,17738000,17738000,None,790000,None,2625000,None,None,3476000,None,None,38204000,None,None,None,0.161,197079000,85080000,30994000,10957000,1514000,None,None,None,None,None,None,None,2.119,15.52,4.301,None,None,None,None,None,-18873000,None,0.13,None,340694000,2025-10-29,quarterly,0.29,USD,post-market,None,-38451000,0.136,0.45,0.075,8.74,53935000,57000,57000,None,44.41,35.08,-3.3333,392495000,17824000,41982000,83141000,374671000,41159000,627695000,309354000,33.46,None,61.16,29.75
2025-12-28,CMG,1.13,11787400000.0,33.46,None,0.991,2.43,70981000,None,61000,61000,-29208000,-70526000,-5432000,None,-3458000,None,None,2854000,263000,1318700000,None,511621000,511621000,13188000,None,None,4181000,None,None,28026000,49193000,0,0,None,0.022,-0.01,30994000,59020000,0.3,2018-06-30,31.95,17738000,4737443000.0,116074000,30240000,-7456000,17738000,17738000,None,790000,None,2625000,None,None,3476000,None,None,46884000,None,None,None,0.161,94302000,85080000,30994000,10957000,1514000,None,None,None,None,None,None,None,2.119,15.52,4.301,None,None,None,None,None,-29175000,None,0.13,None,340694000,2025-10-29,quarterly,0.29,USD,post-market,None,-38451000,0.136,0.45,0.075,8.74,53935000,57000,57000,None,44.41,35.08,-3.3333,392495000,17824000,41982000,83141000,374671000,41159000,627695000,309354000,33.46,None,61.16,29.75
2025-12-28,CMG,1.13,11787400000.0,33.46,None,0.991,2.43,57524000,None,61000,61000,-72648000,-81273000,47195000,None,2451000,None,None,13767000,263000,1318700000,None,511621000,511621000,13188000,None,None,4181000,None,None,28026000,46915000,0,0,None,0.022,-0.01,30994000,59020000,0.3,2018-03-31,31.95,17738000,4737443000.0,116074000,30240000,-7456000,17738000,17738000,None,790000,None,2625000,None,None,3476000,None,None,59446000,None,None,None,0.161,201116000,85080000,30994000,10957000,1514000,None,None,None,None,None,None,None,2.119,15.52,4.301,None,None,None,None,None,-72626000,None,0.13,None,340694000,2025-10-29,quarterly,0.29,USD,post-market,None,-38451000,0.136,0.45,0.075,8.74,53935000,57000,57000,None,44.41,35.08,-3.3333,392495000,17824000,41982000,83141000,374671000,41159000,627695000,309354000,33.46,None,61.16,29.75
2025-12-28,CMG,1.13,11787400000.0,33.46,None,0.991,2.43,51271000,None,61000,61000,-76319000,59012000,71089000,125000,1773000,None,None,-16617000,263000,1318700000,None,511621000,511621000,13188000,None,None,4181000,None,None,28026000,41442000,0,0,None,0.022,-0.01,30994000,59020000,0.3,2017-12-31,31.95,17738000,4737443000.0,116074000,30240000,-7456000,17738000,17738000,None,790000,None,2625000,None,None,3476000,None,None,43793000,None,None,None,0.161,88271000,85080000,30994000,10957000,1514000,None,None,None,None,None,None,None,2.119,15.52,4.301,None,None,None,None,None,-76335000,None,0.13,None,340694000,2025-10-29,quarterly,0.29,USD,post-market,None,-38451000,0.136,0.45,0.075,8.74,53935000,57000,57000,None,44.41,35.08,-3.3333,392495000,17824000,41982000,83141000,374671000,41159000,627695000,309354000,33.46,None,61.16,29.75
2025-12-28,CMG,1.13,11787400000.0,33.46,None,0.991,2.43,51791000,None,61000,61000,-105757000,-91953000,-61657000,801000,-2493000,None,None,1105000,263000,1318700000,None,511621000,511621000,13188000,None,None,4181000,None,None,28026000,41546000,0,0,None,0.022,-0.01,30994000,59020000,0.3,2017-09-30,31.95,17738000,4737443000.0,116074000,30240000,-7456000,17738000,17738000,None,790000,None,2625000,None,None,3476000,None,None,19610000,None,None,None,0.161,135252000,85080000,30994000,10957000,1514000,None,None,None,None,None,None,None,2.119,15.52,4.301,None,None,None,None,None,-105758000,None,0.13,None,340694000,2025-10-29,quarterly,0.29,USD,post-market,None,-38451000,0.136,0.45,0.075,8.74,53935000,57000,57000,None,44.41,35.08,-3.3333,392495000,17824000,41982000,83141000,374671000,41159000,627695000,309354000,33.46,None,61.16,29.75
2025-12-28,CMG,1.13,11787400000.0,33.46,None,0.991,2.43,56627000,None,61000,61000,-44687000,3451000,52724000,957000,-793000,None,None,-3321000,263000,1318700000,None,511621000,511621000,13188000,None,None,4181000,None,None,28026000,41081000,0,0,None,0.022,-0.01,30994000,59020000,0.3,2017-06-30,31.95,17738000,4737443000.0,116074000,30240000,-7456000,17738000,17738000,None,790000,None,2625000,None,None,3476000,None,None,66730000,None,None,None,0.161,93003000,85080000,30994000,10957000,1514000,None,None,None,None,None,None,None,2.119,15.52,4.301,None,None,None,None,None,-44690000,None,0.13,None,340694000,2025-10-29,quarterly,0.29,USD,post-market,None,-38451000,0.136,0.45,0.075,8.74,53935000,57000,57000,None,44.41,35.08,-3.3333,392495000,17824000,41982000,83141000,374671000,41159000,627695000,309354000,33.46,None,61.16,29.75
2025-12-28,CMG,1.13,11787400000.0,33.46,None,0.991,2.43,57088000,None,61000,61000,-59131000,-57088000,34533000,173000,-3737000,None,None,18693000,263000,1318700000,None,511621000,511621000,13188000,None,None,4181000,None,None,28026000,39279000,0,0,None,0.022,-0.01,30994000,59020000,0.3,2017-03-31,31.95,17738000,4737443000.0,116074000,30240000,-7456000,17738000,17738000,None,790000,None,2625000,None,None,3476000,None,None,46120000,None,None,None,0.161,150579000,85080000,30994000,10957000,1514000,None,None,None,None,None,None,None,2.119,15.52,4.301,None,None,None,None,None,-59137000,None,0.13,None,340694000,2025-10-29,quarterly,0.29,USD,post-market,None,-38451000,0.136,0.45,0.075,8.74,53935000,57000,57000,None,44.41,35.08,-3.3333,392495000,17824000,41982000,83141000,374671000,41159000,627695000,309354000,33.46,None,61.16,29.75
2025-12-28,CMG,1.13,11787400000.0,33.46,None,0.991,2.43,66590000,None,61000,61000,-66840000,-66590000,-66248000,-988000,3351000,None,None,-18007000,263000,1318700000,None,511621000,511621000,13188000,None,None,4181000,None,None,28026000,38072000,0,0,None,0.022,-0.01,30994000,59020000,0.3,2016-12-31,31.95,17738000,4737443000.0,116074000,30240000,-7456000,17738000,17738000,None,790000,None,2625000,None,None,3476000,None,None,15975000,None,None,None,0.161,68170000,85080000,30994000,10957000,1514000,None,None,None,None,None,None,None,2.119,15.52,4.301,None,None,None,None,None,-66301000,None,0.13,None,340694000,2025-10-29,quarterly,0.29,USD,post-market,None,-38451000,0.136,0.45,0.075,8.74,53935000,57000,57000,None,44.41,35.08,-3.3333,392495000,17824000,41982000,83141000,374671000,41159000,627695000,309354000,33.46,None,61.16,29.75
2025-12-28,CMG,1.13,11787400000.0,33.46,None,0.991,2.43,65540000,None,61000,61000,-71401000,-65540000,-35832000,-298000,-1521000,None,None,883000,263000,1318700000,None,511621000,511621000,13188000,None,None,4181000,None,None,28026000,37434000,0,0,None,0.022,-0.01,30994000,59020000,0.3,2016-09-30,31.95,17738000,4737443000.0,116074000,30240000,-7456000,17738000,17738000,None,790000,None,2625000,None,None,3476000,None,None,7799000,None,None,None,0.161,101407000,85080000,30994000,10957000,1514000,None,None,None,None,None,None,None,2.119,15.52,4.301,None,None,None,None,None,-71318000,None,0.13,None,340694000,2025-10-29,quarterly,0.29,USD,post-market,None,-38451000,0.136,0.45,0.075,8.74,53935000,57000,57000,None,44.41,35.08,-3.3333,392495000,17824000,41982000,83141000,374671000,41159000,627695000,309354000,33.46,None,61.16,29.75
2025-12-28,CMG,1.13,11787400000.0,33.46,None,0.991,2.43,63791000,None,61000,61000,-114910000,-63791000,-60845000,-130000,-88000,None,None,559000,263000,1318700000,None,511621000,511621000,13188000,None,None,4181000,None,None,28026000,36074000,0,0,None,0.022,-0.01,30994000,59020000,0.3,2016-06-30,31.95,17738000,4737443000.0,116074000,30240000,-7456000,17738000,17738000,None,790000,None,2625000,None,None,3476000,None,None,25596000,None,None,None,0.161,117986000,85080000,30994000,10957000,1514000,None,None,None,None,None,None,None,2.119,15.52,4.301,None,None,None,None,None,-116234000,None,0.13,None,340694000,2025-10-29,quarterly,0.29,USD,post-market,None,-38451000,0.136,0.45,0.075,8.74,53935000,57000,57000,None,44.41,35.08,-3.3333,392495000,17824000,41982000,83141000,374671000,41159000,627695000,309354000,33.46,None,61.16,29.75
2025-12-28,CMG,1.13,11787400000.0,33.46,None,0.991,2.43,62921000,None,61000,61000,-583132000,522727000,2800000,1526000,-1833000,None,None,14642000,263000,1318700000,None,511621000,511621000,13188000,None,None,4181000,None,None,28026000,34788000,0,0,None,0.022,-0.01,30994000,59020000,0.3,2016-03-31,31.95,17738000,4737443000.0,116074000,30240000,-7456000,17738000,17738000,None,790000,None,2625000,None,None,3476000,None,None,-26432000,None,None,None,0.161,61679000,85080000,30994000,10957000,1514000,None,None,None,None,None,None,None,2.119,15.52,4.301,None,None,None,None,None,-583802000,None,0.13,None,340694000,2025-10-29,quarterly,0.29,USD,post-market,None,-38451000,0.136,0.45,0.075,8.74,53935000,57000,57000,None,44.41,35.08,-3.3333,392495000,17824000,41982000,83141000,374671000,41159000,627695000,309354000,33.46,None,61.16,29.75
2025-12-28,CMG,1.13,11787400000.0,33.46,None,0.991,2.43,75578000,None,61000,61000,-313955000,-135921000,-356157000,-1034000,2474000,None,None,-14141000,263000,1318700000,None,511621000,511621000,13188000,None,None,4181000,None,None,28026000,34140000,0,0,None,0.022,-0.01,30994000,59020000,0.3,2015-12-31,31.95,17738000,4737443000.0,116074000,30240000,-7456000,17738000,17738000,None,790000,None,2625000,None,None,3476000,None,None,67874000,None,None,None,0.161,94753000,85080000,30994000,10957000,1514000,None,None,None,None,None,None,None,2.119,15.52,4.301,None,None,None,None,None,-313553000,None,0.13,None,340694000,2025-10-29,quarterly,0.29,USD,post-market,None,-38451000,0.136,0.45,0.075,8.74,53935000,57000,57000,None,44.41,35.08,-3.3333,392495000,17824000,41982000,83141000,374671000,41159000,627695000,309354000,33.46,None,61.16,29.75
2025-12-28,CMG,1.13,11787400000.0,33.46,None,0.991,2.43,67445000,None,61000,61000,-14046000,-155917000,16477000,-993000,-1007000,None,None,1544000,263000,1318700000,None,511621000,511621000,13188000,None,None,4181000,None,None,28026000,33145000,0,0,None,0.022,-0.01,30994000,59020000,0.3,2015-09-30,31.95,17738000,4737443000.0,116074000,30240000,-7456000,17738000,17738000,None,790000,None,2625000,None,None,3476000,None,None,144883000,None,None,None,0.161,187433000,85080000,30994000,10957000,1514000,None,None,None,None,None,None,None,2.119,15.52,4.301,None,None,None,None,None,-30800000,None,0.13,None,340694000,2025-10-29,quarterly,0.29,USD,post-market,None,-38451000,0.136,0.45,0.075,8.74,53935000,57000,57000,None,44.41,35.08,-3.3333,392495000,17824000,41982000,83141000,374671000,41159000,627695000,309354000,33.46,None,61.16,29.75
2025-12-28,CMG,1.13,11787400000.0,33.46,None,0.991,2.43,55032000,None,61000,61000,-45898000,-68825000,44728000,1040000,-468000,None,None,-4207000,263000,1318700000,None,511621000,511621000,13188000,None,None,4181000,None,None,28026000,32440000,0,0,None,0.022,-0.01,30994000,59020000,0.3,2015-06-30,31.95,17738000,4737443000.0,116074000,30240000,-7456000,17738000,17738000,None,790000,None,2625000,None,None,3476000,None,None,140204000,None,None,None,0.161,158411000,85080000,30994000,10957000,1514000,None,None,None,None,None,None,None,2.119,15.52,4.301,None,None,None,None,None,-93073000,None,0.13,None,340694000,2025-10-29,quarterly,0.29,USD,post-market,None,-38451000,0.136,0.45,0.075,8.74,53935000,57000,57000,None,44.41,35.08,-3.3333,392495000,17824000,41982000,83141000,374671000,41159000,627695000,309354000,33.46,None,61.16,29.75
2025-12-28,CMG,1.13,11787400000.0,33.46,None,0.991,2.43,59363000,None,61000,61000,-12541000,-103477000,123492000,-3209000,-737000,None,None,13300000,263000,1318700000,None,511621000,511621000,13188000,None,None,4181000,None,None,28026000,30643000,0,0,None,0.022,-0.01,30994000,59020000,0.3,2015-03-31,31.95,17738000,4737443000.0,116074000,30240000,-7456000,17738000,17738000,None,790000,None,2625000,None,None,3476000,None,None,122641000,None,None,None,0.161,242719000,85080000,30994000,10957000,1514000,None,None,None,None,None,None,None,2.119,15.52,4.301,None,None,None,None,None,-23249000,None,0.13,None,340694000,2025-10-29,quarterly,0.29,USD,post-market,None,-38451000,0.136,0.45,0.075,8.74,53935000,57000,57000,None,44.41,35.08,-3.3333,392495000,17824000,41982000,83141000,374671000,41159000,627695000,309354000,33.46,None,61.16,29.75
2025-12-28,CMG,1.13,11787400000.0,33.46,None,0.991,2.43,92190000,None,61000,61000,-16234000,-139062000,-23153000,-168000,544000,None,None,-16216000,263000,1318700000,None,511621000,511621000,13188000,None,None,4181000,None,None,28026000,29750000,0,0,None,0.022,-0.01,30994000,59020000,0.3,2014-12-31,31.95,17738000,4737443000.0,116074000,30240000,-7456000,17738000,17738000,None,790000,None,2625000,None,None,3476000,None,None,121234000,None,None,None,0.161,132311000,85080000,30994000,10957000,1514000,None,None,None,None,None,None,None,2.119,15.52,4.301,None,None,None,None,None,-24933000,None,0.13,None,340694000,2025-10-29,quarterly,0.29,USD,post-market,None,-38451000,0.136,0.45,0.075,8.74,53935000,57000,57000,None,44.41,35.08,-3.3333,392495000,17824000,41982000,83141000,374671000,41159000,627695000,309354000,33.46,None,61.16,29.75
2025-12-28,CMG,1.13,11787400000.0,33.46,None,0.991,2.43,57560000,None,61000,61000,-9672000,-206911000,-27432000,-174000,-375000,None,None,1496000,263000,1318700000,None,511621000,511621000,13188000,None,None,4181000,None,None,28026000,27961000,0,0,None,0.022,-0.01,30994000,59020000,0.3,2014-09-30,31.95,17738000,4737443000.0,116074000,30240000,-7456000,17738000,17738000,None,790000,None,2625000,None,None,3476000,None,None,130801000,None,None,None,0.161,189325000,85080000,30994000,10957000,1514000,None,None,None,None,None,None,None,2.119,15.52,4.301,None,None,None,None,None,-13113000,None,0.13,None,340694000,2025-10-29,quarterly,0.29,USD,post-market,None,-38451000,0.136,0.45,0.075,8.74,53935000,57000,57000,None,44.41,35.08,-3.3333,392495000,17824000,41982000,83141000,374671000,41159000,627695000,309354000,33.46,None,61.16,29.75
2025-12-28,CMG,1.13,11787400000.0,33.46,None,0.991,2.43,55610000,None,61000,61000,-36994000,-85359000,58458000,158000,-316000,None,None,-3685000,263000,1318700000,None,511621000,511621000,13188000,None,None,4181000,None,None,28026000,27009000,0,0,None,0.022,-0.01,30994000,59020000,0.3,2014-06-30,31.95,17738000,4737443000.0,116074000,30240000,-7456000,17738000,17738000,None,790000,None,2625000,None,None,3476000,None,None,110270000,None,None,None,0.161,180653000,85080000,30994000,10957000,1514000,None,None,None,None,None,None,None,2.119,15.52,4.301,None,None,None,None,None,-37556000,None,0.13,None,340694000,2025-10-29,quarterly,0.29,USD,post-market,None,-38451000,0.136,0.45,0.075,8.74,53935000,57000,57000,None,44.41,35.08,-3.3333,392495000,17824000,41982000,83141000,374671000,41159000,627695000,309354000,33.46,None,61.16,29.75
2025-12-28,CMG,1.13,11787400000.0,33.46,None,0.991,2.43,47230000,None,61000,61000,-3837000,-87512000,88389000,-40000,-2160000,None,None,7439000,263000,1318700000,None,511621000,511621000,13188000,None,None,4181000,None,None,28026000,25754000,0,0,None,0.022,-0.01,30994000,59020000,0.3,2014-03-31,31.95,17738000,4737443000.0,116074000,30240000,-7456000,17738000,17738000,None,790000,None,2625000,None,None,3476000,None,None,83069000,None,None,None,0.161,179778000,85080000,30994000,10957000,1514000,None,None,None,None,None,None,None,2.119,15.52,4.301,None,None,None,None,None,-12736000,None,0.13,None,340694000,2025-10-29,quarterly,0.29,USD,post-market,None,-38451000,0.136,0.45,0.075,8.74,53935000,57000,57000,None,44.41,35.08,-3.3333,392495000,17824000,41982000,83141000,374671000,41159000,627695000,309354000,33.46,None,61.16,29.75
2025-12-28,CMG,1.13,11787400000.0,33.46,None,0.991,2.43,63261000,None,61000,61000,-20575000,-104471000,15127000,108000,-535000,None,None,-9438000,263000,1318700000,None,511621000,511621000,13188000,None,None,4181000,None,None,28026000,24903000,0,0,None,0.022,-0.01,30994000,59020000,0.3,2013-12-31,31.95,17738000,4737443000.0,116074000,30240000,-7456000,17738000,17738000,None,790000,None,2625000,None,None,3476000,None,None,79622000,None,None,None,0.161,140065000,85080000,30994000,10957000,1514000,None,None,None,None,None,None,None,2.119,15.52,4.301,None,None,None,None,None,-41248000,None,0.13,None,340694000,2025-10-29,quarterly,0.29,USD,post-market,None,-38451000,0.136,0.45,0.075,8.74,53935000,57000,57000,None,44.41,35.08,-3.3333,392495000,17824000,41982000,83141000,374671000,41159000,627695000,309354000,33.46,None,61.16,29.75
2025-12-28,CMG,1.13,11787400000.0,33.46,None,0.991,2.43,56535000,None,61000,61000,-3153000,-92067000,26444000,702000,-1234000,None,None,405000,263000,1318700000,None,511621000,511621000,13188000,None,None,4181000,None,None,28026000,24618000,0,0,None,0.022,-0.01,30994000,59020000,0.3,2013-09-30,31.95,17738000,4737443000.0,116074000,30240000,-7456000,17738000,17738000,None,790000,None,2625000,None,None,3476000,None,None,83379000,None,None,None,0.161,120962000,85080000,30994000,10957000,1514000,None,None,None,None,None,None,None,2.119,15.52,4.301,None,None,None,None,None,-16590000,None,0.13,None,340694000,2025-10-29,quarterly,0.29,USD,post-market,None,-38451000,0.136,0.45,0.075,8.74,53935000,57000,57000,None,44.41,35.08,-3.3333,392495000,17824000,41982000,83141000,374671000,41159000,627695000,309354000,33.46,None,61.16,29.75
2025-12-28,CMG,1.13,11787400000.0,33.46,None,0.991,2.43,43635000,None,61000,61000,-27647000,-180184000,-65298000,30000,159000,None,None,486000,263000,1318700000,None,511621000,511621000,13188000,None,None,4181000,None,None,28026000,23597000,0,0,None,0.022,-0.01,30994000,59020000,0.3,2013-06-30,31.95,17738000,4737443000.0,116074000,30240000,-7456000,17738000,17738000,None,790000,None,2625000,None,None,3476000,None,None,87853000,None,None,None,0.161,142503000,85080000,30994000,10957000,1514000,None,None,None,None,None,None,None,2.119,15.52,4.301,None,None,None,None,None,-30100000,None,0.13,None,340694000,2025-10-29,quarterly,0.29,USD,post-market,None,-38451000,0.136,0.45,0.075,8.74,53935000,57000,57000,None,44.41,35.08,-3.3333,392495000,17824000,41982000,83141000,374671000,41159000,627695000,309354000,33.46,None,61.16,29.75
2025-12-28,CMG,1.13,11787400000.0,33.46,None,0.991,2.43,36495000,None,61000,61000,-48976000,-51593000,24377000,-304000,-340000,None,None,1309000,263000,1318700000,None,511621000,511621000,13188000,None,None,4181000,None,None,28026000,22936000,0,0,None,0.022,-0.01,30994000,59020000,0.3,2013-03-31,31.95,17738000,4737443000.0,116074000,30240000,-7456000,17738000,17738000,None,790000,None,2625000,None,None,3476000,None,None,76584000,None,None,None,0.161,125250000,85080000,30994000,10957000,1514000,None,None,None,None,None,None,None,2.119,15.52,4.301,None,None,None,None,None,-50965000,None,0.13,None,340694000,2025-10-29,quarterly,0.29,USD,post-market,None,-38451000,0.136,0.45,0.075,8.74,53935000,57000,57000,None,44.41,35.08,-3.3333,392495000,17824000,41982000,83141000,374671000,41159000,627695000,309354000,33.46,None,61.16,29.75
2025-12-28,CMG,1.13,11787400000.0,33.46,None,0.991,2.43,59532000,None,61000,61000,-135699000,-89124000,-98596000,201000,-1133000,None,None,-2379000,263000,1318700000,None,511621000,511621000,13188000,None,None,4181000,None,None,28026000,22141000,0,0,None,0.022,-0.01,30994000,59020000,0.3,2012-12-31,31.95,17738000,4737443000.0,116074000,30240000,-7456000,17738000,17738000,None,790000,None,2625000,None,None,3476000,None,None,61353000,None,None,None,0.161,126026000,85080000,30994000,10957000,1514000,None,None,None,None,None,None,None,2.119,15.52,4.301,None,None,None,None,None,-134531000,None,0.13,None,340694000,2025-10-29,quarterly,0.29,USD,post-market,None,-38451000,0.136,0.45,0.075,8.74,53935000,57000,57000,None,44.41,35.08,-3.3333,392495000,17824000,41982000,83141000,374671000,41159000,627695000,309354000,33.46,None,61.16,29.75
2025-12-28,CMG,1.13,11787400000.0,33.46,None,0.991,2.43,47173000,None,61000,61000,-41992000,-65173000,16352000,455000,546000,None,None,-4912000,263000,1318700000,None,511621000,511621000,13188000,None,None,4181000,None,None,28026000,21362000,0,0,None,0.022,-0.01,30994000,59020000,0.3,2012-09-30,31.95,17738000,4737443000.0,116074000,30240000,-7456000,17738000,17738000,None,790000,None,2625000,None,None,3476000,None,None,72300000,None,None,None,0.161,123062000,85080000,30994000,10957000,1514000,None,None,None,None,None,None,None,2.119,15.52,4.301,None,None,None,None,None,-42964000,None,0.13,None,340694000,2025-10-29,quarterly,0.29,USD,post-market,None,-38451000,0.136,0.45,0.075,8.74,53935000,57000,57000,None,44.41,35.08,-3.3333,392495000,17824000,41982000,83141000,374671000,41159000,627695000,309354000,33.46,None,61.16,29.75
2025-12-28,CMG,1.13,11787400000.0,33.46,None,0.991,2.43,48468000,None,61000,61000,-7272000,-98956000,34606000,-665000,-491000,None,None,-1437000,263000,1318700000,None,511621000,511621000,13188000,None,None,4181000,None,None,28026000,20543000,0,0,None,0.022,-0.01,30994000,59020000,0.3,2012-06-30,31.95,17738000,4737443000.0,116074000,30240000,-7456000,17738000,17738000,None,790000,None,2625000,None,None,3476000,None,None,81683000,None,None,None,0.161,141499000,85080000,30994000,10957000,1514000,None,None,None,None,None,None,None,2.119,15.52,4.301,None,None,None,None,None,-12586000,None,0.13,None,340694000,2025-10-29,quarterly,0.29,USD,post-market,None,-38451000,0.136,0.45,0.075,8.74,53935000,57000,57000,None,44.41,35.08,-3.3333,392495000,17824000,41982000,83141000,374671000,41159000,627695000,309354000,33.46,None,61.16,29.75
2025-12-28,CMG,1.13,11787400000.0,33.46,None,0.991,2.43,41864000,None,61000,61000,41429000,-102246000,-31052000,389000,-1102000,None,None,-710000,263000,1318700000,None,511621000,511621000,13188000,None,None,4181000,None,None,28026000,20084000,0,0,None,0.022,-0.01,30994000,59020000,0.3,2012-03-31,31.95,17738000,4737443000.0,116074000,30240000,-7456000,17738000,17738000,None,790000,None,2625000,None,None,3476000,None,None,62664000,None,None,None,0.161,29376000,85080000,30994000,10957000,1514000,None,None,None,None,None,None,None,2.119,15.52,4.301,None,None,None,None,None,-27011000,None,0.13,None,340694000,2025-10-29,quarterly,0.29,USD,post-market,None,-38451000,0.136,0.45,0.075,8.74,53935000,57000,57000,None,44.41,35.08,-3.3333,392495000,17824000,41982000,83141000,374671000,41159000,627695000,309354000,33.46,None,61.16,29.75
2025-12-28,CMG,1.13,11787400000.0,33.46,None,0.991,2.43,58280000,None,61000,61000,-21387000,-107070000,-8632000,-402000,-146000,None,None,-2834000,263000,1318700000,None,511621000,511621000,13188000,None,None,4181000,None,None,28026000,19198000,0,0,None,0.022,-0.01,30994000,59020000,0.3,2011-12-31,31.95,17738000,4737443000.0,116074000,30240000,-7456000,17738000,17738000,None,790000,None,2625000,None,None,3476000,None,None,57473000,None,None,None,0.161,120227000,85080000,30994000,10957000,1514000,None,None,None,None,None,None,None,2.119,15.52,4.301,None,None,None,None,None,-21698000,None,0.13,None,340694000,2025-10-29,quarterly,0.29,USD,post-market,None,-38451000,0.136,0.45,0.075,8.74,53935000,57000,57000,None,44.41,35.08,-3.3333,392495000,17824000,41982000,83141000,374671000,41159000,627695000,309354000,33.46,None,61.16,29.75
2025-12-28,CMG,1.13,11787400000.0,33.46,None,0.991,2.43,35186000,None,61000,61000,-10469000,-45186000,60074000,-424000,-323000,None,None,388000,263000,1318700000,None,511621000,511621000,13188000,None,None,4181000,None,None,28026000,18741000,0,0,None,0.022,-0.01,30994000,59020000,0.3,2011-09-30,31.95,17738000,4737443000.0,116074000,30240000,-7456000,17738000,17738000,None,790000,None,2625000,None,None,3476000,None,None,60433000,None,None,None,0.161,116153000,85080000,30994000,10957000,1514000,None,None,None,None,None,None,None,2.119,15.52,4.301,None,None,None,None,None,-19326000,None,0.13,None,340694000,2025-10-29,quarterly,0.29,USD,post-market,None,-38451000,0.136,0.45,0.075,8.74,53935000,57000,57000,None,44.41,35.08,-3.3333,392495000,17824000,41982000,83141000,374671000,41159000,627695000,309354000,33.46,None,61.16,29.75
2025-12-28,CMG,1.13,11787400000.0,33.46,None,0.991,2.43,31243000,None,61000,61000,12068000,-51838000,66862000,221000,292000,None,None,1444000,263000,1318700000,None,511621000,511621000,13188000,None,None,4181000,None,None,28026000,18505000,0,0,None,0.022,-0.01,30994000,59020000,0.3,2011-06-30,31.95,17738000,4737443000.0,116074000,30240000,-7456000,17738000,17738000,None,790000,None,2625000,None,None,3476000,None,None,50657000,None,None,None,0.161,106411000,85080000,30994000,10957000,1514000,None,None,None,None,None,None,None,2.119,15.52,4.301,None,None,None,None,None,-8961000,None,0.13,None,340694000,2025-10-29,quarterly,0.29,USD,post-market,None,-38451000,0.136,0.45,0.075,8.74,53935000,57000,57000,None,44.41,35.08,-3.3333,392495000,17824000,41982000,83141000,374671000,41159000,627695000,309354000,33.46,None,61.16,29.75
2025-12-28,CMG,1.13,11787400000.0,33.46,None,0.991,2.43,26438000,None,61000,61000,-4480000,-6124000,58101000,400000,-1639000,None,None,-1968000,263000,1318700000,None,511621000,511621000,13188000,None,None,4181000,None,None,28026000,18494000,0,0,None,0.022,-0.01,30994000,59020000,0.3,2011-03-31,31.95,17738000,4737443000.0,116074000,30240000,-7456000,17738000,17738000,None,790000,None,2625000,None,None,3476000,None,None,46382000,None,None,None,0.161,68305000,85080000,30994000,10957000,1514000,None,None,None,None,None,None,None,2.119,15.52,4.301,None,None,None,None,None,-13523000,None,0.13,None,340694000,2025-10-29,quarterly,0.29,USD,post-market,None,-38451000,0.136,0.45,0.075,8.74,53935000,57000,57000,None,44.41,35.08,-3.3333,392495000,17824000,41982000,83141000,374671000,41159000,627695000,309354000,33.46,None,61.16,29.75
2025-12-28,CMG,1.13,11787400000.0,33.46,None,0.991,2.43,42036000,None,61000,61000,-156000,-78702000,None,None,79000,None,None,None,263000,1318700000,None,511621000,511621000,13188000,None,None,4181000,None,None,28026000,17815000,0,0,None,0.022,-0.01,30994000,59020000,0.3,2010-12-31,31.95,17738000,4737443000.0,116074000,30240000,-7456000,17738000,17738000,None,790000,None,2625000,None,None,3476000,None,None,46445000,None,None,None,0.161,92995000,85080000,30994000,10957000,1514000,None,None,None,None,None,None,None,2.119,15.52,4.301,None,None,None,None,None,-15122000,None,0.13,None,340694000,2025-10-29,quarterly,0.29,USD,post-market,None,-38451000,0.136,0.45,0.075,8.74,53935000,57000,57000,None,44.41,35.08,-3.3333,392495000,17824000,41982000,83141000,374671000,41159000,627695000,309354000,33.46,None,61.16,29.75
2025-12-28,CMG,1.13,11787400000.0,33.46,None,0.991,2.43,29526000,None,61000,61000,-44539000,-14526000,None,None,-816000,None,None,None,263000,1318700000,None,511621000,511621000,13188000,None,None,4181000,None,None,28026000,17319000,0,0,None,0.022,-0.01,30994000,59020000,0.3,2010-09-30,31.95,17738000,4737443000.0,116074000,30240000,-7456000,17738000,17738000,None,790000,None,2625000,None,None,3476000,None,None,48228000,None,None,None,0.161,67240000,85080000,30994000,10957000,1514000,None,None,None,None,None,None,None,2.119,15.52,4.301,None,None,None,None,None,-52897000,None,0.13,None,340694000,2025-10-29,quarterly,0.29,USD,post-market,None,-38451000,0.136,0.45,0.075,8.74,53935000,57000,57000,None,44.41,35.08,-3.3333,392495000,17824000,41982000,83141000,374671000,41159000,627695000,309354000,33.46,None,61.16,29.75
2025-12-28,CMG,1.13,11787400000.0,33.46,None,0.991,2.43,21950000,None,61000,61000,-38099000,-21950000,None,None,-44000,None,None,None,263000,1318700000,None,511621000,511621000,13188000,None,None,4181000,None,None,28026000,17053000,0,0,None,0.022,-0.01,30994000,59020000,0.3,2010-06-30,31.95,17738000,4737443000.0,116074000,30240000,-7456000,17738000,17738000,None,790000,None,2625000,None,None,3476000,None,None,46461000,None,None,None,0.161,69089000,85080000,30994000,10957000,1514000,None,None,None,None,None,None,None,2.119,15.52,4.301,None,None,None,None,None,-40785000,None,0.13,None,340694000,2025-10-29,quarterly,0.29,USD,post-market,None,-38451000,0.136,0.45,0.075,8.74,53935000,57000,57000,None,44.41,35.08,-3.3333,392495000,17824000,41982000,83141000,374671000,41159000,627695000,309354000,33.46,None,61.16,29.75
2025-12-28,CMG,1.13,11787400000.0,33.46,None,0.991,2.43,19703000,None,61000,61000,-11728000,-74703000,None,None,-700000,None,None,None,263000,1318700000,None,511621000,511621000,13188000,None,None,4181000,None,None,28026000,16734000,None,None,None,0.022,-0.01,30994000,59020000,0.3,2010-03-31,31.95,17738000,4737443000.0,116074000,30240000,-7456000,17738000,17738000,None,790000,None,2625000,None,None,3476000,None,None,37847000,None,None,None,0.161,59867000,85080000,30994000,10957000,1514000,None,None,None,None,None,None,None,2.119,15.52,4.301,None,None,None,None,None,-17798000,None,0.13,None,340694000,2025-10-29,quarterly,0.29,USD,post-market,None,-38451000,0.136,0.45,0.075,8.74,53935000,57000,57000,None,44.41,35.08,-3.3333,392495000,17824000,41982000,83141000,374671000,41159000,627695000,309354000,33.46,None,61.16,29.75
2025-12-28,CMG,1.13,11787400000.0,33.46,None,0.991,2.43,36916000,None,61000,61000,-13544000,-86916000,None,None,244000,None,None,None,263000,1318700000,None,511621000,511621000,13188000,None,None,4181000,None,None,28026000,15940000,None,None,None,0.022,-0.01,30994000,59020000,0.3,2009-12-31,31.95,17738000,4737443000.0,116074000,30240000,-7456000,17738000,17738000,None,790000,None,2625000,None,None,3476000,None,None,31596000,None,None,None,0.161,81580000,85080000,30994000,10957000,1514000,None,None,None,None,None,None,None,2.119,15.52,4.301,None,None,None,None,None,-14088000,None,0.13,None,340694000,2025-10-29,quarterly,0.29,USD,post-market,None,-38451000,0.136,0.45,0.075,8.74,53935000,57000,57000,None,44.41,35.08,-3.3333,392495000,17824000,41982000,83141000,374671000,41159000,627695000,309354000,33.46,None,61.16,29.75
2025-12-28,CMG,1.13,11787400000.0,33.46,None,0.991,2.43,28473000,None,61000,61000,-5811000,-28473000,None,None,-143000,None,None,None,263000,1318700000,None,511621000,511621000,13188000,None,None,4181000,None,None,28026000,15451000,None,None,None,0.022,-0.01,30994000,59020000,0.3,2009-09-30,31.95,17738000,4737443000.0,116074000,30240000,-7456000,17738000,17738000,None,790000,None,2625000,None,None,3476000,None,None,34464000,None,None,None,0.161,64431000,85080000,30994000,10957000,1514000,None,None,None,None,None,None,None,2.119,15.52,4.301,None,None,None,None,None,-12484000,None,0.13,None,340694000,2025-10-29,quarterly,0.29,USD,post-market,None,-38451000,0.136,0.45,0.075,8.74,53935000,57000,57000,None,44.41,35.08,-3.3333,392495000,17824000,41982000,83141000,374671000,41159000,627695000,309354000,33.46,None,61.16,29.75
2025-12-28,CMG,1.13,11787400000.0,33.46,None,0.991,2.43,24665000,None,61000,61000,-23621000,-24665000,None,None,51000,None,None,None,263000,1318700000,None,511621000,511621000,13188000,None,None,4181000,None,None,28026000,15197000,None,None,None,0.022,-0.01,30994000,59020000,0.3,2009-06-30,31.95,17738000,4737443000.0,116074000,30240000,-7456000,17738000,17738000,None,790000,None,2625000,None,None,3476000,None,None,35393000,None,None,None,0.161,51651000,85080000,30994000,10957000,1514000,None,None,None,None,None,None,None,2.119,15.52,4.301,None,None,None,None,None,-36369000,None,0.13,None,340694000,2025-10-29,quarterly,0.29,USD,post-market,None,-38451000,0.136,0.45,0.075,8.74,53935000,57000,57000,None,44.41,35.08,-3.3333,392495000,17824000,41982000,83141000,374671000,41159000,627695000,309354000,33.46,None,61.16,29.75
2025-12-28,CMG,1.13,11787400000.0,33.46,None,0.991,2.43,27144000,None,61000,61000,-18967000,72846000,None,None,-977000,None,None,None,263000,1318700000,None,511621000,511621000,13188000,None,None,4181000,None,None,28026000,14720000,None,None,None,0.022,-0.01,30994000,59020000,0.3,2009-03-31,31.95,17738000,4737443000.0,116074000,30240000,-7456000,17738000,17738000,None,790000,None,2625000,None,None,3476000,None,None,25392000,None,None,None,0.161,63011000,85080000,30994000,10957000,1514000,None,None,None,None,None,None,None,2.119,15.52,4.301,None,None,None,None,None,-21148000,None,0.13,None,340694000,2025-10-29,quarterly,0.29,USD,post-market,None,-38451000,0.136,0.45,0.075,8.74,53935000,57000,57000,None,44.41,35.08,-3.3333,392495000,17824000,41982000,83141000,374671000,41159000,627695000,309354000,33.46,None,61.16,29.75
2025-12-28,CMG,1.13,11787400000.0,33.46,None,0.991,2.43,42091000,None,61000,61000,-29903000,-142081000,None,None,696000,None,None,None,263000,1318700000,None,511621000,511621000,13188000,None,None,4181000,None,None,28026000,14124000,None,None,None,0.022,-0.01,30994000,59020000,0.3,2008-12-31,31.95,17738000,4737443000.0,116074000,30240000,-7456000,17738000,17738000,None,790000,None,2625000,None,None,3476000,None,None,16973000,None,None,None,0.161,47845000,85080000,30994000,10957000,1514000,None,None,None,None,None,None,None,2.119,15.52,4.301,None,None,None,None,None,None,None,0.13,None,340694000,2025-10-29,quarterly,0.29,USD,post-market,None,-38451000,0.136,0.45,0.075,8.74,53935000,57000,57000,None,44.41,35.08,-3.3333,392495000,17824000,41982000,83141000,374671000,41159000,627695000,309354000,33.46,None,61.16,29.75
2025-12-28,CMG,1.13,11787400000.0,33.46,None,0.991,2.43,38744000,None,61000,61000,287000,-38744000,None,None,-334000,None,None,None,263000,1318700000,None,511621000,511621000,13188000,None,None,4181000,None,None,28026000,13769000,None,None,None,0.022,-0.01,30994000,59020000,0.3,2008-09-30,31.95,17738000,4737443000.0,116074000,30240000,-7456000,17738000,17738000,None,790000,None,2625000,None,None,3476000,None,None,19477000,None,None,None,0.161,55023000,85080000,30994000,10957000,1514000,None,None,None,None,None,None,None,2.119,15.52,4.301,None,None,None,None,None,None,None,0.13,None,340694000,2025-10-29,quarterly,0.29,USD,post-market,None,-38451000,0.136,0.45,0.075,8.74,53935000,57000,57000,None,44.41,35.08,-3.3333,392495000,17824000,41982000,83141000,374671000,41159000,627695000,309354000,33.46,None,61.16,29.75
2025-12-28,CMG,1.13,11787400000.0,33.46,None,0.991,2.43,39023000,None,61000,61000,86000,-39023000,None,None,-568000,None,None,None,263000,1318700000,None,511621000,511621000,13188000,None,None,4181000,None,None,28026000,12707000,None,None,None,0.022,-0.01,30994000,59020000,0.3,2008-06-30,31.95,17738000,4737443000.0,116074000,30240000,-7456000,17738000,17738000,None,790000,None,2625000,None,None,3476000,None,None,24468000,None,None,None,0.161,47392000,85080000,30994000,10957000,1514000,None,None,None,None,None,None,None,2.119,15.52,4.301,None,None,None,None,None,None,None,0.13,None,340694000,2025-10-29,quarterly,0.29,USD,post-market,None,-38451000,0.136,0.45,0.075,8.74,53935000,57000,57000,None,44.41,35.08,-3.3333,392495000,17824000,41982000,83141000,374671000,41159000,627695000,309354000,33.46,None,61.16,29.75
2025-12-28,CMG,1.13,11787400000.0,33.46,None,0.991,2.43,32243000,None,61000,61000,-18000,-12243000,None,None,-251000,None,None,None,263000,1318700000,None,511621000,511621000,13188000,None,None,4181000,None,None,28026000,12170000,None,None,None,0.022,-0.01,30994000,59020000,0.3,2008-03-31,31.95,17738000,4737443000.0,116074000,30240000,-7456000,17738000,17738000,None,790000,None,2625000,None,None,3476000,None,None,17284000,None,None,None,0.161,48247000,85080000,30994000,10957000,1514000,None,None,None,None,None,None,None,2.119,15.52,4.301,None,None,None,None,None,None,None,0.13,None,340694000,2025-10-29,quarterly,0.29,USD,post-market,None,-38451000,0.136,0.45,0.075,8.74,53935000,57000,57000,None,44.41,35.08,-3.3333,392495000,17824000,41982000,83141000,374671000,41159000,627695000,309354000,33.46,None,61.16,29.75
2025-12-28,CMG,1.13,11787400000.0,33.46,None,0.991,2.43,36691000,None,61000,61000,4528000,-62359000,None,None,72000,None,None,None,263000,1318700000,None,511621000,511621000,13188000,None,None,4181000,None,None,28026000,11688000,None,None,None,0.022,-0.01,30994000,59020000,0.3,2007-12-31,31.95,17738000,4737443000.0,116074000,30240000,-7456000,17738000,17738000,None,790000,None,2625000,None,None,3476000,None,None,17538000,None,None,None,0.161,41350000,85080000,30994000,10957000,1514000,None,None,None,None,None,None,None,2.119,15.52,4.301,None,None,None,None,None,None,None,0.13,None,340694000,2025-10-29,quarterly,0.29,USD,post-market,None,-38451000,0.136,0.45,0.075,8.74,53935000,57000,57000,None,44.41,35.08,-3.3333,392495000,17824000,41982000,83141000,374671000,41159000,627695000,309354000,33.46,None,61.16,29.75
2025-12-28,CMG,1.13,11787400000.0,33.46,None,0.991,2.43,41138000,None,61000,61000,3376000,-35470000,None,None,14000,None,None,None,263000,1318700000,None,511621000,511621000,13188000,None,None,4181000,None,None,28026000,11167000,None,None,None,0.022,-0.01,30994000,59020000,0.3,2007-09-30,31.95,17738000,4737443000.0,116074000,30240000,-7456000,17738000,17738000,None,790000,None,2625000,None,None,3476000,None,None,20604000,None,None,None,0.161,43534000,85080000,30994000,10957000,1514000,None,None,None,None,None,None,None,2.119,15.52,4.301,None,None,None,None,None,None,None,0.13,None,340694000,2025-10-29,quarterly,0.29,USD,post-market,None,-38451000,0.136,0.45,0.075,8.74,53935000,57000,57000,None,44.41,35.08,-3.3333,392495000,17824000,41982000,83141000,374671000,41159000,627695000,309354000,33.46,None,61.16,29.75
2025-12-28,CMG,1.13,11787400000.0,33.46,None,0.991,2.43,30608000,None,61000,61000,1737000,-35714000,None,None,-246000,None,None,None,263000,1318700000,None,511621000,511621000,13188000,None,None,4181000,None,None,28026000,10576000,None,None,None,0.022,-0.01,30994000,59020000,0.3,2007-06-30,31.95,17738000,4737443000.0,116074000,30240000,-7456000,17738000,17738000,None,790000,None,2625000,None,None,3476000,None,None,19981000,None,None,None,0.161,31292000,85080000,30994000,10957000,1514000,None,None,None,None,None,None,None,2.119,15.52,4.301,None,None,None,None,None,None,None,0.13,None,340694000,2025-10-29,quarterly,0.29,USD,post-market,None,-38451000,0.136,0.45,0.075,8.74,53935000,57000,57000,None,44.41,35.08,-3.3333,392495000,17824000,41982000,83141000,374671000,41159000,627695000,309354000,33.46,None,61.16,29.75
2025-12-28,CMG,1.13,11787400000.0,33.46,None,0.991,2.43,32108000,None,61000,61000,7183000,-32670000,None,None,-611000,None,None,None,263000,1318700000,None,511621000,511621000,13188000,None,None,4181000,None,None,28026000,10164000,None,None,None,0.022,-0.01,30994000,59020000,0.3,2007-03-31,31.95,17738000,4737443000.0,116074000,30240000,-7456000,17738000,17738000,None,790000,None,2625000,None,None,3476000,None,None,12440000,None,None,None,0.161,30747000,85080000,30994000,10957000,1514000,None,None,None,None,None,None,None,2.119,15.52,4.301,None,None,None,None,None,None,None,0.13,None,340694000,2025-10-29,quarterly,0.29,USD,post-market,None,-38451000,0.136,0.45,0.075,8.74,53935000,57000,57000,None,44.41,35.08,-3.3333,392495000,17824000,41982000,83141000,374671000,41159000,627695000,309354000,33.46,None,61.16,29.75
2025-12-28,CMG,1.13,11787400000.0,33.46,None,0.991,2.43,34813000,None,61000,61000,782000,-34813000,None,None,-112000,None,None,None,263000,1318700000,None,511621000,511621000,13188000,None,None,4181000,None,None,28026000,9265000,None,None,None,0.022,-0.01,30994000,59020000,0.3,2006-12-31,31.95,17738000,4737443000.0,116074000,30240000,-7456000,17738000,17738000,None,790000,None,2625000,None,None,3476000,None,None,10841000,None,None,None,0.161,30108000,85080000,30994000,10957000,1514000,None,None,None,None,None,None,None,2.119,15.52,4.301,None,None,None,None,None,None,None,0.13,None,340694000,2025-10-29,quarterly,0.29,USD,post-market,None,-38451000,0.136,0.45,0.075,8.74,53935000,57000,57000,None,44.41,35.08,-3.3333,392495000,17824000,41982000,83141000,374671000,41159000,627695000,309354000,33.46,None,61.16,29.75
2025-12-28,CMG,1.13,11787400000.0,33.46,None,0.991,2.43,25494000,None,61000,61000,12596000,-25494000,None,None,-353000,None,None,None,263000,1318700000,None,511621000,511621000,13188000,None,None,4181000,None,None,28026000,8676000,None,None,None,0.022,-0.01,30994000,59020000,0.3,2006-09-30,31.95,17738000,4737443000.0,116074000,30240000,-7456000,17738000,17738000,None,790000,None,2625000,None,None,3476000,None,None,11802000,None,None,None,0.161,28419000,85080000,30994000,10957000,1514000,None,None,None,None,None,None,None,2.119,15.52,4.301,None,None,None,None,None,None,None,0.13,None,340694000,2025-10-29,quarterly,0.29,USD,post-market,None,-38451000,0.136,0.45,0.075,8.74,53935000,57000,57000,None,44.41,35.08,-3.3333,392495000,17824000,41982000,83141000,374671000,41159000,627695000,309354000,33.46,None,61.16,29.75
2025-12-28,CMG,1.13,11787400000.0,33.46,None,0.991,2.43,22805000,None,61000,61000,9509000,-22805000,None,None,9000,None,None,None,263000,1318700000,None,511621000,511621000,13188000,None,None,4181000,None,None,28026000,8309000,None,None,None,0.022,-0.01,30994000,59020000,0.3,2006-06-30,31.95,17738000,4737443000.0,116074000,30240000,-7456000,17738000,17738000,None,790000,None,2625000,None,None,3476000,None,None,10792000,None,None,None,0.161,21876000,85080000,30994000,10957000,1514000,None,None,None,None,None,None,None,2.119,15.52,4.301,None,None,None,None,None,None,None,0.13,None,340694000,2025-10-29,quarterly,0.29,USD,post-market,None,-38451000,0.136,0.45,0.075,8.74,53935000,57000,57000,None,44.41,35.08,-3.3333,392495000,17824000,41982000,83141000,374671000,41159000,627695000,309354000,33.46,None,61.16,29.75
2025-12-28,CMG,1.13,11787400000.0,33.46,None,0.991,2.43,14200000,None,61000,61000,124409000,-14200000,None,None,-424000,None,None,None,263000,1318700000,None,511621000,511621000,13188000,None,None,4181000,None,None,28026000,8003000,None,None,None,0.022,-0.01,30994000,59020000,0.3,2006-03-31,31.95,17738000,4737443000.0,116074000,30240000,-7456000,17738000,17738000,None,790000,None,2625000,None,None,3476000,None,None,7988000,None,None,None,0.161,23194000,85080000,30994000,10957000,1514000,None,None,None,None,None,None,None,2.119,15.52,4.301,None,None,None,None,None,None,None,0.13,None,340694000,2025-10-29,quarterly,0.29,USD,post-market,None,-38451000,0.136,0.45,0.075,8.74,53935000,57000,57000,None,44.41,35.08,-3.3333,392495000,17824000,41982000,83141000,374671000,41159000,627695000,309354000,33.46,None,61.16,29.75
2025-12-28,CMG,1.13,11787400000.0,33.46,None,0.991,2.43,29714000,None,61000,61000,2955000,-29714000,None,None,59000,None,None,None,263000,1318700000,None,511621000,511621000,13188000,None,None,4181000,None,None,28026000,7634000,None,None,None,0.022,-0.01,30994000,59020000,0.3,2005-12-31,31.95,17738000,4737443000.0,116074000,30240000,-7456000,17738000,17738000,None,790000,None,2625000,None,None,3476000,None,None,4262000,None,None,None,0.161,24862000,85080000,30994000,10957000,1514000,None,None,None,None,None,None,None,2.119,15.52,4.301,None,None,None,None,None,None,None,0.13,None,340694000,2025-10-29,quarterly,0.29,USD,post-market,None,-38451000,0.136,0.45,0.075,8.74,53935000,57000,57000,None,44.41,35.08,-3.3333,392495000,17824000,41982000,83141000,374671000,41159000,627695000,309354000,33.46,None,61.16,29.75
2025-12-28,CMG,1.13,11787400000.0,33.46,None,0.991,2.43,53322000,None,61000,61000,2711000,None,None,None,None,None,None,None,263000,1318700000,None,511621000,511621000,13188000,None,None,4181000,None,None,28026000,None,None,None,None,0.022,-0.01,30994000,59020000,0.3,2005-09-30,31.95,17738000,4737443000.0,116074000,30240000,-7456000,17738000,17738000,None,790000,None,2625000,None,None,3476000,None,None,5083000,None,None,None,0.161,52569000,85080000,30994000,10957000,1514000,None,None,None,None,None,None,None,2.119,15.52,4.301,None,None,None,None,None,None,None,0.13,None,340694000,2025-10-29,quarterly,0.29,USD,post-market,None,-38451000,0.136,0.45,0.075,8.74,53935000,57000,57000,None,44.41,35.08,-3.3333,392495000,17824000,41982000,83141000,374671000,41159000,627695000,309354000,33.46,None,61.16,29.75
2025-12-28,CMG,1.13,11787400000.0,33.46,None,0.991,2.43,593603000,None,61000,61000,-1073699000,-837526000,None,None,-9797000,None,None,None,263000,1318700000,None,511621000,511621000,13188000,None,None,4181000,None,None,28026000,335030000,None,None,None,0.022,-0.01,30994000,59020000,0.3,2024-12-31,31.95,17738000,4737443000.0,116074000,30240000,-7456000,17738000,17738000,None,790000,None,2625000,None,None,3476000,None,None,1534110000,None,None,None,0.161,2105076000,85080000,30994000,10957000,1514000,None,None,None,None,None,None,None,2.119,15.52,4.301,None,None,None,None,None,-1001559000,None,0.13,None,340694000,2025-10-29,annual,0.29,USD,post-market,None,-38451000,0.136,0.45,0.075,8.74,53935000,57000,57000,None,44.41,35.08,-3.3333,392495000,17824000,41982000,83141000,374671000,41159000,627695000,309354000,33.46,None,61.16,29.75
2025-12-28,CMG,1.13,11787400000.0,33.46,None,0.991,2.43,560731000,None,61000,61000,-660652000,-946009000,None,None,-3649000,None,None,None,263000,1318700000,None,511621000,511621000,13188000,None,None,4181000,None,None,28026000,319394000,None,None,None,0.022,-0.01,30994000,59020000,0.3,2023-12-31,31.95,17738000,4737443000.0,116074000,30240000,-7456000,17738000,17738000,None,790000,None,2625000,None,None,3476000,None,None,1228737000,None,None,None,0.161,1783477000,85080000,30994000,10957000,1514000,None,None,None,None,None,None,None,2.119,15.52,4.301,None,None,None,None,None,-592349000,None,0.13,None,340694000,2025-10-29,annual,0.29,USD,post-market,None,-38451000,0.136,0.45,0.075,8.74,53935000,57000,57000,None,44.41,35.08,-3.3333,392495000,17824000,41982000,83141000,374671000,41159000,627695000,309354000,33.46,None,61.16,29.75
2025-12-28,CMG,1.13,11787400000.0,33.46,None,0.991,2.43,479164000,None,61000,61000,-929404000,-830032000,-436257000,None,-3011000,None,None,-14026000,263000,1318700000,None,511621000,511621000,13188000,None,None,4181000,None,None,28026000,286826000,None,None,None,0.022,-0.01,30994000,59020000,0.3,2022-12-31,31.95,17738000,4737443000.0,116074000,30240000,-7456000,17738000,17738000,None,790000,None,2625000,None,None,3476000,None,None,899101000,None,None,None,0.161,1323179000,85080000,30994000,10957000,1514000,None,None,None,None,None,None,None,2.119,15.52,4.301,None,None,None,None,None,-830140000,None,0.13,None,340694000,2025-10-29,annual,0.29,USD,post-market,None,-38451000,0.136,0.45,0.075,8.74,53935000,57000,57000,None,44.41,35.08,-3.3333,392495000,17824000,41982000,83141000,374671000,41159000,627695000,309354000,33.46,None,61.16,29.75
2025-12-28,CMG,1.13,11787400000.0,33.46,None,0.991,2.43,442475000,None,61000,61000,-548606000,-522042000,211433000,None,-6392000,None,None,-1687000,263000,1318700000,None,511621000,511621000,13188000,None,None,4181000,None,None,28026000,254657000,None,None,None,0.022,-0.01,30994000,59020000,0.3,2021-12-31,31.95,17738000,4737443000.0,116074000,30240000,-7456000,17738000,17738000,None,790000,None,2625000,None,None,3476000,None,None,652984000,None,None,None,0.161,1282081000,85080000,30994000,10957000,1514000,None,None,None,None,None,None,None,2.119,15.52,4.301,None,None,None,None,None,-466462000,None,0.13,None,340694000,2025-10-29,annual,0.29,USD,post-market,None,-38451000,0.136,0.45,0.075,8.74,53935000,57000,57000,None,44.41,35.08,-3.3333,392495000,17824000,41982000,83141000,374671000,41159000,627695000,309354000,33.46,None,61.16,29.75
2025-12-28,CMG,1.13,11787400000.0,33.46,None,0.991,2.43,373352000,None,61000,61000,-104851000,-432717000,126279000,None,-394000,None,None,3010000,263000,1318700000,None,511621000,511621000,13188000,None,None,4181000,None,None,28026000,423072000,None,None,None,0.022,-0.01,30994000,59020000,0.3,2020-12-31,31.95,17738000,4737443000.0,116074000,30240000,-7456000,17738000,17738000,None,790000,None,2625000,None,None,3476000,None,None,355766000,None,None,None,0.161,663847000,85080000,30994000,10957000,1514000,None,None,None,None,None,None,None,2.119,15.52,4.301,None,None,None,None,None,-54401000,None,0.13,None,340694000,2025-10-29,annual,0.29,USD,post-market,None,-38451000,0.136,0.45,0.075,8.74,53935000,57000,57000,None,44.41,35.08,-3.3333,392495000,17824000,41982000,83141000,374671000,41159000,627695000,309354000,33.46,None,61.16,29.75
2025-12-28,CMG,1.13,11787400000.0,33.46,None,0.991,2.43,333912000,None,61000,61000,-201735000,-291974000,227923000,None,-4530000,None,None,-2630000,263000,1318700000,None,511621000,511621000,13188000,None,None,4181000,None,None,28026000,376730000,None,None,None,0.022,-0.01,30994000,59020000,0.3,2019-12-31,31.95,17738000,4737443000.0,116074000,30240000,-7456000,17738000,17738000,None,790000,None,2625000,None,None,3476000,None,None,350158000,None,None,None,0.161,721632000,85080000,30994000,10957000,1514000,None,None,None,None,None,None,None,2.119,15.52,4.301,None,None,None,None,None,-190617000,None,0.13,None,340694000,2025-10-29,annual,0.29,USD,post-market,None,-38451000,0.136,0.45,0.075,8.74,53935000,57000,57000,None,44.41,35.08,-3.3333,392495000,17824000,41982000,83141000,374671000,41159000,627695000,309354000,33.46,None,61.16,29.75
2025-12-28,CMG,1.13,11787400000.0,33.46,None,0.991,2.43,287390000,None,61000,61000,-166535000,-387578000,67439000,None,-1722000,None,None,-8298000,263000,1318700000,None,511621000,511621000,13188000,None,None,4181000,None,None,28026000,201979000,None,None,None,0.022,-0.01,30994000,59020000,0.3,2018-12-31,31.95,17738000,4737443000.0,116074000,30240000,-7456000,17738000,17738000,None,790000,None,2625000,None,None,3476000,None,None,176553000,None,None,None,0.161,621552000,85080000,30994000,10957000,1514000,None,None,None,None,None,None,None,2.119,15.52,4.301,None,None,None,None,None,-160937000,None,0.13,None,340694000,2025-10-29,annual,0.29,USD,post-market,None,-38451000,0.136,0.45,0.075,8.74,53935000,57000,57000,None,44.41,35.08,-3.3333,392495000,17824000,41982000,83141000,374671000,41159000,627695000,309354000,33.46,None,61.16,29.75
2025-12-28,CMG,1.13,11787400000.0,33.46,None,0.991,2.43,216777000,None,61000,61000,-285894000,-86578000,96689000,2056000,-5250000,None,None,-140000,263000,1318700000,None,511621000,511621000,13188000,None,None,4181000,None,None,28026000,163348000,0,0,None,0.022,-0.01,30994000,59020000,0.3,2017-12-31,31.95,17738000,4737443000.0,116074000,30240000,-7456000,17738000,17738000,None,790000,None,2625000,None,None,3476000,None,None,176253000,None,None,None,0.161,467105000,85080000,30994000,10957000,1514000,None,None,None,None,None,None,None,2.119,15.52,4.301,None,None,None,None,None,-285218000,None,0.13,None,340694000,2025-10-29,annual,0.29,USD,post-market,None,-38451000,0.136,0.45,0.075,8.74,53935000,57000,57000,None,44.41,35.08,-3.3333,392495000,17824000,41982000,83141000,374671000,41159000,627695000,309354000,33.46,None,61.16,29.75
2025-12-28,CMG,1.13,11787400000.0,33.46,None,0.991,2.43,258842000,None,61000,61000,-836283000,326806000,-160125000,110000,-91000,None,None,-1923000,263000,1318700000,None,511621000,511621000,13188000,None,None,4181000,None,None,28026000,146368000,0,0,None,0.022,-0.01,30994000,59020000,0.3,2016-12-31,31.95,17738000,4737443000.0,116074000,30240000,-7456000,17738000,17738000,None,790000,None,2625000,None,None,3476000,None,None,22938000,None,None,None,0.161,349242000,85080000,30994000,10957000,1514000,None,None,None,None,None,None,None,2.119,15.52,4.301,None,None,None,None,None,-837655000,None,0.13,None,340694000,2025-10-29,annual,0.29,USD,post-market,None,-38451000,0.136,0.45,0.075,8.74,53935000,57000,57000,None,44.41,35.08,-3.3333,392495000,17824000,41982000,83141000,374671000,41159000,627695000,309354000,33.46,None,61.16,29.75
2025-12-28,CMG,1.13,11787400000.0,33.46,None,0.991,2.43,257418000,None,61000,61000,-386440000,-464140000,-171460000,-4196000,262000,None,None,-3504000,263000,1318700000,None,511621000,511621000,13188000,None,None,4181000,None,None,28026000,130368000,0,0,None,0.022,-0.01,30994000,59020000,0.3,2015-12-31,31.95,17738000,4737443000.0,116074000,30240000,-7456000,17738000,17738000,None,790000,None,2625000,None,None,3476000,None,None,475602000,None,None,None,0.161,683316000,85080000,30994000,10957000,1514000,None,None,None,None,None,None,None,2.119,15.52,4.301,None,None,None,None,None,-460675000,None,0.13,None,340694000,2025-10-29,annual,0.29,USD,post-market,None,-38451000,0.136,0.45,0.075,8.74,53935000,57000,57000,None,44.41,35.08,-3.3333,392495000,17824000,41982000,83141000,374671000,41159000,627695000,309354000,33.46,None,61.16,29.75
2025-12-28,CMG,1.13,11787400000.0,33.46,None,0.991,2.43,252590000,None,61000,61000,-66737000,-518844000,96262000,-224000,-2307000,None,None,-10966000,263000,1318700000,None,511621000,511621000,13188000,None,None,4181000,None,None,28026000,110474000,0,0,None,0.022,-0.01,30994000,59020000,0.3,2014-12-31,31.95,17738000,4737443000.0,116074000,30240000,-7456000,17738000,17738000,None,790000,None,2625000,None,None,3476000,None,None,445374000,None,None,None,0.161,682067000,85080000,30994000,10957000,1514000,None,None,None,None,None,None,None,2.119,15.52,4.301,None,None,None,None,None,-88338000,None,0.13,None,340694000,2025-10-29,annual,0.29,USD,post-market,None,-38451000,0.136,0.45,0.075,8.74,53935000,57000,57000,None,44.41,35.08,-3.3333,392495000,17824000,41982000,83141000,374671000,41159000,627695000,309354000,33.46,None,61.16,29.75
2025-12-28,CMG,1.13,11787400000.0,33.46,None,0.991,2.43,199926000,None,61000,61000,-100351000,-428315000,650000,536000,-1950000,None,None,-7238000,263000,1318700000,None,511621000,511621000,13188000,None,None,4181000,None,None,28026000,96054000,0,0,None,0.022,-0.01,30994000,59020000,0.3,2013-12-31,31.95,17738000,4737443000.0,116074000,30240000,-7456000,17738000,17738000,None,790000,None,2625000,None,None,3476000,None,None,327438000,None,None,None,0.161,528780000,85080000,30994000,10957000,1514000,None,None,None,None,None,None,None,2.119,15.52,4.301,None,None,None,None,None,-138903000,None,0.13,None,340694000,2025-10-29,annual,0.29,USD,post-market,None,-38451000,0.136,0.45,0.075,8.74,53935000,57000,57000,None,44.41,35.08,-3.3333,392495000,17824000,41982000,83141000,374671000,41159000,627695000,309354000,33.46,None,61.16,29.75
2025-12-28,CMG,1.13,11787400000.0,33.46,None,0.991,2.43,197037000,None,61000,61000,-143534000,-355499000,-78690000,380000,-2180000,None,None,-9438000,263000,1318700000,None,511621000,511621000,13188000,None,None,4181000,None,None,28026000,84130000,0,0,None,0.022,-0.01,30994000,59020000,0.3,2012-12-31,31.95,17738000,4737443000.0,116074000,30240000,-7456000,17738000,17738000,None,790000,None,2625000,None,None,3476000,None,None,278000000,None,None,None,0.161,419963000,85080000,30994000,10957000,1514000,None,None,None,None,None,None,None,2.119,15.52,4.301,None,None,None,None,None,-217092000,None,0.13,None,340694000,2025-10-29,annual,0.29,USD,post-market,None,-38451000,0.136,0.45,0.075,8.74,53935000,57000,57000,None,44.41,35.08,-3.3333,392495000,17824000,41982000,83141000,374671000,41159000,627695000,309354000,33.46,None,61.16,29.75
2025-12-28,CMG,1.13,11787400000.0,33.46,None,0.991,2.43,151147000,None,61000,61000,-24268000,-210218000,176405000,-205000,-1816000,None,None,-2970000,263000,1318700000,None,511621000,511621000,13188000,None,None,4181000,None,None,28026000,74938000,0,0,None,0.022,-0.01,30994000,59020000,0.3,2011-12-31,31.95,17738000,4737443000.0,116074000,30240000,-7456000,17738000,17738000,None,790000,None,2625000,None,None,3476000,None,None,214945000,None,None,None,0.161,411096000,85080000,30994000,10957000,1514000,None,None,None,None,None,None,None,2.119,15.52,4.301,None,None,None,None,None,-63508000,None,0.13,None,340694000,2025-10-29,annual,0.29,USD,post-market,None,-38451000,0.136,0.45,0.075,8.74,53935000,57000,57000,None,44.41,35.08,-3.3333,392495000,17824000,41982000,83141000,374671000,41159000,627695000,309354000,33.46,None,61.16,29.75
2025-12-28,CMG,1.13,11787400000.0,33.46,None,0.991,2.43,113215000,None,61000,61000,-94522000,-189881000,5272000,484000,-1481000,None,None,-743000,263000,1318700000,None,511621000,511621000,13188000,None,None,4181000,None,None,28026000,68921000,0,0,None,0.022,-0.01,30994000,59020000,0.3,2010-12-31,31.95,17738000,4737443000.0,116074000,30240000,-7456000,17738000,17738000,None,790000,None,2625000,None,None,3476000,None,None,178981000,None,None,None,0.161,289191000,85080000,30994000,10957000,1514000,None,None,None,None,None,None,None,2.119,15.52,4.301,None,None,None,None,None,-126602000,None,0.13,None,340694000,2025-10-29,annual,0.29,USD,post-market,None,-38451000,0.136,0.45,0.075,8.74,53935000,57000,57000,None,44.41,35.08,-3.3333,392495000,17824000,41982000,83141000,374671000,41159000,627695000,309354000,33.46,None,61.16,29.75
2025-12-28,CMG,1.13,11787400000.0,33.46,None,0.991,2.43,117198000,None,61000,61000,-61943000,-67208000,None,None,-825000,None,None,None,263000,1318700000,None,511621000,511621000,13188000,None,None,4181000,None,None,28026000,61308000,None,None,None,0.022,-0.01,30994000,59020000,0.3,2009-12-31,31.95,17738000,4737443000.0,116074000,30240000,-7456000,17738000,17738000,None,790000,None,2625000,None,None,3476000,None,None,126845000,None,None,None,0.161,260673000,85080000,30994000,10957000,1514000,None,None,None,None,None,None,None,2.119,15.52,4.301,None,None,None,None,None,-84089000,None,0.13,None,340694000,2025-10-29,annual,0.29,USD,post-market,None,-38451000,0.136,0.45,0.075,8.74,53935000,57000,57000,None,44.41,35.08,-3.3333,392495000,17824000,41982000,83141000,374671000,41159000,627695000,309354000,33.46,None,61.16,29.75
2025-12-28,CMG,1.13,11787400000.0,33.46,None,0.991,2.43,152101000,None,61000,61000,-29548000,-232091000,None,None,-457000,None,None,None,263000,1318700000,None,511621000,511621000,13188000,None,None,4181000,None,None,28026000,52770000,None,None,None,0.022,-0.01,30994000,59020000,0.3,2008-12-31,31.95,17738000,4737443000.0,116074000,30240000,-7456000,17738000,17738000,None,790000,None,2625000,None,None,3476000,None,None,78202000,None,None,None,0.161,198507000,85080000,30994000,10957000,1514000,None,None,None,None,None,None,None,2.119,15.52,4.301,None,None,None,None,None,-30227000,None,0.13,None,340694000,2025-10-29,annual,0.29,USD,post-market,None,-38451000,0.136,0.45,0.075,8.74,53935000,57000,57000,None,44.41,35.08,-3.3333,392495000,17824000,41982000,83141000,374671000,41159000,627695000,309354000,33.46,None,61.16,29.75
2025-12-28,CMG,1.13,11787400000.0,33.46,None,0.991,2.43,140545000,None,61000,61000,16824000,-166213000,None,None,-771000,None,None,None,263000,1318700000,None,511621000,511621000,13188000,None,None,4181000,None,None,28026000,43595000,None,None,None,0.022,-0.01,30994000,59020000,0.3,2007-12-31,31.95,17738000,4737443000.0,116074000,30240000,-7456000,17738000,17738000,None,790000,None,2625000,None,None,3476000,None,None,70563000,None,None,None,0.161,146923000,85080000,30994000,10957000,1514000,None,None,None,None,None,None,None,2.119,15.52,4.301,None,None,None,None,None,None,None,0.13,None,340694000,2025-10-29,annual,0.29,USD,post-market,None,-38451000,0.136,0.45,0.075,8.74,53935000,57000,57000,None,44.41,35.08,-3.3333,392495000,17824000,41982000,83141000,374671000,41159000,627695000,309354000,33.46,None,61.16,29.75
2025-12-28,CMG,1.13,11787400000.0,33.46,None,0.991,2.43,97312000,None,61000,61000,147296000,-97312000,None,None,-880000,None,None,None,263000,1318700000,None,511621000,511621000,13188000,None,None,4181000,None,None,28026000,34253000,None,None,None,0.022,-0.01,30994000,59020000,0.3,2006-12-31,31.95,17738000,4737443000.0,116074000,30240000,-7456000,17738000,17738000,None,790000,None,2625000,None,None,3476000,None,None,41423000,None,None,None,0.161,103597000,85080000,30994000,10957000,1514000,None,None,None,None,None,None,None,2.119,15.52,4.301,None,None,None,None,None,None,None,0.13,None,340694000,2025-10-29,annual,0.29,USD,post-market,None,-38451000,0.136,0.45,0.075,8.74,53935000,57000,57000,None,44.41,35.08,-3.3333,392495000,17824000,41982000,83141000,374671000,41159000,627695000,309354000,33.46,None,61.16,29.75
2025-12-28,CMG,1.13,11787400000.0,33.46,None,0.991,2.43,83036000,None,61000,61000,5666000,-83036000,None,None,-369000,None,None,None,263000,1318700000,None,511621000,511621000,13188000,None,None,4181000,None,None,28026000,28026000,None,None,None,0.022,-0.01,30994000,59020000,0.3,2005-12-31,31.95,17738000,4737443000.0,116074000,30240000,-7456000,17738000,17738000,None,790000,None,2625000,None,None,3476000,None,None,37696000,None,None,None,0.161,77431000,85080000,30994000,10957000,1514000,None,None,None,None,None,None,None,2.119,15.52,4.301,None,None,None,None,None,None,None,0.13,None,340694000,2025-10-29,annual,0.29,USD,post-market,None,-38451000,0.136,0.45,0.075,8.74,53935000,57000,57000,None,44.41,35.08,-3.3333,392495000,17824000,41982000,83141000,374671000,41159000,627695000,309354000,33.46,None,61.16,29.75
