date,symbol,eps,revenue_ttm,pe_ratio,accumulateddepreciationamortizationppe,beta,book_value,capitalexpenditures,capitalleaseobligations,cashandcashequivalentsatcarryingvalue,cashandshortterminvestments,cashflowfromfinancing,cashflowfrominvestment,changeincashandcashequivalents,changeinexchangerate,changeininventory,changeinoperatingassets,changeinoperatingliabilities,changeinreceivables,commonstock,commonstocksharesoutstanding,comprehensiveincomenetoftax,costofgoodsandservicessold,costofrevenue,currentaccountspayable,currentdebt,currentlongtermdebt,currentnetreceivables,deferredrevenue,depreciation,depreciationandamortization,depreciationdepletionandamortization,dividend_per_share,dividend_yield,dividendpayout,dividendpayoutcommonstock,dividendpayoutpreferredstock,earnings_growth_yoy,earnings_surprise,ebit,ebitda,estimated_eps,fiscaldateending,forward_pe,goodwill,gross_profit_ttm,grossprofit,incomebeforetax,incometaxexpense,intangibleassets,intangibleassetsexcludinggoodwill,interestanddebtexpense,interestexpense,interestincome,inventory,investmentincomenet,investments,longtermdebt,longtermdebtnoncurrent,longterminvestments,netincome,netincomefromcontinuingoperations,netinterestincome,noninterestincome,operating_margin_ttm,operatingcashflow,operatingexpenses,operatingincome,othercurrentassets,othercurrentliabilities,othernoncurrentassets,othernoncurrentliabilities,othernonoperatingincome,paymentsforoperatingactivities,paymentsforrepurchaseofcommonstock,paymentsforrepurchaseofequity,paymentsforrepurchaseofpreferredstock,peg_ratio,price_to_book,price_to_sales_ttm,proceedsfromissuanceofcommonstock,proceedsfromissuanceoflongtermdebtandcapitalsecuritiesnet,proceedsfromissuanceofpreferredstock,proceedsfromoperatingactivities,proceedsfromrepaymentsofshorttermdebt,proceedsfromrepurchaseofequity,proceedsfromsaleoftreasurystock,profit_margin,profitloss,propertyplantequipment,report_date,report_type,reported_eps,reportedcurrency,reporttime,researchanddevelopment,retainedearnings,return_on_assets_ttm,return_on_equity_ttm,revenue_growth_yoy,revenue_per_share_ttm,sellinggeneralandadministrative,shortlongtermdebttotal,shorttermdebt,shortterminvestments,sma_200,sma_50,surprise_pct,totalassets,totalcurrentassets,totalcurrentliabilities,totalliabilities,totalnoncurrentassets,totalnoncurrentliabilities,totalrevenue,totalshareholderequity,trailing_pe,treasurystock,week_52_high,week_52_low
2003-03-31,CNH,,,,,,,,,,,,,,,,,,,,,,,,,,,,,,,,,,,,,,0.0,,,,,,,,,,,,,,,,,,,,,,,,,,,,,,,,,,,,,,,,,,,,,,,,,,,,2003-03-31,,-0.0912,,pre-market,,,,,,,,,,,,,,,,,,,,,,,,,
2003-06-30,CNH,,,,,,,,,,,,,,,,,,,,,,,,,,,,,,,,,,,,,,0.0,,,,,,,,,,,,,,,,,,,,,,,,,,,,,,,,,,,,,,,,,,,,,,,,,,,,2003-06-30,,0.0712,,pre-market,,,,,,,,,,,,,,,,,,,,,,,,,
2004-03-31,CNH,,,,,,,,,,,,,,,,,,,,,,,,,,,,,,,,,,,,,,0.0,,,,,,,,,,,,,,,,,,,,,,,,,,,,,,,,,,,,,,,,,,,,,,,,,,,,2004-03-31,,-0.0177,,pre-market,,,,,,,,,,,,,,,,,,,,,,,,,
2004-06-30,CNH,,,,,,,,,,,,,,,,,,,,,,,,,,,,,,,,,,,,,,0.0,,,,,,,,,,,,,,,,,,,,,,,,,,,,,,,,,,,,,,,,,,,,,,,,,,,,2004-06-30,,0.1625,,pre-market,,,,,,,,,,,,,,,,,,,,,,,,,
2004-09-30,CNH,,,,,,,,,,,,,,,,,,,,,,,,,,,,,,,,,,,,,,0.0,,,,,,,,,,,,,,,,,,,,,,,,,,,,,,,,,,,,,,,,,,,,,,,,,,,,2004-09-30,,0.0489,,pre-market,,,,,,,,,,,,,,,,,,,,,,,,,
2004-12-31,CNH,,,,,,,,,,,,,,,,,,,,,,,,,,,,,,,,,,,,,,0.0,,,,,,,,,,,,,,,,,,,,,,,,,,,,,,,,,,,,,,,,,,,,,,,,,,,,2004-12-31,,0.0291,,pre-market,,,,,,,,,,,,,,,,,,,,,,,,,
2005-03-31,CNH,,,,,,,,,,,,,,,,,,,,,,,,,,,,,,,,,,,,,,0.0,,,,,,,,,,,,,,,,,,,,,,,,,,,,,,,,,,,,,,,,,,,,,,,,,,,,2005-03-31,,0.0167,,pre-market,,,,,,,,,,,,,,,,,,,,,,,,,
2005-06-30,CNH,,,,,,,,,,,,,,,,,,,,,,,,,,,,,,,,,,,,,,0.0,,,,,,,,,,,,,,,,,,,,,,,,,,,,,,,,,,,,,,,,,,,,,,,,,,,,2005-06-30,,0.1271,,pre-market,,,,,,,,,,,,,,,,,,,,,,,,,
2005-09-30,CNH,,,,,,,,,,,,,,,,,,,,,,,,,,,,,,,,,,,,,,0.0,,,,,,,,,,,,,,,,,,,,,,,,,,,,,,,,,,,,,,,,,,,,,,,,,,,,2005-09-30,,0.0301,,pre-market,,,,,,,,,,,,,,,,,,,,,,,,,
2005-12-31,CNH,,,,,,,,,,,,,,,,,,,,,,,,,,,,,,,,,,,,,,0.0,,,,,,,,,,,,,,,,,,,,,,,,,,,,,,,,,,,,,,,,,,,,,,,,,,,,2005-12-31,,0.0078,,pre-market,,,,,,,,,,,,,,,,,,,,,,,,,
2006-03-31,CNH,,,,,,,,,,,,,,,,,,,,,,,,,,,,,,,,,,,,,,0.0,,,,,,,,,,,,,,,,,,,,,,,,,,,,,,,,,,,,,,,,,,,,,,,,,,,,2006-03-31,,0.0477,,pre-market,,,,,,,,,,,,,,,,,,,,,,,,,
2006-06-30,CNH,,,,,,,,,,,,,,,,,,,,,,,,,,,,,,,,,,,,,,0.0,,,,,,,,,,,,,,,,,,,,,,,,,,,,,,,,,,,,,,,,,,,,,,,,,,,,2006-06-30,,0.1629,,pre-market,,,,,,,,,,,,,,,,,,,,,,,,,
2006-09-30,CNH,,,,,,,,,,,,,,,,,,,,,,,,,,,,,,,,,,,,,,0.0,,,,,,,,,,,,,,,,,,,,,,,,,,,,,,,,,,,,,,,,,,,,,,,,,,,,2006-09-30,,0.0742,,pre-market,,,,,,,,,,,,,,,,,,,,,,,,,
2006-12-31,CNH,,,,,,,,,,,,,,,,,,,,,,,,,,,,,,,,,,,,,,0.0,,,,,,,,,,,,,,,,,,,,,,,,,,,,,,,,,,,,,,,,,,,,,,,,,,,,2006-12-31,,0.0385,,pre-market,,,,,,,,,,,,,,,,,,,,,,,,,
2007-03-31,CNH,,,,,,,,,,,,,,,,,,,,,,,,,,,,,,,,,,,,,,0.0,,,,,,,,,,,,,,,,,,,,,,,,,,,,,,,,,,,,,,,,,,,,,,,,,,,,2007-03-31,,0.1047,,pre-market,,,,,,,,,,,,,,,,,,,,,,,,,
2007-09-30,CNH,,,,,,,,,,,,,,,,,,,,,,,,,,,,,,,,,,,,,,0.0,,,,,,,,,,,,,,,,,,,,,,,,,,,,,,,,,,,,,,,,,,,,,,,,,,,,2007-09-30,,0.1339,,pre-market,,,,,,,,,,,,,,,,,,,,,,,,,
2007-12-31,CNH,,,,,,,,,,,,,,,,,,,,,,,,,,,,,,,,,,,,,,0.0,,,,,,,,,,,,,,,,,,,,,,,,,,,,,,,,,,,,,,,,,,,,,,,,,,,,2007-12-31,,0.1253,,pre-market,,,,,,,,,,,,,,,,,,,,,,,,,
2008-03-31,CNH,,,,,,,,,,,,,,,,,,,,,,,,,,,,,,,,,,,,,,0.0,,,,,,,,,,,,,,,,,,,,,,,,,,,,,,,,,,,,,,,,,,,,,,,,,,,,2008-03-31,,0.1231,,pre-market,,,,,,,,,,,,,,,,,,,,,,,,,
2008-06-30,CNH,,,,,,,,,,,,,,,,,,,,,,,,,,,,,,,,,,,,,,0.0,,,,,,,,,,,,,,,,,,,,,,,,,,,,,,,,,,,,,,,,,,,,,,,,,,,,2008-06-30,,0.3814,,pre-market,,,,,,,,,,,,,,,,,,,,,,,,,
2008-09-30,CNH,,,,,,,,,,,,,,,,,,,,,,,,,,,,,,,,,,,,,,0.0,,,,,,,,,,,,,,,,,,,,,,,,,,,,,,,,,,,,,,,,,,,,,,,,,,,,2008-09-30,,0.2772,,pre-market,,,,,,,,,,,,,,,,,,,,,,,,,
2008-12-31,CNH,,,,,,,,,,,,,,,,,,,,,,,,,,,,,,,,,,,,,,0.0,,,,,,,,,,,,,,,,,,,,,,,,,,,,,,,,,,,,,,,,,,,,,,,,,,,,2008-12-31,,0.1254,,pre-market,,,,,,,,,,,,,,,,,,,,,,,,,
2009-03-31,CNH,,,,,,,,,,,,,,,,,,,,,,,,,,,,,,,,,,,,,,0.0,,,,,,,,,,,,,,,,,,,,,,,,,,,,,,,,,,,,,,,,,,,,,,,,,,,,2009-03-31,,-0.1386,,pre-market,,,,,,,,,,,,,,,,,,,,,,,,,
2009-06-30,CNH,,,,,,,,,,,,,,,,,,,,,,,,,,,,,,,,,,,,,,0.0,,,,,,,,,,,,,,,,,,,,,,,,,,,,,,,,,,,,,,,,,,,,,,,,,,,,2009-06-30,,-0.0737,,pre-market,,,,,,,,,,,,,,,,,,,,,,,,,
2009-09-30,CNH,,,,,,,,,,,,,,,,,,,,,,,,,,,,,,,,,,,,,,0.0,,,,,,,,,,,,,,,,,,,,,,,,,,,,,,,,,,,,,,,,,,,,,,,,,,,,2009-09-30,,-0.0275,,pre-market,,,,,,,,,,,,,,,,,,,,,,,,,
2009-12-31,CNH,,,,,,,,,,,,,,,,,,,,,,,,,,,,,,,,,,,,,,0.0,,,,,,,,,,,,,,,,,,,,,,,,,,,,,,,,,,,,,,,,,,,,,,,,,,,,2009-12-31,,0.0308,,pre-market,,,,,,,,,,,,,,,,,,,,,,,,,
2010-03-31,CNH,,,,,,,,,,,,,,,,,,,,,,,,,,,,,,,,,,,,,,0.0,,,,,,,,,,,,,,,,,,,,,,,,,,,,,,,,,,,,,,,,,,,,,,,,,,,,2010-03-31,,0.0175,,pre-market,,,,,,,,,,,,,,,,,,,,,,,,,
2010-06-30,CNH,,,,,,,,,,,,,,,,,,,,,,,,,,,,,,,,,,,,,,0.0,,,,,,,,,,,,,,,,,,,,,,,,,,,,,,,,,,,,,,,,,,,,,,,,,,,,2010-09-01,,0.1581,,pre-market,,,,,,,,,,,,,,,,,,,,,,,,,
2010-09-30,CNH,,,,,,,,,,,,,,,,,,,,,,,,,,,,,,,,,,,,,,0.0,,,,,,,,,,,,,,,,,,,,,,,,,,,,,,,,,,,,,,,,,,,,,,,,,,,,2010-12-01,,0.0907,,pre-market,,,,,,,,,,,,,,,,,,,,,,,,,
2010-12-31,CNH,,,,,,,,,,,,,,,,,,,,,,,,,,,,,,,,,,,,,,0.0,,,,,,,,,,,,,,,,,,,,,,,,,,,,,,,,,,,,,,,,,,,,,,,,,,,,2011-02-18,,0.2284,,pre-market,,,,,,,,,,,,,,,,,,,,,,,,,
2011-03-31,CNH,,,,,,,,,,,,,,,,,,,,,,,,,,,,,,,,,,,,,,0.0,,,,,,,,,,,,,,,,,,,,,,,,,,,,,,,,,,,,,,,,,,,,,,,,,,,,2011-04-21,,0.1648,,pre-market,,,,,,,,,,,,,,,,,,,,,,,,,
2011-06-30,CNH,,,,,,,,,,,,,,,,,,,,,,,,,,,,,,,,,,,,,,0.0,,,,,,,,,,,,,,,,,,,,,,,,,,,,,,,,,,,,,,,,,,,,,,,,,,,,2011-07-25,,0.3469,,pre-market,,,,,,,,,,,,,,,,,,,,,,,,,
2011-09-30,CNH,,,,,,,,,,,,,,,,,,,,,,,,,,,,,,,,,,,,,,0.0,,,,,,,,,,,,,,,,,,,,,,,,,,,,,,,,,,,,,,,,,,,,,,,,,,,,2011-10-28,,0.2982,,pre-market,,,,,,,,,,,,,,,,,,,,,,,,,
2011-12-31,CNH,,,,,,,,,,,,,,,,,,,,,,,,,,,,,,,,,,,,,,0.0,,,,,,,,,,,,,,,,,,,,,,,,,,,,,,,,,,,,,,,,,,,,,,,,,,,,2012-02-02,,0.2097,,pre-market,,,,,,,,,,,,,,,,,,,,,,,,,
2012-03-31,CNH,,,,,,,,,,,,,,,,,,,,,,,,,,,,,,,,,,,,,,0.0,,,,,,,,,,,,,,,,,,,,,,,,,,,,,,,,,,,,,,,,,,,,,,,,,,,,2012-04-26,,0.2916,,pre-market,,,,,,,,,,,,,,,,,,,,,,,,,
2012-06-30,CNH,,,,,,,,,,,,,,,,,,,,,,,,,,,,,,,,,,,,,,0.0,,,,,,,,,,,,,,,,,,,,,,,,,,,,,,,,,,,,,,,,,,,,,,,,,,,,2012-08-01,,0.3832,,pre-market,,,,,,,,,,,,,,,,,,,,,,,,,
2012-09-30,CNH,,,,,,,,,,,,,,,,,,,,,,,,,,,,,,,,,,,,,,0.0,,,,,,,,,,,,,,,,,,,,,,,,,,,,,,,,,,,,,,,,,,,,,,,,,,,,2012-10-31,,0.3501,,pre-market,,,,,,,,,,,,,,,,,,,,,,,,,
2012-12-31,CNH,,,,,,,,,,,,,,,,,,,,,,,,,,,,,,,,,,,,,,0.0,,,,,,,,,,,,,,,,,,,,,,,,,,,,,,,,,,,,,,,,,,,,,,,,,,,,2013-01-31,,0.2096,,pre-market,,,,,,,,,,,,,,,,,,,,,,,,,
2013-03-31,CNH,,,,,,,,,,,,,,,,,,,,,,,,,,,,,,,,,,,,,,0.0,,,,,,,,,,,,,,,,,,,,,,,,,,,,,,,,,,,,,,,,,,,,,,,,,,,,2013-04-30,,0.3476,,pre-market,,,,,,,,,,,,,,,,,,,,,,,,,
2013-06-30,CNH,,,,,,,,,,,,,,,,,,,,,,,,,,,,,,,,,,,,,,0.0,,,,,,,,,,,,,,,,,,,,,,,,,,,,,,,,,,,,,,,,,,,,,,,,,,,,2013-07-31,,0.5002,,pre-market,,,,,,,,,,,,,,,,,,,,,,,,,
2013-09-30,CNH,,,,,,,,,,,,,,,,,,,,,,,,,,,,,,,,,,,,,,-0.07,,,0.31,,,,,,,,,,,,,,,,,,,,,,,,,,,,,,,,,,,,,,,,,,,,,,,,,2013-10-30,,0.24,,post-market,,,,,,,,,,,,,-22.5806,,,,,,,,,,,,
2013-12-31,CNH,,,,,,,,,,,,,,,,,,,,,,,,,,,,,,,,,,,,,,-0.05,,,0.24,,,,,,,,,,,,,,,,,,,,,,,,,,,,,,,,,,,,,,,,,,,,,,,,,2014-01-30,,0.19,,post-market,,,,,,,,,,,,,-20.8333,,,,,,,,,,,,
2014-03-31,CNH,,,,,,,,,,,,,,,,,,,,,,,,,,,,,,,,,,,,,,-0.02,,,0.15,,,,,,,,,,,,,,,,,,,,,,,,,,,,,,,,,,,,,,,,,,,,,,,,,2014-05-08,,0.13,,pre-market,,,,,,,,,,,,,-13.3333,,,,,,,,,,,,
2014-06-30,CNH,,,,,,,,,,,,,,,,,,,,,,,,,,,,,,,,,,,,,,0.07,,,0.21,,,,,,,,,,,,,,,,,,,,,,,,,,,,,,,,,,,,,,,,,,,,,,,,,2014-07-31,,0.28,,pre-market,,,,,,,,,,,,,33.3333,,,,,,,,,,,,
2014-09-30,CNH,,,,,,,,,,,,,,,,,,,,,,,,,,,,,,,,,,,,,,0.03,,,0.13,,,,,,,,,,,,,,,,,,,,,,,,,,,,,,,,,,,,,,,,,,,,,,,,,2014-10-30,,0.16,,pre-market,,,,,,,,,,,,,23.0769,,,,,,,,,,,,
2014-12-31,CNH,,,,,,,,,,,,,,,,,,,,,,,,,,,,,,,,,,,,,,-0.01,,,0.13,,,,,,,,,,,,,,,,,,,,,,,,,,,,,,,,,,,,,,,,,,,,,,,,,2015-01-29,,0.12,,pre-market,,,,,,,,,,,,,-7.6923,,,,,,,,,,,,
2015-03-31,CNH,,,,,,,,,,,,,,,,,,,,,,,,,,,,,,,,,,,,,,-0.07,,,0.09,,,,,,,,,,,,,,,,,,,,,,,,,,,,,,,,,,,,,,,,,,,,,,,,,2015-04-30,,0.02,,pre-market,,,,,,,,,,,,,-77.7778,,,,,,,,,,,,
2015-06-30,CNH,,,,,,,,,,,,,,,,,,,,,,,,,,,,,,,,,,,,,,-0.06,,,0.17,,,,,,,,,,,,,,,,,,,,,,,,,,,,,,,,,,,,,,,,,,,,,,,,,2015-07-29,,0.11,,pre-market,,,,,,,,,,,,,-35.2941,,,,,,,,,,,,
2015-09-30,CNH,,,,,,,,,,,,,,,,,,,,,,,,,,,,,,,,,,,,,,-0.09,,,0.12,,,,,,,,,,,,,,,,,,,,,,,,,,,,,,,,,,,,,,,,,,,,,,,,,2015-10-29,,0.03,,pre-market,,,,,,,,,,,,,-75.0,,,,,,,,,,,,
2015-12-31,CNH,,,,,,,,,,,,,,,,,,,,,,,,,,,,,,,,,,,,,,0.01,,,0.18,,,,,,,,,,,,,,,,,,,,,,,,,,,,,,,,,,,,,,,,,,,,,,,,,2016-01-29,,0.19,,pre-market,,,,,,,,,,,,,5.5556,,,,,,,,,,,,
2016-03-31,CNH,,,,,,,,,,,,,,,,,,,,,,,,,,,,,,,,,,,,,,-0.4254,,,0.05,,,,,,,,,,,,,,,,,,,,,,,,,,,,,,,,,,,,,,,,,,,,,,,,,2016-04-29,,-0.3754,,pre-market,,,,,,,,,,,,,-850.8,,,,,,,,,,,,
2016-06-30,CNH,,,,,,,,,,,,,,,,,,,,,,,,,,,,,,,,,,,,,,0.05,,,0.11,,,,,,,,,,,,,,,,,,,,,,,,,,,,,,,,,,,,,,,,,,,,,,,,,2016-07-26,,0.16,,pre-market,,,,,,,,,,,,,45.4545,,,,,,,,,,,,
2016-09-30,CNH,,,,,,,,,,,,,,,,,,,,,,,,,,,,,,,,,,,,,,0.0,,,0.05,,,,,,,,,,,,,,,,,,,,,,,,,,,,,,,,,,,,,,,,,,,,,,,,,2016-10-31,,0.05,,pre-market,,,,,,,,,,,,,0.0,,,,,,,,,,,,
2016-12-31,CNH,,,,,,,,,,,,,,,,,,,,,,,,,,,,,,,,,,,,,,0.02,,,0.12,,,,,,,,,,,,,,,,,,,,,,,,,,,,,,,,,,,,,,,,,,,,,,,,,2017-01-31,,0.14,,pre-market,,,,,,,,,,,,,16.6667,,,,,,,,,,,,
2017-03-31,CNH,,,,,,,,,,,,,,,,,,,,,,,,,,,,,,,,,,,,,,0.01,,,0.03,,,,,,,,,,,,,,,,,,,,,,,,,,,,,,,,,,,,,,,,,,,,,,,,,2017-04-27,,0.04,,pre-market,,,,,,,,,,,,,33.3333,,,,,,,,,,,,
2017-06-30,CNH,,,,,,,,,,,,,,,,,,,,,,,,,,,,,,,,,,,,,,0.03,,,0.16,,,,,,,,,,,,,,,,,,,,,,,,,,,,,,,,,,,,,,,,,,,,,,,,,2017-07-26,,0.19,,pre-market,,,,,,,,,,,,,18.75,,,,,,,,,,,,
2017-09-30,CNH,,,,,,,,,,,,,,,,,,,,,,,,,,,,,,,,,,,,,,0.03,,,0.08,,,,,,,,,,,,,,,,,,,,,,,,,,,,,,,,,,,,,,,,,,,,,,,,,2017-10-31,,0.11,,pre-market,,,,,,,,,,,,,37.5,,,,,,,,,,,,
2017-12-31,CNH,,,,,,,,,,,,,,,,,,,,,,,,,,,,,,,,,,,,,,-0.02,,,0.16,,,,,,,,,,,,,,,,,,,,,,,,,,,,,,,,,,,,,,,,,,,,,,,,,2018-01-30,,0.14,,pre-market,,,,,,,,,,,,,-12.5,,,,,,,,,,,,
2018-03-31,CNH,,,,,,,,,,,,,,,,,,,,,,,,,,,,,,,,,,,,,,0.05,,,0.09,,,,,,,,,,,,,,,,,,,,,,,,,,,,,,,,,,,,,,,,,,,,,,,,,2018-04-27,,0.14,,pre-market,,,,,,,,,,,,,55.5556,,,,,,,,,,,,
2018-06-30,CNH,,,,,,,,,,,,,,,,,,,,,,,,,,,,,,,,,,,,,,0.07,,,0.21,,,,,,,,,,,,,,,,,,,,,,,,,,,,,,,,,,,,,,,,,,,,,,,,,2018-07-26,,0.28,,pre-market,,,,,,,,,,,,,33.3333,,,,,,,,,,,,
2018-09-30,CNH,,,,,,,,,,,,,,,,,,,,,,,,,,,,,,,,,,,,,,0.03,,,0.13,,,,,,,,,,,,,,,,,,,,,,,,,,,,,,,,,,,,,,,,,,,,,,,,,2018-11-07,,0.16,,pre-market,,,,,,,,,,,,,23.0769,,,,,,,,,,,,
2018-12-31,CNH,,,,,,,,,,,,,,,,,,,,,,,,,,,,,,,,,,,,,,0.06,,,0.15,,,,,,,,,,,,,,,,,,,,,,,,,,,,,,,,,,,,,,,,,,,,,,,,,2019-02-07,,0.21,,pre-market,,,,,,,,,,,,,40.0,,,,,,,,,,,,
2019-03-31,CNH,,,,,,,,,,,,,,,,,,,,,,,,,,,,,,,,,,,,,,0.03,,,0.15,,,,,,,,,,,,,,,,,,,,,,,,,,,,,,,,,,,,,,,,,,,,,,,,,2019-05-07,,0.18,,pre-market,,,,,,,,,,,,,20.0,,,,,,,,,,,,
2019-06-30,CNH,,,,,,,,,,,,,,,,,,,,,,,,,,,,,,,,,,,,,,0.02,,,0.29,,,,,,,,,,,,,,,,,,,,,,,,,,,,,,,,,,,,,,,,,,,,,,,,,2019-08-01,,0.31,,pre-market,,,,,,,,,,,,,6.8966,,,,,,,,,,,,
2019-09-30,CNH,,,,,,,,,,,,,,,,,,,,,,,,,,,,,,,,,,,,,,0.0,,,0.16,,,,,,,,,,,,,,,,,,,,,,,,,,,,,,,,,,,,,,,,,,,,,,,,,2019-11-06,,0.16,,pre-market,,,,,,,,,,,,,0.0,,,,,,,,,,,,
2019-12-31,CNH,,,,,,,,,,,,,,,,,,,,,,,,,,,,,,,,,,,,,,-0.01,,,0.21,,,,,,,,,,,,,,,,,,,,,,,,,,,,,,,,,,,,,,,,,,,,,,,,,2020-02-07,,0.2,,pre-market,,,,,,,,,,,,,-4.7619,,,,,,,,,,,,
2020-03-31,CNH,,,,,,,,,,,,,,,,,,,,,,,,,,,,,,,,,,,,,,-0.12,,,0.06,,,,,,,,,,,,,,,,,,,,,,,,,,,,,,,,,,,,,,,,,,,,,,,,,2020-05-06,,-0.06,,pre-market,,,,,,,,,,,,,-200.0,,,,,,,,,,,,
2020-06-30,CNH,,,,,,,,,,,,,,,,,,,,,,,,,,,,,,,,,,,,,,0.03,,,-0.1,,,,,,,,,,,,,,,,,,,,,,,,,,,,,,,,,,,,,,,,,,,,,,,,,2020-07-30,,-0.07,,pre-market,,,,,,,,,,,,,30.0,,,,,,,,,,,,
2020-09-30,CNH,,,,,,,,,,,,,,,,,,,,,,,,,,,,,,,,,,,,,,0.08,,,0.03,,,,,,,,,,,,,,,,,,,,,,,,,,,,,,,,,,,,,,,,,,,,,,,,,2020-11-05,,0.11,,pre-market,,,,,,,,,,,,,266.6667,,,,,,,,,,,,
2020-12-31,CNH,,,,,,,,,,,,,,,,,,,,,,,,,,,,,,,,,,,,,,0.16,,,0.14,,,,,,,,,,,,,,,,,,,,,,,,,,,,,,,,,,,,,,,,,,,,,,,,,2021-02-03,,0.3,,pre-market,,,,,,,,,,,,,114.2857,,,,,,,,,,,,
2021-03-31,CNH,,,,,,,,,,,,,,,,,,,,,,,,,,,,,,,,,,,,,,0.18,,,0.14,,,,,,,,,,,,,,,,,,,,,,,,,,,,,,,,,,,,,,,,,,,,,,,,,2021-05-05,,0.32,,pre-market,,,,,,,,,,,,,128.5714,,,,,,,,,,,,
2021-06-30,CNH,,,,,,,,,,,,,,,,,,,,,,,,,,,,,,,,,,,,,,0.15,,,0.27,,,,,,,,,,,,,,,,,,,,,,,,,,,,,,,,,,,,,,,,,,,,,,,,,2021-07-30,,0.42,,pre-market,,,,,,,,,,,,,55.5556,,,,,,,,,,,,
2021-09-30,CNH,,,,,,,,,,,,,,,,,,,,,,,,,,,,,,,,,,,,,,0.15,,,0.21,,,,,,,,,,,,,,,,,,,,,,,,,,,,,,,,,,,,,,,,,,,,,,,,,2021-11-04,,0.36,,pre-market,,,,,,,,,,,,,71.4286,,,,,,,,,,,,
2021-12-31,CNH,,,,,,,,,,,,,,,,,,,,,,,,,,,,,,,,,,,,,,0.04,,,0.21,,,,,,,,,,,,,,,,,,,,,,,,,,,,,,,,,,,,,,,,,,,,,,,,,2022-02-08,,0.25,,pre-market,,,,,,,,,,,,,19.0476,,,,,,,,,,,,
2022-03-31,CNH,,,,,,,,,,,,,,,,,,,,,,,,,,,,,,,,,,,,,,0.05,,,0.23,,,,,,,,,,,,,,,,,,,,,,,,,,,,,,,,,,,,,,,,,,,,,,,,,2022-05-03,,0.28,,pre-market,,,,,,,,,,,,,21.7391,,,,,,,,,,,,
2022-06-30,CNH,,,,,,,,,,,,,,,,,,,,,,,,,,,,,,,,,,,,,,0.06,,,0.37,,,,,,,,,,,,,,,,,,,,,,,,,,,,,,,,,,,,,,,,,,,,,,,,,2022-07-29,,0.43,,pre-market,,,,,,,,,,,,,16.2162,,,,,,,,,,,,
2022-09-30,CNH,,,,,,,,,,,,,,,,,,,,,,,,,,,,,,,,,,,,,,0.08,,,0.33,,,,,,,,,,,,,,,,,,,,,,,,,,,,,,,,,,,,,,,,,,,,,,,,,2022-11-08,,0.41,,pre-market,,,,,,,,,,,,,24.2424,,,,,,,,,,,,
2022-12-31,CNH,,,,,,,,,,,,,,,,,,,,,,,,,,,,,,,,,,,,,,0.01,,,0.35,,,,,,,,,,,,,,,,,,,,,,,,,,,,,,,,,,,,,,,,,,,,,,,,,2023-02-02,,0.36,,pre-market,,,,,,,,,,,,,2.8571,,,,,,,,,,,,
2023-03-31,CNH,,,,,,,,,,,,,,,,,,,,,,,,,,,,,,,,,,,,,,0.03,,,0.32,,,,,,,,,,,,,,,,,,,,,,,,,,,,,,,,,,,,,,,,,,,,,,,,,2023-05-05,,0.35,,pre-market,,,,,,,,,,,,,9.375,,,,,,,,,,,,
2023-06-30,CNH,,,,,,,,,,,,,,,,,,,,,,,,,,,,,,,,,,,,,,0.03,,,0.49,,,,,,,,,,,,,,,,,,,,,,,,,,,,,,,,,,,,,,,,,,,,,,,,,2023-07-28,,0.52,,pre-market,,,,,,,,,,,,,6.1224,,,,,,,,,,,,
2023-09-30,CNH,,,,,,,,,,,,,,,,,,,,,,,,,,,,,,,,,,,,,,-0.01,,,0.43,,,,,,,,,,,,,,,,,,,,,,,,,,,,,,,,,,,,,,,,,,,,,,,,,2023-11-07,,0.42,,pre-market,,,,,,,,,,,,,-2.3256,,,,,,,,,,,,
2023-12-31,CNH,,,,,,,,,,,,,,,,,,,,,,,,,,,,,,,,,,,,,,0.0,,,0.42,,,,,,,,,,,,,,,,,,,,,,,,,,,,,,,,,,,,,,,,,,,,,,,,,2024-02-14,,0.42,,pre-market,,,,,,,,,,,,,0.0,,,,,,,,,,,,
2024-03-31,CNH,,,,,,,,,,,,,,,,,,,,,,,,,,,,,,,,,,,,,,0.07,,,0.26,,,,,,,,,,,,,,,,,,,,,,,,,,,,,,,,,,,,,,,,,,,,,,,,,2024-05-02,,0.33,,pre-market,,,,,,,,,,,,,26.9231,,,,,,,,,,,,
2024-06-30,CNH,,,,,,,,,,,,,,,,,,,,,,,,,,,,,,,,,,,,,,0.01,,,0.37,,,,,,,,,,,,,,,,,,,,,,,,,,,,,,,,,,,,,,,,,,,,,,,,,2024-07-31,,0.38,,pre-market,,,,,,,,,,,,,2.7027,,,,,,,,,,,,
2024-09-30,CNH,,,,,,,,,,,,,,,,,,,,,,,,,,,,,,,,,,,,,,-0.04,,,0.28,,,,,,,,,,,,,,,,,,,,,,,,,,,,,,,,,,,,,,,,,,,,,,,,,2024-11-07,,0.24,,post-market,,,,,,,,,,,,,-14.2857,,,,,,,,,,,,
2024-12-31,CNH,,,,,,,,,,,,,,,,,,,,,,,,,,,,,,,,,,,,,,-0.03,,,0.17,,,,,,,,,,,,,,,,,,,,,,,,,,,,,,,,,,,,,,,,,,,,,,,,,2025-02-04,,0.14,,pre-market,,,,,,,,,,,,,-17.6471,,,,,,,,,,,,
2025-03-31,CNH,,,,,,,,,,,,,,,,,,,,,,,,,,,,,,,,,,,,,,0.0,,,0.1,,,,,,,,,,,,,,,,,,,,,,,,,,,,,,,,,,,,,,,,,,,,,,,,,2025-05-01,,0.1,,pre-market,,,,,,,,,,,,,0.0,,,,,,,,,,,,
2025-06-30,CNH,,,,,,,,,,,,,,,,,,,,,,,,,,,,,,,,,,,,,,0.03,,,0.14,,,,,,,,,,,,,,,,,,,,,,,,,,,,,,,,,,,,,,,,,,,,,,,,,2025-08-01,,0.17,,pre-market,,,,,,,,,,,,,21.4286,,,,,,,,,,,,
2025-09-30,CNH,,,,,,,,,,,,,,,,,,,,,,,,,,,,,,,,,,,,,,-0.06,,,0.14,,,,,,,,,,,,,,,,,,,,,,,,,,,,,,,,,,,,,,,,,,,,,,,,,2025-11-07,,0.08,,pre-market,,,,,,,,,,,,,-42.8571,,,,,,,,,,,,
2025-12-28,CNH,0.48,17814000000.0,19.67,,1.395,6.2,,,,,,,,,,,,,,,,,,,,,,,,,,0.25,0.0266,,,,-0.75,-0.06,,,0.14,,17.27,,3390000000.0,,,,,,,,,,,,,,,,,,,0.0336,,,,,,,,,,,,,1.099,1.522,0.663,,,,,,,,0.0335,,,2025-11-07,,0.08,,pre-market,,,0.0124,0.0759,-0.055,14.26,,,,,11.64,9.92,-42.8571,,,,,,,,,19.67,,14.27,9.0
2025-12-28,CNH,0.48,17814000000.0,19.67,,1.395,6.2,,,,,,,,,,,,,,,None,3624000000,3624000000,,,,,,None,110000000,,0.25,0.0266,,,,-0.75,-0.06,446000000,556000000,0.14,2025-09-30,17.27,,3390000000.0,775000000,68000000,1000000,,,None,378000000,372000000,,None,,,,,80000000,67000000,-378000000,None,0.0336,,662000000,113000000,,,,,None,,,,,1.099,1.522,0.663,,,,,,,,0.0335,,,2025-11-07,quarterly,0.08,USD,pre-market,281000000,,0.0124,0.0759,-0.055,14.26,549000000,,,,11.64,9.92,-42.8571,,,,,,,4399000000,,19.67,,14.27,9.0
2025-12-28,CNH,0.48,17814000000.0,19.67,,1.395,6.2,,,,,,,,,,,,,,,None,3192000000,3192000000,,,,,,None,156000000,,0.25,0.0266,,,,-0.75,-0.06,635000000,791000000,0.14,2025-06-30,17.27,,3390000000.0,1519000000,293000000,76000000,,,None,360000000,360000000,,None,,,,,213000000,217000000,-360000000,None,0.0336,,696000000,823000000,,,,,None,,,,,1.099,1.522,0.663,,,,,,,,0.0335,,,2025-11-07,quarterly,0.08,USD,pre-market,218000000,,0.0124,0.0759,-0.055,14.26,478000000,,,,11.64,9.92,-42.8571,,,,,,,4711000000,,19.67,,14.27,9.0
2025-12-28,CNH,0.48,17814000000.0,19.67,,1.395,6.2,,,,,,,,,,,,,,,None,2569000000,2569000000,,,,,,None,150000000,,0.25,0.0266,,,,-0.75,-0.06,524000000,674000000,0.14,2025-03-31,17.27,,3390000000.0,1259000000,179000000,47000000,,,None,362000000,356000000,,None,,,,,131000000,132000000,-362000000,None,0.0336,,570000000,689000000,,,,,None,,,,,1.099,1.522,0.663,,,,,,,,0.0335,,,2025-11-07,quarterly,0.08,USD,pre-market,184000000,,0.0124,0.0759,-0.055,14.26,386000000,,,,11.64,9.92,-42.8571,,,,,,,3828000000,,19.67,,14.27,9.0
2025-12-28,CNH,0.48,17814000000.0,19.67,,1.395,6.2,,,,,,,,,,,,,,,None,3323000000,3323000000,,,,,,None,151000000,,0.25,0.0266,,,,-0.75,-0.06,662000000,813000000,0.14,2024-12-31,17.27,,3390000000.0,1553000000,265000000,89000000,,,None,421000000,401000000,,None,,,,,173000000,176000000,-421000000,None,0.0336,,652000000,901000000,,,,,None,,,,,1.099,1.522,0.663,,,,,,,,0.0335,,,2025-11-07,quarterly,0.08,USD,pre-market,238000000,,0.0124,0.0759,-0.055,14.26,414000000,,,,11.64,9.92,-42.8571,,,,,,,4876000000,,19.67,,14.27,9.0
2025-12-28,CNH,0.48,17814000000.0,19.67,,1.395,6.2,,,,,,,,,,,,,,,None,3130000000,3130000000,,,,,,None,155000000,,0.25,0.0266,,,,-0.75,-0.06,738000000,893000000,0.14,2024-09-30,17.27,,3390000000.0,1524000000,385000000,75000000,,,None,378000000,372000000,,None,,,,,306000000,310000000,-378000000,None,0.0336,,647000000,877000000,,,,,None,,,,,1.099,1.522,0.663,,,,,,,,0.0335,,,2025-11-07,quarterly,0.08,USD,pre-market,221000000,,0.0124,0.0759,-0.055,14.26,426000000,,,,11.64,9.92,-42.8571,,,,,,,4654000000,,19.67,,14.27,9.0
2025-12-28,CNH,0.48,17814000000.0,19.67,,1.395,6.2,,,,,,,,,,,,,,,None,3702000000,3702000000,,,,,,None,151000000,,0.25,0.0266,,,,-0.75,-0.06,872000000,1023000000,0.14,2024-06-30,17.27,,3390000000.0,1786000000,499000000,95000000,,,None,418000000,None,,None,,,,,399000000,438000000,-418000000,None,0.0336,,698000000,1088000000,,,,,None,,,,,1.099,1.522,0.663,,,,,,,,0.0335,,,2025-11-07,quarterly,0.08,USD,pre-market,237000000,,0.0124,0.0759,-0.055,14.26,461000000,,,,11.64,9.92,-42.8571,,,,,,,5488000000,,19.67,,14.27,9.0
2025-12-28,CNH,0.48,17814000000.0,19.67,,1.395,6.2,,,,,,,,,,,,,,,None,3195000000,3195000000,,,,,,None,148000000,,0.25,0.0266,,,,-0.75,-0.06,796000000,944000000,0.14,2024-03-31,17.27,,3390000000.0,1623000000,446000000,77000000,,,None,394000000,None,,None,,,,,368000000,402000000,-394000000,None,0.0336,,639000000,984000000,,,,,None,,,,,1.099,1.522,0.663,,,,,,,,0.0335,,,2025-11-07,quarterly,0.08,USD,pre-market,228000000,,0.0124,0.0759,-0.055,14.26,411000000,,,,11.64,9.92,-42.8571,,,,,,,4818000000,,19.67,,14.27,9.0
2025-12-28,CNH,0.48,17814000000.0,19.67,,1.395,6.2,,,,,,,,,,,,,,,None,4705000000,4705000000,,,,,,None,148000000,,0.25,0.0266,,,,-0.75,-0.06,981000000,1129000000,0.14,2023-12-31,17.27,,3390000000.0,2087000000,675000000,58000000,,,None,404000000,None,,None,,,,,616000000,617000000,-404000000,None,0.0336,,753000000,1334000000,,,,,None,,,,,1.099,1.522,0.663,,,,,,,,0.0335,,,2025-11-07,quarterly,0.08,USD,pre-market,275000000,,0.0124,0.0759,-0.055,14.26,478000000,,,,11.64,9.92,-42.8571,,,,,,,6792000000,,19.67,,14.27,9.0
2025-12-28,CNH,0.48,17814000000.0,19.67,,1.395,6.2,,,,,,,,,,,,,,,None,4059000000,4059000000,,,,,,None,146000000,,0.25,0.0266,,,,-0.75,-0.06,1008000000,1154000000,0.14,2023-09-30,17.27,,3390000000.0,1927000000,711000000,171000000,,,None,346000000,None,,None,,,,,537000000,570000000,-346000000,None,0.0336,,728000000,1199000000,,,,,None,,,,,1.099,1.522,0.663,,,,,,,,0.0335,,,2025-11-07,quarterly,0.08,USD,pre-market,266000000,,0.0124,0.0759,-0.055,14.26,462000000,,,,11.64,9.92,-42.8571,,,,,,,5986000000,,19.67,,14.27,9.0
2025-12-28,CNH,0.48,17814000000.0,19.67,,1.395,6.2,,,,,,,,,,,,,,,None,4463000000,4463000000,,,,,,None,138000000,,0.25,0.0266,,,,-0.75,-0.06,1161000000,1299000000,0.14,2023-06-30,17.27,,3390000000.0,2104000000,902000000,192000000,,,None,323000000,None,,None,,,,,706000000,710000000,-323000000,None,0.0336,,754000000,1350000000,,,,,None,,,,,1.099,1.522,0.663,,,,,,,,0.0335,,,2025-11-07,quarterly,0.08,USD,pre-market,269000000,,0.0124,0.0759,-0.055,14.26,485000000,,,,11.64,9.92,-42.8571,,,,,,,6567000000,,19.67,,14.27,9.0
2025-12-28,CNH,0.48,17814000000.0,19.67,,1.395,6.2,,,,,,,,,,,,,,,None,3611000000,3611000000,,,,,,None,132000000,,0.25,0.0266,,,,-0.75,-0.06,898000000,1030000000,0.14,2023-03-31,17.27,,3390000000.0,1731000000,659000000,173000000,,,None,272000000,None,,None,,,,,482000000,486000000,-272000000,None,0.0336,,669000000,1062000000,,,,,None,,,,,1.099,1.522,0.663,,,,,,,,0.0335,,,2025-11-07,quarterly,0.08,USD,pre-market,231000000,,0.0124,0.0759,-0.055,14.26,438000000,,,,11.64,9.92,-42.8571,,,,,,,5342000000,,19.67,,14.27,9.0
2025-12-28,CNH,0.48,17814000000.0,19.67,,1.395,6.2,,,,,,,,,,,,,,,None,4978000000,4978000000,,,,,,None,128000000,,0.25,0.0266,,,,-0.75,-0.06,969000000,1097000000,0.14,2022-12-31,17.27,,3390000000.0,1965000000,760000000,168000000,,,None,251000000,None,,None,,,,,592000000,None,None,None,0.0336,,785000000,1180000000,,,,,None,,,,,1.099,1.522,0.663,,,,,,,,0.0335,,,2025-11-07,quarterly,0.08,None,pre-market,257000000,,0.0124,0.0759,-0.055,14.26,None,,,,11.64,9.92,-42.8571,,,,,,,6943000000,,19.67,,14.27,9.0
2025-12-28,CNH,0.48,17814000000.0,19.67,,1.395,6.2,,,,,,,,,,,,,,,None,4156000000,4156000000,,,,,,None,135000000,,0.25,0.0266,,,,-0.75,-0.06,920000000,1055000000,0.14,2022-09-30,17.27,,3390000000.0,1725000000,751000000,192000000,,,None,190000000,None,,None,,,,,556000000,None,None,None,0.0336,,635000000,1090000000,,,,,None,,,,,1.099,1.522,0.663,,,,,,,,0.0335,,,2025-11-07,quarterly,0.08,None,pre-market,213000000,,0.0124,0.0759,-0.055,14.26,None,,,,11.64,9.92,-42.8571,,,,,,,5881000000,,19.67,,14.27,9.0
2025-12-28,CNH,0.48,17814000000.0,19.67,,1.395,6.2,,,,,,,,,,,,,,,None,4377000000,4377000000,,,,,,None,135000000,,0.25,0.0266,,,,-0.75,-0.06,915000000,1050000000,0.14,2022-06-30,17.27,,3390000000.0,1705000000,780000000,228000000,,,None,162000000,None,,None,,,,,548000000,None,None,None,0.0336,,636000000,1069000000,,,,,None,,,,,1.099,1.522,0.663,,,,,,,,0.0335,,,2025-11-07,quarterly,0.08,None,pre-market,212000000,,0.0124,0.0759,-0.055,14.26,None,,,,11.64,9.92,-42.8571,,,,,,,6082000000,,19.67,,14.27,9.0
2025-12-28,CNH,0.48,17814000000.0,19.67,,1.395,6.2,,,,,,,,,,,,,,,None,3286000000,3286000000,,,,,,None,137000000,,0.25,0.0266,,,,-0.75,-0.06,612000000,749000000,0.14,2022-03-31,17.27,,3390000000.0,1359000000,495000000,159000000,,,None,138000000,None,,None,,,,,333000000,None,None,None,0.0336,,562000000,797000000,,,,,None,,,,,1.099,1.522,0.663,,,,,,,,0.0335,,,2025-11-07,quarterly,0.08,None,pre-market,184000000,,0.0124,0.0759,-0.055,14.26,None,,,,11.64,9.92,-42.8571,,,,,,,4645000000,,19.67,,14.27,9.0
2025-12-28,CNH,0.48,17814000000.0,19.67,,1.395,6.2,,,,,,,,,,,,,,,None,7116000000,7116000000,,,,,,None,291000000,,0.25,0.0266,,,,-0.75,-0.06,341000000,632000000,0.14,2021-12-31,17.27,,3390000000.0,1956000000,196000000,-82000000,,,None,145000000,None,,None,,,,,302000000,None,None,None,0.0336,,1075000000,881000000,,,,,None,,,,,1.099,1.522,0.663,,,,,,,,0.0335,,,2025-11-07,quarterly,0.08,None,pre-market,354000000,,0.0124,0.0759,-0.055,14.26,None,,,,11.64,9.92,-42.8571,,,,,,,9072000000,,19.67,,14.27,9.0
2025-12-28,CNH,0.48,17814000000.0,19.67,,1.395,6.2,,,,,,,,,,,,,,,None,13350000000,13350000000,,,,,,None,605000000,,0.25,0.0266,,,,-0.75,-0.06,3068000000,3673000000,0.14,2024-12-31,17.27,,3390000000.0,6486000000,1595000000,336000000,,,None,1611000000,1573000000,,None,,,,,1246000000,1259000000,-1611000000,None,0.0336,,2636000000,3850000000,,,,,None,,,,,1.099,1.522,0.663,,,,,,,,0.0335,,,2025-11-07,annual,0.08,USD,pre-market,924000000,,0.0124,0.0759,-0.055,14.26,1712000000,,,,11.64,9.92,-42.8571,,,,,,,19836000000,,19.67,,14.27,9.0
2025-12-28,CNH,0.48,17814000000.0,19.67,,1.395,6.2,,,,,,,,,,,,,,,None,16838000000,16838000000,,,,,,None,564000000,,0.25,0.0266,,,,-0.75,-0.06,4048000000,4612000000,0.14,2023-12-31,17.27,,3390000000.0,7849000000,2881000000,594000000,,,None,1345000000,1308000000,,None,,,,,2275000000,2383000000,-1345000000,None,0.0336,,2904000000,4945000000,,,,,None,,,,,1.099,1.522,0.663,,,,,,,,0.0335,,,2025-11-07,annual,0.08,USD,pre-market,1041000000,,0.0124,0.0759,-0.055,14.26,1863000000,,,,11.64,9.92,-42.8571,,,,,,,24687000000,,19.67,,14.27,9.0
2025-12-28,CNH,0.48,17814000000.0,19.67,,1.395,6.2,,,,,,,,,,,,,,,None,16578000000,16578000000,,,,,,None,535000000,,0.25,0.0266,,,,-0.75,-0.06,3342000000,3877000000,0.14,2022-12-31,17.27,,3390000000.0,6974000000,2786000000,747000000,,,None,734000000,585000000,,None,,,,,2029000000,2039000000,-734000000,None,0.0336,,2618000000,4356000000,,,,,None,,,,,1.099,1.522,0.663,,,,,,,,0.0335,,,2025-11-07,annual,0.08,USD,pre-market,866000000,,0.0124,0.0759,-0.055,14.26,1752000000,,,,11.64,9.92,-42.8571,,,,,,,23552000000,,19.67,,14.27,9.0
2025-12-28,CNH,0.48,17814000000.0,19.67,,1.395,6.2,,,,,,,,,,,,,,,None,14098000000,14098000000,,,,,,None,536000000,,0.25,0.0266,,,,-0.75,-0.06,2444000000,2980000000,0.14,2021-12-31,17.27,,3390000000.0,5396000000,2030000000,229000000,,,None,549000000,None,,None,,,,,1723000000,1801000000,-549000000,None,0.0336,,2096000000,3300000000,,,,,None,,,,,1.099,1.522,0.663,,,,,,,,0.0335,,,2025-11-07,annual,0.08,USD,pre-market,642000000,,0.0124,0.0759,-0.055,14.26,1454000000,,,,11.64,9.92,-42.8571,,,,,,,19494000000,,19.67,,14.27,9.0
2025-12-28,CNH,0.48,17814000000.0,19.67,,1.395,6.2,,,,,,,,,,,,,,,None,11152000000,11152000000,,,,,,None,538000000,,0.25,0.0266,,,,-0.75,-0.06,481000000,1019000000,0.14,2020-12-31,17.27,,3390000000.0,3627000000,-113000000,85000000,,,None,660000000,None,,None,,,,,-493000000,-198000000,-660000000,None,0.0336,,1789000000,1838000000,,,,,None,,,,,1.099,1.522,0.663,,,,,,,,0.0335,,,2025-11-07,annual,0.08,USD,pre-market,493000000,,0.0124,0.0759,-0.055,14.26,1296000000,,,,11.64,9.92,-42.8571,,,,,,,14779000000,,19.67,,14.27,9.0
2025-12-28,CNH,0.48,17814000000.0,19.67,,1.395,6.2,,,,,,,,,,,,,,,None,21762000000,21762000000,,,,,,None,1215000000,,0.25,0.0266,,,,-0.75,-0.06,1964000000,3179000000,0.14,2019-12-31,17.27,,3390000000.0,6317000000,1170000000,-271000000,,,None,798000000,None,,None,,,,,1422000000,None,None,None,0.0336,,2996000000,3321000000,,,,,None,,,,,1.099,1.522,0.663,,,,,,,,0.0335,,,2025-11-07,annual,0.08,None,pre-market,1030000000,,0.0124,0.0759,-0.055,14.26,None,,,,11.64,9.92,-42.8571,,,,,,,28079000000,,19.67,,14.27,9.0
2025-12-28,CNH,0.48,17814000000.0,19.67,,1.395,6.2,,,,,,,,,,,,,,,None,23229000000,23229000000,,,,,,None,1337000000,,0.25,0.0266,,,,-0.75,-0.06,2252000000,3589000000,0.14,2018-12-31,17.27,,3390000000.0,6484000000,1466000000,417000000,,,None,812000000,None,,None,,,,,1068000000,None,None,None,0.0336,,3156000000,3328000000,,,,,None,,,,,1.099,1.522,0.663,,,,,,,,0.0335,,,2025-11-07,annual,0.08,None,pre-market,1061000000,,0.0124,0.0759,-0.055,14.26,None,,,,11.64,9.92,-42.8571,,,,,,,29713000000,,19.67,,14.27,9.0
2025-12-28,CNH,0.48,17814000000.0,19.67,,1.395,6.2,,,,,,,,,,,,,,,None,21830000000,21830000000,,,,,,None,1350000000,,0.25,0.0266,,,,-0.75,-0.06,1543000000,2893000000,0.14,2017-12-31,17.27,,3390000000.0,5865000000,659000000,457000000,,,None,884000000,None,,None,,,,,272000000,None,None,None,0.0336,,2967000000,2898000000,,,,,None,,,,,1.099,1.522,0.663,,,,,,,,0.0335,,,2025-11-07,annual,0.08,None,pre-market,957000000,,0.0124,0.0759,-0.055,14.26,None,,,,11.64,9.92,-42.8571,,,,,,,27695000000,,19.67,,14.27,9.0
2025-12-28,CNH,0.48,17814000000.0,19.67,,1.395,6.2,,,,,,,,,,,,,,,None,19776000000,19776000000,,,,,,None,1262000000,,0.25,0.0266,,,,-0.75,-0.06,1015000000,2277000000,0.14,2016-12-31,17.27,,3390000000.0,5041000000,-9000000,298000000,,,None,1024000000,None,,None,,,,,-252000000,None,None,None,0.0336,,3122000000,1919000000,,,,,None,,,,,1.099,1.522,0.663,,,,,,,,0.0335,,,2025-11-07,annual,0.08,None,pre-market,860000000,,0.0124,0.0759,-0.055,14.26,None,,,,11.64,9.92,-42.8571,,,,,,,24817000000,,19.67,,14.27,9.0
2025-12-28,CNH,0.48,17814000000.0,19.67,None,1.395,6.2,,287000000,2956000000,2956000000,,,,,,,,,25000000,1253000000,None,19776000000,19776000000,2277000000,None,None,23459000000,None,None,1262000000,,0.25,0.0266,,,,-0.75,-0.06,1015000000,2277000000,0.14,2025-09-30,17.27,3613000000,3390000000.0,5041000000,-9000000,298000000,1187000000,1187000000,None,1024000000,None,5353000000,None,None,27128000000,None,508000000,-252000000,None,None,None,0.0336,,3122000000,1919000000,None,1642000000,None,2999000000,None,,,,,1.099,1.522,0.663,,,,,,,,0.0335,,4012000000,2025-11-07,quarterly,0.08,USD,pre-market,860000000,10420000000,0.0124,0.0759,-0.055,14.26,None,27415000000,0,None,11.64,9.92,-42.8571,43258000000,31768000000,3919000000,35421000000,11490000000,31502000000,24817000000,7732000000,19.67,None,14.27,9.0
2025-12-28,CNH,0.48,17814000000.0,19.67,None,1.395,6.2,,286000000,2512000000,2512000000,,,,,,,,,25000000,1253000000,None,19776000000,19776000000,2417000000,None,None,23851000000,None,None,1262000000,,0.25,0.0266,,,,-0.75,-0.06,1015000000,2277000000,0.14,2025-06-30,17.27,3618000000,3390000000.0,5041000000,-9000000,298000000,1243000000,1243000000,None,1024000000,None,5216000000,None,None,27408000000,None,505000000,-252000000,None,None,None,0.0336,,3122000000,1919000000,635000000,1339000000,None,3070000000,None,,,,,1.099,1.522,0.663,,,,,,,,0.0335,,3704000000,2025-11-07,quarterly,0.08,USD,pre-market,860000000,10340000000,0.0124,0.0759,-0.055,14.26,None,27694000000,0,None,11.64,9.92,-42.8571,43687000000,32214000000,4123000000,35853000000,11473000000,31730000000,24817000000,7713000000,19.67,None,14.27,9.0
2025-12-28,CNH,0.48,17814000000.0,19.67,None,1.395,6.2,,284000000,1695000000,1695000000,,,,,,,,,25000000,1253000000,None,19776000000,19776000000,2216000000,None,None,23428000000,None,None,1262000000,,0.25,0.0266,,,,-0.75,-0.06,1015000000,2277000000,0.14,2025-03-31,17.27,3593000000,3390000000.0,5041000000,-9000000,298000000,1226000000,1226000000,None,1024000000,None,5156000000,None,None,26010000000,None,471000000,-252000000,None,None,None,0.0336,,3122000000,1919000000,703000000,1363000000,None,2973000000,None,,,,,1.099,1.522,0.663,,,,,,,,0.0335,,3775000000,2025-11-07,quarterly,0.08,USD,pre-market,860000000,10440000000,0.0124,0.0759,-0.055,14.26,None,26294000000,284000000,None,11.64,9.92,-42.8571,42057000000,30982000000,3891000000,34098000000,11075000000,30207000000,24817000000,7839000000,19.67,None,14.27,9.0
2025-12-28,CNH,0.48,17814000000.0,19.67,None,1.395,6.2,,282000000,3866000000,3866000000,,,,,,,,,25000000,1253000000,None,19776000000,19776000000,2354000000,None,10838000000,23378000000,None,None,1262000000,,0.25,0.0266,,,,-0.75,-0.06,1015000000,2277000000,0.14,2024-12-31,17.27,3584000000,3390000000.0,5041000000,-9000000,298000000,1221000000,1221000000,None,1024000000,None,4776000000,None,None,16044000000,None,490000000,-252000000,None,None,None,0.0336,,3122000000,1919000000,24921000000,1536000000,None,3053000000,None,,,,,1.099,1.522,0.663,,,,,,,,0.0335,,3677000000,2025-11-07,quarterly,0.08,USD,pre-market,860000000,10309000000,0.0124,0.0759,-0.055,14.26,None,27164000000,86000000,None,11.64,9.92,-42.8571,42933000000,32020000000,3976000000,35165000000,10913000000,31189000000,24817000000,7651000000,19.67,None,14.27,9.0
2025-12-28,CNH,0.48,17814000000.0,19.67,None,1.395,6.2,,302000000,1801000000,1801000000,,,,,,,,,25000000,1254000000,None,19776000000,19776000000,2409000000,None,None,24548000000,None,None,1262000000,,0.25,0.0266,,,,-0.75,-0.06,1015000000,2277000000,0.14,2024-09-30,17.27,3615000000,3390000000.0,5041000000,-9000000,298000000,1251000000,1251000000,None,1024000000,None,5930000000,None,None,27300000000,None,532000000,-252000000,None,None,None,0.0336,,3122000000,1919000000,649000000,1445000000,None,3412000000,None,,,,,1.099,1.522,0.663,,,,,,,,0.0335,,3681000000,2025-11-07,quarterly,0.08,USD,pre-market,860000000,10136000000,0.0124,0.0759,-0.055,14.26,None,27602000000,302000000,None,11.64,9.92,-42.8571,44033000000,32928000000,4174000000,36264000000,11105000000,32090000000,24817000000,7643000000,19.67,None,14.27,9.0
2025-12-28,CNH,0.48,17814000000.0,19.67,None,1.395,6.2,,297000000,2002000000,2002000000,,,,,,,,,25000000,1260000000,None,19776000000,19776000000,2911000000,None,None,24344000000,None,None,1262000000,,0.25,0.0266,,,,-0.75,-0.06,1015000000,2277000000,0.14,2024-06-30,17.27,3599000000,3390000000.0,5041000000,-9000000,298000000,1247000000,1247000000,None,1024000000,None,5951000000,None,None,26808000000,None,615000000,-252000000,None,None,None,0.0336,,3122000000,1919000000,645000000,1414000000,None,3381000000,None,,,,,1.099,1.522,0.663,,,,,,,,0.0335,,None,2025-11-07,quarterly,0.08,USD,pre-market,860000000,9993000000,0.0124,0.0759,-0.055,14.26,None,27105000000,297000000,94000000,11.64,9.92,-42.8571,43959000000,32942000000,4693000000,36297000000,11017000000,31604000000,24817000000,7538000000,19.67,None,14.27,9.0
2025-12-28,CNH,0.48,17814000000.0,19.67,None,1.395,6.2,,318000000,3236000000,3236000000,,,,,,,,,25000000,1274000000,None,19776000000,19776000000,3225000000,None,None,24505000000,None,None,1262000000,,0.25,0.0266,,,,-0.75,-0.06,1015000000,2277000000,0.14,2024-03-31,17.27,3603000000,3390000000.0,5041000000,-9000000,298000000,1265000000,1265000000,None,1024000000,None,6189000000,None,None,27780000000,None,559000000,-252000000,None,None,None,0.0336,,3122000000,1919000000,723000000,1488000000,None,3279000000,None,,,,,1.099,1.522,0.663,,,,,,,,0.0335,,None,2025-11-07,quarterly,0.08,USD,pre-market,860000000,10151000000,0.0124,0.0759,-0.055,14.26,None,28098000000,318000000,72000000,11.64,9.92,-42.8571,45726000000,34653000000,5241000000,37714000000,11073000000,32473000000,24817000000,7892000000,19.67,None,14.27,9.0
2025-12-28,CNH,0.48,17814000000.0,19.67,None,1.395,6.2,,300000000,4322000000,4322000000,,,,,,,,,25000000,1334000000,None,19776000000,19776000000,3611000000,None,11477000000,24762000000,None,None,1262000000,,0.25,0.0266,,,,-0.75,-0.06,1015000000,2277000000,0.14,2023-12-31,17.27,3614000000,3390000000.0,5041000000,-9000000,298000000,1292000000,1292000000,None,1024000000,None,5545000000,None,None,15849000000,None,563000000,-252000000,None,None,None,0.0336,,3122000000,1919000000,723000000,1616000000,None,3374000000,None,,,,,1.099,1.522,0.663,,,,,,,,0.0335,,None,2025-11-07,quarterly,0.08,USD,pre-market,860000000,9654000000,0.0124,0.0759,-0.055,14.26,None,27626000000,11477000000,90000000,11.64,9.92,-42.8571,46267000000,35352000000,17458000000,38117000000,10915000000,20659000000,24817000000,8030000000,19.67,None,14.27,9.0
2025-12-28,CNH,0.48,17814000000.0,19.67,None,1.395,6.2,,241000000,2979000000,2979000000,,,,,,,,,25000000,1351000000,None,19776000000,19776000000,3574000000,None,None,22668000000,None,None,1262000000,,0.25,0.0266,,,,-0.75,-0.06,1015000000,2277000000,0.14,2023-09-30,17.27,3490000000,3390000000.0,5041000000,-9000000,298000000,1237000000,1237000000,None,1024000000,None,6447000000,None,None,24958000000,None,477000000,-252000000,None,None,None,0.0336,,3122000000,1919000000,706000000,1473000000,None,3097000000,None,,,,,1.099,1.522,0.663,,,,,,,,0.0335,,None,2025-11-07,quarterly,0.08,USD,pre-market,860000000,9134000000,0.0124,0.0759,-0.055,14.26,None,25199000000,169000000,98000000,11.64,9.92,-42.8571,43041000000,32800000000,5597000000,34926000000,10241000000,29329000000,24817000000,7985000000,19.67,None,14.27,9.0
2025-12-28,CNH,0.48,17814000000.0,19.67,None,1.395,6.2,,231000000,3925000000,3925000000,,,,,,,,,25000000,1355000000,None,19776000000,19776000000,4048000000,None,None,21992000000,None,None,1262000000,,0.25,0.0266,,,,-0.75,-0.06,1015000000,2277000000,0.14,2023-06-30,17.27,3490000000,3390000000.0,5041000000,-9000000,298000000,1229000000,1229000000,None,1024000000,None,6411000000,None,None,24870000000,None,405000000,-252000000,None,None,None,0.0336,,3122000000,1919000000,23206000000,1303000000,None,2955000000,None,,,,,1.099,1.522,0.663,,,,,,,,0.0335,,None,2025-11-07,quarterly,0.08,USD,pre-market,860000000,8567000000,0.0124,0.0759,-0.055,14.26,None,25101000000,2184000000,102000000,11.64,9.92,-42.8571,42687000000,32328000000,5905000000,35057000000,10359000000,29152000000,24817000000,7500000000,19.67,None,14.27,9.0
2025-12-28,CNH,0.48,17814000000.0,19.67,None,1.395,6.2,,220000000,4005000000,4005000000,,,,,,,,,25000000,1359000000,None,19776000000,19776000000,3954000000,None,None,20388000000,None,None,1262000000,,0.25,0.0266,,,,-0.75,-0.06,1015000000,2277000000,0.14,2023-03-31,17.27,3514000000,3390000000.0,5041000000,-9000000,298000000,1199000000,1199000000,None,1024000000,None,5983000000,None,None,23552000000,None,357000000,-252000000,None,None,None,0.0336,,3122000000,1919000000,21637000000,1197000000,None,2661000000,None,,,,,1.099,1.522,0.663,,,,,,,,0.0335,,None,2025-11-07,quarterly,0.08,USD,pre-market,860000000,8388000000,0.0124,0.0759,-0.055,14.26,None,23772000000,1912000000,79000000,11.64,9.92,-42.8571,40566000000,30376000000,5665000000,33115000000,10190000000,27450000000,24817000000,7324000000,19.67,None,14.27,9.0
2025-12-28,CNH,0.48,17814000000.0,19.67,None,1.395,6.2,,None,5129000000,5129000000,,,,,,,,,25000000,1361000000,None,19776000000,19776000000,3858000000,None,None,19730000000,None,None,1262000000,,0.25,0.0266,,,,-0.75,-0.06,1015000000,2277000000,0.14,2022-12-31,17.27,3322000000,3390000000.0,5041000000,-9000000,298000000,1129000000,1129000000,None,1024000000,None,4811000000,None,None,None,None,None,-252000000,None,None,None,0.0336,,3122000000,1919000000,21087000000,1235000000,None,None,None,,,,,1.099,1.522,0.663,,,,,,,,0.0335,,None,2025-11-07,quarterly,0.08,None,pre-market,860000000,7906000000,0.0124,0.0759,-0.055,14.26,None,23190000000,9807000000,105000000,11.64,9.92,-42.8571,39381000000,29670000000,15406000000,32405000000,9711000000,16999000000,24817000000,6927000000,19.67,None,14.27,9.0
2025-12-28,CNH,0.48,17814000000.0,19.67,None,1.395,6.2,,None,3814000000,3814000000,,,,,,,,,25000000,1355000000,None,19776000000,19776000000,3407000000,None,None,17325000000,None,None,1262000000,,0.25,0.0266,,,,-0.75,-0.06,1015000000,2277000000,0.14,2022-09-30,17.27,3233000000,3390000000.0,5041000000,-9000000,298000000,1158000000,1158000000,None,1024000000,None,5362000000,None,None,None,None,None,-252000000,None,None,None,0.0336,,3122000000,1919000000,18501000000,873000000,None,None,None,,,,,1.099,1.522,0.663,,,,,,,,0.0335,,None,2025-11-07,quarterly,0.08,None,pre-market,860000000,7307000000,0.0124,0.0759,-0.055,14.26,None,21137000000,1714000000,146000000,11.64,9.92,-42.8571,35844000000,26501000000,4631000000,29435000000,9343000000,24804000000,24817000000,6354000000,19.67,None,14.27,9.0
2025-12-28,CNH,0.48,17814000000.0,19.67,None,1.395,6.2,,None,3584000000,3584000000,,,,,,,,,25000000,1360000000,None,19776000000,19776000000,3676000000,None,None,17005000000,None,None,1262000000,,0.25,0.0266,,,,-0.75,-0.06,1015000000,2277000000,0.14,2022-06-30,17.27,3259000000,3390000000.0,5041000000,-9000000,298000000,1176000000,1176000000,None,1024000000,None,5473000000,None,None,None,None,None,-252000000,None,None,None,0.0336,,3122000000,1919000000,None,909000000,None,None,None,,,,,1.099,1.522,0.663,,,,,,,,0.0335,,None,2025-11-07,quarterly,0.08,None,pre-market,860000000,6751000000,0.0124,0.0759,-0.055,14.26,None,21044000000,1646000000,None,11.64,9.92,-42.8571,35648000000,26062000000,5031000000,29805000000,9586000000,24774000000,24817000000,5788000000,19.67,None,14.27,9.0
2025-12-28,CNH,0.48,17814000000.0,19.67,None,1.395,6.2,,None,4061000000,4061000000,,,,,,,,,25000000,1362000000,None,19776000000,19776000000,3767000000,None,None,16599000000,None,None,1262000000,,0.25,0.0266,,,,-0.75,-0.06,1015000000,2277000000,0.14,2022-03-31,17.27,3216000000,3390000000.0,5041000000,-9000000,298000000,1179000000,1179000000,None,1024000000,None,5427000000,None,None,None,None,None,-252000000,None,None,None,0.0336,,3122000000,1919000000,None,942000000,None,None,None,,,,,1.099,1.522,0.663,,,,,,,,0.0335,,None,2025-11-07,quarterly,0.08,None,pre-market,860000000,6615000000,0.0124,0.0759,-0.055,14.26,None,21527000000,1634000000,None,11.64,9.92,-42.8571,36485000000,26087000000,5341000000,30829000000,10398000000,25488000000,24817000000,5602000000,19.67,None,14.27,9.0
2025-12-28,CNH,0.48,17814000000.0,19.67,None,1.395,6.2,,None,5845000000,5845000000,,,,,,,,,25000000,1354295000,None,19776000000,19776000000,4032000000,None,None,15568000000,None,None,1262000000,,0.25,0.0266,,,,-0.75,-0.06,1015000000,2277000000,0.14,2021-12-31,17.27,3210000000,3390000000.0,5041000000,-9000000,298000000,1207000000,1207000000,None,1024000000,None,4216000000,None,None,None,None,None,-252000000,None,None,None,0.0336,,3122000000,1919000000,None,872000000,None,None,None,,,,,1.099,1.522,0.663,,,,,,,,0.0335,,None,2025-11-07,quarterly,0.08,None,pre-market,860000000,4818000000,0.0124,0.0759,-0.055,14.26,None,21093000000,10191000000,None,11.64,9.92,-42.8571,49416000000,25629000000,5808000000,42563000000,23787000000,36755000000,24817000000,6778000000,19.67,None,14.27,9.0
2025-12-28,CNH,0.48,17814000000.0,19.67,None,1.395,6.2,,282000000,3866000000,3866000000,,,,,,,,,25000000,1260000000,None,19776000000,19776000000,2354000000,None,10838000000,23378000000,None,None,1262000000,,0.25,0.0266,,,,-0.75,-0.06,1015000000,2277000000,0.14,2024-12-31,17.27,3584000000,3390000000.0,5041000000,-9000000,298000000,1221000000,1221000000,None,1024000000,None,4776000000,None,None,16044000000,None,490000000,-252000000,None,None,None,0.0336,,3122000000,1919000000,24921000000,1536000000,None,3053000000,None,,,,,1.099,1.522,0.663,,,,,,,,0.0335,,3677000000,2025-11-07,annual,0.08,USD,pre-market,860000000,10309000000,0.0124,0.0759,-0.055,14.26,None,27164000000,86000000,None,11.64,9.92,-42.8571,42933000000,32020000000,3976000000,35165000000,10913000000,31189000000,24817000000,7651000000,19.67,None,14.27,9.0
2025-12-28,CNH,0.48,17814000000.0,19.67,None,1.395,6.2,,300000000,5045000000,5045000000,,,,,,,,,25000000,1350000000,None,19776000000,19776000000,3757000000,None,11477000000,24762000000,None,None,1262000000,,0.25,0.0266,,,,-0.75,-0.06,1015000000,2277000000,0.14,2023-12-31,17.27,3614000000,3390000000.0,5041000000,-9000000,298000000,1292000000,1292000000,None,1024000000,None,5545000000,None,None,15849000000,None,563000000,-252000000,None,None,None,0.0336,,3122000000,1919000000,26301000000,1470000000,None,3374000000,None,,,,,1.099,1.522,0.663,,,,,,,,0.0335,,3627000000,2025-11-07,annual,0.08,USD,pre-market,860000000,9654000000,0.0124,0.0759,-0.055,14.26,None,27626000000,11899000000,220000000,11.64,9.92,-42.8571,46267000000,35352000000,5931000000,38117000000,10915000000,32186000000,24817000000,8030000000,19.67,None,14.27,9.0
2025-12-28,CNH,0.48,17814000000.0,19.67,None,1.395,6.2,,228000000,5129000000,5129000000,,,,,,,,,25000000,1362000000,None,19776000000,19776000000,3858000000,None,None,19730000000,None,None,1262000000,,0.25,0.0266,,,,-0.75,-0.06,1015000000,2277000000,0.14,2022-12-31,17.27,3322000000,3390000000.0,5041000000,-9000000,298000000,1129000000,1129000000,None,1024000000,None,4811000000,None,None,22962000000,None,385000000,-252000000,None,None,None,0.0336,,3122000000,1919000000,21087000000,1235000000,None,2536000000,None,,,,,1.099,1.522,0.663,,,,,,,,0.0335,,3259000000,2025-11-07,annual,0.08,USD,pre-market,860000000,7906000000,0.0124,0.0759,-0.055,14.26,None,23190000000,9807000000,105000000,11.64,9.92,-42.8571,39381000000,29670000000,15406000000,32405000000,9711000000,16999000000,24817000000,6927000000,19.67,None,14.27,9.0
2025-12-28,CNH,0.48,17814000000.0,19.67,None,1.395,6.2,,196000000,5044000000,5044000000,,,,,,,,,25000000,1361000000,None,19776000000,19776000000,3530000000,None,10062000000,15568000000,None,None,1262000000,,0.25,0.0266,,,,-0.75,-0.06,1015000000,2277000000,0.14,2021-12-31,17.27,3210000000,3390000000.0,5041000000,-9000000,298000000,1207000000,1207000000,None,1024000000,None,4216000000,None,None,20897000000,None,333000000,-252000000,None,None,None,0.0336,,3122000000,1919000000,14347000000,3437000000,None,2543000000,None,,,,,1.099,1.522,0.663,,,,,,,,0.0335,,None,2025-11-07,annual,0.08,USD,pre-market,860000000,4818000000,0.0124,0.0759,-0.055,14.26,None,31155000000,10062000000,76000000,11.64,9.92,-42.8571,49416000000,39175000000,17720000000,42563000000,10241000000,24843000000,24817000000,6778000000,19.67,None,14.27,9.0
2025-12-28,CNH,0.48,17814000000.0,19.67,None,1.395,6.2,,453000000,9629000000,9629000000,,,,,,,,,25000000,1369444444,None,19776000000,19776000000,6357000000,None,11542000000,18963000000,None,None,1262000000,,0.25,0.0266,,,,-0.75,-0.06,1015000000,2277000000,0.14,2020-12-31,17.27,1924000000,3390000000.0,5041000000,-9000000,298000000,772000000,772000000,None,1024000000,None,6022000000,None,None,26053000000,None,921000000,-252000000,None,None,None,0.0336,,3122000000,1919000000,20662000000,1353000000,None,3419000000,None,,,,,1.099,1.522,0.663,,,,,,,,0.0335,,None,2025-11-07,annual,0.08,USD,pre-market,860000000,3279000000,0.0124,0.0759,-0.055,14.26,None,26506000000,11675000000,469000000,11.64,9.92,-42.8571,48719000000,34614000000,20039000000,43690000000,14105000000,23651000000,24817000000,4907000000,19.67,None,14.27,9.0
2025-12-28,CNH,0.48,17814000000.0,19.67,None,1.395,6.2,,None,5773000000,5773000000,,,,,,,,,25000000,1354000000,None,19776000000,19776000000,5632000000,None,10473000000,19844000000,None,None,1262000000,,0.25,0.0266,,,,-0.75,-0.06,1015000000,2277000000,0.14,2019-12-31,17.27,2538000000,3390000000.0,5041000000,-9000000,298000000,806000000,806000000,None,1024000000,None,7082000000,None,None,None,None,None,-252000000,None,None,None,0.0336,,3122000000,1919000000,21042000000,1201000000,None,None,None,,,,,1.099,1.522,0.663,,,,,,,,0.0335,,None,2025-11-07,annual,0.08,USD,pre-market,860000000,3808000000,0.0124,0.0759,-0.055,14.26,None,25303000000,10599000000,44000000,11.64,9.92,-42.8571,47352000000,32699000000,18128000000,41196000000,14653000000,23068000000,24817000000,6081000000,19.67,None,14.27,9.0
2025-12-28,CNH,0.48,17814000000.0,19.67,None,1.395,6.2,,None,5803000000,5803000000,,,,,,,,,25000000,1361000000,None,19776000000,19776000000,5889000000,None,None,19566000000,None,None,1262000000,,0.25,0.0266,,,,-0.75,-0.06,1015000000,2277000000,0.14,2018-12-31,17.27,2453000000,3390000000.0,5041000000,-9000000,298000000,788000000,788000000,None,1024000000,None,6726000000,None,None,None,None,None,-252000000,None,None,None,0.0336,,3122000000,1919000000,None,1289000000,None,None,None,,,,,1.099,1.522,0.663,,,,,,,,0.0335,,None,2025-11-07,annual,0.08,None,pre-market,860000000,2596000000,0.0124,0.0759,-0.055,14.26,None,24445000000,10447000000,None,11.64,9.92,-42.8571,46100000000,32095000000,18310000000,41002000000,14005000000,22692000000,24817000000,5043000000,19.67,None,14.27,9.0
2025-12-28,CNH,0.48,17814000000.0,19.67,None,1.395,6.2,,None,6200000000,6200000000,,,,,,,,,25000000,1367000000,None,19776000000,19776000000,6060000000,None,None,20291000000,None,None,1262000000,,0.25,0.0266,,,,-0.75,-0.06,1015000000,2277000000,0.14,2017-12-31,17.27,2472000000,3390000000.0,5041000000,-9000000,298000000,792000000,792000000,None,1024000000,None,6452000000,None,None,None,None,None,-252000000,None,None,None,0.0336,,3122000000,1919000000,None,1362000000,None,None,None,,,,,1.099,1.522,0.663,,,,,,,,0.0335,,None,2025-11-07,annual,0.08,None,pre-market,860000000,1763000000,0.0124,0.0759,-0.055,14.26,None,25895000000,1000000,None,11.64,9.92,-42.8571,48298000000,32943000000,8187000000,44041000000,15355000000,35854000000,24817000000,4224000000,19.67,None,14.27,9.0
2025-12-28,CNH,0.48,17814000000.0,19.67,None,1.395,6.2,,None,5854000000,5854000000,,,,,,,,,25000000,1362000000,None,19776000000,19776000000,5185000000,None,None,19285000000,None,None,1262000000,,0.25,0.0266,,,,-0.75,-0.06,1015000000,2277000000,0.14,2016-12-31,17.27,2449000000,3390000000.0,5041000000,-9000000,298000000,787000000,787000000,None,1024000000,None,5609000000,None,None,None,None,None,-252000000,None,None,None,0.0336,,3122000000,1919000000,None,1267000000,None,None,None,,,,,1.099,1.522,0.663,,,,,,,,0.0335,,None,2025-11-07,annual,0.08,None,pre-market,860000000,1787000000,0.0124,0.0759,-0.055,14.26,None,25276000000,10279000000,None,11.64,9.92,-42.8571,45547000000,30748000000,17445000000,41075000000,14799000000,23630000000,24817000000,4444000000,19.67,None,14.27,9.0
2025-12-28,CNH,0.48,17814000000.0,19.67,None,1.395,6.2,186000000,None,5854000000,5854000000,-373000000,-466000000,None,None,-41000000,None,None,None,25000000,1362000000,None,19776000000,19776000000,5185000000,None,None,19285000000,None,None,1262000000,159000000,0.25,0.0266,1000000,1000000,None,-0.75,-0.06,1015000000,2277000000,0.14,2025-09-30,17.27,2449000000,3390000000.0,5041000000,-9000000,298000000,787000000,787000000,None,1024000000,None,5609000000,None,None,None,None,None,67000000,None,None,None,0.0336,659000000,3122000000,1919000000,None,1267000000,None,None,None,None,None,None,None,1.099,1.522,0.663,None,None,None,None,None,-55000000,None,0.0335,None,None,2025-11-07,quarterly,0.08,USD,pre-market,860000000,1787000000,0.0124,0.0759,-0.055,14.26,None,25276000000,10279000000,None,11.64,9.92,-42.8571,45547000000,30748000000,17445000000,41075000000,14799000000,23630000000,24817000000,4444000000,19.67,None,14.27,9.0
2025-12-28,CNH,0.48,17814000000.0,19.67,None,1.395,6.2,252000000,None,5854000000,5854000000,161000000,-342000000,None,None,141000000,None,None,None,25000000,1362000000,None,19776000000,19776000000,5185000000,None,None,19285000000,None,None,1262000000,156000000,0.25,0.0266,320000000,320000000,None,-0.75,-0.06,1015000000,2277000000,0.14,2025-06-30,17.27,2449000000,3390000000.0,5041000000,-9000000,298000000,787000000,787000000,None,1024000000,None,5609000000,None,None,None,None,None,217000000,None,None,None,0.0336,772000000,3122000000,1919000000,None,1267000000,None,None,None,None,None,None,None,1.099,1.522,0.663,None,None,None,None,None,5000000,None,0.0335,None,None,2025-11-07,quarterly,0.08,USD,pre-market,860000000,1787000000,0.0124,0.0759,-0.055,14.26,None,25276000000,10279000000,None,11.64,9.92,-42.8571,45547000000,30748000000,17445000000,41075000000,14799000000,23630000000,24817000000,4444000000,19.67,None,14.27,9.0
2025-12-28,CNH,0.48,17814000000.0,19.67,None,1.395,6.2,264000000,None,5854000000,5854000000,-1422000000,-280000000,None,None,-192000000,None,None,None,25000000,1362000000,None,19776000000,19776000000,5185000000,None,None,19285000000,None,None,1262000000,150000000,0.25,0.0266,1000000,1000000,None,-0.75,-0.06,1015000000,2277000000,0.14,2025-03-31,17.27,2449000000,3390000000.0,5041000000,-9000000,298000000,787000000,787000000,None,1024000000,None,5609000000,None,None,None,None,None,132000000,None,None,None,0.0336,162000000,3122000000,1919000000,None,1267000000,None,None,None,None,None,None,None,1.099,1.522,0.663,None,None,None,None,None,-5000000,None,0.0335,None,None,2025-11-07,quarterly,0.08,USD,pre-market,860000000,1787000000,0.0124,0.0759,-0.055,14.26,None,25276000000,10279000000,None,11.64,9.92,-42.8571,45547000000,30748000000,17445000000,41075000000,14799000000,23630000000,24817000000,4444000000,19.67,None,14.27,9.0
2025-12-28,CNH,0.48,17814000000.0,19.67,None,1.395,6.2,475000000,None,5854000000,5854000000,929000000,-995000000,None,None,1043000000,None,None,None,25000000,1362000000,None,19776000000,19776000000,5185000000,None,None,19285000000,None,None,1262000000,151000000,0.25,0.0266,7000000,7000000,None,-0.75,-0.06,1015000000,2277000000,0.14,2024-12-31,17.27,2449000000,3390000000.0,5041000000,-9000000,298000000,787000000,787000000,None,1024000000,None,5609000000,None,None,None,None,None,176000000,None,None,None,0.0336,1692000000,3122000000,1919000000,None,1267000000,None,None,None,None,None,None,None,1.099,1.522,0.663,None,None,None,None,None,-13000000,None,0.0335,None,None,2025-11-07,quarterly,0.08,USD,pre-market,860000000,1787000000,0.0124,0.0759,-0.055,14.26,None,25276000000,10279000000,None,11.64,9.92,-42.8571,45547000000,30748000000,17445000000,41075000000,14799000000,23630000000,24817000000,4444000000,19.67,None,14.27,9.0
2025-12-28,CNH,0.48,17814000000.0,19.67,None,1.395,6.2,291000000,None,5854000000,5854000000,-176000000,-848000000,None,None,239000000,None,None,None,25000000,1362000000,None,19776000000,19776000000,5185000000,None,None,19285000000,None,None,1262000000,155000000,0.25,0.0266,6000000,6000000,None,-0.75,-0.06,1015000000,2277000000,0.14,2024-09-30,17.27,2449000000,3390000000.0,5041000000,-9000000,298000000,787000000,787000000,None,1024000000,None,5609000000,None,None,None,None,None,310000000,None,None,None,0.0336,791000000,3122000000,1919000000,None,1267000000,None,None,None,None,None,None,None,1.099,1.522,0.663,None,None,None,None,None,-48000000,None,0.0335,None,None,2025-11-07,quarterly,0.08,USD,pre-market,860000000,1787000000,0.0124,0.0759,-0.055,14.26,None,25276000000,10279000000,None,11.64,9.92,-42.8571,45547000000,30748000000,17445000000,41075000000,14799000000,23630000000,24817000000,4444000000,19.67,None,14.27,9.0
2025-12-28,CNH,0.48,17814000000.0,19.67,None,1.395,6.2,218000000,None,5854000000,5854000000,-1139000000,-510000000,None,None,186000000,None,None,None,25000000,1362000000,None,19776000000,19776000000,5185000000,None,None,19285000000,None,None,1262000000,151000000,0.25,0.0266,593000000,593000000,None,-0.75,-0.06,1015000000,2277000000,0.14,2024-06-30,17.27,2449000000,3390000000.0,5041000000,-9000000,298000000,787000000,787000000,None,1024000000,None,5609000000,None,None,None,None,None,404000000,None,None,None,0.0336,379000000,3122000000,1919000000,None,1267000000,None,None,None,None,None,None,None,1.099,1.522,0.663,None,None,None,None,None,-60000000,None,0.0335,None,None,2025-11-07,quarterly,0.08,USD,pre-market,860000000,1787000000,0.0124,0.0759,-0.055,14.26,None,25276000000,10279000000,None,11.64,9.92,-42.8571,45547000000,30748000000,17445000000,41075000000,14799000000,23630000000,24817000000,4444000000,19.67,None,14.27,9.0
2025-12-28,CNH,0.48,17814000000.0,19.67,None,1.395,6.2,202000000,None,5854000000,5854000000,319000000,-419000000,None,None,-681000000,None,None,None,25000000,1362000000,None,19776000000,19776000000,5185000000,None,None,19285000000,None,None,1262000000,148000000,0.25,0.0266,1000000,1000000,None,-0.75,-0.06,1015000000,2277000000,0.14,2024-03-31,17.27,2449000000,3390000000.0,5041000000,-9000000,298000000,787000000,787000000,None,1024000000,None,5609000000,None,None,None,None,None,369000000,None,None,None,0.0336,-894000000,3122000000,1919000000,None,1267000000,None,None,None,None,None,None,None,1.099,1.522,0.663,None,None,None,None,None,-581000000,None,0.0335,None,None,2025-11-07,quarterly,0.08,USD,pre-market,860000000,1787000000,0.0124,0.0759,-0.055,14.26,None,25276000000,10279000000,None,11.64,9.92,-42.8571,45547000000,30748000000,17445000000,41075000000,14799000000,23630000000,24817000000,4444000000,19.67,None,14.27,9.0
2025-12-28,CNH,0.48,17814000000.0,19.67,None,1.395,6.2,410000000,None,5854000000,5854000000,1391000000,-1657000000,None,None,1184000000,None,None,None,25000000,1362000000,None,19776000000,19776000000,5185000000,None,None,19285000000,None,None,1262000000,148000000,0.25,0.0266,7000000,7000000,None,-0.75,-0.06,1015000000,2277000000,0.14,2023-12-31,17.27,2449000000,3390000000.0,5041000000,-9000000,298000000,787000000,787000000,None,1024000000,None,5609000000,None,None,None,None,None,617000000,None,None,None,0.0336,1515000000,3122000000,1919000000,None,1267000000,None,None,None,None,None,None,None,1.099,1.522,0.663,None,None,None,None,None,-428000000,None,0.0335,None,None,2025-11-07,quarterly,0.08,USD,pre-market,860000000,1787000000,0.0124,0.0759,-0.055,14.26,None,25276000000,10279000000,None,11.64,9.92,-42.8571,45547000000,30748000000,17445000000,41075000000,14799000000,23630000000,24817000000,4444000000,19.67,None,14.27,9.0
2025-12-28,CNH,0.48,17814000000.0,19.67,None,1.395,6.2,324000000,None,5854000000,5854000000,370000000,-795000000,None,None,-64000000,None,None,None,25000000,1362000000,None,19776000000,19776000000,5185000000,None,None,19285000000,None,None,1262000000,146000000,0.25,0.0266,2000000,2000000,None,-0.75,-0.06,1015000000,2277000000,0.14,2023-09-30,17.27,2449000000,3390000000.0,5041000000,-9000000,298000000,787000000,787000000,None,1024000000,None,5609000000,None,None,None,None,None,508000000,None,None,None,0.0336,232000000,3122000000,1919000000,None,1267000000,None,None,None,None,None,None,None,1.099,1.522,0.663,None,None,None,None,None,-55000000,None,0.0335,None,None,2025-11-07,quarterly,0.08,USD,pre-market,860000000,1787000000,0.0124,0.0759,-0.055,14.26,None,25276000000,10279000000,None,11.64,9.92,-42.8571,45547000000,30748000000,17445000000,41075000000,14799000000,23630000000,24817000000,4444000000,19.67,None,14.27,9.0
2025-12-28,CNH,0.48,17814000000.0,19.67,None,1.395,6.2,264000000,None,5854000000,5854000000,534000000,-498000000,None,None,-322000000,None,None,None,25000000,1362000000,None,19776000000,19776000000,5185000000,None,None,19285000000,None,None,1262000000,138000000,0.25,0.0266,528000000,528000000,None,-0.75,-0.06,1015000000,2277000000,0.14,2023-06-30,17.27,2449000000,3390000000.0,5041000000,-9000000,298000000,787000000,787000000,None,1024000000,None,5609000000,None,None,None,None,None,710000000,None,None,None,0.0336,-139000000,3122000000,1919000000,None,1267000000,None,None,None,None,None,None,None,1.099,1.522,0.663,None,None,None,None,None,-98000000,None,0.0335,None,None,2025-11-07,quarterly,0.08,USD,pre-market,860000000,1787000000,0.0124,0.0759,-0.055,14.26,None,25276000000,10279000000,None,11.64,9.92,-42.8571,45547000000,30748000000,17445000000,41075000000,14799000000,23630000000,24817000000,4444000000,19.67,None,14.27,9.0
2025-12-28,CNH,0.48,17814000000.0,19.67,None,1.395,6.2,197000000,None,5854000000,5854000000,303000000,-749000000,None,None,-1057000000,None,None,None,25000000,1362000000,None,19776000000,19776000000,5185000000,None,None,19285000000,None,None,1262000000,132000000,0.25,0.0266,1000000,1000000,None,-0.75,-0.06,1015000000,2277000000,0.14,2023-03-31,17.27,2449000000,3390000000.0,5041000000,-9000000,298000000,787000000,787000000,None,1024000000,None,5609000000,None,None,None,None,None,486000000,None,None,None,0.0336,-701000000,3122000000,1919000000,None,1267000000,None,None,None,None,None,None,None,1.099,1.522,0.663,None,None,None,None,None,-71000000,None,0.0335,None,None,2025-11-07,quarterly,0.08,USD,pre-market,860000000,1787000000,0.0124,0.0759,-0.055,14.26,None,25276000000,10279000000,None,11.64,9.92,-42.8571,45547000000,30748000000,17445000000,41075000000,14799000000,23630000000,24817000000,4444000000,19.67,None,14.27,9.0
2025-12-28,CNH,0.48,17814000000.0,19.67,None,1.395,6.2,386000000,None,5854000000,5854000000,1162000000,-1419000000,None,None,970000000,None,None,None,25000000,1362000000,None,19776000000,19776000000,5185000000,None,None,19285000000,None,None,1262000000,128000000,0.25,0.0266,7000000,7000000,None,-0.75,-0.06,1015000000,2277000000,0.14,2022-12-31,17.27,2449000000,3390000000.0,5041000000,-9000000,298000000,787000000,787000000,None,1024000000,None,5609000000,None,None,None,None,None,592000000,None,None,None,0.0336,1443000000,3122000000,1919000000,None,1267000000,None,None,None,None,None,None,None,1.099,1.522,0.663,None,None,None,None,None,-153000000,None,0.0335,None,None,2025-11-07,quarterly,0.08,None,pre-market,860000000,1787000000,0.0124,0.0759,-0.055,14.26,None,25276000000,10279000000,None,11.64,9.92,-42.8571,45547000000,30748000000,17445000000,41075000000,14799000000,23630000000,24817000000,4444000000,19.67,None,14.27,9.0
2025-12-28,CNH,0.48,17814000000.0,19.67,None,1.395,6.2,222000000,None,5854000000,5854000000,730000000,-590000000,None,None,43000000,None,None,None,25000000,1362000000,None,19776000000,19776000000,5185000000,None,None,19285000000,None,None,1262000000,135000000,0.25,0.0266,1000000,1000000,None,-0.75,-0.06,1015000000,2277000000,0.14,2022-09-30,17.27,2449000000,3390000000.0,5041000000,-9000000,298000000,787000000,787000000,None,1024000000,None,5609000000,None,None,None,None,None,559000000,None,None,None,0.0336,272000000,3122000000,1919000000,None,1267000000,None,None,None,None,None,None,None,1.099,1.522,0.663,None,None,None,None,None,-76000000,None,0.0335,None,None,2025-11-07,quarterly,0.08,USD,pre-market,860000000,1787000000,0.0124,0.0759,-0.055,14.26,None,25276000000,10279000000,None,11.64,9.92,-42.8571,45547000000,30748000000,17445000000,41075000000,14799000000,23630000000,24817000000,4444000000,19.67,None,14.27,9.0
2025-12-28,CNH,0.48,17814000000.0,19.67,None,1.395,6.2,214000000,None,5854000000,5854000000,7000000,-21000000,None,None,-179000000,None,None,None,25000000,1362000000,None,19776000000,19776000000,5185000000,None,None,19285000000,None,None,1262000000,135000000,0.25,0.0266,414000000,414000000,None,-0.75,-0.06,1015000000,2277000000,0.14,2022-06-30,17.27,2449000000,3390000000.0,5041000000,-9000000,298000000,787000000,787000000,None,1024000000,None,5609000000,None,None,None,None,None,552000000,None,None,None,0.0336,-271000000,3122000000,1919000000,None,1267000000,None,None,None,None,None,None,None,1.099,1.522,0.663,None,None,None,None,None,-20000000,None,0.0335,None,None,2025-11-07,quarterly,0.08,None,pre-market,860000000,1787000000,0.0124,0.0759,-0.055,14.26,None,25276000000,10279000000,None,11.64,9.92,-42.8571,45547000000,30748000000,17445000000,41075000000,14799000000,23630000000,24817000000,4444000000,19.67,None,14.27,9.0
2025-12-28,CNH,0.48,17814000000.0,19.67,None,1.395,6.2,177000000,None,5854000000,5854000000,65000000,-979000000,None,None,-985000000,None,None,None,25000000,1362000000,None,19776000000,19776000000,5185000000,None,None,19285000000,None,None,1262000000,137000000,0.25,0.0266,1000000,1000000,None,-0.75,-0.06,1015000000,2277000000,0.14,2022-03-31,17.27,2449000000,3390000000.0,5041000000,-9000000,298000000,787000000,787000000,None,1024000000,None,5609000000,None,None,None,None,None,336000000,None,None,None,0.0336,-887000000,3122000000,1919000000,None,1267000000,None,None,None,None,None,None,None,1.099,1.522,0.663,None,None,None,None,None,-20000000,None,0.0335,None,None,2025-11-07,quarterly,0.08,None,pre-market,860000000,1787000000,0.0124,0.0759,-0.055,14.26,None,25276000000,10279000000,None,11.64,9.92,-42.8571,45547000000,30748000000,17445000000,41075000000,14799000000,23630000000,24817000000,4444000000,19.67,None,14.27,9.0
2025-12-28,CNH,0.48,17814000000.0,19.67,None,1.395,6.2,781000000,None,5854000000,5854000000,247000000,-3415000000,None,None,706000000,None,None,None,25000000,1362000000,None,19776000000,19776000000,5185000000,None,None,19285000000,None,None,1262000000,291000000,0.25,0.0266,4000000,4000000,None,-0.75,-0.06,1015000000,2277000000,0.14,2021-12-31,17.27,2449000000,3390000000.0,5041000000,-9000000,298000000,787000000,787000000,None,1024000000,None,5609000000,None,None,None,None,None,307000000,None,None,None,0.0336,2190000000,3122000000,1919000000,None,1267000000,None,None,None,None,None,None,None,1.099,1.522,0.663,None,None,None,None,None,None,None,0.0335,None,None,2025-11-07,quarterly,0.08,None,pre-market,860000000,1787000000,0.0124,0.0759,-0.055,14.26,None,25276000000,10279000000,None,11.64,9.92,-42.8571,45547000000,30748000000,17445000000,41075000000,14799000000,23630000000,24817000000,4444000000,19.67,None,14.27,9.0
2025-12-28,CNH,0.48,17814000000.0,19.67,None,1.395,6.2,1186000000,None,5854000000,5854000000,-67000000,-2772000000,None,None,787000000,None,None,None,25000000,1362000000,None,19776000000,19776000000,5185000000,None,None,19285000000,None,None,1262000000,605000000,0.25,0.0266,607000000,607000000,None,-0.75,-0.06,1015000000,2277000000,0.14,2024-12-31,17.27,2449000000,3390000000.0,5041000000,-9000000,298000000,787000000,787000000,None,1024000000,None,5609000000,None,None,None,None,None,1259000000,None,None,None,0.0336,1968000000,3122000000,1919000000,None,1267000000,None,None,None,None,None,None,None,1.099,1.522,0.663,None,None,None,None,None,-702000000,None,0.0335,None,None,2025-11-07,annual,0.08,USD,pre-market,860000000,1787000000,0.0124,0.0759,-0.055,14.26,None,25276000000,10279000000,None,11.64,9.92,-42.8571,45547000000,30748000000,17445000000,41075000000,14799000000,23630000000,24817000000,4444000000,19.67,None,14.27,9.0
2025-12-28,CNH,0.48,17814000000.0,19.67,None,1.395,6.2,1195000000,None,5854000000,5854000000,2598000000,-3699000000,None,None,-259000000,None,None,None,25000000,1362000000,None,19776000000,19776000000,5185000000,None,None,19285000000,None,None,1262000000,564000000,0.25,0.0266,538000000,538000000,None,-0.75,-0.06,1015000000,2277000000,0.14,2023-12-31,17.27,2449000000,3390000000.0,5041000000,-9000000,298000000,787000000,787000000,None,1024000000,None,5609000000,None,None,None,None,None,2287000000,None,None,None,0.0336,907000000,3122000000,1919000000,None,1267000000,None,None,None,None,None,None,None,1.099,1.522,0.663,None,None,None,None,None,-652000000,None,0.0335,None,None,2025-11-07,annual,0.08,USD,pre-market,860000000,1787000000,0.0124,0.0759,-0.055,14.26,None,25276000000,10279000000,None,11.64,9.92,-42.8571,45547000000,30748000000,17445000000,41075000000,14799000000,23630000000,24817000000,4444000000,19.67,None,14.27,9.0
2025-12-28,CNH,0.48,17814000000.0,19.67,None,1.395,6.2,999000000,None,5854000000,5854000000,1964000000,-3009000000,None,None,-151000000,None,None,None,25000000,1362000000,None,19776000000,19776000000,5185000000,None,None,19285000000,None,None,1262000000,535000000,0.25,0.0266,423000000,423000000,None,-0.75,-0.06,1015000000,2277000000,0.14,2022-12-31,17.27,2449000000,3390000000.0,5041000000,-9000000,298000000,787000000,787000000,None,1024000000,None,5609000000,None,None,None,None,None,2039000000,None,None,None,0.0336,557000000,3122000000,1919000000,None,1267000000,None,None,None,None,None,None,None,1.099,1.522,0.663,None,None,None,None,None,-153000000,None,0.0335,None,None,2025-11-07,annual,0.08,USD,pre-market,860000000,1787000000,0.0124,0.0759,-0.055,14.26,None,25276000000,10279000000,None,11.64,9.92,-42.8571,45547000000,30748000000,17445000000,41075000000,14799000000,23630000000,24817000000,4444000000,19.67,None,14.27,9.0
2025-12-28,CNH,0.48,17814000000.0,19.67,None,1.395,6.2,921000000,None,5854000000,5854000000,-1445000000,-5001000000,None,None,-555000000,None,None,None,25000000,1362000000,None,19776000000,19776000000,5185000000,None,None,19285000000,None,None,1262000000,537000000,0.25,0.0266,188000000,188000000,None,-0.75,-0.06,1015000000,2277000000,0.14,2021-12-31,17.27,2449000000,3390000000.0,5041000000,-9000000,298000000,787000000,787000000,None,1024000000,None,5609000000,None,None,None,None,None,1801000000,None,None,None,0.0336,4082000000,3122000000,1919000000,None,1267000000,None,None,None,None,None,None,None,1.099,1.522,0.663,None,None,None,None,None,0,None,0.0335,None,None,2025-11-07,annual,0.08,USD,pre-market,860000000,1787000000,0.0124,0.0759,-0.055,14.26,None,25276000000,10279000000,None,11.64,9.92,-42.8571,45547000000,30748000000,17445000000,41075000000,14799000000,23630000000,24817000000,4444000000,19.67,None,14.27,9.0
2025-12-28,CNH,0.48,17814000000.0,19.67,None,1.395,6.2,846000000,None,5854000000,5854000000,659000000,-2750000000,None,None,1224000000,None,None,None,25000000,1362000000,None,19776000000,19776000000,5185000000,None,None,19285000000,None,None,1262000000,538000000,0.25,0.0266,8000000,8000000,None,-0.75,-0.06,1015000000,2277000000,0.14,2020-12-31,17.27,2449000000,3390000000.0,5041000000,-9000000,298000000,787000000,787000000,None,1024000000,None,5609000000,None,None,None,None,None,-198000000,None,None,None,0.0336,5529000000,3122000000,1919000000,None,1267000000,None,None,None,None,None,None,None,1.099,1.522,0.663,None,None,None,None,None,0,None,0.0335,None,None,2025-11-07,annual,0.08,USD,pre-market,860000000,1787000000,0.0124,0.0759,-0.055,14.26,None,25276000000,10279000000,None,11.64,9.92,-42.8571,45547000000,30748000000,17445000000,41075000000,14799000000,23630000000,24817000000,4444000000,19.67,None,14.27,9.0
2025-12-28,CNH,0.48,17814000000.0,19.67,None,1.395,6.2,1962000000,None,5854000000,5854000000,206000000,-1987000000,None,None,440000000,None,None,None,25000000,1362000000,None,19776000000,19776000000,5185000000,None,None,19285000000,None,None,1262000000,1215000000,0.25,0.0266,283000000,283000000,None,-0.75,-0.06,1015000000,2277000000,0.14,2019-12-31,17.27,2449000000,3390000000.0,5041000000,-9000000,298000000,787000000,787000000,None,1024000000,None,5609000000,None,None,None,None,None,1454000000,None,None,None,0.0336,1826000000,3122000000,1919000000,None,1267000000,None,None,None,None,None,None,None,1.099,1.522,0.663,None,None,None,None,None,None,None,0.0335,None,None,2025-11-07,annual,0.08,USD,pre-market,860000000,1787000000,0.0124,0.0759,-0.055,14.26,None,25276000000,10279000000,None,11.64,9.92,-42.8571,45547000000,30748000000,17445000000,41075000000,14799000000,23630000000,24817000000,4444000000,19.67,None,14.27,9.0
2025-12-28,CNH,0.48,17814000000.0,19.67,None,1.395,6.2,1902000000,None,5854000000,5854000000,-723000000,-1920000000,None,None,112000000,None,None,None,25000000,1362000000,None,19776000000,19776000000,5185000000,None,None,19285000000,None,None,1262000000,1337000000,0.25,0.0266,243000000,243000000,None,-0.75,-0.06,1015000000,2277000000,0.14,2018-12-31,17.27,2449000000,3390000000.0,5041000000,-9000000,298000000,787000000,787000000,None,1024000000,None,5609000000,None,None,None,None,None,1099000000,None,None,None,0.0336,2554000000,3122000000,1919000000,None,1267000000,None,None,None,None,None,None,None,1.099,1.522,0.663,None,None,None,None,None,None,None,0.0335,None,None,2025-11-07,annual,0.08,None,pre-market,860000000,1787000000,0.0124,0.0759,-0.055,14.26,None,25276000000,10279000000,None,11.64,9.92,-42.8571,45547000000,30748000000,17445000000,41075000000,14799000000,23630000000,24817000000,4444000000,19.67,None,14.27,9.0
2025-12-28,CNH,0.48,17814000000.0,19.67,None,1.395,6.2,2235000000,None,5854000000,5854000000,-1045000000,-1869000000,None,None,682000000,None,None,None,25000000,1362000000,None,19776000000,19776000000,5185000000,None,None,19285000000,None,None,1262000000,1350000000,0.25,0.0266,168000000,168000000,None,-0.75,-0.06,1015000000,2277000000,0.14,2017-12-31,17.27,2449000000,3390000000.0,5041000000,-9000000,298000000,787000000,787000000,None,1024000000,None,5609000000,None,None,None,None,None,290000000,None,None,None,0.0336,2865000000,3122000000,1919000000,None,1267000000,None,None,None,None,None,None,None,1.099,1.522,0.663,None,None,None,None,None,None,None,0.0335,None,None,2025-11-07,annual,0.08,None,pre-market,860000000,1787000000,0.0124,0.0759,-0.055,14.26,None,25276000000,10279000000,None,11.64,9.92,-42.8571,45547000000,30748000000,17445000000,41075000000,14799000000,23630000000,24817000000,4444000000,19.67,None,14.27,9.0
2025-12-28,CNH,0.48,17814000000.0,19.67,None,1.395,6.2,2134000000,None,5854000000,5854000000,-1538000000,-1656000000,None,None,769000000,None,None,None,25000000,1362000000,None,19776000000,19776000000,5185000000,None,None,19285000000,None,None,1262000000,1261000000,0.25,0.0266,201000000,201000000,None,-0.75,-0.06,1015000000,2277000000,0.14,2016-12-31,17.27,2449000000,3390000000.0,5041000000,-9000000,298000000,787000000,787000000,None,1024000000,None,5609000000,None,None,None,None,None,-261000000,None,None,None,0.0336,2726000000,3122000000,1919000000,None,1267000000,None,None,None,None,None,None,None,1.099,1.522,0.663,None,None,None,None,None,None,None,0.0335,None,None,2025-11-07,annual,0.08,None,pre-market,860000000,1787000000,0.0124,0.0759,-0.055,14.26,None,25276000000,10279000000,None,11.64,9.92,-42.8571,45547000000,30748000000,17445000000,41075000000,14799000000,23630000000,24817000000,4444000000,19.67,None,14.27,9.0
