date,symbol,eps,revenue_ttm,pe_ratio,accumulateddepreciationamortizationppe,beta,book_value,capitalexpenditures,capitalleaseobligations,cashandcashequivalentsatcarryingvalue,cashandshortterminvestments,cashflowfromfinancing,cashflowfrominvestment,changeincashandcashequivalents,changeinexchangerate,changeininventory,changeinoperatingassets,changeinoperatingliabilities,changeinreceivables,commonstock,commonstocksharesoutstanding,comprehensiveincomenetoftax,costofgoodsandservicessold,costofrevenue,currentaccountspayable,currentdebt,currentlongtermdebt,currentnetreceivables,deferredrevenue,depreciation,depreciationandamortization,depreciationdepletionandamortization,dividend_per_share,dividend_yield,dividendpayout,dividendpayoutcommonstock,dividendpayoutpreferredstock,earnings_growth_yoy,earnings_surprise,ebit,ebitda,estimated_eps,fiscaldateending,forward_pe,goodwill,gross_profit_ttm,grossprofit,incomebeforetax,incometaxexpense,intangibleassets,intangibleassetsexcludinggoodwill,interestanddebtexpense,interestexpense,interestincome,inventory,investmentincomenet,investments,longtermdebt,longtermdebtnoncurrent,longterminvestments,netincome,netincomefromcontinuingoperations,netinterestincome,noninterestincome,operating_margin_ttm,operatingcashflow,operatingexpenses,operatingincome,othercurrentassets,othercurrentliabilities,othernoncurrentassets,othernoncurrentliabilities,othernonoperatingincome,paymentsforoperatingactivities,paymentsforrepurchaseofcommonstock,paymentsforrepurchaseofequity,paymentsforrepurchaseofpreferredstock,peg_ratio,price_to_book,price_to_sales_ttm,proceedsfromissuanceofcommonstock,proceedsfromissuanceoflongtermdebtandcapitalsecuritiesnet,proceedsfromissuanceofpreferredstock,proceedsfromoperatingactivities,proceedsfromrepaymentsofshorttermdebt,proceedsfromrepurchaseofequity,proceedsfromsaleoftreasurystock,profit_margin,profitloss,propertyplantequipment,report_date,report_type,reported_eps,reportedcurrency,reporttime,researchanddevelopment,retainedearnings,return_on_assets_ttm,return_on_equity_ttm,revenue_growth_yoy,revenue_per_share_ttm,sellinggeneralandadministrative,shortlongtermdebttotal,shorttermdebt,shortterminvestments,sma_200,sma_50,surprise_pct,totalassets,totalcurrentassets,totalcurrentliabilities,totalliabilities,totalnoncurrentassets,totalnoncurrentliabilities,totalrevenue,totalshareholderequity,trailing_pe,treasurystock,week_52_high,week_52_low
1996-03-31,COP,,,,,,,,,,,,,,,,,,,,,,,,,,,,,,,,,,,,,,0.08,,,0.32,,,,,,,,,,,,,,,,,,,,,,,,,,,,,,,,,,,,,,,,,,,,,,,,,1996-04-24,,0.4,,pre-market,,,,,,,,,,,,,25.0,,,,,,,,,,,,
1996-06-30,COP,,,,,,,,,,,,,,,,,,,,,,,,,,,,,,,,,,,,,,0.01,,,0.41,,,,,,,,,,,,,,,,,,,,,,,,,,,,,,,,,,,,,,,,,,,,,,,,,1996-07-24,,0.42,,pre-market,,,,,,,,,,,,,2.439,,,,,,,,,,,,
1996-09-30,COP,,,,,,,,,,,,,,,,,,,,,,,,,,,,,,,,,,,,,,0.01,,,0.39,,,,,,,,,,,,,,,,,,,,,,,,,,,,,,,,,,,,,,,,,,,,,,,,,1996-10-23,,0.4,,pre-market,,,,,,,,,,,,,2.5641,,,,,,,,,,,,
1996-12-31,COP,,,,,,,,,,,,,,,,,,,,,,,,,,,,,,,,,,,,,,-0.01,,,0.49,,,,,,,,,,,,,,,,,,,,,,,,,,,,,,,,,,,,,,,,,,,,,,,,,1997-01-23,,0.48,,pre-market,,,,,,,,,,,,,-2.0408,,,,,,,,,,,,
1997-03-31,COP,,,,,,,,,,,,,,,,,,,,,,,,,,,,,,,,,,,,,,-0.01,,,0.48,,,,,,,,,,,,,,,,,,,,,,,,,,,,,,,,,,,,,,,,,,,,,,,,,1997-04-23,,0.47,,pre-market,,,,,,,,,,,,,-2.0833,,,,,,,,,,,,
1997-06-30,COP,,,,,,,,,,,,,,,,,,,,,,,,,,,,,,,,,,,,,,0.02,,,0.39,,,,,,,,,,,,,,,,,,,,,,,,,,,,,,,,,,,,,,,,,,,,,,,,,1997-07-24,,0.41,,pre-market,,,,,,,,,,,,,5.1282,,,,,,,,,,,,
1997-09-30,COP,,,,,,,,,,,,,,,,,,,,,,,,,,,,,,,,,,,,,,0.01,,,0.46,,,,,,,,,,,,,,,,,,,,,,,,,,,,,,,,,,,,,,,,,,,,,,,,,1997-10-22,,0.47,,pre-market,,,,,,,,,,,,,2.1739,,,,,,,,,,,,
1997-12-31,COP,,,,,,,,,,,,,,,,,,,,,,,,,,,,,,,,,,,,,,0.02,,,0.38,,,,,,,,,,,,,,,,,,,,,,,,,,,,,,,,,,,,,,,,,,,,,,,,,1998-01-26,,0.4,,pre-market,,,,,,,,,,,,,5.2632,,,,,,,,,,,,
1998-03-31,COP,,,,,,,,,,,,,,,,,,,,,,,,,,,,,,,,,,,,,,0.04,,,0.29,,,,,,,,,,,,,,,,,,,,,,,,,,,,,,,,,,,,,,,,,,,,,,,,,1998-04-23,,0.33,,pre-market,,,,,,,,,,,,,13.7931,,,,,,,,,,,,
1998-06-30,COP,,,,,,,,,,,,,,,,,,,,,,,,,,,,,,,,,,,,,,0.02,,,0.28,,,,,,,,,,,,,,,,,,,,,,,,,,,,,,,,,,,,,,,,,,,,,,,,,1998-07-23,,0.3,,pre-market,,,,,,,,,,,,,7.1429,,,,,,,,,,,,
1998-09-30,COP,,,,,,,,,,,,,,,,,,,,,,,,,,,,,,,,,,,,,,-0.03,,,0.16,,,,,,,,,,,,,,,,,,,,,,,,,,,,,,,,,,,,,,,,,,,,,,,,,1998-10-22,,0.13,,pre-market,,,,,,,,,,,,,-18.75,,,,,,,,,,,,
1998-12-31,COP,,,,,,,,,,,,,,,,,,,,,,,,,,,,,,,,,,,,,,-0.415,,,0.02,,,,,,,,,,,,,,,,,,,,,,,,,,,,,,,,,,,,,,,,,,,,,,,,,1999-01-26,,-0.395,,pre-market,,,,,,,,,,,,,-2075.0,,,,,,,,,,,,
1999-03-31,COP,,,,,,,,,,,,,,,,,,,,,,,,,,,,,,,,,,,,,,0.0,,,0.02,,,,,,,,,,,,,,,,,,,,,,,,,,,,,,,,,,,,,,,,,,,,,,,,,1999-04-27,,0.04,,pre-market,,,,,,,,,,,,,-2075.0,,,,,,,,,,,,
1999-06-30,COP,,,,,,,,,,,,,,,,,,,,,,,,,,,,,,,,,,,,,,0.02,,,0.21,,,,,,,,,,,,,,,,,,,,,,,,,,,,,,,,,,,,,,,,,,,,,,,,,1999-07-27,,0.23,,pre-market,,,,,,,,,,,,,9.5238,,,,,,,,,,,,
1999-09-30,COP,,,,,,,,,,,,,,,,,,,,,,,,,,,,,,,,,,,,,,0.04,,,0.36,,,,,,,,,,,,,,,,,,,,,,,,,,,,,,,,,,,,,,,,,,,,,,,,,1999-10-28,,0.4,,pre-market,,,,,,,,,,,,,11.1111,,,,,,,,,,,,
1999-12-31,COP,,,,,,,,,,,,,,,,,,,,,,,,,,,,,,,,,,,,,,0.04,,,0.38,,,,,,,,,,,,,,,,,,,,,,,,,,,,,,,,,,,,,,,,,,,,,,,,,2000-01-24,,0.42,,pre-market,,,,,,,,,,,,,10.5263,,,,,,,,,,,,
2000-03-31,COP,,,,,,,,,,,,,,,,,,,,,,,,,,,,,,,,,,,,,,0.01,,,0.52,,,,,,,,,,,,,,,,,,,,,,,,,,,,,,,,,,,,,,,,,,,,,,,,,2000-04-27,,0.53,,pre-market,,,,,,,,,,,,,1.9231,,,,,,,,,,,,
2000-06-30,COP,,,,,,,,,,,,,,,,,,,,,,,,,,,,,,,,,,,,,,0.08,,,0.79,,,,,,,,,,,,,,,,,,,,,,,,,,,,,,,,,,,,,,,,,,,,,,,,,2000-07-27,,0.87,,pre-market,,,,,,,,,,,,,10.1266,,,,,,,,,,,,
2000-09-30,COP,,,,,,,,,,,,,,,,,,,,,,,,,,,,,,,,,,,,,,0.01,,,0.97,,,,,,,,,,,,,,,,,,,,,,,,,,,,,,,,,,,,,,,,,,,,,,,,,2000-10-26,,0.98,,pre-market,,,,,,,,,,,,,1.0309,,,,,,,,,,,,
2000-12-31,COP,,,,,,,,,,,,,,,,,,,,,,,,,,,,,,,,,,,,,,0.29,,,1.08,,,,,,,,,,,,,,,,,,,,,,,,,,,,,,,,,,,,,,,,,,,,,,,,,2001-01-25,,1.37,,pre-market,,,,,,,,,,,,,26.8519,,,,,,,,,,,,
2001-03-31,COP,,,,,,,,,,,,,,,,,,,,,,,,,,,,,,,,,,,,,,0.01,,,0.97,,,,,,,,,,,,,,,,,,,,,,,,,,,,,,,,,,,,,,,,,,,,,,,,,2001-04-30,,0.98,,pre-market,,,,,,,,,,,,,1.0309,,,,,,,,,,,,
2001-06-30,COP,,,,,,,,,,,,,,,,,,,,,,,,,,,,,,,,,,,,,,0.22,,,0.95,,,,,,,,,,,,,,,,,,,,,,,,,,,,,,,,,,,,,,,,,,,,,,,,,2001-07-26,,1.17,,pre-market,,,,,,,,,,,,,23.1579,,,,,,,,,,,,
2001-09-30,COP,,,,,,,,,,,,,,,,,,,,,,,,,,,,,,,,,,,,,,0.03,,,0.65,,,,,,,,,,,,,,,,,,,,,,,,,,,,,,,,,,,,,,,,,,,,,,,,,2001-10-24,,0.68,,pre-market,,,,,,,,,,,,,4.6154,,,,,,,,,,,,
2001-12-31,COP,,,,,,,,,,,,,,,,,,,,,,,,,,,,,,,,,,,,,,-0.03,,,0.33,,,,,,,,,,,,,,,,,,,,,,,,,,,,,,,,,,,,,,,,,,,,,,,,,2002-01-24,,0.3,,pre-market,,,,,,,,,,,,,-9.0909,,,,,,,,,,,,
2002-03-31,COP,,,,,,,,,,,,,,,,,,,,,,,,,,,,,,,,,,,,,,0.01,,,-0.02,,,,,,,,,,,,,,,,,,,,,,,,,,,,,,,,,,,,,,,,,,,,,,,,,2002-04-25,,-0.01,,pre-market,,,,,,,,,,,,,50.0,,,,,,,,,,,,
2002-06-30,COP,,,,,,,,,,,,,,,,,,,,,,,,,,,,,,,,,,,,,,-0.03,,,0.51,,,,,,,,,,,,,,,,,,,,,,,,,,,,,,,,,,,,,,,,,,,,,,,,,2002-07-23,,0.48,,pre-market,,,,,,,,,,,,,-5.8824,,,,,,,,,,,,
2002-09-30,COP,,,,,,,,,,,,,,,,,,,,,,,,,,,,,,,,,,,,,,0.01,,,0.46,,,,,,,,,,,,,,,,,,,,,,,,,,,,,,,,,,,,,,,,,,,,,,,,,2002-10-24,,0.47,,pre-market,,,,,,,,,,,,,2.1739,,,,,,,,,,,,
2002-12-31,COP,,,,,,,,,,,,,,,,,,,,,,,,,,,,,,,,,,,,,,-0.01,,,0.56,,,,,,,,,,,,,,,,,,,,,,,,,,,,,,,,,,,,,,,,,,,,,,,,,2003-01-29,,0.55,,pre-market,,,,,,,,,,,,,-1.7857,,,,,,,,,,,,
2003-03-31,COP,,,,,,,,,,,,,,,,,,,,,,,,,,,,,,,,,,,,,,0.09,,,0.85,,,,,,,,,,,,,,,,,,,,,,,,,,,,,,,,,,,,,,,,,,,,,,,,,2003-04-30,,0.94,,pre-market,,,,,,,,,,,,,10.5882,,,,,,,,,,,,
2003-06-30,COP,,,,,,,,,,,,,,,,,,,,,,,,,,,,,,,,,,,,,,0.07,,,0.72,,,,,,,,,,,,,,,,,,,,,,,,,,,,,,,,,,,,,,,,,,,,,,,,,2003-07-30,,0.79,,pre-market,,,,,,,,,,,,,9.7222,,,,,,,,,,,,
2003-09-30,COP,,,,,,,,,,,,,,,,,,,,,,,,,,,,,,,,,,,,,,0.11,,,0.8,,,,,,,,,,,,,,,,,,,,,,,,,,,,,,,,,,,,,,,,,,,,,,,,,2003-10-29,,0.91,,pre-market,,,,,,,,,,,,,13.75,,,,,,,,,,,,
2003-12-31,COP,,,,,,,,,,,,,,,,,,,,,,,,,,,,,,,,,,,,,,0.01,,,0.71,,,,,,,,,,,,,,,,,,,,,,,,,,,,,,,,,,,,,,,,,,,,,,,,,2004-01-28,,0.72,,pre-market,,,,,,,,,,,,,1.4085,,,,,,,,,,,,
2004-03-31,COP,,,,,,,,,,,,,,,,,,,,,,,,,,,,,,,,,,,,,,0.18,,,0.98,,,,,,,,,,,,,,,,,,,,,,,,,,,,,,,,,,,,,,,,,,,,,,,,,2004-04-28,,1.16,,pre-market,,,,,,,,,,,,,18.3673,,,,,,,,,,,,
2004-06-30,COP,,,,,,,,,,,,,,,,,,,,,,,,,,,,,,,,,,,,,,0.0,,,1.44,,,,,,,,,,,,,,,,,,,,,,,,,,,,,,,,,,,,,,,,,,,,,,,,,2004-07-28,,1.44,,pre-market,,,,,,,,,,,,,0.0,,,,,,,,,,,,
2004-09-30,COP,,,,,,,,,,,,,,,,,,,,,,,,,,,,,,,,,,,,,,0.16,,,1.28,,,,,,,,,,,,,,,,,,,,,,,,,,,,,,,,,,,,,,,,,,,,,,,,,2004-10-27,,1.44,,pre-market,,,,,,,,,,,,,12.5,,,,,,,,,,,,
2004-12-31,COP,,,,,,,,,,,,,,,,,,,,,,,,,,,,,,,,,,,,,,0.21,,,1.55,,,,,,,,,,,,,,,,,,,,,,,,,,,,,,,,,,,,,,,,,,,,,,,,,2005-01-26,,1.76,,pre-market,,,,,,,,,,,,,13.5484,,,,,,,,,,,,
2005-03-31,COP,,,,,,,,,,,,,,,,,,,,,,,,,,,,,,,,,,,,,,0.41,,,1.65,,,,,,,,,,,,,,,,,,,,,,,,,,,,,,,,,,,,,,,,,,,,,,,,,2005-04-27,,2.06,,pre-market,,,,,,,,,,,,,24.8485,,,,,,,,,,,,
2005-06-30,COP,,,,,,,,,,,,,,,,,,,,,,,,,,,,,,,,,,,,,,0.21,,,2.0,,,,,,,,,,,,,,,,,,,,,,,,,,,,,,,,,,,,,,,,,,,,,,,,,2005-07-27,,2.21,,pre-market,,,,,,,,,,,,,10.5,,,,,,,,,,,,
2005-09-30,COP,,,,,,,,,,,,,,,,,,,,,,,,,,,,,,,,,,,,,,0.22,,,2.46,,,,,,,,,,,,,,,,,,,,,,,,,,,,,,,,,,,,,,,,,,,,,,,,,2005-10-26,,2.68,,pre-market,,,,,,,,,,,,,8.9431,,,,,,,,,,,,
2005-12-31,COP,,,,,,,,,,,,,,,,,,,,,,,,,,,,,,,,,,,,,,0.04,,,2.65,,,,,,,,,,,,,,,,,,,,,,,,,,,,,,,,,,,,,,,,,,,,,,,,,2006-01-25,,2.69,,pre-market,,,,,,,,,,,,,1.5094,,,,,,,,,,,,
2006-03-31,COP,,,,,,,,,,,,,,,,,,,,,,,,,,,,,,,,,,,,,,-0.01,,,2.35,,,,,,,,,,,,,,,,,,,,,,,,,,,,,,,,,,,,,,,,,,,,,,,,,2006-04-26,,2.34,,pre-market,,,,,,,,,,,,,-0.4255,,,,,,,,,,,,
2006-06-30,COP,,,,,,,,,,,,,,,,,,,,,,,,,,,,,,,,,,,,,,0.04,,,2.79,,,,,,,,,,,,,,,,,,,,,,,,,,,,,,,,,,,,,,,,,,,,,,,,,2006-07-26,,2.83,,pre-market,,,,,,,,,,,,,1.4337,,,,,,,,,,,,
2006-09-30,COP,,,,,,,,,,,,,,,,,,,,,,,,,,,,,,,,,,,,,,0.31,,,2.37,,,,,,,,,,,,,,,,,,,,,,,,,,,,,,,,,,,,,,,,,,,,,,,,,2006-10-25,,2.68,,pre-market,,,,,,,,,,,,,13.0802,,,,,,,,,,,,
2006-12-31,COP,,,,,,,,,,,,,,,,,,,,,,,,,,,,,,,,,,,,,,0.11,,,1.99,,,,,,,,,,,,,,,,,,,,,,,,,,,,,,,,,,,,,,,,,,,,,,,,,2007-01-24,,2.1,,pre-market,,,,,,,,,,,,,5.5276,,,,,,,,,,,,
2007-03-31,COP,,,,,,,,,,,,,,,,,,,,,,,,,,,,,,,,,,,,,,-0.1,,,1.93,,,,,,,,,,,,,,,,,,,,,,,,,,,,,,,,,,,,,,,,,,,,,,,,,2007-04-25,,1.83,,pre-market,,,,,,,,,,,,,-5.1813,,,,,,,,,,,,
2007-06-30,COP,,,,,,,,,,,,,,,,,,,,,,,,,,,,,,,,,,,,,,0.22,,,2.68,,,,,,,,,,,,,,,,,,,,,,,,,,,,,,,,,,,,,,,,,,,,,,,,,2007-07-25,,2.9,,pre-market,,,,,,,,,,,,,8.209,,,,,,,,,,,,
2007-09-30,COP,,,,,,,,,,,,,,,,,,,,,,,,,,,,,,,,,,,,,,-0.25,,,2.19,,,,,,,,,,,,,,,,,,,,,,,,,,,,,,,,,,,,,,,,,,,,,,,,,2007-10-24,,1.94,,pre-market,,,,,,,,,,,,,-11.4155,,,,,,,,,,,,
2007-12-31,COP,,,,,,,,,,,,,,,,,,,,,,,,,,,,,,,,,,,,,,0.07,,,2.41,,,,,,,,,,,,,,,,,,,,,,,,,,,,,,,,,,,,,,,,,,,,,,,,,2008-01-23,,2.48,,pre-market,,,,,,,,,,,,,2.9046,,,,,,,,,,,,
2008-03-31,COP,,,,,,,,,,,,,,,,,,,,,,,,,,,,,,,,,,,,,,0.11,,,2.41,,,,,,,,,,,,,,,,,,,,,,,,,,,,,,,,,,,,,,,,,,,,,,,,,2008-04-24,,2.52,,pre-market,,,,,,,,,,,,,4.5643,,,,,,,,,,,,
2008-06-30,COP,,,,,,,,,,,,,,,,,,,,,,,,,,,,,,,,,,,,,,-0.03,,,3.53,,,,,,,,,,,,,,,,,,,,,,,,,,,,,,,,,,,,,,,,,,,,,,,,,2008-07-23,,3.5,,pre-market,,,,,,,,,,,,,-0.8499,,,,,,,,,,,,
2008-09-30,COP,,,,,,,,,,,,,,,,,,,,,,,,,,,,,,,,,,,,,,0.24,,,3.08,,,,,,,,,,,,,,,,,,,,,,,,,,,,,,,,,,,,,,,,,,,,,,,,,2008-10-22,,3.32,,pre-market,,,,,,,,,,,,,7.7922,,,,,,,,,,,,
2008-12-31,COP,,,,,,,,,,,,,,,,,,,,,,,,,,,,,,,,,,,,,,-0.06,,,1.34,,,,,,,,,,,,,,,,,,,,,,,,,,,,,,,,,,,,,,,,,,,,,,,,,2009-01-28,,1.28,,pre-market,,,,,,,,,,,,,-4.4776,,,,,,,,,,,,
2009-03-31,COP,,,,,,,,,,,,,,,,,,,,,,,,,,,,,,,,,,,,,,0.11,,,0.39,,,,,,,,,,,,,,,,,,,,,,,,,,,,,,,,,,,,,,,,,,,,,,,,,2009-04-23,,0.5,,pre-market,,,,,,,,,,,,,28.2051,,,,,,,,,,,,
2009-06-30,COP,,,,,,,,,,,,,,,,,,,,,,,,,,,,,,,,,,,,,,0.11,,,0.86,,,,,,,,,,,,,,,,,,,,,,,,,,,,,,,,,,,,,,,,,,,,,,,,,2009-07-29,,0.97,,pre-market,,,,,,,,,,,,,12.7907,,,,,,,,,,,,
2009-09-30,COP,,,,,,,,,,,,,,,,,,,,,,,,,,,,,,,,,,,,,,0.06,,,0.94,,,,,,,,,,,,,,,,,,,,,,,,,,,,,,,,,,,,,,,,,,,,,,,,,2009-10-28,,1.0,,pre-market,,,,,,,,,,,,,6.383,,,,,,,,,,,,
2009-12-31,COP,,,,,,,,,,,,,,,,,,,,,,,,,,,,,,,,,,,,,,0.04,,,1.12,,,,,,,,,,,,,,,,,,,,,,,,,,,,,,,,,,,,,,,,,,,,,,,,,2010-01-27,,1.16,,pre-market,,,,,,,,,,,,,3.5714,,,,,,,,,,,,
2010-03-31,COP,,,,,,,,,,,,,,,,,,,,,,,,,,,,,,,,,,,,,,0.14,,,1.33,,,,,,,,,,,,,,,,,,,,,,,,,,,,,,,,,,,,,,,,,,,,,,,,,2010-04-29,,1.47,,pre-market,,,,,,,,,,,,,10.5263,,,,,,,,,,,,
2010-06-30,COP,,,,,,,,,,,,,,,,,,,,,,,,,,,,,,,,,,,,,,0.11,,,1.56,,,,,,,,,,,,,,,,,,,,,,,,,,,,,,,,,,,,,,,,,,,,,,,,,2010-07-28,,1.67,,pre-market,,,,,,,,,,,,,7.0513,,,,,,,,,,,,
2010-09-30,COP,,,,,,,,,,,,,,,,,,,,,,,,,,,,,,,,,,,,,,0.04,,,1.46,,,,,,,,,,,,,,,,,,,,,,,,,,,,,,,,,,,,,,,,,,,,,,,,,2010-10-27,,1.5,,pre-market,,,,,,,,,,,,,2.7397,,,,,,,,,,,,
2010-12-31,COP,,,,,,,,,,,,,,,,,,,,,,,,,,,,,,,,,,,,,,-0.03,,,1.35,,,,,,,,,,,,,,,,,,,,,,,,,,,,,,,,,,,,,,,,,,,,,,,,,2011-01-26,,1.32,,pre-market,,,,,,,,,,,,,-2.2222,,,,,,,,,,,,
2011-03-31,COP,,,,,,,,,,,,,,,,,,,,,,,,,,,,,,,,,,,,,,-0.08,,,1.9,,,,,,,,,,,,,,,,,,,,,,,,,,,,,,,,,,,,,,,,,,,,,,,,,2011-04-27,,1.82,,pre-market,,,,,,,,,,,,,-4.2105,,,,,,,,,,,,
2011-06-30,COP,,,,,,,,,,,,,,,,,,,,,,,,,,,,,,,,,,,,,,0.23,,,2.18,,,,,,,,,,,,,,,,,,,,,,,,,,,,,,,,,,,,,,,,,,,,,,,,,2011-07-27,,2.41,,pre-market,,,,,,,,,,,,,10.5505,,,,,,,,,,,,
2011-09-30,COP,,,,,,,,,,,,,,,,,,,,,,,,,,,,,,,,,,,,,,0.37,,,2.15,,,,,,,,,,,,,,,,,,,,,,,,,,,,,,,,,,,,,,,,,,,,,,,,,2011-10-26,,2.52,,pre-market,,,,,,,,,,,,,17.2093,,,,,,,,,,,,
2011-12-31,COP,,,,,,,,,,,,,,,,,,,,,,,,,,,,,,,,,,,,,,0.23,,,1.79,,,,,,,,,,,,,,,,,,,,,,,,,,,,,,,,,,,,,,,,,,,,,,,,,2012-01-25,,2.02,,pre-market,,,,,,,,,,,,,12.8492,,,,,,,,,,,,
2012-03-31,COP,,,,,,,,,,,,,,,,,,,,,,,,,,,,,,,,,,,,,,-0.04,,,2.06,,,,,,,,,,,,,,,,,,,,,,,,,,,,,,,,,,,,,,,,,,,,,,,,,2012-04-23,,2.02,,pre-market,,,,,,,,,,,,,-1.9417,,,,,,,,,,,,
2012-06-30,COP,,,,,,,,,,,,,,,,,,,,,,,,,,,,,,,,,,,,,,-0.03,,,1.25,,,,,,,,,,,,,,,,,,,,,,,,,,,,,,,,,,,,,,,,,,,,,,,,,2012-07-25,,1.22,,pre-market,,,,,,,,,,,,,-2.4,,,,,,,,,,,,
2012-09-30,COP,,,,,,,,,,,,,,,,,,,,,,,,,,,,,,,,,,,,,,0.24,,,1.2,,,,,,,,,,,,,,,,,,,,,,,,,,,,,,,,,,,,,,,,,,,,,,,,,2012-10-25,,1.44,,pre-market,,,,,,,,,,,,,20.0,,,,,,,,,,,,
2012-12-31,COP,,,,,,,,,,,,,,,,,,,,,,,,,,,,,,,,,,,,,,-0.04,,,1.47,,,,,,,,,,,,,,,,,,,,,,,,,,,,,,,,,,,,,,,,,,,,,,,,,2013-01-30,,1.43,,post-market,,,,,,,,,,,,,-2.7211,,,,,,,,,,,,
2013-03-31,COP,,,,,,,,,,,,,,,,,,,,,,,,,,,,,,,,,,,,,,-0.01,,,1.43,,,,,,,,,,,,,,,,,,,,,,,,,,,,,,,,,,,,,,,,,,,,,,,,,2013-04-25,,1.42,,pre-market,,,,,,,,,,,,,-0.6993,,,,,,,,,,,,
2013-06-30,COP,,,,,,,,,,,,,,,,,,,,,,,,,,,,,,,,,,,,,,0.12,,,1.29,,,,,,,,,,,,,,,,,,,,,,,,,,,,,,,,,,,,,,,,,,,,,,,,,2013-08-01,,1.41,,pre-market,,,,,,,,,,,,,9.3023,,,,,,,,,,,,
2013-09-30,COP,,,,,,,,,,,,,,,,,,,,,,,,,,,,,,,,,,,,,,0.02,,,1.45,,,,,,,,,,,,,,,,,,,,,,,,,,,,,,,,,,,,,,,,,,,,,,,,,2013-10-31,,1.47,,pre-market,,,,,,,,,,,,,1.3793,,,,,,,,,,,,
2013-12-31,COP,,,,,,,,,,,,,,,,,,,,,,,,,,,,,,,,,,,,,,0.09,,,1.31,,,,,,,,,,,,,,,,,,,,,,,,,,,,,,,,,,,,,,,,,,,,,,,,,2014-01-30,,1.4,,pre-market,,,,,,,,,,,,,6.8702,,,,,,,,,,,,
2014-03-31,COP,,,,,,,,,,,,,,,,,,,,,,,,,,,,,,,,,,,,,,0.25,,,1.56,,,,,,,,,,,,,,,,,,,,,,,,,,,,,,,,,,,,,,,,,,,,,,,,,2014-05-01,,1.81,,pre-market,,,,,,,,,,,,,16.0256,,,,,,,,,,,,
2014-06-30,COP,,,,,,,,,,,,,,,,,,,,,,,,,,,,,,,,,,,,,,0.0,,,1.61,,,,,,,,,,,,,,,,,,,,,,,,,,,,,,,,,,,,,,,,,,,,,,,,,2014-07-31,,1.61,,pre-market,,,,,,,,,,,,,0.0,,,,,,,,,,,,
2014-09-30,COP,,,,,,,,,,,,,,,,,,,,,,,,,,,,,,,,,,,,,,0.1,,,1.19,,,,,,,,,,,,,,,,,,,,,,,,,,,,,,,,,,,,,,,,,,,,,,,,,2014-10-30,,1.29,,pre-market,,,,,,,,,,,,,8.4034,,,,,,,,,,,,
2014-12-31,COP,,,,,,,,,,,,,,,,,,,,,,,,,,,,,,,,,,,,,,0.01,,,0.59,,,,,,,,,,,,,,,,,,,,,,,,,,,,,,,,,,,,,,,,,,,,,,,,,2015-01-29,,0.6,,pre-market,,,,,,,,,,,,,1.6949,,,,,,,,,,,,
2015-03-31,COP,,,,,,,,,,,,,,,,,,,,,,,,,,,,,,,,,,,,,,0.0,,,-0.18,,,,,,,,,,,,,,,,,,,,,,,,,,,,,,,,,,,,,,,,,,,,,,,,,2015-04-30,,-0.18,,pre-market,,,,,,,,,,,,,0.0,,,,,,,,,,,,
2015-06-30,COP,,,,,,,,,,,,,,,,,,,,,,,,,,,,,,,,,,,,,,0.03,,,0.04,,,,,,,,,,,,,,,,,,,,,,,,,,,,,,,,,,,,,,,,,,,,,,,,,2015-07-30,,0.07,,pre-market,,,,,,,,,,,,,75.0,,,,,,,,,,,,
2015-09-30,COP,,,,,,,,,,,,,,,,,,,,,,,,,,,,,,,,,,,,,,-0.01,,,-0.37,,,,,,,,,,,,,,,,,,,,,,,,,,,,,,,,,,,,,,,,,,,,,,,,,2015-10-29,,-0.38,,pre-market,,,,,,,,,,,,,-2.7027,,,,,,,,,,,,
2015-12-31,COP,,,,,,,,,,,,,,,,,,,,,,,,,,,,,,,,,,,,,,-0.26,,,-0.64,,,,,,,,,,,,,,,,,,,,,,,,,,,,,,,,,,,,,,,,,,,,,,,,,2016-02-04,,-0.9,,pre-market,,,,,,,,,,,,,-40.625,,,,,,,,,,,,
2016-03-31,COP,,,,,,,,,,,,,,,,,,,,,,,,,,,,,,,,,,,,,,0.09,,,-1.04,,,,,,,,,,,,,,,,,,,,,,,,,,,,,,,,,,,,,,,,,,,,,,,,,2016-04-28,,-0.95,,pre-market,,,,,,,,,,,,,8.6538,,,,,,,,,,,,
2016-06-30,COP,,,,,,,,,,,,,,,,,,,,,,,,,,,,,,,,,,,,,,-0.18,,,-0.61,,,,,,,,,,,,,,,,,,,,,,,,,,,,,,,,,,,,,,,,,,,,,,,,,2016-07-28,,-0.79,,pre-market,,,,,,,,,,,,,-29.5082,,,,,,,,,,,,
2016-09-30,COP,,,,,,,,,,,,,,,,,,,,,,,,,,,,,,,,,,,,,,0.05,,,-0.71,,,,,,,,,,,,,,,,,,,,,,,,,,,,,,,,,,,,,,,,,,,,,,,,,2016-10-27,,-0.66,,pre-market,,,,,,,,,,,,,7.0423,,,,,,,,,,,,
2016-12-31,COP,,,,,,,,,,,,,,,,,,,,,,,,,,,,,,,,,,,,,,0.15,,,-0.41,,,,,,,,,,,,,,,,,,,,,,,,,,,,,,,,,,,,,,,,,,,,,,,,,2017-02-02,,-0.26,,pre-market,,,,,,,,,,,,,36.5854,,,,,,,,,,,,
2017-03-31,COP,,,,,,,,,,,,,,,,,,,,,,,,,,,,,,,,,,,,,,-0.17,,,0.03,,,,,,,,,,,,,,,,,,,,,,,,,,,,,,,,,,,,,,,,,,,,,,,,,2017-05-04,,-0.14,,post-market,,,,,,,,,,,,,-566.6667,,,,,,,,,,,,
2017-06-30,COP,,,,,,,,,,,,,,,,,,,,,,,,,,,,,,,,,,,,,,0.16,,,-0.02,,,,,,,,,,,,,,,,,,,,,,,,,,,,,,,,,,,,,,,,,,,,,,,,,2017-07-27,,0.14,,pre-market,,,,,,,,,,,,,800.0,,,,,,,,,,,,
2017-09-30,COP,,,,,,,,,,,,,,,,,,,,,,,,,,,,,,,,,,,,,,0.07,,,0.09,,,,,,,,,,,,,,,,,,,,,,,,,,,,,,,,,,,,,,,,,,,,,,,,,2017-10-26,,0.16,,pre-market,,,,,,,,,,,,,77.7778,,,,,,,,,,,,
2017-12-31,COP,,,,,,,,,,,,,,,,,,,,,,,,,,,,,,,,,,,,,,0.0,,,0.45,,,,,,,,,,,,,,,,,,,,,,,,,,,,,,,,,,,,,,,,,,,,,,,,,2018-02-01,,0.45,,pre-market,,,,,,,,,,,,,0.0,,,,,,,,,,,,
2018-03-31,COP,,,,,,,,,,,,,,,,,,,,,,,,,,,,,,,,,,,,,,0.23,,,0.73,,,,,,,,,,,,,,,,,,,,,,,,,,,,,,,,,,,,,,,,,,,,,,,,,2018-04-26,,0.96,,pre-market,,,,,,,,,,,,,31.5068,,,,,,,,,,,,
2018-06-30,COP,,,,,,,,,,,,,,,,,,,,,,,,,,,,,,,,,,,,,,0.0,,,1.09,,,,,,,,,,,,,,,,,,,,,,,,,,,,,,,,,,,,,,,,,,,,,,,,,2018-07-26,,1.09,,pre-market,,,,,,,,,,,,,0.0,,,,,,,,,,,,
2018-09-30,COP,,,,,,,,,,,,,,,,,,,,,,,,,,,,,,,,,,,,,,0.17,,,1.19,,,,,,,,,,,,,,,,,,,,,,,,,,,,,,,,,,,,,,,,,,,,,,,,,2018-10-25,,1.36,,pre-market,,,,,,,,,,,,,14.2857,,,,,,,,,,,,
2018-12-31,COP,,,,,,,,,,,,,,,,,,,,,,,,,,,,,,,,,,,,,,0.11,,,1.02,,,,,,,,,,,,,,,,,,,,,,,,,,,,,,,,,,,,,,,,,,,,,,,,,2019-01-31,,1.13,,pre-market,,,,,,,,,,,,,10.7843,,,,,,,,,,,,
2019-03-31,COP,,,,,,,,,,,,,,,,,,,,,,,,,,,,,,,,,,,,,,0.1,,,0.9,,,,,,,,,,,,,,,,,,,,,,,,,,,,,,,,,,,,,,,,,,,,,,,,,2019-04-30,,1.0,,pre-market,,,,,,,,,,,,,11.1111,,,,,,,,,,,,
2019-06-30,COP,,,,,,,,,,,,,,,,,,,,,,,,,,,,,,,,,,,,,,-0.02,,,1.03,,,,,,,,,,,,,,,,,,,,,,,,,,,,,,,,,,,,,,,,,,,,,,,,,2019-07-30,,1.01,,pre-market,,,,,,,,,,,,,-1.9417,,,,,,,,,,,,
2019-09-30,COP,,,,,,,,,,,,,,,,,,,,,,,,,,,,,,,,,,,,,,0.08,,,0.74,,,,,,,,,,,,,,,,,,,,,,,,,,,,,,,,,,,,,,,,,,,,,,,,,2019-10-29,,0.82,,pre-market,,,,,,,,,,,,,10.8108,,,,,,,,,,,,
2019-12-31,COP,,,,,,,,,,,,,,,,,,,,,,,,,,,,,,,,,,,,,,-0.05,,,0.81,,,,,,,,,,,,,,,,,,,,,,,,,,,,,,,,,,,,,,,,,,,,,,,,,2020-02-04,,0.76,,pre-market,,,,,,,,,,,,,-6.1728,,,,,,,,,,,,
2020-03-31,COP,,,,,,,,,,,,,,,,,,,,,,,,,,,,,,,,,,,,,,0.28,,,0.17,,,,,,,,,,,,,,,,,,,,,,,,,,,,,,,,,,,,,,,,,,,,,,,,,2020-04-30,,0.45,,pre-market,,,,,,,,,,,,,164.7059,,,,,,,,,,,,
2020-06-30,COP,,,,,,,,,,,,,,,,,,,,,,,,,,,,,,,,,,,,,,-0.34,,,-0.58,,,,,,,,,,,,,,,,,,,,,,,,,,,,,,,,,,,,,,,,,,,,,,,,,2020-07-30,,-0.92,,pre-market,,,,,,,,,,,,,-58.6207,,,,,,,,,,,,
2020-09-30,COP,,,,,,,,,,,,,,,,,,,,,,,,,,,,,,,,,,,,,,0.0,,,-0.31,,,,,,,,,,,,,,,,,,,,,,,,,,,,,,,,,,,,,,,,,,,,,,,,,2020-10-29,,-0.31,,pre-market,,,,,,,,,,,,,0.0,,,,,,,,,,,,
2020-12-31,COP,,,,,,,,,,,,,,,,,,,,,,,,,,,,,,,,,,,,,,0.06,,,-0.25,,,,,,,,,,,,,,,,,,,,,,,,,,,,,,,,,,,,,,,,,,,,,,,,,2021-02-02,,-0.19,,pre-market,,,,,,,,,,,,,24.0,,,,,,,,,,,,
2021-03-31,COP,,,,,,,,,,,,,,,,,,,,,,,,,,,,,,,,,,,,,,0.15,,,0.54,,,,,,,,,,,,,,,,,,,,,,,,,,,,,,,,,,,,,,,,,,,,,,,,,2021-05-04,,0.69,,pre-market,,,,,,,,,,,,,27.7778,,,,,,,,,,,,
2021-06-30,COP,,,,,,,,,,,,,,,,,,,,,,,,,,,,,,,,,,,,,,0.14,,,1.13,,,,,,,,,,,,,,,,,,,,,,,,,,,,,,,,,,,,,,,,,,,,,,,,,2021-08-03,,1.27,,pre-market,,,,,,,,,,,,,12.3894,,,,,,,,,,,,
2021-09-30,COP,,,,,,,,,,,,,,,,,,,,,,,,,,,,,,,,,,,,,,0.25,,,1.52,,,,,,,,,,,,,,,,,,,,,,,,,,,,,,,,,,,,,,,,,,,,,,,,,2021-11-02,,1.77,,pre-market,,,,,,,,,,,,,16.4474,,,,,,,,,,,,
2021-12-31,COP,,,,,,,,,,,,,,,,,,,,,,,,,,,,,,,,,,,,,,0.08,,,2.19,,,,,,,,,,,,,,,,,,,,,,,,,,,,,,,,,,,,,,,,,,,,,,,,,2022-02-03,,2.27,,pre-market,,,,,,,,,,,,,3.653,,,,,,,,,,,,
2022-03-31,COP,,,,,,,,,,,,,,,,,,,,,,,,,,,,,,,,,,,,,,0.1,,,3.17,,,,,,,,,,,,,,,,,,,,,,,,,,,,,,,,,,,,,,,,,,,,,,,,,2022-05-05,,3.27,,pre-market,,,,,,,,,,,,,3.1546,,,,,,,,,,,,
2022-06-30,COP,,,,,,,,,,,,,,,,,,,,,,,,,,,,,,,,,,,,,,0.06,,,3.85,,,,,,,,,,,,,,,,,,,,,,,,,,,,,,,,,,,,,,,,,,,,,,,,,2022-08-04,,3.91,,pre-market,,,,,,,,,,,,,1.5584,,,,,,,,,,,,
2022-09-30,COP,,,,,,,,,,,,,,,,,,,,,,,,,,,,,,,,,,,,,,0.16,,,3.44,,,,,,,,,,,,,,,,,,,,,,,,,,,,,,,,,,,,,,,,,,,,,,,,,2022-11-03,,3.6,,pre-market,,,,,,,,,,,,,4.6512,,,,,,,,,,,,
2022-12-31,COP,,,,,,,,,,,,,,,,,,,,,,,,,,,,,,,,,,,,,,-0.17,,,2.88,,,,,,,,,,,,,,,,,,,,,,,,,,,,,,,,,,,,,,,,,,,,,,,,,2023-02-02,,2.71,,pre-market,,,,,,,,,,,,,-5.9028,,,,,,,,,,,,
2023-03-31,COP,,,,,,,,,,,,,,,,,,,,,,,,,,,,,,,,,,,,,,0.31,,,2.07,,,,,,,,,,,,,,,,,,,,,,,,,,,,,,,,,,,,,,,,,,,,,,,,,2023-05-04,,2.38,,pre-market,,,,,,,,,,,,,14.9758,,,,,,,,,,,,
2023-06-30,COP,,,,,,,,,,,,,,,,,,,,,,,,,,,,,,,,,,,,,,-0.12,,,1.96,,,,,,,,,,,,,,,,,,,,,,,,,,,,,,,,,,,,,,,,,,,,,,,,,2023-08-03,,1.84,,pre-market,,,,,,,,,,,,,-6.1224,,,,,,,,,,,,
2023-09-30,COP,,,,,,,,,,,,,,,,,,,,,,,,,,,,,,,,,,,,,,0.07,,,2.09,,,,,,,,,,,,,,,,,,,,,,,,,,,,,,,,,,,,,,,,,,,,,,,,,2023-11-02,,2.16,,pre-market,,,,,,,,,,,,,3.3493,,,,,,,,,,,,
2023-12-31,COP,,,,,,,,,,,,,,,,,,,,,,,,,,,,,,,,,,,,,,0.23,,,2.17,,,,,,,,,,,,,,,,,,,,,,,,,,,,,,,,,,,,,,,,,,,,,,,,,2024-02-08,,2.4,,pre-market,,,,,,,,,,,,,10.5991,,,,,,,,,,,,
2024-03-31,COP,,,,,,,,,,,,,,,,,,,,,,,,,,,,,,,,,,,,,,-0.01,,,2.04,,,,,,,,,,,,,,,,,,,,,,,,,,,,,,,,,,,,,,,,,,,,,,,,,2024-05-02,,2.03,,pre-market,,,,,,,,,,,,,-0.4902,,,,,,,,,,,,
2024-06-30,COP,,,,,,,,,,,,,,,,,,,,,,,,,,,,,,,,,,,,,,0.03,,,1.95,,,,,,,,,,,,,,,,,,,,,,,,,,,,,,,,,,,,,,,,,,,,,,,,,2024-08-01,,1.98,,pre-market,,,,,,,,,,,,,1.5385,,,,,,,,,,,,
2024-09-30,COP,,,,,,,,,,,,,,,,,,,,,,,,,,,,,,,,,,,,,,0.11,,,1.65,,,,,,,,,,,,,,,,,,,,,,,,,,,,,,,,,,,,,,,,,,,,,,,,,2024-10-31,,1.76,,pre-market,,,,,,,,,,,,,6.6667,,,,,,,,,,,,
2024-12-31,COP,,,,,,,,,,,,,,,,,,,,,,,,,,,,,,,,,,,,,,0.15,,,1.83,,,,,,,,,,,,,,,,,,,,,,,,,,,,,,,,,,,,,,,,,,,,,,,,,2025-02-06,,1.98,,pre-market,,,,,,,,,,,,,8.1967,,,,,,,,,,,,
2025-03-31,COP,,,,,,,,,,,,,,,,,,,,,,,,,,,,,,,,,,,,,,0.04,,,2.05,,,,,,,,,,,,,,,,,,,,,,,,,,,,,,,,,,,,,,,,,,,,,,,,,2025-05-08,,2.09,,pre-market,,,,,,,,,,,,,1.9512,,,,,,,,,,,,
2025-06-30,COP,,,,,,,,,,,,,,,,,,,,,,,,,,,,,,,,,,,,,,0.06,,,1.36,,,,,,,,,,,,,,,,,,,,,,,,,,,,,,,,,,,,,,,,,,,,,,,,,2025-08-07,,1.42,,pre-market,,,,,,,,,,,,,4.4118,,,,,,,,,,,,
2025-09-30,COP,,,,,,,,,,,,,,,,,,,,,,,,,,,,,,,,,,,,,,0.2,,,1.41,,,,,,,,,,,,,,,,,,,,,,,,,,,,,,,,,,,,,,,,,,,,,,,,,2025-11-06,,1.61,,pre-market,,,,,,,,,,,,,14.1844,,,,,,,,,,,,
2025-12-28,COP,7.08,61280002000.0,12.93,,0.328,52.54,,,,,,,,,,,,,,,,,,,,,,,,,,3.12,0.034,,,,-0.216,0.2,,,1.41,,14.79,,29056000000.0,,,,,,,,,,,,,,,,,,,0.195,,,,,,,,,,,,,3.253,1.747,1.866,,,,,,,,0.144,,,2025-11-06,,1.61,,pre-market,,,0.081,0.154,0.14,49.19,,,,,92.31,89.86,14.1844,,,,,,,,,12.93,,103.48,77.84
2025-12-28,COP,7.08,61280002000.0,12.93,,0.328,52.54,,,,,,,,,,,,,,,None,9962000000,9962000000,,,,,,None,2917000000,,3.12,0.034,,,,-0.216,0.2,3151000000,6068000000,1.41,2025-09-30,14.79,,29056000000.0,5560000000,2928000000,1202000000,,,None,223000000,128000000,,None,,,,,1726000000,1726000000,-317000000,None,0.195,,2632000000,2928000000,,,,,None,,,,,3.253,1.747,1.866,,,,,,,,0.144,,,2025-11-06,quarterly,1.61,USD,pre-market,None,,0.081,0.154,0.14,49.19,271000000,,,,92.31,89.86,14.1844,,,,,,,15522000000,,12.93,,103.48,77.84
2025-12-28,COP,7.08,61280002000.0,12.93,,0.328,52.54,,,,,,,,,,,,,,,None,10569000000,10569000000,,,,,,None,2862000000,,3.12,0.034,,,,-0.216,0.2,3344000000,6206000000,1.41,2025-06-30,14.79,,29056000000.0,3410000000,3017000000,1046000000,,,None,327000000,86000000,,None,,,,,1964000000,1971000000,-327000000,None,0.195,,822000000,2588000000,,,,,None,,,,,3.253,1.747,1.866,,,,,,,,0.144,,,2025-11-06,quarterly,1.61,USD,pre-market,None,,0.081,0.154,0.14,49.19,250000000,,,,92.31,89.86,14.1844,,,,,,,13979000000,,12.93,,103.48,77.84
2025-12-28,COP,7.08,61280002000.0,12.93,,0.328,52.54,,,,,,,,,,,,,,,None,11518000000,11518000000,,,,,,None,2807000000,,3.12,0.034,,,,-0.216,0.2,4765000000,7572000000,1.41,2025-03-31,14.79,,29056000000.0,4940000000,4466000000,1617000000,,,None,299000000,157000000,,None,,,,,2840000000,2849000000,-299000000,None,0.195,,742000000,4198000000,,,,,None,,,,,3.253,1.747,1.866,,,,,,,,0.144,,,2025-11-06,quarterly,1.61,USD,pre-market,None,,0.081,0.154,0.14,49.19,191000000,,,,92.31,89.86,14.1844,,,,,,,16458000000,,12.93,,103.48,77.84
2025-12-28,COP,7.08,61280002000.0,12.93,,0.328,52.54,,,,,,,,,,,,,,,None,10109000000,10109000000,,,,,,None,2662000000,,3.12,0.034,,,,-0.216,0.2,3246000000,5908000000,1.41,2024-12-31,14.79,,29056000000.0,4129000000,2970000000,664000000,,,None,276000000,262000000,,None,,,,,2300000000,2306000000,126000000,None,0.195,,1150000000,2979000000,,,,,None,,,,,3.253,1.747,1.866,,,,,,,,0.144,,,2025-11-06,quarterly,1.61,USD,pre-market,81000000,,0.081,0.154,0.14,49.19,630000000,,,,92.31,89.86,14.1844,,,,,,,14238000000,,12.93,,103.48,77.84
2025-12-28,COP,7.08,61280002000.0,12.93,,0.328,52.54,,,,,,,,,,,,,,,None,9422000000,9422000000,,,,,,None,2390000000,,3.12,0.034,,,,-0.216,0.2,3504000000,5894000000,1.41,2024-09-30,14.79,,29056000000.0,3570000000,3235000000,1176000000,,,None,269000000,280000000,,None,,,,,2052000000,2059000000,-269000000,None,0.195,,662000000,2908000000,,,,,None,,,,,3.253,1.747,1.866,,,,,,,,0.144,,,2025-11-06,quarterly,1.61,USD,pre-market,None,,0.081,0.154,0.14,49.19,186000000,,,,92.31,89.86,14.1844,,,,,,,12992000000,,12.93,,103.48,77.84
2025-12-28,COP,7.08,61280002000.0,12.93,,0.328,52.54,,,,,,,,,,,,,,,None,9429000000,9429000000,,,,,,None,2363000000,,3.12,0.034,,,,-0.216,0.2,3937000000,6300000000,1.41,2024-06-30,14.79,,29056000000.0,4159000000,3659000000,1330000000,,,None,278000000,None,,None,,,,,2322000000,2329000000,-278000000,None,0.195,,700000000,3459000000,,,,,None,,,,,3.253,1.747,1.866,,,,,,,,0.144,,,2025-11-06,quarterly,1.61,USD,pre-market,None,,0.081,0.154,0.14,49.19,164000000,,,,92.31,89.86,14.1844,,,,,,,13588000000,,12.93,,103.48,77.84
2025-12-28,COP,7.08,61280002000.0,12.93,,0.328,52.54,,,,,,,,,,,,,,,None,9622000000,9622000000,,,,,,None,2230000000,,3.12,0.034,,,,-0.216,0.2,4093000000,6323000000,1.41,2024-03-31,14.79,,29056000000.0,4172000000,3808000000,1257000000,,,None,285000000,None,,None,,,,,2542000000,2551000000,-285000000,None,0.195,,733000000,3439000000,,,,,None,,,,,3.253,1.747,1.866,,,,,,,,0.144,,,2025-11-06,quarterly,1.61,USD,pre-market,None,,0.081,0.154,0.14,49.19,178000000,,,,92.31,89.86,14.1844,,,,,,,13794000000,,12.93,,103.48,77.84
2025-12-28,COP,7.08,61280002000.0,12.93,,0.328,52.54,,,,,,,,,,,,,,,None,9978000000,9978000000,,,,,,None,2234000000,,3.12,0.034,,,,-0.216,0.2,4562000000,6796000000,1.41,2023-12-31,14.79,,29056000000.0,4666000000,4264000000,1257000000,,,None,298000000,None,,None,,,,,2998000000,3007000000,114000000,None,0.195,,622000000,4044000000,,,,,None,,,,,3.253,1.747,1.866,,,,,,,,0.144,,,2025-11-06,quarterly,1.61,USD,pre-market,81000000,,0.081,0.154,0.14,49.19,90000000,,,,92.31,89.86,14.1844,,,,,,,14644000000,,12.93,,103.48,77.84
2025-12-28,COP,7.08,61280002000.0,12.93,,0.328,52.54,,,,,,,,,,,,,,,None,9732000000,9732000000,,,,,,None,2144000000,,3.12,0.034,,,,-0.216,0.2,4362000000,6506000000,1.41,2023-09-30,14.79,,29056000000.0,4529000000,4100000000,1302000000,,,None,262000000,139000000,,None,,,,,2789000000,2798000000,-262000000,None,0.195,,705000000,3824000000,,,,,None,,,,,3.253,1.747,1.866,,,,,,,,0.144,,,2025-11-06,quarterly,1.61,USD,pre-market,None,,0.081,0.154,0.14,49.19,169000000,,,,92.31,89.86,14.1844,,,,,,,14261000000,,12.93,,103.48,77.84
2025-12-28,COP,7.08,61280002000.0,12.93,,0.328,52.54,,,,,,,,,,,,,,,None,8611000000,8611000000,,,,,,None,2044000000,,3.12,0.034,,,,-0.216,0.2,3609000000,5653000000,1.41,2023-06-30,14.79,,29056000000.0,3756000000,3362000000,1130000000,,,None,247000000,247000000,,None,,,,,2224000000,2232000000,-247000000,None,0.195,,717000000,3039000000,,,,,374000000,,,,,3.253,1.747,1.866,,,,,,,,0.144,,,2025-11-06,quarterly,1.61,USD,pre-market,None,,0.081,0.154,0.14,49.19,205000000,,,,92.31,89.86,14.1844,,,,,,,12367000000,,12.93,,103.48,77.84
2025-12-28,COP,7.08,61280002000.0,12.93,,0.328,52.54,,,,,,,,,,,,,,,None,9859000000,9859000000,,,,,,None,2681000000,,3.12,0.034,,,,-0.216,0.2,4079000000,6760000000,1.41,2023-03-31,14.79,,29056000000.0,4952000000,4562000000,1642000000,,,None,90000000,355000000,,None,,,,,2920000000,2920000000,-256000000,None,0.195,,90000000,4079000000,,,,,558000000,,,,,3.253,1.747,1.866,,,,,,,,0.144,,,2025-11-06,quarterly,1.61,USD,pre-market,None,,0.081,0.154,0.14,49.19,90000000,,,,92.31,89.86,14.1844,,,,,,,14811000000,,12.93,,103.48,77.84
2025-12-28,COP,7.08,61280002000.0,12.93,,0.328,52.54,,,,,,,,,,,,,,,None,12439000000,12439000000,,,,,,None,2203000000,,3.12,0.034,,,,-0.216,0.2,5481000000,7684000000,1.41,2022-12-31,14.79,,29056000000.0,5658000000,5235000000,1986000000,,,None,246000000,353000000,,None,,,,,3249000000,3249000000,-246000000,None,0.195,,879000000,4779000000,,,,,940000000,,,,,3.253,1.747,1.866,,,,,,,,0.144,,,2025-11-06,quarterly,1.61,USD,pre-market,71000000,,0.081,0.154,0.14,49.19,879000000,,,,92.31,89.86,14.1844,,,,,,,18097000000,,12.93,,103.48,77.84
2025-12-28,COP,7.08,61280002000.0,12.93,,0.328,52.54,,,,,,,,,,,,,,,None,13017000000,13017000000,,,,,,None,1904000000,,3.12,0.034,,,,-0.216,0.2,7699000000,9603000000,1.41,2022-09-30,14.79,,29056000000.0,8125000000,7440000000,2913000000,,,None,259000000,455000000,,None,,,,,4527000000,32875000000,-259000000,None,0.195,,991000000,7134000000,,,,,432000000,,,,,3.253,1.747,1.866,,,,,,,,0.144,,,2025-11-06,quarterly,1.61,USD,pre-market,None,,0.081,0.154,0.14,49.19,991000000,,,,92.31,89.86,14.1844,,,,,,,21142000000,,12.93,,103.48,77.84
2025-12-28,COP,7.08,61280002000.0,12.93,,0.328,52.54,,,,,,,,,,,,,,,None,12873000000,12873000000,,,,,,None,1907000000,,3.12,0.034,,,,-0.216,0.2,7927000000,9834000000,1.41,2022-06-30,14.79,,29056000000.0,8301000000,7655000000,2510000000,,,None,272000000,383000000,,None,,,,,5145000000,33813000000,-272000000,None,0.195,,1116000000,7185000000,,,,,802000000,,,,,3.253,1.747,1.866,,,,,,,,0.144,,,2025-11-06,quarterly,1.61,USD,pre-market,None,,0.081,0.154,0.14,49.19,1116000000,,,,92.31,89.86,14.1844,,,,,,,21174000000,,12.93,,103.48,77.84
2025-12-28,COP,7.08,61280002000.0,12.93,,0.328,52.54,,,,,,,,,,,,,,,None,10625000000,10625000000,,,,,,None,1830000000,,3.12,0.034,,,,-0.216,0.2,8176000000,10006000000,1.41,2022-03-31,14.79,,29056000000.0,7544000000,7898000000,2139000000,,,None,278000000,185000000,,None,,,,,5759000000,28545000000,-278000000,None,0.195,,1001000000,6543000000,,,,,1131000000,,,,,3.253,1.747,1.866,,,,,,,,0.144,,,2025-11-06,quarterly,1.61,USD,pre-market,None,,0.081,0.154,0.14,49.19,1001000000,,,,92.31,89.86,14.1844,,,,,,,18169000000,,12.93,,103.48,77.84
2025-12-28,COP,7.08,61280002000.0,12.93,,0.328,52.54,,,,,,,,,,,,,,,None,9337000000,9337000000,,,,,,None,1820000000,,3.12,0.034,,,,-0.216,0.2,4611000000,6431000000,1.41,2021-12-31,14.79,,29056000000.0,5149000000,4336000000,1709000000,,,None,275000000,451000000,,None,,,,,2627000000,2627000000,-275000000,None,0.195,,643000000,4506000000,,,,,17000000,,,,,3.253,1.747,1.866,,,,,,,,0.144,,,2025-11-06,quarterly,1.61,USD,pre-market,62000000,,0.081,0.154,0.14,49.19,163000000,,,,92.31,89.86,14.1844,,,,,,,14486000000,,12.93,,103.48,77.84
2025-12-28,COP,7.08,61280002000.0,12.93,,0.328,52.54,,,,,,,,,,,,,,,None,7710000000,7710000000,,,,,,None,1672000000,,3.12,0.034,,,,-0.216,0.2,3862000000,5534000000,1.41,2021-09-30,14.79,,29056000000.0,4099000000,3582000000,1203000000,,,None,280000000,47000000,,None,,,,,2379000000,2379000000,-280000000,None,0.195,,531000000,3568000000,,,,,-7000000,,,,,3.253,1.747,1.866,,,,,,,,0.144,,,2025-11-06,quarterly,1.61,USD,pre-market,None,,0.081,0.154,0.14,49.19,531000000,,,,92.31,89.86,14.1844,,,,,,,11809000000,,12.93,,103.48,77.84
2025-12-28,COP,7.08,61280002000.0,12.93,,0.328,52.54,,,,,,,,,,,,,,,None,6433000000,6433000000,,,,,,None,1868000000,,3.12,0.034,,,,-0.216,0.2,3363000000,5231000000,1.41,2021-06-30,14.79,,29056000000.0,3223000000,3080000000,989000000,,,None,283000000,327000000,,None,,,,,2091000000,2091000000,-283000000,None,0.195,,498000000,2725000000,,,,,-47000000,,,,,3.253,1.747,1.866,,,,,,,,0.144,,,2025-11-06,quarterly,1.61,USD,pre-market,None,,0.081,0.154,0.14,49.19,117000000,,,,92.31,89.86,14.1844,,,,,,,9656000000,,12.93,,103.48,77.84
2025-12-28,COP,7.08,61280002000.0,12.93,,0.328,52.54,,,,,,,,,,,,,,,None,7849000000,7849000000,,,,,,None,1892000000,,3.12,0.034,,,,-0.216,0.2,2002000000,3894000000,1.41,2021-03-31,14.79,,29056000000.0,2256000000,1714000000,732000000,,,None,288000000,123000000,,None,,,,,982000000,982000000,-288000000,None,0.195,,681000000,1575000000,,,,,-43000000,,,,,3.253,1.747,1.866,,,,,,,,0.144,,,2025-11-06,quarterly,1.61,USD,pre-market,None,,0.081,0.154,0.14,49.19,681000000,,,,92.31,89.86,14.1844,,,,,,,10105000000,,12.93,,103.48,77.84
2025-12-28,COP,7.08,61280002000.0,12.93,,0.328,52.54,,,,,,,,,,,,,,,None,6237000000,6237000000,,,,,,None,2510000000,,3.12,0.034,,,,-0.216,0.2,-827000000,1683000000,1.41,2020-12-31,14.79,,29056000000.0,-735000000,-1086000000,-314000000,,,None,259000000,132000000,,None,,,,,-772000000,-772000000,-202000000,None,0.195,,365000000,-1100000000,,,,,None,,,,,3.253,1.747,1.866,,,,,,,,0.144,,,2025-11-06,quarterly,1.61,USD,pre-market,75000000,,0.081,0.154,0.14,49.19,181000000,,,,92.31,89.86,14.1844,,,,,,,5502000000,,12.93,,103.48,77.84
2025-12-28,COP,7.08,61280002000.0,12.93,,0.328,52.54,,,,,,,,,,,,,,,None,4311000000,4311000000,,,,,,None,1455000000,,3.12,0.034,,,,-0.216,0.2,-250000000,1205000000,1.41,2020-09-30,14.79,,29056000000.0,42000000,-512000000,-62000000,,,None,262000000,322000000,,None,,,,,-450000000,-450000000,-200000000,None,0.195,,275000000,-233000000,,,,,-15000000,,,,,3.253,1.747,1.866,,,,,,,,0.144,,,2025-11-06,quarterly,1.61,USD,pre-market,None,,0.081,0.154,0.14,49.19,96000000,,,,92.31,89.86,14.1844,,,,,,,4353000000,,12.93,,103.48,77.84
2025-12-28,COP,7.08,61280002000.0,12.93,,0.328,52.54,,,,,,,,,,,,,,,None,3456000000,3456000000,,,,,,None,1161000000,,3.12,0.034,,,,-0.216,0.2,289000000,1450000000,1.41,2020-06-30,14.79,,29056000000.0,-657000000,21000000,-257000000,,,None,268000000,419000000,,None,,,,,260000000,278000000,-268000000,None,0.195,,297000000,-954000000,,,,,None,,,,,3.253,1.747,1.866,,,,,,,,0.144,,,2025-11-06,quarterly,1.61,USD,pre-market,None,,0.081,0.154,0.14,49.19,156000000,,,,92.31,89.86,14.1844,,,,,,,2799000000,,12.93,,103.48,77.84
2025-12-28,COP,7.08,61280002000.0,12.93,,0.328,52.54,,,,,,,,,,,,,,,None,5406000000,5406000000,,,,,,None,1478000000,,3.12,0.034,,,,-0.216,0.2,-1294000000,184000000,1.41,2020-03-31,14.79,,29056000000.0,705000000,-1563000000,148000000,,,None,269000000,1547000000,,None,,,,,-1739000000,-1711000000,-202000000,None,0.195,,247000000,458000000,,,,,96000000,,,,,3.253,1.747,1.866,,,,,,,,0.144,,,2025-11-06,quarterly,1.61,USD,pre-market,None,,0.081,0.154,0.14,49.19,3000000,,,,92.31,89.86,14.1844,,,,,,,6111000000,,12.93,,103.48,77.84
2025-12-28,COP,7.08,61280002000.0,12.93,,0.328,52.54,,,,,,,,,,,,,,,None,5666000000,5666000000,,,,,,None,1548000000,,3.12,0.034,,,,-0.216,0.2,1549000000,3097000000,1.41,2019-12-31,14.79,,29056000000.0,1969000000,1286000000,543000000,,,None,263000000,247000000,,None,,,,,720000000,743000000,-30000000,None,0.195,,434000000,1535000000,,,,,-54000000,,,,,3.253,1.747,1.866,,,,,,,,0.144,,,2025-11-06,quarterly,1.61,USD,pre-market,82000000,,0.081,0.154,0.14,49.19,187000000,,,,92.31,89.86,14.1844,,,,,,,7635000000,,12.93,,103.48,77.84
2025-12-28,COP,7.08,61280002000.0,12.93,,0.328,52.54,,,,,,,,,,,,,,,None,5958000000,5958000000,,,,,,None,1859000000,,3.12,0.034,,,,-0.216,0.2,3763000000,5622000000,1.41,2019-09-30,14.79,,29056000000.0,1794000000,3493000000,422000000,,,None,270000000,314000000,,None,,,,,3056000000,3071000000,-184000000,None,0.195,,324000000,1470000000,,,,,-15000000,,,,,3.253,1.747,1.866,,,,,,,,0.144,,,2025-11-06,quarterly,1.61,USD,pre-market,None,,0.081,0.154,0.14,49.19,87000000,,,,92.31,89.86,14.1844,,,,,,,7752000000,,12.93,,103.48,77.84
2025-12-28,COP,7.08,61280002000.0,12.93,,0.328,52.54,,,,,,,,,,,,,,,None,5673000000,5673000000,,,,,,None,1531000000,,3.12,0.034,,,,-0.216,0.2,2310000000,3841000000,1.41,2019-06-30,14.79,,29056000000.0,2235000000,2058000000,461000000,,,None,252000000,349000000,,None,,,,,1580000000,1597000000,-165000000,None,0.195,,323000000,1912000000,,,,,-42000000,,,,,3.253,1.747,1.866,,,,,,,,0.144,,,2025-11-06,quarterly,1.61,USD,pre-market,None,,0.081,0.154,0.14,49.19,129000000,,,,92.31,89.86,14.1844,,,,,,,7908000000,,12.93,,103.48,77.84
2025-12-28,COP,7.08,61280002000.0,12.93,,0.328,52.54,,,,,,,,,,,,,,,None,6582000000,6582000000,,,,,,None,1573000000,,3.12,0.034,,,,-0.216,0.2,3006000000,4579000000,1.41,2019-03-31,14.79,,29056000000.0,2549000000,2687000000,841000000,,,None,319000000,284000000,,None,,,,,1833000000,1846000000,-233000000,None,0.195,,428000000,2121000000,,,,,-20000000,,,,,3.253,1.747,1.866,,,,,,,,0.144,,,2025-11-06,quarterly,1.61,USD,pre-market,None,,0.081,0.154,0.14,49.19,153000000,,,,92.31,89.86,14.1844,,,,,,,9131000000,,12.93,,103.48,77.84
2025-12-28,COP,7.08,61280002000.0,12.93,,0.328,52.54,,,,,,,,,,,,,,,None,7006000000,7006000000,,,,,,None,1643000000,,3.12,0.034,,,,-0.216,0.2,2947000000,4590000000,1.41,2018-12-31,14.79,,29056000000.0,2609000000,2672000000,794000000,,,None,275000000,None,,None,,,,,1868000000,1878000000,None,None,0.195,,345000000,2264000000,,,,,-1000000,,,,,3.253,1.747,1.866,,,,,,,,0.144,,,2025-11-06,quarterly,1.61,USD,pre-market,78000000,,0.081,0.154,0.14,49.19,65000000,,,,92.31,89.86,14.1844,,,,,,,9615000000,,12.93,,103.48,77.84
2025-12-28,COP,7.08,61280002000.0,12.93,,0.328,52.54,,,,,,,,,,,,,,,None,6512000000,6512000000,,,,,,None,1522000000,,3.12,0.034,,,,-0.216,0.2,3181000000,4703000000,1.41,2018-09-30,14.79,,29056000000.0,2966000000,2906000000,1033000000,,,None,275000000,None,,None,,,,,1861000000,1873000000,None,None,0.195,,431000000,2535000000,,,,,-15000000,,,,,3.253,1.747,1.866,,,,,,,,0.144,,,2025-11-06,quarterly,1.61,USD,pre-market,0,,0.081,0.154,0.14,49.19,119000000,,,,92.31,89.86,14.1844,,,,,,,9478000000,,12.93,,103.48,77.84
2025-12-28,COP,7.08,61280002000.0,12.93,,0.328,52.54,,,,,,,,,,,,,,,None,5908000000,5908000000,,,,,,None,1454000000,,3.12,0.034,,,,-0.216,0.2,2885000000,4339000000,1.41,2018-06-30,14.79,,29056000000.0,2616000000,2619000000,965000000,,,None,266000000,None,,None,,,,,1640000000,1654000000,None,None,0.195,,391000000,2225000000,,,,,-115000000,,,,,3.253,1.747,1.866,,,,,,,,0.144,,,2025-11-06,quarterly,1.61,USD,pre-market,0,,0.081,0.154,0.14,49.19,118000000,,,,92.31,89.86,14.1844,,,,,,,8524000000,,12.93,,103.48,77.84
2025-12-28,COP,7.08,61280002000.0,12.93,,0.328,52.54,,,,,,,,,,,,,,,None,6365000000,6365000000,,,,,,None,1432000000,,3.12,0.034,,,,-0.216,0.2,2048000000,3480000000,1.41,2018-03-31,14.79,,29056000000.0,2390000000,1776000000,876000000,,,None,272000000,None,,None,,,,,888000000,900000000,None,None,0.195,,282000000,2108000000,,,,,-227000000,,,,,3.253,1.747,1.866,,,,,,,,0.144,,,2025-11-06,quarterly,1.61,USD,pre-market,0,,0.081,0.154,0.14,49.19,99000000,,,,92.31,89.86,14.1844,,,,,,,8755000000,,12.93,,103.48,77.84
2025-12-28,COP,7.08,61280002000.0,12.93,,0.328,52.54,,,,,,,,,,,,,,,None,6633000000,6633000000,,,,,,None,1764000000,,3.12,0.034,,,,-0.216,0.2,1637000000,3401000000,1.41,2017-12-31,14.79,,29056000000.0,1529000000,1325000000,-273000000,,,None,312000000,None,,None,,,,,1579000000,1598000000,None,None,0.195,,397000000,1199000000,,,,,-24000000,,,,,3.253,1.747,1.866,,,,,,,,0.144,,,2025-11-06,quarterly,1.61,USD,pre-market,100000000,,0.081,0.154,0.14,49.19,138000000,,,,92.31,89.86,14.1844,,,,,,,8162000000,,12.93,,103.48,77.84
2025-12-28,COP,7.08,61280002000.0,12.93,,0.328,52.54,,,,,,,,,,,,,,,None,5814000000,5814000000,,,,,,None,1615000000,,3.12,0.034,,,,-0.216,0.2,993000000,2608000000,1.41,2017-09-30,14.79,,29056000000.0,857000000,653000000,217000000,,,None,340000000,None,,None,,,,,420000000,436000000,None,None,0.195,,307000000,550000000,,,,,-56000000,,,,,3.253,1.747,1.866,,,,,,,,0.144,,,2025-11-06,quarterly,1.61,USD,pre-market,0,,0.081,0.154,0.14,49.19,132000000,,,,92.31,89.86,14.1844,,,,,,,6671000000,,12.93,,103.48,77.84
2025-12-28,COP,7.08,61280002000.0,12.93,,0.328,52.54,,,,,,,,,,,,,,,None,5941000000,5941000000,,,,,,None,1647000000,,3.12,0.034,,,,-0.216,0.2,-3963000000,-2316000000,1.41,2017-06-30,14.79,,29056000000.0,788000000,-4361000000,-935000000,,,None,398000000,None,,None,,,,,-3440000000,-3426000000,None,None,0.195,,332000000,456000000,,,,,-247000000,,,,,3.253,1.747,1.866,,,,,,,,0.144,,,2025-11-06,quarterly,1.61,USD,pre-market,0,,0.081,0.154,0.14,49.19,134000000,,,,92.31,89.86,14.1844,,,,,,,6729000000,,12.93,,103.48,77.84
2025-12-28,COP,7.08,61280002000.0,12.93,,0.328,52.54,,,,,,,,,,,,,,,None,6982000000,6982000000,,,,,,None,2385000000,,3.12,0.034,,,,-0.216,0.2,178000000,2563000000,1.41,2017-03-31,14.79,,29056000000.0,485000000,62000000,-728000000,,,None,410000000,None,,None,,,,,586000000,599000000,None,None,0.195,,388000000,97000000,,,,,-10000000,,,,,3.253,1.747,1.866,,,,,,,,0.144,,,2025-11-06,quarterly,1.61,USD,pre-market,0,,0.081,0.154,0.14,49.19,157000000,,,,92.31,89.86,14.1844,,,,,,,7467000000,,12.93,,103.48,77.84
2025-12-28,COP,7.08,61280002000.0,12.93,,0.328,52.54,,,,,,,,,,,,,,,None,6719000000,6719000000,,,,,,None,2235000000,,3.12,0.034,,,,-0.216,0.2,405000000,2640000000,1.41,2016-12-31,14.79,,29056000000.0,133000000,-8000000,11000000,,,None,413000000,None,,None,,,,,-35000000,-19000000,None,None,0.195,,368000000,-235000000,,,,,31000000,,,,,3.253,1.747,1.866,,,,,,,,0.144,,,2025-11-06,quarterly,1.61,USD,pre-market,116000000,,0.081,0.154,0.14,49.19,167000000,,,,92.31,89.86,14.1844,,,,,,,6852000000,,12.93,,103.48,77.84
2025-12-28,COP,7.08,61280002000.0,12.93,,0.328,52.54,,,,,,,,,,,,,,,None,7234000000,7234000000,,,,,,None,2612000000,,3.12,0.034,,,,-0.216,0.2,-1211000000,1401000000,1.41,2016-09-30,14.79,,29056000000.0,-830000000,-1654000000,-628000000,,,None,443000000,None,,None,,,,,-1040000000,-1026000000,None,None,0.195,,364000000,-1194000000,,,,,-13000000,,,,,3.253,1.747,1.866,,,,,,,,0.144,,,2025-11-06,quarterly,1.61,USD,pre-market,0,,0.081,0.154,0.14,49.19,203000000,,,,92.31,89.86,14.1844,,,,,,,6404000000,,12.93,,103.48,77.84
2025-12-28,COP,7.08,61280002000.0,12.93,,0.328,52.54,,,,,,,,,,,,,,,None,5776000000,5776000000,,,,,,None,2329000000,,3.12,0.034,,,,-0.216,0.2,-1220000000,1109000000,1.41,2016-06-30,14.79,,29056000000.0,-428000000,-1644000000,-586000000,,,None,424000000,None,,None,,,,,-1071000000,-1058000000,None,None,0.195,,974000000,-1402000000,,,,,17000000,,,,,3.253,1.747,1.866,,,,,,,,0.144,,,2025-11-06,quarterly,1.61,USD,pre-market,0,,0.081,0.154,0.14,49.19,167000000,,,,92.31,89.86,14.1844,,,,,,,5348000000,,12.93,,103.48,77.84
2025-12-28,COP,7.08,61280002000.0,12.93,,0.328,52.54,,,,,,,,,,,,,,,None,5826000000,5826000000,,,,,,None,2247000000,,3.12,0.034,,,,-0.216,0.2,-1834000000,413000000,1.41,2016-03-31,14.79,,29056000000.0,-705000000,-2224000000,-768000000,,,None,390000000,None,,None,,,,,-1469000000,-1456000000,None,None,0.195,,871000000,-1576000000,,,,,-16000000,,,,,3.253,1.747,1.866,,,,,,,,0.144,,,2025-11-06,quarterly,1.61,USD,pre-market,0,,0.081,0.154,0.14,49.19,186000000,,,,92.31,89.86,14.1844,,,,,,,5121000000,,12.93,,103.48,77.84
2025-12-28,COP,7.08,61280002000.0,12.93,,0.328,52.54,,,,,,,,,,,,,,,None,6654000000,6654000000,,,,,,None,2382000000,,3.12,0.034,,,,-0.216,0.2,-4665000000,-2283000000,1.41,2015-12-31,14.79,,29056000000.0,-361000000,-5051000000,-1614000000,,,None,386000000,None,,None,,,,,-3450000000,-3437000000,None,None,0.195,,2629000000,-2990000000,,,,,-21000000,,,,,3.253,1.747,1.866,,,,,,,,0.144,,,2025-11-06,quarterly,1.61,USD,pre-market,222000000,,0.081,0.154,0.14,49.19,283000000,,,,92.31,89.86,14.1844,,,,,,,6293000000,,12.93,,103.48,77.84
2025-12-28,COP,7.08,61280002000.0,12.93,,0.328,52.54,,,,,,,,,,,,,,,None,7374000000,7374000000,,,,,,None,2271000000,,3.12,0.034,,,,-0.216,0.2,-1379000000,892000000,1.41,2015-09-30,14.79,,29056000000.0,-112000000,-1741000000,-685000000,,,None,362000000,None,,None,,,,,-1071000000,-1056000000,None,None,0.195,,1560000000,-1672000000,,,,,72000000,,,,,3.253,1.747,1.866,,,,,,,,0.144,,,2025-11-06,quarterly,1.61,USD,pre-market,0,,0.081,0.154,0.14,49.19,293000000,,,,92.31,89.86,14.1844,,,,,,,7262000000,,12.93,,103.48,77.84
2025-12-28,COP,7.08,61280002000.0,12.93,,0.328,52.54,,,,,,,,,,,,,,,None,7357000000,7357000000,,,,,,None,2329000000,,3.12,0.034,,,,-0.216,0.2,241000000,2570000000,1.41,2015-06-30,14.79,,29056000000.0,936000000,-91000000,73000000,,,None,332000000,None,,None,,,,,-179000000,-164000000,None,None,0.195,,992000000,-56000000,,,,,8000000,,,,,3.253,1.747,1.866,,,,,,,,0.144,,,2025-11-06,quarterly,1.61,USD,pre-market,0,,0.081,0.154,0.14,49.19,218000000,,,,92.31,89.86,14.1844,,,,,,,8293000000,,12.93,,103.48,77.84
2025-12-28,COP,7.08,61280002000.0,12.93,,0.328,52.54,,,,,,,,,,,,,,,None,7170000000,7170000000,,,,,,None,2131000000,,3.12,0.034,,,,-0.216,0.2,-33000000,2098000000,1.41,2015-03-31,14.79,,29056000000.0,546000000,-356000000,-642000000,,,None,323000000,None,,None,,,,,272000000,286000000,None,None,0.195,,865000000,-319000000,,,,,16000000,,,,,3.253,1.747,1.866,,,,,,,,0.144,,,2025-11-06,quarterly,1.61,USD,pre-market,0,,0.081,0.154,0.14,49.19,159000000,,,,92.31,89.86,14.1844,,,,,,,7716000000,,12.93,,103.48,77.84
2025-12-28,COP,7.08,61280002000.0,12.93,,0.328,52.54,,,,,,,,,,,,,,,None,9988000000,9988000000,,,,,,None,2271000000,,3.12,0.034,,,,-0.216,0.2,-21000000,2250000000,1.41,2014-12-31,14.79,,29056000000.0,1220000000,-321000000,-297000000,,,None,300000000,None,,None,,,,,-39000000,-24000000,None,None,0.195,,1237000000,-17000000,,,,,83000000,,,,,3.253,1.747,1.866,,,,,,,,0.144,,,2025-11-06,quarterly,1.61,USD,pre-market,263000000,,0.081,0.154,0.14,49.19,132000000,,,,92.31,89.86,14.1844,,,,,,,11208000000,,12.93,,103.48,77.84
2025-12-28,COP,7.08,61280002000.0,12.93,,0.328,52.54,,,,,,,,,,,,,,,None,8840000000,8840000000,,,,,,None,2096000000,,3.12,0.034,,,,-0.216,0.2,2822000000,4918000000,1.41,2014-09-30,14.79,,29056000000.0,3240000000,2553000000,904000000,,,None,269000000,None,,None,,,,,2704000000,1649000000,None,None,0.195,,1155000000,2085000000,,,,,8000000,,,,,3.253,1.747,1.866,,,,,,,,0.144,,,2025-11-06,quarterly,1.61,USD,pre-market,0,,0.081,0.154,0.14,49.19,203000000,,,,92.31,89.86,14.1844,,,,,,,12080000000,,12.93,,103.48,77.84
2025-12-28,COP,7.08,61280002000.0,12.93,,0.328,52.54,,,,,,,,,,,,,,,None,9595000000,9595000000,,,,,,None,2070000000,,3.12,0.034,,,,-0.216,0.2,3735000000,5805000000,1.41,2014-06-30,14.79,,29056000000.0,4226000000,3460000000,1395000000,,,None,275000000,None,,None,,,,,2081000000,2065000000,None,None,0.195,,1347000000,2879000000,,,,,-7000000,,,,,3.253,1.747,1.866,,,,,,,,0.144,,,2025-11-06,quarterly,1.61,USD,pre-market,0,,0.081,0.154,0.14,49.19,218000000,,,,92.31,89.86,14.1844,,,,,,,13821000000,,12.93,,103.48,77.84
2025-12-28,COP,7.08,61280002000.0,12.93,,0.328,52.54,,,,,,,,,,,,,,,None,10914000000,10914000000,,,,,,None,1892000000,,3.12,0.034,,,,-0.216,0.2,3986000000,5878000000,1.41,2014-03-31,14.79,,29056000000.0,4501000000,3698000000,1581000000,,,None,288000000,None,,None,,,,,2123000000,2117000000,None,None,0.195,,1129000000,3372000000,,,,,-18000000,,,,,3.253,1.747,1.866,,,,,,,,0.144,,,2025-11-06,quarterly,1.61,USD,pre-market,0,,0.081,0.154,0.14,49.19,182000000,,,,92.31,89.86,14.1844,,,,,,,15415000000,,12.93,,103.48,77.84
2025-12-28,COP,7.08,61280002000.0,12.93,,0.328,52.54,,,,,,,,,,,,,,,None,9390000000,9390000000,,,,,,None,1893000000,,3.12,0.034,,,,-0.216,0.2,2867000000,4760000000,1.41,2013-12-31,14.79,,29056000000.0,3864000000,2558000000,1050000000,,,None,309000000,None,,None,,,,,2487000000,1508000000,None,None,0.195,,1254000000,2610000000,,,,,24000000,,,,,3.253,1.747,1.866,,,,,,,,0.144,,,2025-11-06,quarterly,1.61,USD,pre-market,258000000,,0.081,0.154,0.14,49.19,247000000,,,,92.31,89.86,14.1844,,,,,,,13254000000,,12.93,,103.48,77.84
2025-12-28,COP,7.08,61280002000.0,12.93,,0.328,52.54,,,,,,,,,,,,,,,None,9572000000,9572000000,,,,,,None,1902000000,,3.12,0.034,,,,-0.216,0.2,4662000000,6564000000,1.41,2013-09-30,14.79,,29056000000.0,4071000000,4405000000,1966000000,,,None,257000000,None,,None,,,,,2480000000,2439000000,None,None,0.195,,1226000000,2845000000,,,,,-9000000,,,,,3.253,1.747,1.866,,,,,,,,0.144,,,2025-11-06,quarterly,1.61,USD,pre-market,0,,0.081,0.154,0.14,49.19,249000000,,,,92.31,89.86,14.1844,,,,,,,13643000000,,12.93,,103.48,77.84
2025-12-28,COP,7.08,61280002000.0,12.93,,0.328,52.54,,,,,,,,,,,,,,,None,9025000000,9025000000,,,,,,None,1832000000,,3.12,0.034,,,,-0.216,0.2,3940000000,5772000000,1.41,2013-06-30,14.79,,29056000000.0,4325000000,3696000000,1630000000,,,None,244000000,None,,None,,,,,2050000000,2066000000,None,None,0.195,,1156000000,3169000000,,,,,7000000,,,,,3.253,1.747,1.866,,,,,,,,0.144,,,2025-11-06,quarterly,1.61,USD,pre-market,0,,0.081,0.154,0.14,49.19,193000000,,,,92.31,89.86,14.1844,,,,,,,13350000000,,12.93,,103.48,77.84
2025-12-28,COP,7.08,61280002000.0,12.93,,0.328,52.54,,,,,,,,,,,,,,,None,9328000000,9328000000,,,,,,None,1807000000,,3.12,0.034,,,,-0.216,0.2,4023000000,5830000000,1.41,2013-03-31,14.79,,29056000000.0,4838000000,3787000000,1763000000,,,None,236000000,None,,None,,,,,2139000000,2024000000,None,None,0.195,,1334000000,3504000000,,,,,36000000,,,,,3.253,1.747,1.866,,,,,,,,0.144,,,2025-11-06,quarterly,1.61,USD,pre-market,0,,0.081,0.154,0.14,49.19,165000000,,,,92.31,89.86,14.1844,,,,,,,14166000000,,12.93,,103.48,77.84
2025-12-28,COP,7.08,61280002000.0,12.93,,0.328,52.54,,,,,,,,,,,,,,,None,15059000000,15059000000,,,,,,None,1779000000,,3.12,0.034,,,,-0.216,0.2,3205000000,4984000000,1.41,2012-12-31,14.79,,29056000000.0,-2393000000,3622000000,1780000000,,,None,247000000,None,,None,,,,,1426000000,1902000000,None,None,0.195,,-3853000000,1460000000,,,,,-1318000000,,,,,3.253,1.747,1.866,,,,,,,,0.144,,,2025-11-06,quarterly,1.61,USD,pre-market,221000000,,0.081,0.154,0.14,49.19,214000000,,,,92.31,89.86,14.1844,,,,,,,12666000000,,12.93,,103.48,77.84
2025-12-28,COP,7.08,61280002000.0,12.93,,0.328,52.54,,,,,,,,,,,,,,,None,9644000000,9644000000,,,,,,None,-1550000000,,3.12,0.034,,,,-0.216,0.2,7052000000,5502000000,1.41,2012-09-30,14.79,,29056000000.0,4497000000,4467000000,2226000000,,,None,190000000,None,,None,,,,,2937000000,1811000000,None,None,0.195,,1217000000,3280000000,,,,,1000000,,,,,3.253,1.747,1.866,,,,,,,,0.144,,,2025-11-06,quarterly,1.61,USD,pre-market,0,,0.081,0.154,0.14,49.19,330000000,,,,92.31,89.86,14.1844,,,,,,,14141000000,,12.93,,103.48,77.84
2025-12-28,COP,7.08,61280002000.0,12.93,,0.328,52.54,,,,,,,,,,,,,,,None,9103000000,9103000000,,,,,,None,1411000000,,3.12,0.034,,,,-0.216,0.2,4414000000,5825000000,1.41,2012-06-30,14.79,,29056000000.0,4561000000,4089000000,2334000000,,,None,197000000,None,,None,,,,,2267000000,1755000000,None,None,0.195,,1400000000,3161000000,,,,,-15000000,,,,,3.253,1.747,1.866,,,,,,,,0.144,,,2025-11-06,quarterly,1.61,USD,pre-market,0,,0.081,0.154,0.14,49.19,235000000,,,,92.31,89.86,14.1844,,,,,,,13664000000,,12.93,,103.48,77.84
2025-12-28,COP,7.08,61280002000.0,12.93,,0.328,52.54,,,,,,,,,,,,,,,None,9208000000,9208000000,,,,,,None,1838000000,,3.12,0.034,,,,-0.216,0.2,4293000000,6131000000,1.41,2012-03-31,14.79,,29056000000.0,5385000000,5475000000,2520000000,,,None,209000000,None,,None,,,,,2937000000,2013000000,None,None,0.195,,2096000000,3289000000,,,,,1291000000,,,,,3.253,1.747,1.866,,,,,,,,0.144,,,2025-11-06,quarterly,1.61,USD,pre-market,0,,0.081,0.154,0.14,49.19,685000000,,,,92.31,89.86,14.1844,,,,,,,14593000000,,12.93,,103.48,77.84
2025-12-28,COP,7.08,61280002000.0,12.93,,0.328,52.54,,,,,,,,,,,,,,,None,48529000000,48529000000,,,,,,None,1919000000,,3.12,0.034,,,,-0.216,0.2,6061000000,7980000000,1.41,2011-12-31,14.79,,29056000000.0,13258000000,5833000000,2423000000,,,None,228000000,None,,None,,,,,3390000000,2211000000,None,None,0.195,,7412000000,5846000000,,,,,1235000000,,,,,3.253,1.747,1.866,,,,,,,,0.144,,,2025-11-06,quarterly,1.61,USD,pre-market,193000000,,0.081,0.154,0.14,49.19,599000000,,,,92.31,89.86,14.1844,,,,,,,61787000000,,12.93,,103.48,77.84
2025-12-28,COP,7.08,61280002000.0,12.93,,0.328,52.54,,,,,,,,,,,,,,,None,9743000000,9743000000,,,,,,None,1870000000,,3.12,0.034,,,,-0.216,0.2,3929000000,5799000000,1.41,2011-09-30,14.79,,29056000000.0,6509000000,5180000000,2549000000,,,None,235000000,None,,None,,,,,2616000000,2745000000,None,None,0.195,,3067000000,3442000000,,,,,777000000,,,,,3.253,1.747,1.866,,,,,,,,0.144,,,2025-11-06,quarterly,1.61,USD,pre-market,0,,0.081,0.154,0.14,49.19,466000000,,,,92.31,89.86,14.1844,,,,,,,16252000000,,12.93,,103.48,77.84
2025-12-28,COP,7.08,61280002000.0,12.93,,0.328,52.54,,,,,,,,,,,,,,,None,9276000000,9276000000,,,,,,None,2075000000,,3.12,0.034,,,,-0.216,0.2,6422000000,8497000000,1.41,2011-06-30,14.79,,29056000000.0,8017000000,6192000000,2773000000,,,None,247000000,None,,None,,,,,3402000000,3456000000,None,None,0.195,,3511000000,4506000000,,,,,1273000000,,,,,3.253,1.747,1.866,,,,,,,,0.144,,,2025-11-06,quarterly,1.61,USD,pre-market,0,,0.081,0.154,0.14,49.19,514000000,,,,92.31,89.86,14.1844,,,,,,,17293000000,,12.93,,103.48,77.84
2025-12-28,COP,7.08,61280002000.0,12.93,,0.328,52.54,,,,,,,,,,,,,,,None,45004000000,45004000000,,,,,,None,2070000000,,3.12,0.034,,,,-0.216,0.2,6058000000,8128000000,1.41,2011-03-31,14.79,,29056000000.0,12226000000,5796000000,2754000000,,,None,262000000,None,,None,,,,,3028000000,2538000000,None,None,0.195,,7109000000,5117000000,,,,,1137000000,,,,,3.253,1.747,1.866,,,,,,,,0.144,,,2025-11-06,quarterly,1.61,USD,pre-market,0,,0.081,0.154,0.14,49.19,499000000,,,,92.31,89.86,14.1844,,,,,,,57230000000,,12.93,,103.48,77.84
2025-12-28,COP,7.08,61280002000.0,12.93,,0.328,52.54,,,,,,,,,,,,,,,None,43213000000,43213000000,,,,,,None,2216000000,,3.12,0.034,,,,-0.216,0.2,4675000000,6891000000,1.41,2010-12-31,14.79,,29056000000.0,8513000000,4292000000,2239000000,,,None,383000000,None,,None,,,,,2041000000,-3640000000,None,None,0.195,,5219000000,3294000000,,,,,-4324000000,,,,,3.253,1.747,1.866,,,,,,,,0.144,,,2025-11-06,quarterly,1.61,USD,pre-market,230000000,,0.081,0.154,0.14,49.19,630000000,,,,92.31,89.86,14.1844,,,,,,,51726000000,,12.93,,103.48,77.84
2025-12-28,COP,7.08,61280002000.0,12.93,,0.328,52.54,,,,,,,,,,,,,,,None,36634000000,36634000000,,,,,,None,2246000000,,3.12,0.034,,,,-0.216,0.2,5538000000,7784000000,1.41,2010-09-30,14.79,,29056000000.0,11911000000,5274000000,2205000000,,,None,264000000,None,,None,,,,,3055000000,3179000000,None,None,0.195,,7218000000,4693000000,,,,,2351000000,,,,,3.253,1.747,1.866,,,,,,,,0.144,,,2025-11-06,quarterly,1.61,USD,pre-market,0,,0.081,0.154,0.14,49.19,493000000,,,,92.31,89.86,14.1844,,,,,,,48545000000,,12.93,,103.48,77.84
2025-12-28,COP,7.08,61280002000.0,12.93,,0.328,52.54,,,,,,,,,,,,,,,None,34707000000,34707000000,,,,,,None,2280000000,,3.12,0.034,,,,-0.216,0.2,6543000000,8823000000,1.41,2010-06-30,14.79,,29056000000.0,14332000000,3990000000,1878000000,,,None,301000000,None,,None,,,,,2098000000,4296000000,None,None,0.195,,7178000000,7154000000,,,,,4387000000,,,,,3.253,1.747,1.866,,,,,,,,0.144,,,2025-11-06,quarterly,1.61,USD,pre-market,0,,0.081,0.154,0.14,49.19,438000000,,,,92.31,89.86,14.1844,,,,,,,49039000000,,12.93,,103.48,77.84
2025-12-28,COP,7.08,61280002000.0,12.93,,0.328,52.54,,,,,,,,,,,,,,,None,34048000000,34048000000,,,,,,None,2318000000,,3.12,0.034,,,,-0.216,0.2,4291000000,6609000000,1.41,2010-03-31,14.79,,29056000000.0,10846000000,3990000000,1878000000,,,None,301000000,None,,None,,,,,2098000000,2226000000,None,None,0.195,,7182000000,3664000000,,,,,905000000,,,,,3.253,1.747,1.866,,,,,,,,0.144,,,2025-11-06,quarterly,1.61,USD,pre-market,0,,0.081,0.154,0.14,49.19,444000000,,,,92.31,89.86,14.1844,,,,,,,44894000000,,12.93,,103.48,77.84
2025-12-28,COP,7.08,61280002000.0,12.93,,0.328,52.54,,,,,,,,,,,,,,,None,32744000000,32744000000,,,,,,None,2391000000,,3.12,0.034,,,,-0.216,0.2,3044000000,5435000000,1.41,2009-12-31,14.79,,29056000000.0,10881000000,2669000000,1423000000,,,None,375000000,None,,None,,,,,1217000000,0,None,None,0.195,,7298000000,3583000000,,,,,None,,,,,3.253,1.747,1.866,,,,,,,,0.144,,,2025-11-06,quarterly,1.61,USD,pre-market,190000000,,0.081,0.154,0.14,49.19,452000000,,,,92.31,89.86,14.1844,,,,,,,43625000000,,12.93,,103.48,77.84
2025-12-28,COP,7.08,61280002000.0,12.93,,0.328,52.54,,,,,,,,,,,,,,,None,32869000000,32869000000,,,,,,None,4557000000,,3.12,0.034,,,,-0.216,0.2,1115000000,5672000000,1.41,2009-09-30,14.79,,29056000000.0,7304000000,2947000000,1427000000,,,None,336000000,None,,None,,,,,1470000000,1672000000,None,None,0.195,,5018000000,2286000000,,,,,1149000000,,,,,3.253,1.747,1.866,,,,,,,,0.144,,,2025-11-06,quarterly,1.61,USD,pre-market,0,,0.081,0.154,0.14,49.19,427000000,,,,92.31,89.86,14.1844,,,,,,,40173000000,,12.93,,103.48,77.84
2025-12-28,COP,7.08,61280002000.0,12.93,,0.328,52.54,,,,,,,,,,,,,,,None,29529000000,29529000000,,,,,,None,2230000000,,3.12,0.034,,,,-0.216,0.2,2431000000,4661000000,1.41,2009-06-30,14.79,,29056000000.0,5919000000,2034000000,1178000000,,,None,310000000,None,,None,,,,,859000000,97611000000,None,None,0.195,,4434000000,1485000000,,,,,-142000000,,,,,3.253,1.747,1.866,,,,,,,,0.144,,,2025-11-06,quarterly,1.61,USD,pre-market,0,,0.081,0.154,0.14,49.19,476000000,,,,92.31,89.86,14.1844,,,,,,,35448000000,,12.93,,103.48,77.84
2025-12-28,COP,7.08,61280002000.0,12.93,,0.328,52.54,,,,,,,,,,,,,,,None,22304000000,22304000000,,,,,,None,2230000000,,3.12,0.034,,,,-0.216,0.2,2302000000,4532000000,1.41,2009-03-31,14.79,,29056000000.0,8934000000,2034000000,1178000000,,,None,310000000,None,,None,,,,,800000000,0,None,None,0.195,,6525000000,2409000000,,,,,None,,,,,3.253,1.747,1.866,,,,,,,,0.144,,,2025-11-06,quarterly,1.61,USD,pre-market,0,,0.081,0.154,0.14,49.19,475000000,,,,92.31,89.86,14.1844,,,,,,,31238000000,,12.93,,103.48,77.84
2025-12-28,COP,7.08,61280002000.0,12.93,,0.328,52.54,,,,,,,,,,,,,,,None,32114000000,32114000000,,,,,,None,2264000000,,3.12,0.034,,,,-0.216,0.2,4561000000,6825000000,1.41,2008-12-31,14.79,,29056000000.0,12790000000,-30404000000,1360000000,,,None,1006000000,None,,None,,,,,-31764000000,0,None,None,0.195,,8229000000,4561000000,,,,,None,,,,,3.253,1.747,1.866,,,,,,,,0.144,,,2025-11-06,quarterly,1.61,USD,pre-market,209000000,,0.081,0.154,0.14,49.19,1898000000,,,,92.31,89.86,14.1844,,,,,,,44904000000,,12.93,,103.48,77.84
2025-12-28,COP,7.08,61280002000.0,12.93,,0.328,52.54,,,,,,,,,,,,,,,None,52934000000,52934000000,,,,,,None,2361000000,,3.12,0.034,,,,-0.216,0.2,9946000000,12307000000,1.41,2008-09-30,14.79,,29056000000.0,18439000000,9467000000,4279000000,,,None,239000000,None,,None,,,,,5188000000,0,None,None,0.195,,8493000000,9946000000,,,,,None,,,,,3.253,1.747,1.866,,,,,,,,0.144,,,2025-11-06,quarterly,1.61,USD,pre-market,0,,0.081,0.154,0.14,49.19,513000000,,,,92.31,89.86,14.1844,,,,,,,71373000000,,12.93,,103.48,77.84
2025-12-28,COP,7.08,61280002000.0,12.93,,0.328,52.54,,,,,,,,,,,,,,,None,54325000000,54325000000,,,,,,None,2178000000,,3.12,0.034,,,,-0.216,0.2,10022000000,12200000000,1.41,2008-06-30,14.79,,29056000000.0,19028000000,9795000000,4356000000,,,None,210000000,None,,None,,,,,5439000000,0,None,None,0.195,,8891000000,10137000000,,,,,None,,,,,3.253,1.747,1.866,,,,,,,,0.144,,,2025-11-06,quarterly,1.61,USD,pre-market,0,,0.081,0.154,0.14,49.19,629000000,,,,92.31,89.86,14.1844,,,,,,,73353000000,,12.93,,103.48,77.84
2025-12-28,COP,7.08,61280002000.0,12.93,,0.328,52.54,,,,,,,,,,,,,,,None,40511000000,40511000000,,,,,,None,2209000000,,3.12,0.034,,,,-0.216,0.2,7775000000,9984000000,1.41,2008-03-31,14.79,,29056000000.0,16041000000,7549000000,3410000000,,,None,207000000,None,,None,,,,,4139000000,0,None,None,0.195,,8156000000,7885000000,,,,,None,,,,,3.253,1.747,1.866,,,,,,,,0.144,,,2025-11-06,quarterly,1.61,USD,pre-market,0,,0.081,0.154,0.14,49.19,835000000,,,,92.31,89.86,14.1844,,,,,,,56552000000,,12.93,,103.48,77.84
2025-12-28,COP,7.08,61280002000.0,12.93,,0.328,52.54,,,,,,,,,,,,,,,None,37307000000,37307000000,,,,,,None,2206000000,,3.12,0.034,,,,-0.216,0.2,7836000000,10042000000,1.41,2007-12-31,14.79,,29056000000.0,16991000000,7324000000,2953000000,,,None,356000000,None,,None,,,,,4371000000,0,None,None,0.195,,9155000000,7836000000,,,,,None,,,,,3.253,1.747,1.866,,,,,,,,0.144,,,2025-11-06,quarterly,1.61,USD,pre-market,160000000,,0.081,0.154,0.14,49.19,1613000000,,,,92.31,89.86,14.1844,,,,,,,54298000000,,12.93,,103.48,77.84
2025-12-28,COP,7.08,61280002000.0,12.93,,0.328,52.54,,,,,,,,,,,,,,,None,33700000000,33700000000,,,,,,None,2052000000,,3.12,0.034,,,,-0.216,0.2,7029000000,9081000000,1.41,2007-09-30,14.79,,29056000000.0,14233000000,6364000000,2691000000,,,None,391000000,None,,None,,,,,3673000000,0,None,None,0.195,,7204000000,7029000000,,,,,None,,,,,3.253,1.747,1.866,,,,,,,,0.144,,,2025-11-06,quarterly,1.61,USD,pre-market,0,,0.081,0.154,0.14,49.19,569000000,,,,92.31,89.86,14.1844,,,,,,,47933000000,,12.93,,103.48,77.84
2025-12-28,COP,7.08,61280002000.0,12.93,,0.328,52.54,,,,,,,,,,,,,,,None,33636000000,33636000000,,,,,,None,2016000000,,3.12,0.034,,,,-0.216,0.2,8444000000,10460000000,1.41,2007-06-30,14.79,,29056000000.0,15761000000,3518000000,3217000000,,,None,319000000,None,,None,,,,,301000000,0,None,None,0.195,,7317000000,8444000000,,,,,None,,,,,3.253,1.747,1.866,,,,,,,,0.144,,,2025-11-06,quarterly,1.61,USD,pre-market,0,,0.081,0.154,0.14,49.19,604000000,,,,92.31,89.86,14.1844,,,,,,,49397000000,,12.93,,103.48,77.84
2025-12-28,COP,7.08,61280002000.0,12.93,,0.328,52.54,,,,,,,,,,,,,,,None,29469000000,29469000000,,,,,,None,2024000000,,3.12,0.034,,,,-0.216,0.2,4926000000,6950000000,1.41,2007-03-31,14.79,,29056000000.0,11851000000,6066000000,2520000000,,,None,307000000,None,,None,,,,,3546000000,0,None,None,0.195,,6925000000,4926000000,,,,,None,,,,,3.253,1.747,1.866,,,,,,,,0.144,,,2025-11-06,quarterly,1.61,USD,pre-market,0,,0.081,0.154,0.14,49.19,527000000,,,,92.31,89.86,14.1844,,,,,,,41320000000,,12.93,,103.48,77.84
2025-12-28,COP,7.08,61280002000.0,12.93,,0.328,52.54,,,,,,,,,,,,,,,None,28700000000,28700000000,,,,,,None,2002000000,,3.12,0.034,,,,-0.216,0.2,1784000000,3786000000,1.41,2006-12-31,14.79,,29056000000.0,-7110000000,5917000000,2720000000,,,None,356000000,None,,None,,,,,3197000000,0,None,None,0.195,,-8894000000,1784000000,,,,,None,,,,,3.253,1.747,1.866,,,,,,,,0.144,,,2025-11-06,quarterly,1.61,USD,pre-market,117000000,,0.081,0.154,0.14,49.19,650000000,,,,92.31,89.86,14.1844,,,,,,,21590000000,,12.93,,103.48,77.84
2025-12-28,COP,7.08,61280002000.0,12.93,,0.328,52.54,,,,,,,,,,,,,,,None,33388000000,33388000000,,,,,,None,2137000000,,3.12,0.034,,,,-0.216,0.2,8557000000,10694000000,1.41,2006-09-30,14.79,,29056000000.0,16197000000,7937000000,4061000000,,,None,308000000,None,,None,,,,,3876000000,0,None,None,0.195,,7640000000,8557000000,,,,,None,,,,,3.253,1.747,1.866,,,,,,,,0.144,,,2025-11-06,quarterly,1.61,USD,pre-market,0,,0.081,0.154,0.14,49.19,650000000,,,,92.31,89.86,14.1844,,,,,,,49585000000,,12.93,,103.48,77.84
2025-12-28,COP,7.08,61280002000.0,12.93,,0.328,52.54,,,,,,,,,,,,,,,None,32276000000,32276000000,,,,,,None,1965000000,,3.12,0.034,,,,-0.216,0.2,9204000000,11169000000,1.41,2006-06-30,14.79,,29056000000.0,16200000000,8682000000,3496000000,,,None,360000000,None,,None,,,,,5186000000,0,None,None,0.195,,6996000000,9204000000,,,,,None,,,,,3.253,1.747,1.866,,,,,,,,0.144,,,2025-11-06,quarterly,1.61,USD,pre-market,0,,0.081,0.154,0.14,49.19,610000000,,,,92.31,89.86,14.1844,,,,,,,48476000000,,12.93,,103.48,77.84
2025-12-28,COP,7.08,61280002000.0,12.93,,0.328,52.54,,,,,,,,,,,,,,,None,35782000000,35782000000,,,,,,None,1180000000,,3.12,0.034,,,,-0.216,0.2,6012000000,7192000000,1.41,2006-03-31,14.79,,29056000000.0,12145000000,5797000000,2506000000,,,None,115000000,None,,None,,,,,3291000000,0,None,None,0.195,,6133000000,6012000000,,,,,None,,,,,3.253,1.747,1.866,,,,,,,,0.144,,,2025-11-06,quarterly,1.61,USD,pre-market,0,,0.081,0.154,0.14,49.19,566000000,,,,92.31,89.86,14.1844,,,,,,,47927000000,,12.93,,103.48,77.84
2025-12-28,COP,7.08,61280002000.0,12.93,,0.328,52.54,,,,,,,,,,,,,,,None,39032000000,39032000000,,,,,,None,1178000000,,3.12,0.034,,,,-0.216,0.2,27018000000,28196000000,1.41,2005-12-31,14.79,,29056000000.0,28933000000,6621000000,2839000000,,,None,197000000,None,,None,,,,,3767000000,0,None,None,0.195,,1915000000,27018000000,,,,,None,,,,,3.253,1.747,1.866,,,,,,,,0.144,,,2025-11-06,quarterly,1.61,USD,pre-market,125000000,,0.081,0.154,0.14,49.19,391000000,,,,92.31,89.86,14.1844,,,,,,,67965000000,,12.93,,103.48,77.84
2025-12-28,COP,7.08,61280002000.0,12.93,,0.328,52.54,,,,,,,,,,,,,,,None,36630000000,36630000000,,,,,,None,1049000000,,3.12,0.034,,,,-0.216,0.2,6762000000,7811000000,1.41,2005-09-30,14.79,,29056000000.0,13029000000,6554000000,2750000000,,,None,122000000,None,,None,,,,,3800000000,0,None,None,0.195,,6267000000,6762000000,,,,,None,,,,,3.253,1.747,1.866,,,,,,,,0.144,,,2025-11-06,quarterly,1.61,USD,pre-market,0,,0.081,0.154,0.14,49.19,658000000,,,,92.31,89.86,14.1844,,,,,,,49659000000,,12.93,,103.48,77.84
2025-12-28,COP,7.08,61280002000.0,12.93,,0.328,52.54,,,,,,,,,,,,,,,None,38584000000,38584000000,,,,,,None,9645000000,,3.12,0.034,,,,-0.216,0.2,14780000000,24425000000,1.41,2024-12-31,14.79,,29056000000.0,16028000000,13672000000,4427000000,,,None,1108000000,402000000,,None,,,,,9218000000,9245000000,-706000000,None,0.195,,3245000000,12783000000,,,,,None,,,,,3.253,1.747,1.866,,,,,,,,0.144,,,2025-11-06,annual,1.61,USD,pre-market,81000000,,0.081,0.154,0.14,49.19,1158000000,,,,92.31,89.86,14.1844,,,,,,,54612000000,,12.93,,103.48,77.84
2025-12-28,COP,7.08,61280002000.0,12.93,,0.328,52.54,,,,,,,,,,,,,,,None,37938000000,37938000000,,,,,,None,8432000000,,3.12,0.034,,,,-0.216,0.2,17351000000,25783000000,1.41,2023-12-31,14.79,,29056000000.0,18203000000,16288000000,5331000000,,,None,1063000000,412000000,,None,,,,,10922000000,10957000000,-651000000,None,0.195,,3177000000,15030000000,,,,,None,,,,,3.253,1.747,1.866,,,,,,,,0.144,,,2025-11-06,annual,1.61,USD,pre-market,81000000,,0.081,0.154,0.14,49.19,705000000,,,,92.31,89.86,14.1844,,,,,,,56141000000,,12.93,,103.48,77.84
2025-12-28,COP,7.08,61280002000.0,12.93,,0.328,52.54,,,,,,,,,,,,,,,None,48954000000,48954000000,,,,,,None,7844000000,,3.12,0.034,,,,-0.216,0.2,29283000000,37127000000,1.41,2022-12-31,14.79,,29056000000.0,29628000000,28228000000,9548000000,,,None,1055000000,1376000000,,None,,,,,18620000000,18680000000,-1055000000,None,0.195,,3987000000,25641000000,,,,,3305000000,,,,,3.253,1.747,1.866,,,,,,,,0.144,,,2025-11-06,annual,1.61,USD,pre-market,71000000,,0.081,0.154,0.14,49.19,3987000000,,,,92.31,89.86,14.1844,,,,,,,78582000000,,12.93,,103.48,77.84
2025-12-28,COP,7.08,61280002000.0,12.93,,0.328,52.54,,,,,,,,,,,,,,,None,31329000000,31329000000,,,,,,None,7252000000,,3.12,0.034,,,,-0.216,0.2,13838000000,21090000000,1.41,2021-12-31,14.79,,29056000000.0,14727000000,12712000000,4633000000,,,None,1126000000,1010000000,,None,,,,,8079000000,8079000000,-1126000000,None,0.195,,2353000000,12374000000,,,,,-80000000,,,,,3.253,1.747,1.866,,,,,,,,0.144,,,2025-11-06,annual,1.61,USD,pre-market,62000000,,0.081,0.154,0.14,49.19,719000000,,,,92.31,89.86,14.1844,,,,,,,46056000000,,12.93,,103.48,77.84
2025-12-28,COP,7.08,61280002000.0,12.93,,0.328,52.54,,,,,,,,,,,,,,,None,19411000000,19411000000,,,,,,None,6604000000,,3.12,0.034,,,,-0.216,0.2,-2082000000,4522000000,1.41,2020-12-31,14.79,,29056000000.0,-646000000,-3140000000,-485000000,,,None,1058000000,302000000,,None,,,,,-2701000000,-2655000000,-806000000,None,0.195,,1184000000,-1830000000,,,,,59000000,,,,,3.253,1.747,1.866,,,,,,,,0.144,,,2025-11-06,annual,1.61,USD,pre-market,75000000,,0.081,0.154,0.14,49.19,1184000000,,,,92.31,89.86,14.1844,,,,,,,18765000000,,12.93,,103.48,77.84
2025-12-28,COP,7.08,61280002000.0,12.93,,0.328,52.54,,,,,,,,,,,,,,,None,23879000000,23879000000,,,,,,None,6511000000,,3.12,0.034,,,,-0.216,0.2,10628000000,17139000000,1.41,2019-12-31,14.79,,29056000000.0,8547000000,9524000000,2267000000,,,None,1104000000,166000000,,None,,,,,7189000000,7257000000,-612000000,None,0.195,,1509000000,7038000000,,,,,-131000000,,,,,3.253,1.747,1.866,,,,,,,,0.144,,,2025-11-06,annual,1.61,USD,pre-market,82000000,,0.081,0.154,0.14,49.19,556000000,,,,92.31,89.86,14.1844,,,,,,,32426000000,,12.93,,103.48,77.84
2025-12-28,COP,7.08,61280002000.0,12.93,,0.328,52.54,,,,,,,,,,,,,,,None,25791000000,25791000000,,,,,,None,6051000000,,3.12,0.034,,,,-0.216,0.2,11061000000,17112000000,1.41,2018-12-31,14.79,,29056000000.0,10581000000,9973000000,3668000000,,,None,1088000000,97000000,,None,,,,,6257000000,6305000000,-638000000,None,0.195,,976000000,9132000000,,,,,-358000000,,,,,3.253,1.747,1.866,,,,,,,,0.144,,,2025-11-06,annual,1.61,USD,pre-market,78000000,,0.081,0.154,0.14,49.19,401000000,,,,92.31,89.86,14.1844,,,,,,,36372000000,,12.93,,103.48,77.84
2025-12-28,COP,7.08,61280002000.0,12.93,,0.328,52.54,,,,,,,,,,,,,,,None,25355000000,25355000000,,,,,,None,7411000000,,3.12,0.034,,,,-0.216,0.2,-1155000000,6256000000,1.41,2017-12-31,14.79,,29056000000.0,3674000000,-2615000000,-1822000000,,,None,1460000000,112000000,,None,,,,,-855000000,-793000000,-986000000,None,0.195,,1474000000,2438000000,,,,,-337000000,,,,,3.253,1.747,1.866,,,,,,,,0.144,,,2025-11-06,annual,1.61,USD,pre-market,100000000,,0.081,0.154,0.14,49.19,561000000,,,,92.31,89.86,14.1844,,,,,,,29029000000,,12.93,,103.48,77.84
2025-12-28,COP,7.08,61280002000.0,12.93,,0.328,52.54,,,,,,,,,,,,,,,None,26799000000,26799000000,,,,,,None,10246000000,,3.12,0.034,,,,-0.216,0.2,-3860000000,6386000000,1.41,2016-12-31,14.79,,29056000000.0,-2908000000,-5530000000,-1971000000,,,None,1670000000,57000000,,None,,,,,-3615000000,-3559000000,-1188000000,None,0.195,,1462000000,-4370000000,,,,,19000000,,,,,3.253,1.747,1.866,,,,,,,,0.144,,,2025-11-06,annual,1.61,USD,pre-market,116000000,,0.081,0.154,0.14,49.19,723000000,,,,92.31,89.86,14.1844,,,,,,,23891000000,,12.93,,103.48,77.84
2025-12-28,COP,7.08,61280002000.0,12.93,,0.328,52.54,,,,,,,,,,,,,,,None,32546000000,32546000000,,,,,,None,12178000000,,3.12,0.034,,,,-0.216,0.2,-5836000000,6342000000,1.41,2015-12-31,14.79,,29056000000.0,-3213000000,-7239000000,-2868000000,,,None,1403000000,158000000,,None,,,,,-4428000000,-4371000000,None,None,0.195,,1854000000,-5067000000,,,,,75000000,,,,,3.253,1.747,1.866,,,,,,,,0.144,,,2025-11-06,annual,1.61,USD,pre-market,222000000,,0.081,0.154,0.14,49.19,953000000,,,,92.31,89.86,14.1844,,,,,,,29333000000,,12.93,,103.48,77.84
2025-12-28,COP,7.08,61280002000.0,12.93,,0.328,52.54,,,,,,,,,,,,,,,None,40075000000,40075000000,,,,,,None,9495000000,,3.12,0.034,,,,-0.216,0.2,10522000000,20017000000,1.41,2014-12-31,14.79,,29056000000.0,11926000000,9390000000,3583000000,,,None,1132000000,None,,None,,,,,6869000000,5807000000,None,None,0.195,,2823000000,9103000000,,,,,66000000,,,,,3.253,1.747,1.866,,,,,,,,0.144,,,2025-11-06,annual,1.61,USD,pre-market,263000000,,0.081,0.154,0.14,49.19,735000000,,,,92.31,89.86,14.1844,,,,,,,52001000000,,12.93,,103.48,77.84
2025-12-28,COP,7.08,61280002000.0,12.93,,0.328,52.54,,,,,,,,,,,,,,,None,38686000000,38686000000,,,,,,None,7877000000,,3.12,0.034,,,,-0.216,0.2,15492000000,23369000000,1.41,2013-12-31,14.79,,29056000000.0,15887000000,14446000000,6409000000,,,None,1046000000,None,,None,,,,,9156000000,8037000000,None,None,0.195,,3738000000,12149000000,,,,,58000000,,,,,3.253,1.747,1.866,,,,,,,,0.144,,,2025-11-06,annual,1.61,USD,pre-market,258000000,,0.081,0.154,0.14,49.19,854000000,,,,92.31,89.86,14.1844,,,,,,,54573000000,,12.93,,103.48,77.84
2025-12-28,COP,7.08,61280002000.0,12.93,,0.328,52.54,,,,,,,,,,,,,,,None,40319000000,40319000000,,,,,,None,7454000000,,3.12,0.034,,,,-0.216,0.2,16526000000,23980000000,1.41,2012-12-31,14.79,,29056000000.0,17939000000,15423000000,7942000000,,,None,1103000000,None,,None,,,,,8428000000,7481000000,None,None,0.195,,4652000000,13287000000,,,,,-41000000,,,,,3.253,1.747,1.866,,,,,,,,0.144,,,2025-11-06,annual,1.61,USD,pre-market,221000000,,0.081,0.154,0.14,49.19,1106000000,,,,92.31,89.86,14.1844,,,,,,,58258000000,,12.93,,103.48,77.84
2025-12-28,COP,7.08,61280002000.0,12.93,,0.328,52.54,,,,,,,,,,,,,,,None,43359000000,43359000000,,,,,,None,7296000000,,3.12,0.034,,,,-0.216,0.2,16772000000,24068000000,1.41,2011-12-31,14.79,,29056000000.0,19930000000,23001000000,10499000000,,,None,1376000000,None,,None,,,,,12436000000,10950000000,None,None,0.195,,4864000000,15066000000,,,,,4422000000,,,,,3.253,1.747,1.866,,,,,,,,0.144,,,2025-11-06,annual,1.61,USD,pre-market,193000000,,0.081,0.154,0.14,49.19,2078000000,,,,92.31,89.86,14.1844,,,,,,,63289000000,,12.93,,103.48,77.84
2025-12-28,COP,7.08,61280002000.0,12.93,,0.328,52.54,,,,,,,,,,,,,,,None,157637000000,157637000000,,,,,,None,9537000000,,3.12,0.034,,,,-0.216,0.2,21391000000,30928000000,1.41,2010-12-31,14.79,,29056000000.0,32958000000,19750000000,8333000000,,,None,1641000000,None,,None,,,,,11358000000,6061000000,None,None,0.195,,18798000000,14160000000,,,,,3319000000,,,,,3.253,1.747,1.866,,,,,,,,0.144,,,2025-11-06,annual,1.61,USD,pre-market,230000000,,0.081,0.154,0.14,49.19,2005000000,,,,92.31,89.86,14.1844,,,,,,,190595000000,,12.93,,103.48,77.84
2025-12-28,COP,7.08,61280002000.0,12.93,,0.328,52.54,,,,,,,,,,,,,,,None,120625000000,120625000000,,,,,,None,9901000000,,3.12,0.034,,,,-0.216,0.2,11293000000,21194000000,1.41,2009-12-31,14.79,,29056000000.0,26752000000,10032000000,5096000000,,,None,1711000000,None,,None,,,,,4414000000,5893000000,None,None,0.195,,17359000000,9393000000,,,,,3545000000,,,,,3.253,1.747,1.866,,,,,,,,0.144,,,2025-11-06,annual,1.61,USD,pre-market,190000000,,0.081,0.154,0.14,49.19,1830000000,,,,92.31,89.86,14.1844,,,,,,,147377000000,,12.93,,103.48,77.84
2025-12-28,COP,7.08,61280002000.0,12.93,,0.328,52.54,,,,,,,,,,,,,,,None,190825000000,190825000000,,,,,,None,9710000000,,3.12,0.034,,,,-0.216,0.2,-2170000000,7540000000,1.41,2008-12-31,14.79,,29056000000.0,50006000000,-3593000000,13405000000,,,None,1353000000,None,,None,,,,,-16998000000,None,None,None,0.195,,22866000000,27140000000,,,,,None,,,,,3.253,1.747,1.866,,,,,,,,0.144,,,2025-11-06,annual,1.61,USD,pre-market,209000000,,0.081,0.154,0.14,49.19,3566000000,,,,92.31,89.86,14.1844,,,,,,,240831000000,,12.93,,103.48,77.84
2025-12-28,COP,7.08,61280002000.0,12.93,,0.328,52.54,,,,,,,,,,,,,,,None,143417000000,143417000000,,,,,,None,8761000000,,3.12,0.034,,,,-0.216,0.2,24953000000,33714000000,1.41,2007-12-31,14.79,,29056000000.0,44020000000,23272000000,11381000000,,,None,1594000000,None,,None,,,,,11891000000,None,None,None,0.195,,21296000000,22724000000,,,,,None,,,,,3.253,1.747,1.866,,,,,,,,0.144,,,2025-11-06,annual,1.61,USD,pre-market,160000000,,0.081,0.154,0.14,49.19,3313000000,,,,92.31,89.86,14.1844,,,,,,,187437000000,,12.93,,103.48,77.84
2025-12-28,COP,7.08,61280002000.0,12.93,,0.328,52.54,,,,,,,,,,,,,,,None,137430000000,137430000000,,,,,,None,7635000000,,3.12,0.034,,,,-0.216,0.2,29777000000,37412000000,1.41,2006-12-31,14.79,,29056000000.0,46220000000,28333000000,12783000000,,,None,1368000000,None,,None,,,,,15550000000,None,None,None,0.195,,20663000000,25557000000,,,,,None,,,,,3.253,1.747,1.866,,,,,,,,0.144,,,2025-11-06,annual,1.61,USD,pre-market,117000000,,0.081,0.154,0.14,49.19,2476000000,,,,92.31,89.86,14.1844,,,,,,,183650000000,,12.93,,103.48,77.84
2025-12-28,COP,7.08,61280002000.0,12.93,,0.328,52.54,,,,,,,,,,,,,,,None,138401000000,138401000000,,,,,,None,4602000000,,3.12,0.034,,,,-0.216,0.2,24270000000,28872000000,1.41,2005-12-31,14.79,,29056000000.0,41041000000,23547000000,9907000000,,,None,690000000,None,,None,,,,,13617000000,None,None,None,0.195,,20603000000,20438000000,,,,,None,,,,,3.253,1.747,1.866,,,,,,,,0.144,,,2025-11-06,annual,1.61,USD,pre-market,125000000,,0.081,0.154,0.14,49.19,2247000000,,,,92.31,89.86,14.1844,,,,,,,179442000000,,12.93,,103.48,77.84
2025-12-28,COP,7.08,61280002000.0,12.93,None,0.328,52.54,,None,5260000000,5260000000,,,,,,,,,23000000,1246854000,None,138401000000,138401000000,6245000000,None,1016000000,5744000000,None,None,4602000000,,3.12,0.034,,,,-0.216,0.2,24270000000,28872000000,1.41,2025-09-30,14.79,None,29056000000.0,41041000000,23547000000,9907000000,None,None,None,690000000,None,1721000000,None,None,22466000000,None,10074000000,13617000000,None,None,None,0.195,,20603000000,20438000000,2163000000,2809000000,None,1751000000,None,,,,,3.253,1.747,1.866,,,,,,,,0.144,,93498000000,2025-11-06,quarterly,1.61,USD,pre-market,125000000,68459000000,0.081,0.154,0.14,49.19,2247000000,23482000000,1016000000,996000000,92.31,89.86,14.1844,122472000000,15884000000,12009000000,57549000000,106588000000,45540000000,179442000000,64923000000,12.93,None,103.48,77.84
2025-12-28,COP,7.08,61280002000.0,12.93,None,0.328,52.54,,None,4901000000,4901000000,,,,,,,,,23000000,1258998000,None,138401000000,138401000000,6517000000,None,414000000,5701000000,None,None,4602000000,,3.12,0.034,,,,-0.216,0.2,24270000000,28872000000,1.41,2025-06-30,14.79,None,29056000000.0,41041000000,23547000000,9907000000,None,None,None,690000000,None,1897000000,None,None,23115000000,None,10361000000,13617000000,None,None,None,0.195,,20603000000,20438000000,1001000000,2313000000,None,1936000000,None,,,,,3.253,1.747,1.866,,,,,,,,0.144,,95242000000,2025-11-06,quarterly,1.61,USD,pre-market,125000000,67707000000,0.081,0.154,0.14,49.19,2247000000,23529000000,414000000,439000000,92.31,89.86,14.1844,122599000000,13939000000,10986000000,57027000000,108660000000,46041000000,179442000000,65572000000,12.93,None,103.48,77.84
2025-12-28,COP,7.08,61280002000.0,12.93,None,0.328,52.54,,None,6309000000,6309000000,,,,,,,,,23000000,1274879000,None,138401000000,138401000000,7349000000,None,608000000,6400000000,None,None,4602000000,,3.12,0.034,,,,-0.216,0.2,24270000000,28872000000,1.41,2025-03-31,14.79,None,29056000000.0,41041000000,23547000000,9907000000,None,None,None,690000000,None,1844000000,None,None,23176000000,None,10008000000,13617000000,None,None,None,0.195,,20603000000,20438000000,1427000000,2453000000,None,1883000000,None,,,,,3.253,1.747,1.866,,,,,,,,0.144,,94316000000,2025-11-06,quarterly,1.61,USD,pre-market,125000000,66721000000,0.081,0.154,0.14,49.19,2247000000,23784000000,608000000,926000000,92.31,89.86,14.1844,124254000000,16906000000,13329000000,59016000000,107348000000,45687000000,179442000000,65238000000,12.93,None,103.48,77.84
2025-12-28,COP,7.08,61280002000.0,12.93,None,0.328,52.54,,940000000,5607000000,5607000000,,,,,,,,,23000000,1180871000,None,138401000000,138401000000,6044000000,None,743000000,6695000000,None,None,4602000000,,3.12,0.034,,,,-0.216,0.2,24270000000,28872000000,1.41,2024-12-31,14.79,None,29056000000.0,41041000000,23547000000,9907000000,None,None,None,690000000,None,1809000000,None,None,22641000000,None,9756000000,13617000000,None,None,None,0.195,,20603000000,20438000000,1029000000,2256000000,None,2034000000,None,,,,,3.253,1.747,1.866,,,,,,,,0.144,,94356000000,2025-11-06,quarterly,1.61,USD,pre-market,125000000,64869000000,0.081,0.154,0.14,49.19,2247000000,25348000000,1364000000,507000000,92.31,89.86,14.1844,122780000000,15647000000,12124000000,57984000000,107133000000,45860000000,179442000000,64796000000,12.93,None,103.48,77.84
2025-12-28,COP,7.08,61280002000.0,12.93,None,0.328,52.54,,None,5221000000,5221000000,,,,,,,,,21000000,1163227000,None,138401000000,138401000000,5190000000,None,1314000000,4815000000,None,None,4602000000,,3.12,0.034,,,,-0.216,0.2,24270000000,28872000000,1.41,2024-09-30,14.79,None,29056000000.0,41041000000,23547000000,9907000000,None,None,None,690000000,None,1496000000,None,None,16990000000,None,9192000000,13617000000,None,None,None,0.195,,20603000000,20438000000,881000000,1788000000,None,1795000000,None,,,,,3.253,1.747,1.866,,,,,,,,0.144,,70725000000,2025-11-06,quarterly,1.61,USD,pre-market,125000000,63459000000,0.081,0.154,0.14,49.19,2247000000,18304000000,1314000000,1571000000,92.31,89.86,14.1844,96699000000,13984000000,10765000000,46818000000,82715000000,36053000000,179442000000,49881000000,12.93,None,103.48,77.84
2025-12-28,COP,7.08,61280002000.0,12.93,None,0.328,52.54,,None,4294000000,4294000000,,,,,,,,,21000000,1170299000,None,138401000000,138401000000,5156000000,None,1312000000,5307000000,None,None,4602000000,,3.12,0.034,,,,-0.216,0.2,24270000000,28872000000,1.41,2024-06-30,14.79,None,29056000000.0,41041000000,23547000000,9907000000,None,None,None,690000000,None,1447000000,None,None,17040000000,None,9304000000,13617000000,None,None,None,0.195,,20603000000,20438000000,963000000,1840000000,None,1730000000,None,,,,,3.253,1.747,1.866,,,,,,,,0.144,,None,2025-11-06,quarterly,1.61,USD,pre-market,125000000,62309000000,0.081,0.154,0.14,49.19,2247000000,18352000000,1312000000,1723000000,92.31,89.86,14.1844,95994000000,13734000000,10324000000,46249000000,82260000000,35925000000,179442000000,49745000000,12.93,None,103.48,77.84
2025-12-28,COP,7.08,61280002000.0,12.93,None,0.328,52.54,,None,5574000000,5574000000,,,,,,,,,21000000,1180320000,None,138401000000,138401000000,5138000000,None,1113000000,5458000000,None,None,4602000000,,3.12,0.034,,,,-0.216,0.2,24270000000,28872000000,1.41,2024-03-31,14.79,None,29056000000.0,41041000000,23547000000,9907000000,None,None,None,690000000,None,1443000000,None,None,17304000000,None,9132000000,13617000000,None,None,None,0.195,,20603000000,20438000000,759000000,1796000000,None,1672000000,None,,,,,3.253,1.747,1.866,,,,,,,,0.144,,None,2025-11-06,quarterly,1.61,USD,pre-market,125000000,60895000000,0.081,0.154,0.14,49.19,2247000000,18417000000,1113000000,487000000,92.31,89.86,14.1844,95348000000,13721000000,10163000000,46023000000,81627000000,35860000000,179442000000,49325000000,12.93,None,103.48,77.84
2025-12-28,COP,7.08,61280002000.0,12.93,None,0.328,52.54,,1129000000,5635000000,5635000000,,,,,,,,,21000000,1189903000,None,138401000000,138401000000,5117000000,None,1074000000,5474000000,None,None,4602000000,,3.12,0.034,,,,-0.216,0.2,24270000000,28872000000,1.41,2023-12-31,14.79,None,29056000000.0,41041000000,23547000000,9907000000,None,None,None,690000000,None,1398000000,None,None,17863000000,None,8987000000,13617000000,None,None,None,0.195,,20603000000,20438000000,852000000,1810000000,None,1735000000,None,,,,,3.253,1.747,1.866,,,,,,,,0.144,,None,2025-11-06,quarterly,1.61,USD,pre-market,125000000,59268000000,0.081,0.154,0.14,49.19,2247000000,19634000000,1267000000,971000000,92.31,89.86,14.1844,95924000000,14330000000,10005000000,46645000000,81594000000,36640000000,179442000000,49279000000,12.93,None,103.48,77.84
2025-12-28,COP,7.08,61280002000.0,12.93,None,0.328,52.54,,None,8830000000,8830000000,,,,,,,,,21000000,1199746000,None,138401000000,138401000000,5143000000,None,881000000,5671000000,None,None,4602000000,,3.12,0.034,,,,-0.216,0.2,24270000000,28872000000,1.41,2023-09-30,14.79,None,29056000000.0,41041000000,23547000000,9907000000,None,None,None,690000000,None,1326000000,None,None,18182000000,None,8731000000,13617000000,None,None,None,0.195,,20603000000,20438000000,738000000,2395000000,None,1680000000,None,,,,,3.253,1.747,1.866,,,,,,,,0.144,,65561000000,2025-11-06,quarterly,1.61,USD,pre-market,125000000,56952000000,0.081,0.154,0.14,49.19,2247000000,19063000000,881000000,616000000,92.31,89.86,14.1844,93651000000,17181000000,10338000000,45906000000,76470000000,35568000000,179442000000,47745000000,12.93,None,103.48,77.84
2025-12-28,COP,7.08,61280002000.0,12.93,None,0.328,52.54,,None,5735000000,5735000000,,,,,,,,,21000000,1210342000,None,138401000000,138401000000,4626000000,None,879000000,4531000000,None,None,4602000000,,3.12,0.034,,,,-0.216,0.2,24270000000,28872000000,1.41,2023-06-30,14.79,None,29056000000.0,41041000000,23547000000,9907000000,None,None,None,690000000,None,1236000000,None,None,15565000000,None,8618000000,13617000000,None,None,None,0.195,,20603000000,20438000000,919000000,2351000000,None,1585000000,None,,,,,3.253,1.747,1.866,,,,,,,,0.144,,65452000000,2025-11-06,quarterly,1.61,USD,pre-market,125000000,55483000000,0.081,0.154,0.14,49.19,2247000000,16444000000,879000000,1080000000,92.31,89.86,14.1844,89605000000,13501000000,9548000000,42074000000,76104000000,32526000000,179442000000,47531000000,12.93,-63217000000,103.48,77.84
2025-12-28,COP,7.08,61280002000.0,12.93,None,0.328,52.54,,None,6974000000,6974000000,,,,,,,,,21000000,1223355000,None,138401000000,138401000000,5100000000,None,1317000000,5296000000,None,None,4602000000,,3.12,0.034,,,,-0.216,0.2,24270000000,28872000000,1.41,2023-03-31,14.79,None,29056000000.0,41041000000,23547000000,9907000000,None,None,None,690000000,None,1258000000,None,None,15266000000,None,8197000000,13617000000,None,None,None,0.195,,20603000000,20438000000,953000000,2289000000,None,6324000000,None,,,,,3.253,1.747,1.866,,,,,,,,0.144,,65090000000,2025-11-06,quarterly,1.61,USD,pre-market,125000000,54593000000,0.081,0.154,0.14,49.19,2247000000,16583000000,1317000000,1635000000,92.31,89.86,14.1844,91441000000,16116000000,11553000000,43658000000,75325000000,32105000000,179442000000,47783000000,12.93,-61904000000,103.48,77.84
2025-12-28,COP,7.08,61280002000.0,12.93,None,0.328,52.54,,1320000000,6458000000,6458000000,,,,,,,,,21000000,1223856072,None,138401000000,138401000000,6163000000,None,417000000,7088000000,None,None,4602000000,,3.12,0.034,,,,-0.216,0.2,24270000000,28872000000,1.41,2022-12-31,14.79,None,29056000000.0,41041000000,23547000000,9907000000,None,None,None,690000000,None,1219000000,None,None,16226000000,None,8225000000,13617000000,None,None,None,0.195,,20603000000,20438000000,1199000000,2919000000,None,1552000000,None,,,,,3.253,1.747,1.866,,,,,,,,0.144,,64866000000,2025-11-06,quarterly,1.61,USD,pre-market,125000000,53029000000,0.081,0.154,0.14,49.19,2247000000,17188000000,572000000,2785000000,92.31,89.86,14.1844,93829000000,18749000000,12847000000,45826000000,75080000000,32979000000,179442000000,48003000000,12.93,-60189000000,103.48,77.84
2025-12-28,COP,7.08,61280002000.0,12.93,None,0.328,52.54,,None,8010000000,8010000000,,,,,,,,,21000000,1269321000,None,138401000000,138401000000,6268000000,None,664000000,7354000000,None,None,4602000000,,3.12,0.034,,,,-0.216,0.2,24270000000,28872000000,1.41,2022-09-30,14.79,None,29056000000.0,41041000000,23547000000,9907000000,None,None,None,690000000,None,1226000000,None,None,16297000000,None,8204000000,13617000000,None,None,None,0.195,,20603000000,20438000000,1451000000,3878000000,None,5729000000,None,,,,,3.253,1.747,1.866,,,,,,,,0.144,,63673000000,2025-11-06,quarterly,1.61,USD,pre-market,125000000,51278000000,0.081,0.154,0.14,49.19,2247000000,16961000000,664000000,2412000000,92.31,89.86,14.1844,94837000000,20453000000,13997000000,45758000000,74384000000,31761000000,179442000000,49079000000,12.93,-57444000000,103.48,77.84
2025-12-28,COP,7.08,61280002000.0,12.93,None,0.328,52.54,,None,6909000000,6909000000,,,,,,,,,21000000,1295844000,None,138401000000,138401000000,5873000000,None,676000000,8153000000,None,None,4602000000,,3.12,0.034,,,,-0.216,0.2,24270000000,28872000000,1.41,2022-06-30,14.79,None,29056000000.0,41041000000,23547000000,9907000000,None,None,None,690000000,None,1234000000,None,None,16295000000,None,8203000000,13617000000,None,None,None,0.195,,20603000000,20438000000,1292000000,2908000000,None,5737000000,None,,,,,3.253,1.747,1.866,,,,,,,,0.144,,64008000000,2025-11-06,quarterly,1.61,USD,pre-market,125000000,49093000000,0.081,0.154,0.14,49.19,2247000000,16971000000,676000000,1272000000,92.31,89.86,14.1844,93693000000,18860000000,12216000000,43491000000,74833000000,31275000000,179442000000,50202000000,12.93,-54644000000,103.48,77.84
2025-12-28,COP,7.08,61280002000.0,12.93,None,0.328,52.54,,None,6414000000,6414000000,,,,,,,,,21000000,1307404000,None,138401000000,138401000000,4897000000,None,1160000000,7879000000,None,None,4602000000,,3.12,0.034,,,,-0.216,0.2,24270000000,28872000000,1.41,2022-03-31,14.79,None,29056000000.0,41041000000,23547000000,9907000000,None,None,None,690000000,None,1174000000,None,None,17586000000,None,8309000000,13617000000,None,None,None,0.195,,20603000000,20438000000,1389000000,2404000000,None,5815000000,None,,,,,3.253,1.747,1.866,,,,,,,,0.144,,64642000000,2025-11-06,quarterly,1.61,USD,pre-market,125000000,45442000000,0.081,0.154,0.14,49.19,2247000000,18746000000,1160000000,730000000,92.31,89.86,14.1844,93308000000,17586000000,11624000000,44090000000,75722000000,32466000000,179442000000,49218000000,12.93,-52344000000,103.48,77.84
2025-12-28,COP,7.08,61280002000.0,12.93,None,0.328,52.54,,None,5028000000,5028000000,,,,,,,,,21000000,1320829000,None,138401000000,138401000000,5025000000,None,1200000000,6670000000,None,None,4602000000,,3.12,0.034,,,,-0.216,0.2,24270000000,28872000000,1.41,2021-12-31,14.79,None,29056000000.0,41041000000,23547000000,9907000000,None,None,None,690000000,None,1208000000,None,None,18734000000,None,7113000000,13617000000,None,None,None,0.195,,20603000000,20438000000,1581000000,2934000000,None,8321000000,None,,,,,3.253,1.747,1.866,,,,,,,,0.144,,64911000000,2025-11-06,quarterly,1.61,USD,pre-market,125000000,40674000000,0.081,0.154,0.14,49.19,2247000000,19934000000,1200000000,1563000000,92.31,89.86,14.1844,90661000000,16050000000,12021000000,45255000000,74611000000,33234000000,179442000000,45406000000,12.93,-50920000000,103.48,77.84
2025-12-28,COP,7.08,61280002000.0,12.93,None,0.328,52.54,,None,9928000000,9928000000,,,,,,,,,21000000,1336379000,None,138401000000,138401000000,4131000000,None,920000000,5465000000,None,None,4602000000,,3.12,0.034,,,,-0.216,0.2,24270000000,28872000000,1.41,2021-09-30,14.79,None,29056000000.0,41041000000,23547000000,9907000000,None,None,None,690000000,None,1043000000,None,None,18748000000,None,8058000000,13617000000,None,None,None,0.195,,20603000000,20438000000,3067000000,3316000000,None,8362000000,None,,,,,3.253,1.747,1.866,,,,,,,,0.144,,56689000000,2025-11-06,quarterly,1.61,USD,pre-market,125000000,38307000000,0.081,0.154,0.14,49.19,2247000000,19668000000,920000000,678000000,92.31,89.86,14.1844,87304000000,20181000000,10449000000,43189000000,67123000000,32740000000,179442000000,44115000000,12.93,-49521000000,103.48,77.84
2025-12-28,COP,7.08,61280002000.0,12.93,None,0.328,52.54,,None,6703000000,6703000000,,,,,,,,,21000000,1353201000,None,138401000000,138401000000,3613000000,None,1205000000,4524000000,None,None,4602000000,,3.12,0.034,,,,-0.216,0.2,24270000000,28872000000,1.41,2021-06-30,14.79,None,29056000000.0,41041000000,23547000000,9907000000,None,None,None,690000000,None,1138000000,None,None,18805000000,None,8013000000,13617000000,None,None,None,0.195,,20603000000,20438000000,2556000000,1926000000,None,8841000000,None,,,,,3.253,1.747,1.866,,,,,,,,0.144,,57717000000,2025-11-06,quarterly,1.61,USD,pre-market,125000000,37116000000,0.081,0.154,0.14,49.19,2247000000,20010000000,1205000000,2251000000,92.31,89.86,14.1844,85403000000,17172000000,8150000000,41127000000,68231000000,32977000000,179442000000,44276000000,12.93,-48278000000,103.48,77.84
2025-12-28,COP,7.08,61280002000.0,12.93,None,0.328,52.54,,None,2991000000,2991000000,,,,,,,,,18000000,1302691000,None,138401000000,138401000000,2698000000,None,619000000,2754000000,None,None,4602000000,,3.12,0.034,,,,-0.216,0.2,24270000000,28872000000,1.41,2021-03-31,14.79,None,29056000000.0,41041000000,23547000000,9907000000,None,None,None,690000000,None,1002000000,None,None,14750000000,None,8345000000,13617000000,None,None,None,0.195,,20603000000,20438000000,454000000,1735000000,None,9034000000,None,,,,,3.253,1.747,1.866,,,,,,,,0.144,,58270000000,2025-11-06,quarterly,1.61,USD,pre-market,125000000,35213000000,0.081,0.154,0.14,49.19,2247000000,19957000000,619000000,4865000000,92.31,89.86,14.1844,62618000000,12066000000,5366000000,32769000000,50552000000,27403000000,179442000000,29849000000,12.93,-47672000000,103.48,77.84
2025-12-28,COP,7.08,61280002000.0,12.93,None,0.328,52.54,,None,2991000000,2991000000,,,,,,,,,18000000,1073580000,None,138401000000,138401000000,2698000000,None,619000000,2754000000,None,None,4602000000,,3.12,0.034,,,,-0.216,0.2,24270000000,28872000000,1.41,2020-12-31,14.79,None,29056000000.0,41041000000,23547000000,9907000000,None,None,None,690000000,None,1002000000,None,None,14750000000,None,8131000000,13617000000,None,None,None,0.195,,20603000000,20438000000,454000000,1729000000,None,8906000000,None,,,,,3.253,1.747,1.866,,,,,,,,0.144,,39893000000,2025-11-06,quarterly,1.61,USD,pre-market,125000000,35213000000,0.081,0.154,0.14,49.19,2247000000,15369000000,619000000,4865000000,92.31,89.86,14.1844,62618000000,12066000000,5366000000,32769000000,50552000000,27403000000,179442000000,29849000000,12.93,-47297000000,103.48,77.84
2025-12-28,COP,7.08,61280002000.0,12.93,None,0.328,52.54,,None,2581000000,2581000000,,,,,,,,,18000000,1077377000,None,138401000000,138401000000,2239000000,None,482000000,2119000000,None,None,4602000000,,3.12,0.034,,,,-0.216,0.2,24270000000,28872000000,1.41,2020-09-30,14.79,None,29056000000.0,41041000000,23547000000,9907000000,None,None,None,690000000,None,1034000000,None,None,14905000000,None,8409000000,13617000000,None,None,None,0.195,,20603000000,20438000000,1293000000,1492000000,None,8975000000,None,,,,,3.253,1.747,1.866,,,,,,,,0.144,,41269000000,2025-11-06,quarterly,1.61,USD,pre-market,125000000,36448000000,0.081,0.154,0.14,49.19,2247000000,15387000000,482000000,4032000000,92.31,89.86,14.1844,63157000000,11059000000,4640000000,32374000000,52098000000,27734000000,179442000000,30783000000,12.93,-47130000000,103.48,77.84
2025-12-28,COP,7.08,61280002000.0,12.93,None,0.328,52.54,,None,2995000000,2995000000,,,,,,,,,18000000,1077606000,None,138401000000,138401000000,2080000000,None,146000000,1532000000,None,None,4602000000,,3.12,0.034,,,,-0.216,0.2,24270000000,28872000000,1.41,2020-06-30,14.79,None,29056000000.0,41041000000,23547000000,9907000000,None,None,None,690000000,None,982000000,None,None,14852000000,None,8501000000,13617000000,None,None,None,0.195,,20603000000,20438000000,1559000000,1520000000,None,8695000000,None,,,,,3.253,1.747,1.866,,,,,,,,0.144,,41120000000,2025-11-06,quarterly,1.61,USD,pre-market,125000000,37351000000,0.081,0.154,0.14,49.19,2247000000,14998000000,146000000,3985000000,92.31,89.86,14.1844,63046000000,11053000000,4105000000,31553000000,51993000000,27448000000,179442000000,31493000000,12.93,-47130000000,103.48,77.84
2025-12-28,COP,7.08,61280002000.0,12.93,None,0.328,52.54,,None,3996000000,3996000000,,,,,,,,,18000000,1084561000,None,138401000000,138401000000,2921000000,None,126000000,2264000000,None,None,4602000000,,3.12,0.034,,,,-0.216,0.2,24270000000,28872000000,1.41,2020-03-31,14.79,None,29056000000.0,41041000000,23547000000,9907000000,None,None,None,690000000,None,726000000,None,None,14847000000,None,8874000000,13617000000,None,None,None,0.195,,20603000000,20438000000,2292000000,2175000000,None,8583000000,None,,,,,3.253,1.747,1.866,,,,,,,,0.144,,40645000000,2025-11-06,quarterly,1.61,USD,pre-market,125000000,37545000000,0.081,0.154,0.14,49.19,2247000000,14973000000,126000000,3866000000,92.31,89.86,14.1844,65033000000,13144000000,6075000000,33646000000,51889000000,27571000000,179442000000,31315000000,12.93,-47130000000,103.48,77.84
2025-12-28,COP,7.08,61280002000.0,12.93,None,0.328,52.54,,None,5178000000,5178000000,,,,,,,,,18000000,1099786000,None,138401000000,138401000000,3200000000,None,105000000,3401000000,None,None,4602000000,,3.12,0.034,,,,-0.216,0.2,24270000000,28872000000,1.41,2019-12-31,14.79,None,29056000000.0,41041000000,23547000000,9907000000,None,None,None,690000000,None,1026000000,None,None,14790000000,None,8906000000,13617000000,None,None,None,0.195,,20603000000,20438000000,4280000000,2361000000,None,8997000000,None,,,,,3.253,1.747,1.866,,,,,,,,0.144,,42269000000,2025-11-06,quarterly,1.61,USD,pre-market,125000000,39742000000,0.081,0.154,0.14,49.19,2247000000,15827000000,452000000,3028000000,92.31,89.86,14.1844,70514000000,16913000000,7043000000,35464000000,53601000000,28421000000,179442000000,34981000000,12.93,-46405000000,103.48,77.84
2025-12-28,COP,7.08,61280002000.0,12.93,None,0.328,52.54,,None,7282000000,7282000000,,,,,,,,,18000000,1113250000,None,138401000000,138401000000,3171000000,None,121000000,3616000000,None,None,4602000000,,3.12,0.034,,,,-0.216,0.2,24270000000,28872000000,1.41,2019-09-30,14.79,None,29056000000.0,41041000000,23547000000,9907000000,None,None,None,690000000,None,955000000,None,None,14799000000,None,9135000000,13617000000,None,None,None,0.195,,20603000000,20438000000,2456000000,1324000000,None,7873000000,None,,,,,3.253,1.747,1.866,,,,,,,,0.144,,43814000000,2025-11-06,quarterly,1.61,USD,pre-market,125000000,39484000000,0.081,0.154,0.14,49.19,2247000000,15725000000,370000000,908000000,92.31,89.86,14.1844,70340000000,15217000000,5942000000,35101000000,55123000000,29159000000,179442000000,35146000000,12.93,-45656000000,103.48,77.84
2025-12-28,COP,7.08,61280002000.0,12.93,None,0.328,52.54,,None,6028000000,6028000000,,,,,,,,,18000000,1131242000,None,138401000000,138401000000,3635000000,None,114000000,3651000000,None,None,4602000000,,3.12,0.034,,,,-0.216,0.2,24270000000,28872000000,1.41,2019-06-30,14.79,None,29056000000.0,41041000000,23547000000,9907000000,None,None,None,690000000,None,1089000000,None,None,14809000000,None,9016000000,13617000000,None,None,None,0.195,,20603000000,20438000000,4300000000,3623000000,None,9557000000,None,,,,,3.253,1.747,1.866,,,,,,,,0.144,,44334000000,2025-11-06,quarterly,1.61,USD,pre-market,125000000,36769000000,0.081,0.154,0.14,49.19,2247000000,15967000000,465000000,732000000,92.31,89.86,14.1844,71261000000,15800000000,8996000000,38187000000,55461000000,29191000000,179442000000,32976000000,12.93,-44906000000,103.48,77.84
2025-12-28,COP,7.08,61280002000.0,12.93,None,0.328,52.54,,None,6307000000,6307000000,,,,,,,,,18000000,1146515000,None,138401000000,138401000000,3846000000,None,113000000,3869000000,None,None,4602000000,,3.12,0.034,,,,-0.216,0.2,24270000000,28872000000,1.41,2019-03-31,14.79,None,29056000000.0,41041000000,23547000000,9907000000,None,None,None,690000000,None,1014000000,None,None,14153000000,None,9570000000,13617000000,None,None,None,0.195,,20603000000,20438000000,2244000000,1541000000,None,11272000000,None,,,,,3.253,1.747,1.866,,,,,,,,0.144,,45942000000,2025-11-06,quarterly,1.61,USD,pre-market,125000000,35534000000,0.081,0.154,0.14,49.19,2247000000,15912000000,395000000,249000000,92.31,89.86,14.1844,71498000000,13683000000,7370000000,38517000000,57815000000,31147000000,179442000000,32859000000,12.93,-43656000000,103.48,77.84
2025-12-28,COP,7.08,61280002000.0,12.93,None,0.328,52.54,,None,5915000000,5915000000,,,,,,,,,18000000,1159305000,None,138401000000,138401000000,3895000000,None,33000000,4067000000,None,None,4602000000,,3.12,0.034,,,,-0.216,0.2,24270000000,28872000000,1.41,2018-12-31,14.79,None,29056000000.0,41041000000,23547000000,9907000000,None,None,None,690000000,None,1007000000,None,None,14158000000,None,9664000000,13617000000,None,None,None,0.195,,20603000000,20438000000,2037000000,2068000000,None,10644000000,None,,,,,3.253,1.747,1.866,,,,,,,,0.144,,45698000000,2025-11-06,quarterly,1.61,USD,pre-market,125000000,34010000000,0.081,0.154,0.14,49.19,2247000000,14968000000,112000000,248000000,92.31,89.86,14.1844,69980000000,13274000000,7395000000,37916000000,56706000000,30521000000,179442000000,31939000000,12.93,-42905000000,103.48,77.84
2025-12-28,COP,7.08,61280002000.0,12.93,None,0.328,52.54,,None,3716000000,3716000000,,,,,,,,,18000000,1172694000,None,138401000000,138401000000,3918000000,None,95000000,4499000000,None,None,4602000000,,3.12,0.034,,,,-0.216,0.2,24270000000,28872000000,1.41,2018-09-30,14.79,0,29056000000.0,41041000000,23547000000,9907000000,0,0,None,690000000,None,1239000000,None,None,14902000000,None,9888000000,13617000000,None,None,None,0.195,,20603000000,20438000000,4394000000,1806000000,None,10639000000,None,,,,,3.253,1.747,1.866,,,,,,,,0.144,,44736000000,2025-11-06,quarterly,1.61,USD,pre-market,125000000,32495000000,0.081,0.154,0.14,49.19,2247000000,14997000000,95000000,875000000,92.31,89.86,14.1844,70556000000,14723000000,7401000000,38477000000,55833000000,31076000000,179442000000,31950000000,12.93,-41979000000,103.48,77.84
2025-12-28,COP,7.08,61280002000.0,12.93,None,0.328,52.54,,None,3234000000,3234000000,,,,,,,,,18000000,1181167000,None,138401000000,138401000000,3666000000,None,89000000,3930000000,None,None,4602000000,,3.12,0.034,,,,-0.216,0.2,24270000000,28872000000,1.41,2018-06-30,14.79,0,29056000000.0,41041000000,23547000000,9907000000,0,0,None,690000000,None,1093000000,None,None,14885000000,None,9834000000,13617000000,None,None,None,0.195,,20603000000,20438000000,2739000000,1582000000,None,10657000000,None,,,,,3.253,1.747,1.866,,,,,,,,0.144,,46306000000,2025-11-06,quarterly,1.61,USD,pre-market,125000000,30967000000,0.081,0.154,0.14,49.19,2247000000,14974000000,89000000,612000000,92.31,89.86,14.1844,68936000000,11608000000,6638000000,37714000000,57328000000,31076000000,179442000000,31042000000,12.93,-41052000000,103.48,77.84
2025-12-28,COP,7.08,61280002000.0,12.93,None,0.328,52.54,,None,4984000000,4984000000,,,,,,,,,18000000,1186454000,None,138401000000,138401000000,3886000000,None,337000000,4192000000,None,None,4602000000,,3.12,0.034,,,,-0.216,0.2,24270000000,28872000000,1.41,2018-03-31,14.79,0,29056000000.0,41041000000,23547000000,9907000000,0,0,None,690000000,None,1053000000,None,None,16709000000,None,9971000000,13617000000,None,None,None,0.195,,20603000000,20438000000,2670000000,1545000000,None,10782000000,None,,,,,3.253,1.747,1.866,,,,,,,,0.144,,45997000000,2025-11-06,quarterly,1.61,USD,pre-market,125000000,29663000000,0.081,0.154,0.14,49.19,2247000000,17046000000,337000000,288000000,92.31,89.86,14.1844,70727000000,13187000000,7109000000,40009000000,57540000000,32900000000,179442000000,30546000000,12.93,-40406000000,103.48,77.84
2025-12-28,COP,7.08,61280002000.0,12.93,None,0.328,52.54,,None,6325000000,6325000000,,,,,,,,,18000000,1198276000,None,138401000000,138401000000,4030000000,None,2508000000,4320000000,None,None,4602000000,,3.12,0.034,,,,-0.216,0.2,24270000000,28872000000,1.41,2017-12-31,14.79,0,29056000000.0,41041000000,23547000000,9907000000,0,0,None,690000000,None,1060000000,None,None,17128000000,None,10060000000,13617000000,None,None,None,0.195,,20603000000,20438000000,2934000000,1754000000,None,10754000000,None,,,,,3.253,1.747,1.866,,,,,,,,0.144,,45683000000,2025-11-06,quarterly,1.61,USD,pre-market,125000000,29391000000,0.081,0.154,0.14,49.19,2247000000,19703000000,2575000000,1873000000,92.31,89.86,14.1844,73362000000,16512000000,9397000000,42561000000,56850000000,33164000000,179442000000,30607000000,12.93,-39906000000,103.48,77.84
2025-12-28,COP,7.08,61280002000.0,12.93,None,0.328,52.54,,None,6911000000,6911000000,,,,,,,,,18000000,1215341000,None,138401000000,138401000000,3416000000,None,1331000000,3364000000,None,None,4602000000,,3.12,0.034,,,,-0.216,0.2,24270000000,28872000000,1.41,2017-09-30,14.79,0,29056000000.0,41041000000,23547000000,9907000000,0,0,None,690000000,None,1023000000,None,None,19673000000,None,10157000000,13617000000,None,None,None,0.195,,20603000000,20438000000,2960000000,1379000000,None,11083000000,None,,,,,3.253,1.747,1.866,,,,,,,,0.144,,46669000000,2025-11-06,quarterly,1.61,USD,pre-market,125000000,28130000000,0.081,0.154,0.14,49.19,2247000000,21004000000,1331000000,2696000000,92.31,89.86,14.1844,74861000000,16954000000,7131000000,44149000000,57907000000,37018000000,179442000000,30500000000,12.93,-38951000000,103.48,77.84
2025-12-28,COP,7.08,61280002000.0,12.93,None,0.328,52.54,,None,7534000000,7534000000,,,,,,,,,18000000,1236831000,None,138401000000,138401000000,3434000000,None,23468000000,3163000000,None,None,4602000000,,3.12,0.034,,,,-0.216,0.2,24270000000,28872000000,1.41,2017-06-30,14.79,0,29056000000.0,41041000000,23547000000,9907000000,0,0,None,690000000,None,1019000000,None,None,19670000000,None,10203000000,13617000000,None,None,None,0.195,,20603000000,20438000000,5430000000,1903000000,None,11574000000,None,,,,,3.253,1.747,1.866,,,,,,,,0.144,,46846000000,2025-11-06,quarterly,1.61,USD,pre-market,125000000,28033000000,0.081,0.154,0.14,49.19,2247000000,23468000000,3798000000,2733000000,92.31,89.86,14.1844,78004000000,19879000000,9926000000,47505000000,58125000000,37579000000,179442000000,30286000000,12.93,-37981000000,103.48,77.84
2025-12-28,COP,7.08,61280002000.0,12.93,None,0.328,52.54,,None,3109000000,3109000000,,,,,,,,,18000000,1248722000,None,138401000000,138401000000,3531000000,None,1095000000,3359000000,None,None,4602000000,,3.12,0.034,,,,-0.216,0.2,24270000000,28872000000,1.41,2017-03-31,14.79,0,29056000000.0,41041000000,23547000000,9907000000,0,0,None,690000000,None,1097000000,None,None,25340000000,None,21675000000,13617000000,None,None,None,0.195,,20603000000,20438000000,2911000000,2144000000,None,11938000000,None,,,,,3.253,1.747,1.866,,,,,,,,0.144,,54440000000,2025-11-06,quarterly,1.61,USD,pre-market,125000000,31804000000,0.081,0.154,0.14,49.19,2247000000,26435000000,1095000000,252000000,92.31,89.86,14.1844,87973000000,10728000000,7526000000,52372000000,77245000000,44846000000,179442000000,35353000000,12.93,-37018000000,103.48,77.84
2025-12-28,COP,7.08,61280002000.0,12.93,None,0.328,52.54,,None,3610000000,3610000000,,,,,,,,,18000000,1246337000,None,138401000000,138401000000,3653000000,None,1089000000,3414000000,None,None,4602000000,,3.12,0.034,,,,-0.216,0.2,24270000000,28872000000,1.41,2016-12-31,14.79,0,29056000000.0,41041000000,23547000000,9907000000,0,0,None,690000000,None,1018000000,None,None,26186000000,None,21672000000,13617000000,None,None,None,0.195,,20603000000,20438000000,248000000,1683000000,None,12502000000,None,,,,,3.253,1.747,1.866,,,,,,,,0.144,,58331000000,2025-11-06,quarterly,1.61,USD,pre-market,125000000,31548000000,0.081,0.154,0.14,49.19,2247000000,27275000000,1089000000,319000000,92.31,89.86,14.1844,89772000000,8609000000,6909000000,54546000000,81163000000,47637000000,179442000000,34974000000,12.93,-36906000000,103.48,77.84
2025-12-28,COP,7.08,61280002000.0,12.93,None,0.328,52.54,,None,4090000000,4090000000,,,,,,,,,18000000,1245961000,None,138401000000,138401000000,3751000000,None,1336000000,3320000000,None,None,4602000000,,3.12,0.034,,,,-0.216,0.2,24270000000,28872000000,1.41,2016-09-30,14.79,0,29056000000.0,41041000000,23547000000,9907000000,0,0,None,690000000,None,1108000000,None,None,27353000000,None,21864000000,13617000000,None,None,None,0.195,,20603000000,20438000000,643000000,2056000000,None,13904000000,None,,,,,3.253,1.747,1.866,,,,,,,,0.144,,61649000000,2025-11-06,quarterly,1.61,USD,pre-market,125000000,31896000000,0.081,0.154,0.14,49.19,2247000000,28689000000,1336000000,480000000,92.31,89.86,14.1844,94284000000,9641000000,7537000000,57828000000,84643000000,50291000000,179442000000,36170000000,12.93,-36780000000,103.48,77.84
2025-12-28,COP,7.08,61280002000.0,12.93,None,0.328,52.54,,None,2863000000,2863000000,,,,,,,,,18000000,1244892000,None,138401000000,138401000000,3818000000,None,1331000000,3200000000,None,None,4602000000,,3.12,0.034,,,,-0.216,0.2,24270000000,28872000000,1.41,2016-06-30,14.79,0,29056000000.0,41041000000,23547000000,9907000000,0,0,None,690000000,None,1150000000,None,None,27346000000,None,22024000000,13617000000,None,None,None,0.195,,20603000000,20438000000,757000000,1645000000,None,13874000000,None,,,,,3.253,1.747,1.866,,,,,,,,0.144,,63685000000,2025-11-06,quarterly,1.61,USD,pre-market,125000000,33248000000,0.081,0.154,0.14,49.19,2247000000,28677000000,1331000000,1289000000,92.31,89.86,14.1844,96054000000,9259000000,7348000000,58223000000,86795000000,50875000000,179442000000,37544000000,12.93,-36780000000,103.48,77.84
2025-12-28,COP,7.08,61280002000.0,12.93,None,0.328,52.54,,None,4866000000,4866000000,,,,,,,,,18000000,1244557000,None,138401000000,138401000000,4165000000,None,2079000000,3840000000,None,None,4602000000,,3.12,0.034,,,,-0.216,0.2,24270000000,28872000000,1.41,2016-03-31,14.79,0,29056000000.0,41041000000,23547000000,9907000000,0,0,None,690000000,None,1072000000,None,None,27376000000,None,21806000000,13617000000,None,None,None,0.195,,20603000000,20438000000,849000000,1880000000,None,13894000000,None,,,,,3.253,1.747,1.866,,,,,,,,0.144,,66000000000,2025-11-06,quarterly,1.61,USD,pre-market,125000000,34632000000,0.081,0.154,0.14,49.19,2247000000,29455000000,2079000000,307000000,92.31,89.86,14.1844,99834000000,10934000000,8825000000,60427000000,88900000000,51602000000,179442000000,39089000000,12.93,-36780000000,103.48,77.84
2025-12-28,COP,7.08,61280002000.0,12.93,None,0.328,52.54,,None,2368000000,2368000000,,,,,,,,,18000000,1243699000,None,138401000000,138401000000,4933000000,None,1427000000,4402000000,None,None,4602000000,,3.12,0.034,,,,-0.216,0.2,24270000000,28872000000,1.41,2015-12-31,14.79,0,29056000000.0,41041000000,23547000000,9907000000,0,0,None,690000000,None,1124000000,None,None,23453000000,None,21186000000,13617000000,None,None,None,0.195,,20603000000,20438000000,895000000,2397000000,None,13694000000,None,,,,,3.253,1.747,1.866,,,,,,,,0.144,,66446000000,2025-11-06,quarterly,1.61,USD,pre-market,125000000,36414000000,0.081,0.154,0.14,49.19,2247000000,24880000000,1427000000,0,92.31,89.86,14.1844,97484000000,8789000000,9256000000,57402000000,88695000000,48146000000,179442000000,39762000000,12.93,-36780000000,103.48,77.84
2025-12-28,COP,7.08,61280002000.0,12.93,None,0.328,52.54,,None,2413000000,2413000000,,,,,,,,,18000000,1242125000,None,138401000000,138401000000,5211000000,None,None,4355000000,None,None,4602000000,,3.12,0.034,,,,-0.216,0.2,24270000000,28872000000,1.41,2015-09-30,14.79,0,29056000000.0,41041000000,23547000000,9907000000,0,0,None,690000000,None,1143000000,None,None,24716000000,None,23502000000,13617000000,None,None,None,0.195,,20603000000,20438000000,1753000000,2242000000,None,15074000000,None,,,,,3.253,1.747,1.866,,,,,,,,0.144,,71828000000,2025-11-06,quarterly,1.61,USD,pre-market,125000000,40786000000,0.081,0.154,0.14,49.19,2247000000,24891000000,175000000,0,92.31,89.86,14.1844,105949000000,9664000000,8287000000,61394000000,96285000000,53107000000,179442000000,44210000000,12.93,-36780000000,103.48,77.84
2025-12-28,COP,7.08,61280002000.0,12.93,None,0.328,52.54,,None,3813000000,3813000000,,,,,,,,,18000000,1241026000,None,138401000000,138401000000,5869000000,None,None,5068000000,None,None,4602000000,,3.12,0.034,,,,-0.216,0.2,24270000000,28872000000,1.41,2015-06-30,14.79,0,29056000000.0,41041000000,23547000000,9907000000,0,0,None,690000000,None,1277000000,None,None,24787000000,None,24652000000,13617000000,None,None,None,0.195,,20603000000,20438000000,1786000000,1847000000,None,15140000000,None,,,,,3.253,1.747,1.866,,,,,,,,0.144,,74387000000,2025-11-06,quarterly,1.61,USD,pre-market,125000000,42779000000,0.081,0.154,0.14,49.19,2247000000,24925000000,138000000,0,92.31,89.86,14.1844,112003000000,11944000000,8734000000,63034000000,100059000000,54300000000,179442000000,48620000000,12.93,-36780000000,103.48,77.84
2025-12-28,COP,7.08,61280002000.0,12.93,None,0.328,52.54,,None,2664000000,2664000000,,,,,,,,,18000000,1245531000,None,138401000000,138401000000,6750000000,None,None,5270000000,None,None,4602000000,,3.12,0.034,,,,-0.216,0.2,24270000000,28872000000,1.41,2015-03-31,14.79,0,29056000000.0,41041000000,23547000000,9907000000,0,0,None,690000000,None,1233000000,None,None,22318000000,None,23974000000,13617000000,None,None,None,0.195,,20603000000,20438000000,1673000000,1756000000,None,15111000000,None,,,,,3.253,1.747,1.866,,,,,,,,0.144,,74220000000,2025-11-06,quarterly,1.61,USD,pre-market,125000000,43867000000,0.081,0.154,0.14,49.19,2247000000,22511000000,193000000,0,92.31,89.86,14.1844,110042000000,10840000000,9563000000,61034000000,99202000000,51471000000,179442000000,48652000000,12.93,-36780000000,103.48,77.84
2025-12-28,COP,7.08,61280002000.0,12.93,None,0.328,52.54,,None,5062000000,5062000000,,,,,,,,,18000000,1239975000,None,138401000000,138401000000,8026000000,None,182000000,6807000000,None,None,4602000000,,3.12,0.034,,,,-0.216,0.2,24270000000,28872000000,1.41,2014-12-31,14.79,0,29056000000.0,41041000000,23547000000,9907000000,0,0,None,690000000,None,1331000000,None,None,22383000000,None,25139000000,13617000000,None,None,None,0.195,,20603000000,20438000000,1868000000,2278000000,None,15276000000,None,,,,,3.253,1.747,1.866,,,,,,,,0.144,,75444000000,2025-11-06,quarterly,1.61,USD,pre-market,125000000,44504000000,0.081,0.154,0.14,49.19,2247000000,22565000000,182000000,0,92.31,89.86,14.1844,116539000000,15068000000,11537000000,64266000000,101471000000,52729000000,179442000000,51911000000,12.93,-36780000000,103.48,77.84
2025-12-28,COP,7.08,61280002000.0,12.93,None,0.328,52.54,,None,5408000000,5408000000,,,,,,,,,18000000,1247436000,None,138401000000,138401000000,8692000000,None,None,7279000000,None,None,4602000000,,3.12,0.034,,,,-0.216,0.2,24270000000,28872000000,1.41,2014-09-30,14.79,0,29056000000.0,41041000000,23547000000,9907000000,0,0,None,690000000,None,1330000000,None,None,19499000000,None,25817000000,13617000000,None,None,None,0.195,,20603000000,20438000000,1862000000,2106000000,None,13601000000,None,,,,,3.253,1.747,1.866,,,,,,,,0.144,,75790000000,2025-11-06,quarterly,1.61,USD,pre-market,125000000,45451000000,0.081,0.154,0.14,49.19,2247000000,21187000000,1688000000,374000000,92.31,89.86,14.1844,118986000000,16253000000,14141000000,63325000000,102733000000,49184000000,179442000000,55274000000,12.93,-36780000000,103.48,77.84
2025-12-28,COP,7.08,61280002000.0,12.93,None,0.328,52.54,,None,6142000000,6142000000,,,,,,,,,18000000,1245155000,None,138401000000,138401000000,9254000000,None,None,8032000000,None,None,4602000000,,3.12,0.034,,,,-0.216,0.2,24270000000,28872000000,1.41,2014-06-30,14.79,0,29056000000.0,41041000000,23547000000,9907000000,0,0,None,690000000,None,1291000000,None,None,19570000000,None,26215000000,13617000000,None,None,None,0.195,,20603000000,20438000000,3083000000,2503000000,None,14194000000,None,,,,,3.253,1.747,1.866,,,,,,,,0.144,,75424000000,2025-11-06,quarterly,1.61,USD,pre-market,125000000,43653000000,0.081,0.154,0.14,49.19,2247000000,21234000000,1664000000,288000000,92.31,89.86,14.1844,121648000000,18836000000,16191000000,65962000000,102812000000,49771000000,179442000000,55315000000,12.93,-36780000000,103.48,77.84
2025-12-28,COP,7.08,61280002000.0,12.93,None,0.328,52.54,,None,7520000000,7520000000,,,,,,,,,18000000,1242667000,None,138401000000,138401000000,9604000000,None,None,8479000000,None,None,4602000000,,3.12,0.034,,,,-0.216,0.2,24270000000,28872000000,1.41,2014-03-31,14.79,0,29056000000.0,41041000000,23547000000,9907000000,0,0,None,690000000,None,1221000000,None,None,19494000000,None,24550000000,13617000000,None,None,None,0.195,,20603000000,20438000000,2970000000,2316000000,None,14254000000,None,,,,,3.253,1.747,1.866,,,,,,,,0.144,,74025000000,2025-11-06,quarterly,1.61,USD,pre-market,125000000,42428000000,0.081,0.154,0.14,49.19,2247000000,21206000000,1712000000,210000000,92.31,89.86,14.1844,120025000000,20400000000,17117000000,66404000000,99625000000,49287000000,179442000000,53222000000,12.93,-36780000000,103.48,77.84
2025-12-28,COP,7.08,61280002000.0,12.93,None,0.328,52.54,,None,6246000000,6246000000,,,,,,,,,18000000,1241112000,None,138401000000,138401000000,9314000000,None,None,8487000000,None,None,4602000000,,3.12,0.034,,,,-0.216,0.2,24270000000,28872000000,1.41,2013-12-31,14.79,0,29056000000.0,41041000000,23547000000,9907000000,0,0,None,690000000,None,1194000000,None,None,21073000000,None,25264000000,13617000000,None,None,None,0.195,,20603000000,20438000000,2824000000,2513000000,None,14143000000,None,,,,,3.253,1.747,1.866,,,,,,,,0.144,,72827000000,2025-11-06,quarterly,1.61,USD,pre-market,125000000,41160000000,0.081,0.154,0.14,49.19,2247000000,21662000000,589000000,272000000,92.31,89.86,14.1844,118057000000,19023000000,15129000000,65565000000,99034000000,50436000000,179442000000,52090000000,12.93,-36780000000,103.48,77.84
2025-12-28,COP,7.08,61280002000.0,12.93,None,0.328,52.54,,None,3883000000,3883000000,,,,,,,,,18000000,1240365000,None,138401000000,138401000000,10333000000,None,None,8405000000,None,None,4602000000,,3.12,0.034,,,,-0.216,0.2,24270000000,28872000000,1.41,2013-09-30,14.79,0,29056000000.0,41041000000,23547000000,9907000000,0,0,None,690000000,None,1268000000,None,None,23299000000,None,25166000000,13617000000,None,None,None,0.195,,20603000000,20438000000,9001000000,2519000000,None,16047000000,None,,,,,3.253,1.747,1.866,,,,,,,,0.144,,71129000000,2025-11-06,quarterly,1.61,USD,pre-market,125000000,39526000000,0.081,0.154,0.14,49.19,2247000000,21668000000,572000000,0,92.31,89.86,14.1844,119760000000,22557000000,16335000000,68223000000,97203000000,51888000000,179442000000,51113000000,12.93,-36780000000,103.48,77.84
2025-12-28,COP,7.08,61280002000.0,12.93,None,0.328,52.54,,None,3909000000,3909000000,,,,,,,,,18000000,1237157000,None,138401000000,138401000000,10437000000,None,None,8420000000,None,None,4602000000,,3.12,0.034,,,,-0.216,0.2,24270000000,28872000000,1.41,2013-06-30,14.79,0,29056000000.0,41041000000,23547000000,9907000000,0,0,None,690000000,None,1134000000,None,None,23575000000,None,24016000000,13617000000,None,None,None,0.195,,20603000000,20438000000,9064000000,2911000000,None,16147000000,None,,,,,3.253,1.747,1.866,,,,,,,,0.144,,69438000000,2025-11-06,quarterly,1.61,USD,pre-market,125000000,37899000000,0.081,0.154,0.14,49.19,2247000000,21721000000,554000000,75000000,92.31,89.86,14.1844,116947000000,22602000000,16715000000,68015000000,94345000000,51300000000,179442000000,48508000000,12.93,-36780000000,103.48,77.84
2025-12-28,COP,7.08,61280002000.0,12.93,None,0.328,52.54,,None,5422000000,5422000000,,,,,,,,,18000000,1235907000,None,138401000000,138401000000,10421000000,None,None,8898000000,None,None,4602000000,,3.12,0.034,,,,-0.216,0.2,24270000000,28872000000,1.41,2013-03-31,14.79,0,29056000000.0,41041000000,23547000000,9907000000,0,0,None,690000000,None,1133000000,None,None,22929000000,None,24770000000,13617000000,None,None,None,0.195,,20603000000,20438000000,8759000000,2885000000,None,16299000000,None,,,,,3.253,1.747,1.866,,,,,,,,0.144,,67890000000,2025-11-06,quarterly,1.61,USD,pre-market,125000000,36662000000,0.081,0.154,0.14,49.19,2247000000,21670000000,1351000000,23000000,92.31,89.86,14.1844,117780000000,24235000000,18315000000,68540000000,93545000000,50225000000,179442000000,48803000000,12.93,-36780000000,103.48,77.84
2025-12-28,COP,7.08,61280002000.0,12.93,None,0.328,52.54,,None,3618000000,3618000000,,,,,,,,,18000000,1231395000,None,138401000000,138401000000,10013000000,None,None,9182000000,None,None,4602000000,,3.12,0.034,,,,-0.216,0.2,24270000000,28872000000,1.41,2012-12-31,14.79,3332000000,29056000000.0,41041000000,23547000000,9907000000,4000000,4000000,None,690000000,None,965000000,None,None,23580000000,None,25006000000,13617000000,None,None,None,0.195,,20603000000,20438000000,10224000000,3109000000,None,17319000000,None,,,,,3.253,1.747,1.866,,,,,,,,0.144,,67263000000,2025-11-06,quarterly,1.61,USD,pre-market,125000000,35338000000,0.081,0.154,0.14,49.19,2247000000,21725000000,955000000,581000000,92.31,89.86,14.1844,117144000000,23989000000,17443000000,68717000000,93155000000,51274000000,179442000000,47987000000,12.93,-36780000000,103.48,77.84
2025-12-28,COP,7.08,61280002000.0,12.93,None,0.328,52.54,,None,1268000000,1268000000,,,,,,,,,18000000,1229343000,None,138401000000,138401000000,9982000000,None,None,9183000000,None,None,4602000000,,3.12,0.034,,,,-0.216,0.2,24270000000,28872000000,1.41,2012-09-30,14.79,0,29056000000.0,41041000000,23547000000,9907000000,10000000,10000000,None,690000000,None,1176000000,None,None,21788000000,None,25064000000,13617000000,None,None,None,0.195,,20603000000,20438000000,4154000000,2229000000,None,17172000000,None,,,,,3.253,1.747,1.866,,,,,,,,0.144,,73612000000,2025-11-06,quarterly,1.61,USD,pre-market,125000000,34764000000,0.081,0.154,0.14,49.19,2247000000,21117000000,2335000000,2468000000,92.31,89.86,14.1844,115369000000,15781000000,17383000000,67492000000,99588000000,50109000000,179442000000,47406000000,12.93,-36845000000,103.48,77.84
2025-12-28,COP,7.08,61280002000.0,12.93,None,0.328,52.54,,None,1044000000,1044000000,,,,,,,,,18000000,1258189000,None,138401000000,138401000000,9096000000,None,None,7719000000,None,None,4602000000,,3.12,0.034,,,,-0.216,0.2,24270000000,28872000000,1.41,2012-06-30,14.79,0,29056000000.0,41041000000,23547000000,9907000000,11000000,11000000,None,690000000,None,1178000000,None,None,22030000000,None,24969000000,13617000000,None,None,None,0.195,,20603000000,20438000000,6971000000,2266000000,None,16778000000,None,,,,,3.253,1.747,1.866,,,,,,,,0.144,,71227000000,2025-11-06,quarterly,1.61,USD,pre-market,125000000,33756000000,0.081,0.154,0.14,49.19,2247000000,23008000000,4179000000,5000000000,92.31,89.86,14.1844,114008000000,16912000000,18360000000,67565000000,97096000000,49205000000,179442000000,45971000000,12.93,-36696000000,103.48,77.84
2025-12-28,COP,7.08,61280002000.0,12.93,None,0.328,52.54,,None,3707000000,3707000000,,,,,,,,,18000000,1293104000,None,138401000000,138401000000,19637000000,None,None,17483000000,None,None,4602000000,,3.12,0.034,,,,-0.216,0.2,24270000000,28872000000,1.41,2012-03-31,14.79,3330000000,29056000000.0,41041000000,23547000000,9907000000,742000000,742000000,None,690000000,None,6072000000,None,None,24751000000,None,35189000000,13617000000,None,None,None,0.195,,20603000000,20438000000,9296000000,5040000000,None,19341000000,None,,,,,3.253,1.747,1.866,,,,,,,,0.144,,85559000000,2025-11-06,quarterly,1.61,USD,pre-market,125000000,51286000000,0.081,0.154,0.14,49.19,2247000000,28360000000,7002000000,508000000,92.31,89.86,14.1844,162881000000,37066000000,36430000000,95838000000,125815000000,59408000000,179442000000,66534000000,12.93,-33678000000,103.48,77.84
2025-12-28,COP,7.08,61280002000.0,12.93,None,0.328,52.54,,None,5780000000,5780000000,,,,,,,,,17000000,1283493000,None,138401000000,138401000000,19653000000,None,None,16526000000,None,None,4602000000,,3.12,0.034,,,,-0.216,0.2,24270000000,28872000000,1.41,2011-12-31,14.79,3332000000,29056000000.0,41041000000,23547000000,9907000000,745000000,745000000,None,690000000,None,4631000000,None,None,25192000000,None,33783000000,13617000000,None,None,None,0.195,,20603000000,20438000000,2700000000,3182000000,None,19763000000,None,,,,,3.253,1.747,1.866,,,,,,,,0.144,,84180000000,2025-11-06,quarterly,1.61,USD,pre-market,125000000,49194000000,0.081,0.154,0.14,49.19,2247000000,22623000000,1013000000,581000000,92.31,89.86,14.1844,153230000000,30218000000,28068000000,87496000000,123012000000,59428000000,179442000000,65224000000,12.93,-31787000000,103.48,77.84
2025-12-28,COP,7.08,61280002000.0,12.93,None,0.328,52.54,,None,3437000000,3437000000,,,,,,,,,17000000,1369562000,None,138401000000,138401000000,20835000000,None,None,14440000000,None,None,4602000000,,3.12,0.034,,,,-0.216,0.2,24270000000,28872000000,1.41,2011-09-30,14.79,3606000000,29056000000.0,41041000000,23547000000,9907000000,764000000,764000000,None,690000000,None,7164000000,None,None,26303000000,None,33846000000,13617000000,None,None,None,0.195,,20603000000,20438000000,4761000000,2912000000,None,18914000000,None,,,,,3.253,1.747,1.866,,,,,,,,0.144,,83090000000,2025-11-06,quarterly,1.61,USD,pre-market,125000000,46681000000,0.081,0.154,0.14,49.19,2247000000,23150000000,616000000,2589000000,92.31,89.86,14.1844,154689000000,32391000000,28936000000,88363000000,122298000000,59427000000,179442000000,65806000000,12.93,-28671000000,103.48,77.84
2025-12-28,COP,7.08,61280002000.0,12.93,None,0.328,52.54,,None,5505000000,5505000000,,,,,,,,,17000000,1412147000,None,138401000000,138401000000,18806000000,None,None,14678000000,None,None,4602000000,,3.12,0.034,,,,-0.216,0.2,24270000000,28872000000,1.41,2011-06-30,14.79,3606000000,29056000000.0,41041000000,23547000000,9907000000,792000000,792000000,None,690000000,None,6986000000,None,None,26543000000,None,35756000000,13617000000,None,None,None,0.195,,20603000000,20438000000,4874000000,5096000000,None,19494000000,None,,,,,3.253,1.747,1.866,,,,,,,,0.144,,84268000000,2025-11-06,quarterly,1.61,USD,pre-market,125000000,44964000000,0.081,0.154,0.14,49.19,2247000000,23196000000,606000000,2635000000,92.31,89.86,14.1844,160068000000,34678000000,29344000000,89490000000,125390000000,60146000000,179442000000,70059000000,12.93,-24862000000,103.48,77.84
2025-12-28,COP,7.08,61280002000.0,12.93,None,0.328,52.54,,None,6172000000,6172000000,,,,,,,,,17000000,1445477000,None,138401000000,138401000000,20203000000,None,None,16408000000,None,None,4602000000,,3.12,0.034,,,,-0.216,0.2,24270000000,28872000000,1.41,2011-03-31,14.79,3630000000,29056000000.0,41041000000,23547000000,9907000000,797000000,797000000,None,690000000,None,7944000000,None,None,26739000000,None,34929000000,13617000000,None,None,None,0.195,,20603000000,20438000000,2858000000,2965000000,None,19770000000,None,,,,,3.253,1.747,1.866,,,,,,,,0.144,,83765000000,2025-11-06,quarterly,1.61,USD,pre-market,125000000,42480000000,0.081,0.154,0.14,49.19,2247000000,23209000000,605000000,2231000000,92.31,89.86,14.1844,159643000000,35613000000,29218000000,89122000000,124030000000,59904000000,179442000000,69972000000,12.93,-21713000000,103.48,77.84
2025-12-28,COP,7.08,61280002000.0,12.93,None,0.328,52.54,,None,9454000000,9454000000,,,,,,,,,17000000,1432285000,None,138401000000,138401000000,18399000000,None,None,15812000000,None,None,4602000000,,3.12,0.034,,,,-0.216,0.2,24270000000,28872000000,1.41,2010-12-31,14.79,3633000000,29056000000.0,41041000000,23547000000,9907000000,801000000,801000000,None,690000000,None,5197000000,None,None,26970000000,None,33761000000,13617000000,None,None,None,0.195,,20603000000,20438000000,2141000000,3210000000,None,19795000000,None,,,,,3.253,1.747,1.866,,,,,,,,0.144,,82554000000,2025-11-06,quarterly,1.61,USD,pre-market,125000000,40397000000,0.081,0.154,0.14,49.19,2247000000,23592000000,936000000,2056000000,92.31,89.86,14.1844,156314000000,34660000000,27419000000,87205000000,121654000000,59786000000,179442000000,68562000000,12.93,-20077000000,103.48,77.84
2025-12-28,COP,7.08,61280002000.0,12.93,None,0.328,52.54,,None,7996000000,7996000000,,,,,,,,,17000000,1493080000,None,138401000000,138401000000,16064000000,None,None,13478000000,None,None,4602000000,,3.12,0.034,,,,-0.216,0.2,24270000000,28872000000,1.41,2010-09-30,14.79,3637000000,29056000000.0,41041000000,23547000000,9907000000,806000000,806000000,None,690000000,None,7741000000,None,None,23225000000,None,None,13617000000,None,None,None,0.195,,20603000000,20438000000,6102000000,3795000000,None,None,None,,,,,3.253,1.747,1.866,,,,,,,,0.144,,81460000000,2025-11-06,quarterly,1.61,USD,pre-market,125000000,39156000000,0.081,0.154,0.14,49.19,2247000000,23601000000,376000000,2856000000,92.31,89.86,14.1844,155333000000,35317000000,25421000000,85416000000,120016000000,59995000000,179442000000,69361000000,12.93,-17468000000,103.48,77.84
2025-12-28,COP,7.08,61280002000.0,12.93,None,0.328,52.54,,None,4120000000,4120000000,,,,,,,,,17000000,1501257000,None,138401000000,138401000000,15376000000,None,None,13197000000,None,None,4602000000,,3.12,0.034,,,,-0.216,0.2,24270000000,28872000000,1.41,2010-06-30,14.79,3638000000,29056000000.0,41041000000,23547000000,9907000000,808000000,808000000,None,690000000,None,7119000000,None,None,23197000000,None,None,13617000000,None,None,None,0.195,,20603000000,20438000000,2230000000,2702000000,None,None,None,,,,,3.253,1.747,1.866,,,,,,,,0.144,,81269000000,2025-11-06,quarterly,1.61,USD,pre-market,125000000,36917000000,0.081,0.154,0.14,49.19,2247000000,26279000000,3082000000,0,92.31,89.86,14.1844,151456000000,26666000000,25668000000,85511000000,124790000000,59843000000,179442000000,65371000000,12.93,-16601000000,103.48,77.84
2025-12-28,COP,7.08,61280002000.0,12.93,None,0.328,52.54,,None,855000000,855000000,,,,,,,,,17000000,1503565000,None,138401000000,138401000000,15937000000,None,None,12630000000,None,None,4602000000,,3.12,0.034,,,,-0.216,0.2,24270000000,28872000000,1.41,2010-03-31,14.79,3635000000,29056000000.0,41041000000,23547000000,9907000000,815000000,815000000,None,690000000,None,7300000000,None,None,26225000000,None,None,13617000000,None,None,None,0.195,,20603000000,20438000000,2808000000,3800000000,None,None,None,,,,,3.253,1.747,1.866,,,,,,,,0.144,,86623000000,2025-11-06,quarterly,1.61,USD,pre-market,125000000,32749000000,0.081,0.154,0.14,49.19,2247000000,28988000000,2763000000,0,92.31,89.86,14.1844,154810000000,23593000000,26605000000,91393000000,131217000000,64788000000,179442000000,62837000000,12.93,-16211000000,103.48,77.84
2025-12-28,COP,7.08,61280002000.0,12.93,None,0.328,52.54,,None,542000000,542000000,,,,,,,,,17000000,1492861000,None,138401000000,138401000000,15485000000,None,None,13215000000,None,None,4602000000,,3.12,0.034,,,,-0.216,0.2,24270000000,28872000000,1.41,2009-12-31,14.79,3638000000,29056000000.0,41041000000,23547000000,9907000000,823000000,823000000,None,690000000,None,4940000000,None,None,26925000000,None,None,13617000000,None,None,None,0.195,,20603000000,20438000000,2470000000,3080000000,None,None,None,,,,,3.253,1.747,1.866,,,,,,,,0.144,,87708000000,2025-11-06,quarterly,1.61,USD,pre-market,125000000,32658000000,0.081,0.154,0.14,49.19,2247000000,28653000000,1728000000,0,92.31,89.86,14.1844,152588000000,21167000000,23695000000,89531000000,131421000000,65836000000,179442000000,62467000000,12.93,-16211000000,103.48,77.84
2025-12-28,COP,7.08,61280002000.0,12.93,None,0.328,52.54,,None,641000000,641000000,,,,,,,,,17000000,1498204000,None,138401000000,138401000000,14862000000,None,None,10907000000,None,None,4602000000,,3.12,0.034,,,,-0.216,0.2,24270000000,28872000000,1.41,2009-09-30,14.79,3715000000,29056000000.0,41041000000,23547000000,9907000000,831000000,831000000,None,690000000,None,6268000000,None,None,32839000000,None,None,13617000000,None,None,None,0.195,,20603000000,20438000000,4437000000,3154000000,None,19718000000,None,,,,,3.253,1.747,1.866,,,,,,,,0.144,,87136000000,2025-11-06,quarterly,1.61,USD,pre-market,125000000,32181000000,0.081,0.154,0.14,49.19,2247000000,35635000000,2796000000,0,92.31,89.86,14.1844,152427000000,22253000000,24656000000,90330000000,130174000000,65674000000,179442000000,61510000000,12.93,-16211000000,103.48,77.84
2025-12-28,COP,7.08,61280002000.0,12.93,None,0.328,52.54,,None,888000000,888000000,,,,,,,,,17000000,1495700000,None,138401000000,138401000000,14974000000,None,None,10747000000,None,None,4602000000,,3.12,0.034,,,,-0.216,0.2,24270000000,28872000000,1.41,2009-06-30,14.79,3715000000,29056000000.0,41041000000,23547000000,9907000000,835000000,835000000,None,690000000,None,6181000000,None,None,34269000000,None,None,13617000000,None,None,None,0.195,,20603000000,20438000000,5258000000,2861000000,None,19915000000,None,,,,,3.253,1.747,1.866,,,,,,,,0.144,,86246000000,2025-11-06,quarterly,1.61,USD,pre-market,125000000,31388000000,0.081,0.154,0.14,49.19,2247000000,35707000000,1438000000,0,92.31,89.86,14.1844,150073000000,23074000000,23089000000,90066000000,126999000000,66977000000,179442000000,58929000000,12.93,-16211000000,103.48,77.84
2025-12-28,COP,7.08,61280002000.0,12.93,None,0.328,52.54,,None,802000000,802000000,,,,,,,,,17000000,1495247000,None,138401000000,138401000000,13321000000,None,None,10319000000,None,None,4602000000,,3.12,0.034,,,,-0.216,0.2,24270000000,28872000000,1.41,2009-03-31,14.79,3777000000,29056000000.0,41041000000,23547000000,9907000000,837000000,837000000,None,690000000,None,6480000000,None,None,34804000000,None,None,13617000000,None,None,None,0.195,,20603000000,20438000000,2602000000,2784000000,None,None,None,,,,,3.253,1.747,1.866,,,,,,,,0.144,,84056000000,2025-11-06,quarterly,1.61,USD,pre-market,125000000,30786000000,0.081,0.154,0.14,49.19,2247000000,34886000000,82000000,None,92.31,89.86,14.1844,143251000000,20203000000,20330000000,87058000000,123048000000,66728000000,179442000000,55095000000,12.93,-16914000000,103.48,77.84
2025-12-28,COP,7.08,61280002000.0,12.93,None,0.328,52.54,,None,755000000,755000000,,,,,,,,,17000000,1485890000,None,138401000000,138401000000,13990000000,None,None,11995000000,None,None,4602000000,,3.12,0.034,,,,-0.216,0.2,24270000000,28872000000,1.41,2008-12-31,14.79,3778000000,29056000000.0,41041000000,23547000000,9907000000,846000000,846000000,None,690000000,None,5095000000,None,None,32754000000,None,None,13617000000,None,None,None,0.195,,20603000000,20438000000,2998000000,3147000000,None,None,None,,,,,3.253,1.747,1.866,,,,,,,,0.144,,83947000000,2025-11-06,quarterly,1.61,USD,pre-market,125000000,30642000000,0.081,0.154,0.14,49.19,2247000000,27455000000,370000000,None,92.31,89.86,14.1844,142865000000,20843000000,21780000000,86600000000,122022000000,64820000000,179442000000,55165000000,12.93,-16913000000,103.48,77.84
2025-12-28,COP,7.08,61280002000.0,12.93,None,0.328,52.54,,None,1116000000,1116000000,,,,,,,,,17000000,1528187000,None,138401000000,138401000000,19237000000,None,None,16986000000,None,None,4602000000,,3.12,0.034,,,,-0.216,0.2,24270000000,28872000000,1.41,2008-09-30,14.79,29224000000,29056000000.0,41041000000,23547000000,9907000000,861000000,861000000,None,690000000,None,6741000000,None,None,27541000000,None,None,13617000000,None,None,None,0.195,,20603000000,20438000000,3483000000,3526000000,None,None,None,,,,,3.253,1.747,1.866,,,,,,,,0.144,,89259000000,2025-11-06,quarterly,1.61,USD,pre-market,125000000,63103000000,0.081,0.154,0.14,49.19,2247000000,22100000000,387000000,None,92.31,89.86,14.1844,184607000000,28326000000,29510000000,90604000000,156281000000,61094000000,179442000000,92876000000,12.93,-16185000000,103.48,77.84
2025-12-28,COP,7.08,61280002000.0,12.93,None,0.328,52.54,,None,787000000,787000000,,,,,,,,,17000000,1555447000,None,138401000000,138401000000,23361000000,None,None,20461000000,None,None,4602000000,,3.12,0.034,,,,-0.216,0.2,24270000000,28872000000,1.41,2008-06-30,14.79,29227000000,29056000000.0,41041000000,23547000000,9907000000,873000000,873000000,None,690000000,None,6757000000,None,None,27524000000,None,None,13617000000,None,None,None,0.195,,20603000000,20438000000,5510000000,4599000000,None,None,None,,,,,3.253,1.747,1.866,,,,,,,,0.144,,89990000000,2025-11-06,quarterly,1.61,USD,pre-market,125000000,58625000000,0.081,0.154,0.14,49.19,2247000000,21924000000,385000000,None,92.31,89.86,14.1844,190155000000,33515000000,34847000000,96613000000,156640000000,61766000000,179442000000,92398000000,12.93,-13694000000,103.48,77.84
2025-12-28,COP,7.08,61280002000.0,12.93,None,0.328,52.54,,None,1423000000,1423000000,,,,,,,,,17000000,1582025000,None,138401000000,138401000000,20694000000,None,None,17151000000,None,None,4602000000,,3.12,0.034,,,,-0.216,0.2,24270000000,28872000000,1.41,2008-03-31,14.79,29354000000,29056000000.0,41041000000,23547000000,9907000000,884000000,884000000,None,690000000,None,6995000000,None,None,27249000000,None,None,13617000000,None,None,None,0.195,,20603000000,20438000000,3039000000,4355000000,None,None,None,,,,,3.253,1.747,1.866,,,,,,,,0.144,,89207000000,2025-11-06,quarterly,1.61,USD,pre-market,125000000,53906000000,0.081,0.154,0.14,49.19,2247000000,21492000000,384000000,None,92.31,89.86,14.1844,183278000000,28608000000,31125000000,92552000000,154670000000,61427000000,179442000000,89575000000,12.93,-11195000000,103.48,77.84
2025-12-28,COP,7.08,61280002000.0,12.93,None,0.328,52.54,,None,1456000000,1456000000,,,,,,,,,17000000,1562198000,None,138401000000,138401000000,17861000000,None,None,16354000000,None,None,4602000000,,3.12,0.034,,,,-0.216,0.2,24270000000,28872000000,1.41,2007-12-31,14.79,29336000000,29056000000.0,41041000000,23547000000,9907000000,896000000,896000000,None,690000000,None,4223000000,None,None,26583000000,None,None,13617000000,None,None,None,0.195,,20603000000,20438000000,2702000000,3506000000,None,None,None,,,,,3.253,1.747,1.866,,,,,,,,0.144,,89003000000,2025-11-06,quarterly,1.61,USD,pre-market,125000000,50510000000,0.081,0.154,0.14,49.19,2247000000,21687000000,1398000000,None,92.31,89.86,14.1844,177757000000,24735000000,26882000000,87601000000,153022000000,60719000000,179442000000,88983000000,12.93,-8700000000,103.48,77.84
2025-12-28,COP,7.08,61280002000.0,12.93,None,0.328,52.54,,None,1379000000,1379000000,,,,,,,,,17000000,1644267000,None,138401000000,138401000000,16257000000,None,None,13778000000,None,None,4602000000,,3.12,0.034,,,,-0.216,0.2,24270000000,28872000000,1.41,2007-09-30,14.79,29374000000,29056000000.0,41041000000,23547000000,9907000000,899000000,899000000,None,690000000,None,5312000000,None,None,27916000000,None,None,13617000000,None,None,None,0.195,,20603000000,20438000000,3170000000,3291000000,None,None,None,,,,,3.253,1.747,1.866,,,,,,,,0.144,,87407000000,2025-11-06,quarterly,1.61,USD,pre-market,125000000,46790000000,0.081,0.154,0.14,49.19,2247000000,21876000000,405000000,None,92.31,89.86,14.1844,173427000000,23639000000,24078000000,85314000000,149788000000,61236000000,179442000000,86933000000,12.93,-6225000000,103.48,77.84
2025-12-28,COP,7.08,61280002000.0,12.93,None,0.328,52.54,,None,1411000000,1411000000,,,,,,,,,17000000,1657999000,None,138401000000,138401000000,16133000000,None,None,14290000000,None,None,4602000000,,3.12,0.034,,,,-0.216,0.2,24270000000,28872000000,1.41,2007-06-30,14.79,29597000000,29056000000.0,41041000000,23547000000,9907000000,907000000,907000000,None,690000000,None,5245000000,None,None,28298000000,None,None,13617000000,None,None,None,0.195,,20603000000,20438000000,3435000000,3524000000,None,None,None,,,,,3.253,1.747,1.866,,,,,,,,0.144,,85296000000,2025-11-06,quarterly,1.61,USD,pre-market,125000000,43783000000,0.081,0.154,0.14,49.19,2247000000,22812000000,1109000000,None,92.31,89.86,14.1844,170868000000,24381000000,23917000000,84760000000,146487000000,60843000000,179442000000,84928000000,12.93,-3715000000,103.48,77.84
2025-12-28,COP,7.08,61280002000.0,12.93,None,0.328,52.54,,None,860000000,860000000,,,,,,,,,17000000,1668847000,None,138401000000,138401000000,16758000000,None,None,13900000000,None,None,4602000000,,3.12,0.034,,,,-0.216,0.2,24270000000,28872000000,1.41,2007-03-31,14.79,31531000000,29056000000.0,41041000000,23547000000,9907000000,919000000,919000000,None,690000000,None,5685000000,None,None,28703000000,None,None,13617000000,None,None,None,0.195,,20603000000,20438000000,4296000000,4366000000,None,None,None,,,,,3.253,1.747,1.866,,,,,,,,0.144,,83904000000,2025-11-06,quarterly,1.61,USD,pre-market,125000000,44150000000,0.081,0.154,0.14,49.19,2247000000,23668000000,1707000000,None,92.31,89.86,14.1844,173209000000,24741000000,27025000000,87226000000,148468000000,60201000000,179442000000,84782000000,12.93,-2731000000,103.48,77.84
2025-12-28,COP,7.08,61280002000.0,12.93,None,0.328,52.54,,None,817000000,817000000,,,,,,,,,17000000,1647352000,None,138401000000,138401000000,14634000000,None,None,14106000000,None,None,4602000000,,3.12,0.034,,,,-0.216,0.2,24270000000,28872000000,1.41,2006-12-31,14.79,31488000000,29056000000.0,41041000000,23547000000,9907000000,951000000,951000000,None,690000000,None,5153000000,None,None,23091000000,None,None,13617000000,None,None,None,0.195,,20603000000,20438000000,4990000000,7022000000,None,None,None,,,,,3.253,1.747,1.866,,,,,,,,0.144,,86201000000,2025-11-06,quarterly,1.61,USD,pre-market,125000000,41292000000,0.081,0.154,0.14,49.19,2247000000,27134000000,4043000000,None,92.31,89.86,14.1844,164781000000,25066000000,26431000000,80933000000,139715000000,54502000000,179442000000,82646000000,12.93,-1730000000,103.48,77.84
2025-12-28,COP,7.08,61280002000.0,12.93,None,0.328,52.54,,None,696000000,696000000,,,,,,,,,17000000,1675839000,None,138401000000,138401000000,14051000000,None,None,13045000000,None,None,4602000000,,3.12,0.034,,,,-0.216,0.2,24270000000,28872000000,1.41,2006-09-30,14.79,31930000000,29056000000.0,41041000000,23547000000,9907000000,1093000000,1093000000,None,690000000,None,6198000000,None,None,23777000000,None,None,13617000000,None,None,None,0.195,,20603000000,20438000000,4661000000,8964000000,None,None,None,,,,,3.253,1.747,1.866,,,,,,,,0.144,,86127000000,2025-11-06,quarterly,1.61,USD,pre-market,125000000,38685000000,0.081,0.154,0.14,49.19,2247000000,27807000000,4030000000,None,92.31,89.86,14.1844,163723000000,24600000000,27354000000,82026000000,139123000000,54672000000,179442000000,80476000000,12.93,-1490000000,103.48,77.84
2025-12-28,COP,7.08,61280002000.0,12.93,None,0.328,52.54,,None,654000000,654000000,,,,,,,,,17000000,1678445000,None,138401000000,138401000000,14517000000,None,None,12543000000,None,None,4602000000,,3.12,0.034,,,,-0.216,0.2,24270000000,28872000000,1.41,2006-06-30,14.79,32120000000,29056000000.0,41041000000,23547000000,9907000000,1175000000,1175000000,None,690000000,None,6435000000,None,None,24939000000,None,None,13617000000,None,None,None,0.195,,20603000000,20438000000,2106000000,7413000000,None,None,None,,,,,3.253,1.747,1.866,,,,,,,,0.144,,87920000000,2025-11-06,quarterly,1.61,USD,pre-market,125000000,35402000000,0.081,0.154,0.14,49.19,2247000000,29510000000,4571000000,None,92.31,89.86,14.1844,161917000000,21738000000,27020000000,83294000000,140179000000,56274000000,179442000000,77377000000,12.93,-1240000000,103.48,77.84
2025-12-28,COP,7.08,61280002000.0,12.93,None,0.328,52.54,,None,3008000000,3008000000,,,,,,,,,17000000,1404704000,None,138401000000,138401000000,13997000000,None,None,10731000000,None,None,4602000000,,3.12,0.034,,,,-0.216,0.2,24270000000,28872000000,1.41,2006-03-31,14.79,32232000000,29056000000.0,41041000000,23547000000,9907000000,1125000000,1125000000,None,690000000,None,5507000000,None,None,26066000000,None,None,13617000000,None,None,None,0.195,,20603000000,20438000000,6614000000,8143000000,None,None,None,,,,,3.253,1.747,1.866,,,,,,,,0.144,,85960000000,2025-11-06,quarterly,1.61,USD,pre-market,125000000,30813000000,0.081,0.154,0.14,49.19,2247000000,32193000000,6127000000,None,92.31,89.86,14.1844,159652000000,22937000000,29023000000,86222000000,136715000000,57199000000,179442000000,72193000000,12.93,-831000000,103.48,77.84
2025-12-28,COP,7.08,61280002000.0,12.93,None,0.328,52.54,,None,2214000000,2214000000,,,,,,,,,14000000,1382925000,None,138401000000,138401000000,12267000000,None,None,11940000000,None,None,4602000000,,3.12,0.034,,,,-0.216,0.2,24270000000,28872000000,1.41,2005-12-31,14.79,15323000000,29056000000.0,41041000000,23547000000,9907000000,16439000000,16439000000,None,690000000,None,3724000000,None,None,10758000000,None,None,13617000000,None,None,None,0.195,,20603000000,20438000000,3335000000,6798000000,None,None,None,,,,,3.253,1.747,1.866,,,,,,,,0.144,,54669000000,2025-11-06,quarterly,1.61,USD,pre-market,125000000,28018000000,0.081,0.154,0.14,49.19,2247000000,12516000000,1758000000,None,92.31,89.86,14.1844,106999000000,19612000000,21359000000,53059000000,87387000000,31700000000,179442000000,52731000000,12.93,-2702000000,103.48,77.84
2025-12-28,COP,7.08,61280002000.0,12.93,None,0.328,52.54,,None,2803000000,2803000000,,,,,,,,,14000000,1417796000,None,138401000000,138401000000,11897000000,None,None,10406000000,None,None,4602000000,,3.12,0.034,,,,-0.216,0.2,24270000000,28872000000,1.41,2005-09-30,14.79,14927000000,29056000000.0,41041000000,23547000000,9907000000,15970000000,15970000000,None,690000000,None,4838000000,None,None,12372000000,None,None,13617000000,None,None,None,0.195,,20603000000,20438000000,2557000000,8039000000,None,None,None,,,,,3.253,1.747,1.866,,,,,,,,0.144,,52482000000,2025-11-06,quarterly,1.61,USD,pre-market,125000000,24337000000,0.081,0.154,0.14,49.19,2247000000,13497000000,1125000000,None,92.31,89.86,14.1844,104372000000,20604000000,21398000000,53302000000,83768000000,31904000000,179442000000,49838000000,12.93,-1963000000,103.48,77.84
2025-12-28,COP,7.08,61280002000.0,12.93,None,0.328,52.54,,940000000,5607000000,5607000000,,,,,,,,,23000000,1180871000,None,138401000000,138401000000,6044000000,None,743000000,6695000000,None,None,4602000000,,3.12,0.034,,,,-0.216,0.2,24270000000,28872000000,1.41,2024-12-31,14.79,None,29056000000.0,41041000000,23547000000,9907000000,None,None,None,690000000,None,1809000000,None,None,22641000000,None,9756000000,13617000000,None,None,None,0.195,,20603000000,20438000000,1029000000,2256000000,None,2034000000,None,,,,,3.253,1.747,1.866,,,,,,,,0.144,,95373000000,2025-11-06,annual,1.61,USD,pre-market,125000000,64869000000,0.081,0.154,0.14,49.19,2247000000,25348000000,1364000000,507000000,92.31,89.86,14.1844,122780000000,15647000000,12124000000,57984000000,107133000000,45860000000,179442000000,64796000000,12.93,None,103.48,77.84
2025-12-28,COP,7.08,61280002000.0,12.93,None,0.328,52.54,,1129000000,5635000000,5635000000,,,,,,,,,21000000,1205675000,None,138401000000,138401000000,5117000000,None,1074000000,5474000000,None,None,4602000000,,3.12,0.034,,,,-0.216,0.2,24270000000,28872000000,1.41,2023-12-31,14.79,None,29056000000.0,41041000000,23547000000,9907000000,None,None,None,690000000,None,1398000000,None,None,17863000000,None,8987000000,13617000000,None,None,None,0.195,,20603000000,20438000000,852000000,1810000000,None,1735000000,None,,,,,3.253,1.747,1.866,,,,,,,,0.144,,70735000000,2025-11-06,annual,1.61,USD,pre-market,125000000,59268000000,0.081,0.154,0.14,49.19,2247000000,19634000000,1267000000,971000000,92.31,89.86,14.1844,95924000000,14330000000,10005000000,46645000000,81594000000,36640000000,179442000000,49279000000,12.93,None,103.48,77.84
2025-12-28,COP,7.08,61280002000.0,12.93,None,0.328,52.54,,1320000000,6458000000,6458000000,,,,,,,,,21000000,1278163000,None,138401000000,138401000000,6163000000,None,417000000,7088000000,None,None,4602000000,,3.12,0.034,,,,-0.216,0.2,24270000000,28872000000,1.41,2022-12-31,14.79,None,29056000000.0,41041000000,23547000000,9907000000,None,None,None,690000000,None,1219000000,None,None,16226000000,None,8225000000,13617000000,None,None,None,0.195,,20603000000,20438000000,1199000000,2919000000,None,1552000000,None,,,,,3.253,1.747,1.866,,,,,,,,0.144,,64866000000,2025-11-06,annual,1.61,USD,pre-market,125000000,53029000000,0.081,0.154,0.14,49.19,2247000000,17188000000,572000000,2785000000,92.31,89.86,14.1844,93829000000,18749000000,12847000000,45826000000,75080000000,32979000000,179442000000,48003000000,12.93,-60189000000,103.48,77.84
2025-12-28,COP,7.08,61280002000.0,12.93,None,0.328,52.54,,1261000000,5028000000,5028000000,,,,,,,,,21000000,1328151000,None,138401000000,138401000000,5025000000,None,1200000000,6670000000,None,None,4602000000,,3.12,0.034,,,,-0.216,0.2,24270000000,28872000000,1.41,2021-12-31,14.79,None,29056000000.0,41041000000,23547000000,9907000000,None,None,None,690000000,None,1208000000,None,None,18734000000,None,7113000000,13617000000,None,None,None,0.195,,20603000000,20438000000,1581000000,2934000000,None,8321000000,None,,,,,3.253,1.747,1.866,,,,,,,,0.144,,64911000000,2025-11-06,annual,1.61,USD,pre-market,125000000,40674000000,0.081,0.154,0.14,49.19,2247000000,19934000000,1200000000,1563000000,92.31,89.86,14.1844,90661000000,16050000000,12021000000,45255000000,74611000000,33234000000,179442000000,45406000000,12.93,-50920000000,103.48,77.84
2025-12-28,COP,7.08,61280002000.0,12.93,None,0.328,52.54,,891000000,2991000000,2991000000,,,,,,,,,18000000,1078030000,None,138401000000,138401000000,2698000000,None,619000000,2754000000,None,None,4602000000,,3.12,0.034,,,,-0.216,0.2,24270000000,28872000000,1.41,2020-12-31,14.79,None,29056000000.0,41041000000,23547000000,9907000000,None,None,None,690000000,None,1002000000,None,None,14750000000,None,8131000000,13617000000,None,None,None,0.195,,20603000000,20438000000,454000000,1729000000,None,8906000000,None,,,,,3.253,1.747,1.866,,,,,,,,0.144,,39893000000,2025-11-06,annual,1.61,USD,pre-market,125000000,35213000000,0.081,0.154,0.14,49.19,2247000000,15369000000,619000000,4865000000,92.31,89.86,14.1844,62618000000,12066000000,5366000000,32769000000,50552000000,27403000000,179442000000,29849000000,12.93,-47297000000,103.48,77.84
2025-12-28,COP,7.08,61280002000.0,12.93,None,0.328,52.54,,None,5178000000,5178000000,,,,,,,,,18000000,1123536000,None,138401000000,138401000000,3200000000,None,105000000,3401000000,None,None,4602000000,,3.12,0.034,,,,-0.216,0.2,24270000000,28872000000,1.41,2019-12-31,14.79,None,29056000000.0,41041000000,23547000000,9907000000,None,None,None,690000000,None,1026000000,None,None,14790000000,None,8906000000,13617000000,None,None,None,0.195,,20603000000,20438000000,4280000000,2361000000,None,8997000000,None,,,,,3.253,1.747,1.866,,,,,,,,0.144,,42269000000,2025-11-06,annual,1.61,USD,pre-market,125000000,39742000000,0.081,0.154,0.14,49.19,2247000000,15827000000,452000000,3028000000,92.31,89.86,14.1844,70514000000,16913000000,7043000000,35464000000,53601000000,28421000000,179442000000,34981000000,12.93,-46405000000,103.48,77.84
2025-12-28,COP,7.08,61280002000.0,12.93,None,0.328,52.54,,None,5915000000,5915000000,,,,,,,,,18000000,1175538000,None,138401000000,138401000000,3895000000,None,112000000,4067000000,None,None,4602000000,,3.12,0.034,,,,-0.216,0.2,24270000000,28872000000,1.41,2018-12-31,14.79,None,29056000000.0,41041000000,23547000000,9907000000,None,None,None,690000000,None,1007000000,None,None,14856000000,None,9664000000,13617000000,None,None,None,0.195,,20603000000,20438000000,2037000000,2068000000,None,10644000000,None,,,,,3.253,1.747,1.866,,,,,,,,0.144,,45698000000,2025-11-06,annual,1.61,USD,pre-market,125000000,34010000000,0.081,0.154,0.14,49.19,2247000000,14968000000,112000000,248000000,92.31,89.86,14.1844,69980000000,13274000000,7395000000,37916000000,56706000000,30521000000,179442000000,31939000000,12.93,-42905000000,103.48,77.84
2025-12-28,COP,7.08,61280002000.0,12.93,None,0.328,52.54,,None,6325000000,6325000000,,,,,,,,,18000000,1221038000,None,138401000000,138401000000,4030000000,None,2575000000,4320000000,None,None,4602000000,,3.12,0.034,,,,-0.216,0.2,24270000000,28872000000,1.41,2017-12-31,14.79,0,29056000000.0,41041000000,23547000000,9907000000,0,0,None,690000000,None,1060000000,None,None,17128000000,None,10060000000,13617000000,None,None,None,0.195,,20603000000,20438000000,2934000000,1754000000,None,10754000000,None,,,,,3.253,1.747,1.866,,,,,,,,0.144,,45683000000,2025-11-06,annual,1.61,USD,pre-market,125000000,29391000000,0.081,0.154,0.14,49.19,2247000000,19703000000,2575000000,1873000000,92.31,89.86,14.1844,73362000000,16512000000,9397000000,42561000000,56850000000,33164000000,179442000000,30607000000,12.93,-39906000000,103.48,77.84
2025-12-28,COP,7.08,61280002000.0,12.93,None,0.328,52.54,,None,3610000000,3610000000,,,,,,,,,18000000,1245440000,None,138401000000,138401000000,3653000000,None,1089000000,3414000000,None,None,4602000000,,3.12,0.034,,,,-0.216,0.2,24270000000,28872000000,1.41,2016-12-31,14.79,0,29056000000.0,41041000000,23547000000,9907000000,0,0,None,690000000,None,1018000000,None,None,26186000000,None,21672000000,13617000000,None,None,None,0.195,,20603000000,20438000000,248000000,1683000000,None,12502000000,None,,,,,3.253,1.747,1.866,,,,,,,,0.144,,58331000000,2025-11-06,annual,1.61,USD,pre-market,125000000,31548000000,0.081,0.154,0.14,49.19,2247000000,27275000000,1089000000,319000000,92.31,89.86,14.1844,89772000000,8609000000,6909000000,54546000000,81163000000,47637000000,179442000000,34974000000,12.93,-36906000000,103.48,77.84
2025-12-28,COP,7.08,61280002000.0,12.93,None,0.328,52.54,,None,2368000000,2368000000,,,,,,,,,18000000,1241919000,None,138401000000,138401000000,4933000000,None,1427000000,4514000000,None,None,4602000000,,3.12,0.034,,,,-0.216,0.2,24270000000,28872000000,1.41,2015-12-31,14.79,0,29056000000.0,41041000000,23547000000,9907000000,0,0,None,690000000,None,1124000000,None,None,22697000000,None,21186000000,13617000000,None,None,None,0.195,,20603000000,20438000000,783000000,2397000000,None,13694000000,None,,,,,3.253,1.747,1.866,,,,,,,,0.144,,66446000000,2025-11-06,annual,1.61,USD,pre-market,125000000,36414000000,0.081,0.154,0.14,49.19,2247000000,24880000000,1427000000,783000000,92.31,89.86,14.1844,97484000000,8789000000,9256000000,57402000000,88695000000,48146000000,179442000000,39762000000,12.93,-36780000000,103.48,77.84
2025-12-28,COP,7.08,61280002000.0,12.93,None,0.328,52.54,,None,5062000000,5062000000,,,,,,,,,18000000,1245863000,None,138401000000,138401000000,8026000000,None,182000000,6807000000,None,None,4602000000,,3.12,0.034,,,,-0.216,0.2,24270000000,28872000000,1.41,2014-12-31,14.79,0,29056000000.0,41041000000,23547000000,9907000000,0,0,None,690000000,None,1331000000,None,None,22383000000,None,25139000000,13617000000,None,None,None,0.195,,20603000000,20438000000,1867000000,2278000000,None,15276000000,None,,,,,3.253,1.747,1.866,,,,,,,,0.144,,75444000000,2025-11-06,annual,1.61,USD,pre-market,125000000,44504000000,0.081,0.154,0.14,49.19,2247000000,22565000000,182000000,1000000,92.31,89.86,14.1844,116539000000,15068000000,11537000000,64266000000,101471000000,52729000000,179442000000,51911000000,12.93,-36780000000,103.48,77.84
2025-12-28,COP,7.08,61280002000.0,12.93,None,0.328,52.54,,None,6246000000,6246000000,,,,,,,,,18000000,1239803000,None,138401000000,138401000000,9314000000,None,None,8487000000,None,None,4602000000,,3.12,0.034,,,,-0.216,0.2,24270000000,28872000000,1.41,2013-12-31,14.79,0,29056000000.0,41041000000,23547000000,9907000000,0,0,None,690000000,None,1194000000,None,None,21073000000,None,25264000000,13617000000,None,None,None,0.195,,20603000000,20438000000,1952000000,2513000000,None,14143000000,None,,,,,3.253,1.747,1.866,,,,,,,,0.144,,72827000000,2025-11-06,annual,1.61,USD,pre-market,125000000,41160000000,0.081,0.154,0.14,49.19,2247000000,21662000000,589000000,1144000000,92.31,89.86,14.1844,118057000000,19023000000,15129000000,65565000000,99034000000,50436000000,179442000000,52090000000,12.93,-36780000000,103.48,77.84
2025-12-28,COP,7.08,61280002000.0,12.93,None,0.328,52.54,,None,1577000000,1577000000,,,,,,,,,18000000,1253093000,None,138401000000,138401000000,10013000000,None,None,9182000000,None,None,4602000000,,3.12,0.034,,,,-0.216,0.2,24270000000,28872000000,1.41,2012-12-31,14.79,3332000000,29056000000.0,41041000000,23547000000,9907000000,4000000,4000000,None,690000000,None,965000000,None,None,23580000000,None,25006000000,13617000000,None,None,None,0.195,,20603000000,20438000000,9476000000,3109000000,None,17319000000,None,,,,,3.253,1.747,1.866,,,,,,,,0.144,,67263000000,2025-11-06,annual,1.61,USD,pre-market,125000000,35338000000,0.081,0.154,0.14,49.19,2247000000,21725000000,955000000,2789000000,92.31,89.86,14.1844,117144000000,23989000000,17443000000,68717000000,93155000000,51274000000,179442000000,47987000000,12.93,-36780000000,103.48,77.84
2025-12-28,COP,7.08,61280002000.0,12.93,None,0.328,52.54,,None,1169000000,1169000000,,,,,,,,,17000000,1387100000,None,138401000000,138401000000,19653000000,None,None,16526000000,None,None,4602000000,,3.12,0.034,,,,-0.216,0.2,24270000000,28872000000,1.41,2011-12-31,14.79,3332000000,29056000000.0,41041000000,23547000000,9907000000,745000000,745000000,None,690000000,None,4631000000,None,None,25192000000,None,33783000000,13617000000,None,None,None,0.195,,20603000000,20438000000,2700000000,3182000000,None,19763000000,None,,,,,3.253,1.747,1.866,,,,,,,,0.144,,84180000000,2025-11-06,annual,1.61,USD,pre-market,125000000,49049000000,0.081,0.154,0.14,49.19,2247000000,22623000000,1013000000,5192000000,92.31,89.86,14.1844,153230000000,30218000000,28068000000,87481000000,123012000000,59413000000,179442000000,65239000000,12.93,-31787000000,103.48,77.84
2025-12-28,COP,7.08,61280002000.0,12.93,None,0.328,52.54,,None,1284000000,1284000000,,,,,,,,,17000000,1491067000,None,138401000000,138401000000,18399000000,None,None,15812000000,None,None,4602000000,,3.12,0.034,,,,-0.216,0.2,24270000000,28872000000,1.41,2010-12-31,14.79,3633000000,29056000000.0,41041000000,23547000000,9907000000,801000000,801000000,None,690000000,None,5197000000,None,None,26970000000,None,33761000000,13617000000,None,None,None,0.195,,20603000000,20438000000,2141000000,3210000000,None,19795000000,None,,,,,3.253,1.747,1.866,,,,,,,,0.144,,82554000000,2025-11-06,annual,1.61,USD,pre-market,125000000,40397000000,0.081,0.154,0.14,49.19,2247000000,23592000000,936000000,10226000000,92.31,89.86,14.1844,156314000000,34660000000,27419000000,87205000000,121654000000,59786000000,179442000000,68562000000,12.93,-20077000000,103.48,77.84
2025-12-28,COP,7.08,61280002000.0,12.93,None,0.328,52.54,,None,542000000,542000000,,,,,,,,,17000000,1497608000,None,138401000000,138401000000,15485000000,None,None,13215000000,None,None,4602000000,,3.12,0.034,,,,-0.216,0.2,24270000000,28872000000,1.41,2009-12-31,14.79,3638000000,29056000000.0,41041000000,23547000000,9907000000,823000000,823000000,None,690000000,None,4940000000,None,None,26925000000,None,None,13617000000,None,None,None,0.195,,20603000000,20438000000,2470000000,3080000000,None,None,None,,,,,3.253,1.747,1.866,,,,,,,,0.144,,87708000000,2025-11-06,annual,1.61,USD,pre-market,125000000,32214000000,0.081,0.154,0.14,49.19,2247000000,28653000000,1728000000,0,92.31,89.86,14.1844,152138000000,21167000000,23695000000,89525000000,130971000000,65830000000,179442000000,62023000000,12.93,-16211000000,103.48,77.84
2025-12-28,COP,7.08,61280002000.0,12.93,None,0.328,52.54,,None,755000000,755000000,,,,,,,,,17000000,1523432000,None,138401000000,138401000000,13990000000,None,None,11995000000,None,None,4602000000,,3.12,0.034,,,,-0.216,0.2,24270000000,28872000000,1.41,2008-12-31,14.79,3778000000,29056000000.0,41041000000,23547000000,9907000000,846000000,846000000,None,690000000,None,5095000000,None,None,32754000000,None,None,13617000000,None,None,None,0.195,,20603000000,20438000000,2998000000,3147000000,None,None,None,,,,,3.253,1.747,1.866,,,,,,,,0.144,,83947000000,2025-11-06,annual,1.61,USD,pre-market,125000000,30642000000,0.081,0.154,0.14,49.19,2247000000,27455000000,370000000,None,92.31,89.86,14.1844,142865000000,20843000000,21780000000,86600000000,122022000000,64820000000,179442000000,55165000000,12.93,-16913000000,103.48,77.84
2025-12-28,COP,7.08,61280002000.0,12.93,None,0.328,52.54,,None,1456000000,1456000000,,,,,,,,,17000000,1645919000,None,138401000000,138401000000,17861000000,None,None,16354000000,None,None,4602000000,,3.12,0.034,,,,-0.216,0.2,24270000000,28872000000,1.41,2007-12-31,14.79,29336000000,29056000000.0,41041000000,23547000000,9907000000,896000000,896000000,None,690000000,None,4223000000,None,None,26583000000,None,None,13617000000,None,None,None,0.195,,20603000000,20438000000,2702000000,3506000000,None,None,None,,,,,3.253,1.747,1.866,,,,,,,,0.144,,89003000000,2025-11-06,annual,1.61,USD,pre-market,125000000,50510000000,0.081,0.154,0.14,49.19,2247000000,21687000000,1398000000,None,92.31,89.86,14.1844,177757000000,24735000000,26882000000,87601000000,153022000000,60719000000,179442000000,88983000000,12.93,-8700000000,103.48,77.84
2025-12-28,COP,7.08,61280002000.0,12.93,None,0.328,52.54,,None,817000000,817000000,,,,,,,,,17000000,1609530000,None,138401000000,138401000000,14634000000,None,None,14106000000,None,None,4602000000,,3.12,0.034,,,,-0.216,0.2,24270000000,28872000000,1.41,2006-12-31,14.79,31488000000,29056000000.0,41041000000,23547000000,9907000000,951000000,951000000,None,690000000,None,5153000000,None,None,23091000000,None,None,13617000000,None,None,None,0.195,,20603000000,20438000000,4990000000,7022000000,None,None,None,,,,,3.253,1.747,1.866,,,,,,,,0.144,,86201000000,2025-11-06,annual,1.61,USD,pre-market,125000000,41292000000,0.081,0.154,0.14,49.19,2247000000,27134000000,4043000000,None,92.31,89.86,14.1844,164781000000,25066000000,26431000000,80933000000,139715000000,54502000000,179442000000,82646000000,12.93,-1730000000,103.48,77.84
2025-12-28,COP,7.08,61280002000.0,12.93,None,0.328,52.54,,None,2214000000,2214000000,,,,,,,,,14000000,1417028000,None,138401000000,138401000000,12267000000,None,None,11940000000,None,None,4602000000,,3.12,0.034,,,,-0.216,0.2,24270000000,28872000000,1.41,2005-12-31,14.79,15323000000,29056000000.0,41041000000,23547000000,9907000000,1116000000,1116000000,None,690000000,None,3724000000,None,None,10758000000,None,None,13617000000,None,None,None,0.195,,20603000000,20438000000,1734000000,6798000000,None,None,None,,,,,3.253,1.747,1.866,,,,,,,,0.144,,54669000000,2025-11-06,annual,1.61,USD,pre-market,125000000,28018000000,0.081,0.154,0.14,49.19,2247000000,12516000000,1758000000,None,92.31,89.86,14.1844,106999000000,19612000000,21359000000,53059000000,87387000000,31700000000,179442000000,52731000000,12.93,-2702000000,103.48,77.84
2025-12-28,COP,7.08,61280002000.0,12.93,None,0.328,52.54,6664000000,None,2214000000,2214000000,-2324000000,-3179000000,None,None,133000000,None,None,None,14000000,1417028000,None,138401000000,138401000000,12267000000,None,None,11940000000,None,None,4602000000,2893000000,3.12,0.034,975000000,975000000,None,-0.216,0.2,24270000000,28872000000,1.41,2025-09-30,14.79,15323000000,29056000000.0,41041000000,23547000000,9907000000,1116000000,1116000000,None,690000000,None,3724000000,None,None,10758000000,None,None,1733000000,None,None,None,0.195,5878000000,20603000000,20438000000,1734000000,6798000000,None,None,None,None,None,None,None,3.253,1.747,1.866,None,None,None,None,None,-1274000000,None,0.144,None,54669000000,2025-11-06,quarterly,1.61,USD,pre-market,125000000,28018000000,0.081,0.154,0.14,49.19,2247000000,12516000000,1758000000,None,92.31,89.86,14.1844,106999000000,19612000000,21359000000,53059000000,87387000000,31700000000,179442000000,52731000000,12.93,-2702000000,103.48,77.84
2025-12-28,COP,7.08,61280002000.0,12.93,None,0.328,52.54,3286000000,None,2214000000,2214000000,-2483000000,-2461000000,None,None,-58000000,None,None,None,14000000,1417028000,None,138401000000,138401000000,12267000000,None,None,11940000000,None,None,4602000000,2862000000,3.12,0.034,984000000,984000000,None,-0.216,0.2,24270000000,28872000000,1.41,2025-06-30,14.79,15323000000,29056000000.0,41041000000,23547000000,9907000000,1116000000,1116000000,None,690000000,None,3724000000,None,None,10758000000,None,None,1964000000,None,None,None,0.195,3485000000,20603000000,20438000000,1734000000,6798000000,None,None,None,None,None,None,None,3.253,1.747,1.866,None,None,None,None,None,-1222000000,None,0.144,None,54669000000,2025-11-06,quarterly,1.61,USD,pre-market,125000000,28018000000,0.081,0.154,0.14,49.19,2247000000,12516000000,1758000000,None,92.31,89.86,14.1844,106999000000,19612000000,21359000000,53059000000,87387000000,31700000000,179442000000,52731000000,12.93,-2702000000,103.48,77.84
2025-12-28,COP,7.08,61280002000.0,12.93,None,0.328,52.54,3378000000,None,2214000000,2214000000,-3137000000,-2346000000,None,None,-26000000,None,None,None,14000000,1417028000,None,138401000000,138401000000,12267000000,None,None,11940000000,None,None,4602000000,2746000000,3.12,0.034,998000000,998000000,None,-0.216,0.2,24270000000,28872000000,1.41,2025-03-31,14.79,15323000000,29056000000.0,41041000000,23547000000,9907000000,1116000000,1116000000,None,690000000,None,3724000000,None,None,10758000000,None,None,2849000000,None,None,None,0.195,6115000000,20603000000,20438000000,1734000000,6798000000,None,None,None,None,None,None,None,3.253,1.747,1.866,None,None,None,None,None,-1500000000,None,0.144,None,54669000000,2025-11-06,quarterly,1.61,USD,pre-market,125000000,28018000000,0.081,0.154,0.14,49.19,2247000000,12516000000,1758000000,None,92.31,89.86,14.1844,106999000000,19612000000,21359000000,53059000000,87387000000,31700000000,179442000000,52731000000,12.93,-2702000000,103.48,77.84
2025-12-28,COP,7.08,61280002000.0,12.93,None,0.328,52.54,3317000000,None,2214000000,2214000000,-1769000000,-2200000000,None,None,32000000,None,None,None,14000000,1417028000,None,138401000000,138401000000,12267000000,None,None,11940000000,None,None,4602000000,2664000000,3.12,0.034,897000000,897000000,None,-0.216,0.2,24270000000,28872000000,1.41,2024-12-31,14.79,15323000000,29056000000.0,41041000000,23547000000,9907000000,1116000000,1116000000,None,690000000,None,3724000000,None,None,10758000000,None,None,2313000000,None,None,None,0.195,4457000000,20603000000,20438000000,1734000000,6798000000,None,None,None,None,None,None,None,3.253,1.747,1.866,None,None,None,None,None,-1950000000,None,0.144,None,54669000000,2025-11-06,quarterly,1.61,USD,pre-market,125000000,28018000000,0.081,0.154,0.14,49.19,2247000000,12516000000,1758000000,None,92.31,89.86,14.1844,106999000000,19612000000,21359000000,53059000000,87387000000,31700000000,179442000000,52731000000,12.93,-2702000000,103.48,77.84
2025-12-28,COP,7.08,61280002000.0,12.93,None,0.328,52.54,2916000000,None,2214000000,2214000000,-2198000000,-2658000000,None,None,-43000000,None,None,None,14000000,1417028000,None,138401000000,138401000000,12267000000,None,None,11940000000,None,None,4602000000,2390000000,3.12,0.034,910000000,910000000,None,-0.216,0.2,24270000000,28872000000,1.41,2024-09-30,14.79,15323000000,29056000000.0,41041000000,23547000000,9907000000,1116000000,1116000000,None,690000000,None,3724000000,None,None,10758000000,None,None,2059000000,None,None,None,0.195,5763000000,20603000000,20438000000,1734000000,6798000000,None,None,None,None,None,None,None,3.253,1.747,1.866,None,None,None,None,None,-1167000000,None,0.144,None,54669000000,2025-11-06,quarterly,1.61,USD,pre-market,125000000,28018000000,0.081,0.154,0.14,49.19,2247000000,12516000000,1758000000,None,92.31,89.86,14.1844,106999000000,19612000000,21359000000,53059000000,87387000000,31700000000,179442000000,52731000000,12.93,-2702000000,103.48,77.84
2025-12-28,COP,7.08,61280002000.0,12.93,None,0.328,52.54,2969000000,None,2214000000,2214000000,-2043000000,-4151000000,None,None,-2000000,None,None,None,14000000,1417028000,None,138401000000,138401000000,12267000000,None,None,11940000000,None,None,4602000000,2334000000,3.12,0.034,915000000,915000000,None,-0.216,0.2,24270000000,28872000000,1.41,2024-06-30,14.79,15323000000,29056000000.0,41041000000,23547000000,9907000000,1116000000,1116000000,None,690000000,None,3724000000,None,None,10758000000,None,None,2322000000,None,None,None,0.195,4919000000,20603000000,20438000000,1734000000,6798000000,None,None,None,None,None,None,None,3.253,1.747,1.866,None,None,None,None,None,-1021000000,None,0.144,None,54669000000,2025-11-06,quarterly,1.61,USD,pre-market,125000000,28018000000,0.081,0.154,0.14,49.19,2247000000,12516000000,1758000000,None,92.31,89.86,14.1844,106999000000,19612000000,21359000000,53059000000,87387000000,31700000000,179442000000,52731000000,12.93,-2702000000,103.48,77.84
2025-12-28,COP,7.08,61280002000.0,12.93,None,0.328,52.54,2916000000,None,2214000000,2214000000,-2825000000,-2141000000,None,None,-55000000,None,None,None,14000000,1417028000,None,138401000000,138401000000,12267000000,None,None,11940000000,None,None,4602000000,2211000000,3.12,0.034,924000000,924000000,None,-0.216,0.2,24270000000,28872000000,1.41,2024-03-31,14.79,15323000000,29056000000.0,41041000000,23547000000,9907000000,1116000000,1116000000,None,690000000,None,3724000000,None,None,10758000000,None,None,2551000000,None,None,None,0.195,4985000000,20603000000,20438000000,1734000000,6798000000,None,None,None,None,None,None,None,3.253,1.747,1.866,None,None,None,None,None,-1325000000,None,0.144,None,54669000000,2025-11-06,quarterly,1.61,USD,pre-market,125000000,28018000000,0.081,0.154,0.14,49.19,2247000000,12516000000,1758000000,None,92.31,89.86,14.1844,106999000000,19612000000,21359000000,53059000000,87387000000,31700000000,179442000000,52731000000,12.93,-2702000000,103.48,77.84
2025-12-28,COP,7.08,61280002000.0,12.93,None,0.328,52.54,2883000000,None,2214000000,2214000000,-2639000000,-5852000000,None,None,11000000,None,None,None,14000000,1417028000,None,138401000000,138401000000,12267000000,None,None,11940000000,None,None,4602000000,2234000000,3.12,0.034,1408000000,1408000000,None,-0.216,0.2,24270000000,28872000000,1.41,2023-12-31,14.79,15323000000,29056000000.0,41041000000,23547000000,9907000000,1116000000,1116000000,None,690000000,None,3724000000,None,None,10758000000,None,None,2998000000,None,None,None,0.195,5263000000,20603000000,20438000000,1734000000,6798000000,None,None,None,None,None,None,None,3.253,1.747,1.866,None,None,None,None,None,-1100000000,None,0.144,None,54669000000,2025-11-06,quarterly,1.61,USD,pre-market,125000000,28018000000,0.081,0.154,0.14,49.19,2247000000,12516000000,1758000000,None,92.31,89.86,14.1844,106999000000,19612000000,21359000000,53059000000,87387000000,31700000000,179442000000,52731000000,12.93,-2702000000,103.48,77.84
2025-12-28,COP,7.08,61280002000.0,12.93,None,0.328,52.54,2545000000,None,2214000000,2214000000,29000000,-6148000000,None,None,-91000000,None,None,None,14000000,1417028000,None,138401000000,138401000000,12267000000,None,None,11940000000,None,None,4602000000,2095000000,3.12,0.034,1337000000,1337000000,None,-0.216,0.2,24270000000,28872000000,1.41,2023-09-30,14.79,15323000000,29056000000.0,41041000000,23547000000,9907000000,1116000000,1116000000,None,690000000,None,3724000000,None,None,10758000000,None,None,2798000000,None,None,None,0.195,5445000000,20603000000,20438000000,1734000000,6798000000,None,None,None,None,None,None,None,3.253,1.747,1.866,None,None,None,None,None,-1300000000,None,0.144,None,54669000000,2025-11-06,quarterly,1.61,USD,pre-market,125000000,28018000000,0.081,0.154,0.14,49.19,2247000000,12516000000,1758000000,None,92.31,89.86,14.1844,106999000000,19612000000,21359000000,53059000000,87387000000,31700000000,179442000000,52731000000,12.93,-2702000000,103.48,77.84
2025-12-28,COP,7.08,61280002000.0,12.93,None,0.328,52.54,2923000000,None,2214000000,2214000000,-2725000000,-2316000000,-1187000000,None,22000000,None,None,545000000,14000000,1417028000,None,138401000000,138401000000,12267000000,None,None,11940000000,None,None,4602000000,2078000000,3.12,0.034,1350000000,1350000000,None,-0.216,0.2,24270000000,28872000000,1.41,2023-06-30,14.79,15323000000,29056000000.0,41041000000,23547000000,9907000000,1116000000,1116000000,None,690000000,None,3724000000,None,None,10758000000,None,None,2232000000,None,None,None,0.195,3854000000,20603000000,20438000000,1734000000,6798000000,None,None,None,None,None,None,None,3.253,1.747,1.866,None,None,None,None,None,-1300000000,None,0.144,None,54669000000,2025-11-06,quarterly,1.61,USD,pre-market,125000000,28018000000,0.081,0.154,0.14,49.19,2247000000,12516000000,1758000000,None,92.31,89.86,14.1844,106999000000,19612000000,21359000000,53059000000,87387000000,31700000000,179442000000,52731000000,12.93,-2702000000,103.48,77.84
2025-12-28,COP,7.08,61280002000.0,12.93,None,0.328,52.54,2897000000,None,2214000000,2214000000,-3326000000,-1448000000,629000000,None,-45000000,None,None,1701000000,14000000,1417028000,None,138401000000,138401000000,12267000000,None,None,11940000000,None,None,4602000000,1942000000,3.12,0.034,1488000000,1488000000,None,-0.216,0.2,24270000000,28872000000,1.41,2023-03-31,14.79,15323000000,29056000000.0,41041000000,23547000000,9907000000,1116000000,1116000000,None,690000000,None,3724000000,None,None,10758000000,None,None,2920000000,None,None,None,0.195,5403000000,20603000000,20438000000,1734000000,6798000000,None,None,None,None,None,None,None,3.253,1.747,1.866,None,None,None,None,None,-1797000000,None,0.144,None,54669000000,2025-11-06,quarterly,1.61,USD,pre-market,125000000,28018000000,0.081,0.154,0.14,49.19,2247000000,12516000000,1758000000,None,92.31,89.86,14.1844,106999000000,19612000000,21359000000,53059000000,87387000000,31700000000,179442000000,52731000000,12.93,-2702000000,103.48,77.84
2025-12-28,COP,7.08,61280002000.0,12.93,None,0.328,52.54,2533000000,None,2214000000,2214000000,-5508000000,-8741000000,-1850000000,None,26000000,None,None,354000000,14000000,1417028000,None,138401000000,138401000000,12267000000,None,None,11940000000,None,None,4602000000,3809000000,3.12,0.034,2390000000,2390000000,None,-0.216,0.2,24270000000,28872000000,1.41,2022-12-31,14.79,15323000000,29056000000.0,41041000000,23547000000,9907000000,1116000000,1116000000,None,690000000,None,3724000000,None,None,10758000000,None,None,3249000000,None,None,None,0.195,6592000000,20603000000,20438000000,1734000000,6798000000,None,None,None,None,None,None,None,3.253,1.747,1.866,None,None,None,None,None,-2746000000,None,0.144,None,54669000000,2025-11-06,quarterly,1.61,USD,pre-market,125000000,28018000000,0.081,0.154,0.14,49.19,2247000000,12516000000,1758000000,None,92.31,89.86,14.1844,106999000000,19612000000,21359000000,53059000000,87387000000,31700000000,179442000000,52731000000,12.93,-2702000000,103.48,77.84
2025-12-28,COP,7.08,61280002000.0,12.93,None,0.328,52.54,2497000000,None,2214000000,2214000000,-4330000000,-3105000000,1305000000,None,-11000000,None,None,544000000,14000000,1417028000,None,138401000000,138401000000,12267000000,None,None,11940000000,None,None,4602000000,1872000000,3.12,0.034,1484000000,1484000000,None,-0.216,0.2,24270000000,28872000000,1.41,2022-09-30,14.79,15323000000,29056000000.0,41041000000,23547000000,9907000000,1116000000,1116000000,None,690000000,None,3724000000,None,None,10758000000,None,None,4527000000,None,None,None,0.195,8740000000,20603000000,20438000000,1734000000,6798000000,None,None,None,None,None,None,None,3.253,1.747,1.866,None,None,None,None,None,-2799000000,None,0.144,None,54669000000,2025-11-06,quarterly,1.61,USD,pre-market,125000000,28018000000,0.081,0.154,0.14,49.19,2247000000,12516000000,1758000000,None,92.31,89.86,14.1844,106999000000,19612000000,21359000000,53059000000,87387000000,31700000000,179442000000,52731000000,12.93,-2702000000,103.48,77.84
2025-12-28,COP,7.08,61280002000.0,12.93,None,0.328,52.54,1968000000,None,2214000000,2214000000,-5078000000,-2091000000,745000000,None,-80000000,None,None,-326000000,14000000,1417028000,None,138401000000,138401000000,12267000000,None,None,11940000000,None,None,4602000000,1810000000,3.12,0.034,988000000,988000000,None,-0.216,0.2,24270000000,28872000000,1.41,2022-06-30,14.79,15323000000,29056000000.0,41041000000,23547000000,9907000000,1116000000,1116000000,None,690000000,None,3724000000,None,None,10758000000,None,None,5145000000,None,None,None,0.195,7914000000,20603000000,20438000000,1734000000,6798000000,None,None,None,None,None,None,None,3.253,1.747,1.866,None,None,None,None,None,-2300000000,None,0.144,None,54669000000,2025-11-06,quarterly,1.61,USD,pre-market,125000000,28018000000,0.081,0.154,0.14,49.19,2247000000,12516000000,1758000000,None,92.31,89.86,14.1844,106999000000,19612000000,21359000000,53059000000,87387000000,31700000000,179442000000,52731000000,12.93,-2702000000,103.48,77.84
2025-12-28,COP,7.08,61280002000.0,12.93,None,0.328,52.54,3161000000,None,2214000000,2214000000,-3137000000,-611000000,1320000000,None,27000000,None,None,-1535000000,14000000,1417028000,None,138401000000,138401000000,12267000000,None,None,11940000000,None,None,4602000000,1823000000,3.12,0.034,864000000,864000000,None,-0.216,0.2,24270000000,28872000000,1.41,2022-03-31,14.79,15323000000,29056000000.0,41041000000,23547000000,9907000000,1116000000,1116000000,None,690000000,None,3724000000,None,None,10758000000,None,None,5759000000,None,None,None,0.195,5068000000,20603000000,20438000000,1734000000,6798000000,None,None,None,None,None,None,None,3.253,1.747,1.866,None,None,None,None,None,-1425000000,None,0.144,None,54669000000,2025-11-06,quarterly,1.61,USD,pre-market,125000000,28018000000,0.081,0.154,0.14,49.19,2247000000,12516000000,1758000000,None,92.31,89.86,14.1844,106999000000,19612000000,21359000000,53059000000,87387000000,31700000000,179442000000,52731000000,12.93,-2702000000,103.48,77.84
2025-12-28,COP,7.08,61280002000.0,12.93,None,0.328,52.54,1557000000,None,2214000000,2214000000,-2031000000,-8595000000,-4758000000,None,-147000000,None,None,-881000000,14000000,1417028000,None,138401000000,138401000000,12267000000,None,None,11940000000,None,None,4602000000,1820000000,3.12,0.034,609000000,609000000,None,-0.216,0.2,24270000000,28872000000,1.41,2021-12-31,14.79,15323000000,29056000000.0,41041000000,23547000000,9907000000,1116000000,1116000000,None,690000000,None,3724000000,None,None,10758000000,None,None,2627000000,None,None,None,0.195,5868000000,20603000000,20438000000,1734000000,6798000000,None,None,None,None,None,None,None,3.253,1.747,1.866,None,None,None,None,None,-1399000000,None,0.144,None,54669000000,2025-11-06,quarterly,1.61,USD,pre-market,125000000,28018000000,0.081,0.154,0.14,49.19,2247000000,12516000000,1758000000,None,92.31,89.86,14.1844,106999000000,19612000000,21359000000,53059000000,87387000000,31700000000,179442000000,52731000000,12.93,-2702000000,103.48,77.84
2025-12-28,COP,7.08,61280002000.0,12.93,None,0.328,52.54,1302000000,None,2214000000,2214000000,-2086000000,532000000,3243000000,None,76000000,None,None,-825000000,14000000,1417028000,None,138401000000,138401000000,12267000000,None,None,11940000000,None,None,4602000000,1672000000,3.12,0.034,579000000,579000000,None,-0.216,0.2,24270000000,28872000000,1.41,2021-09-30,14.79,15323000000,29056000000.0,41041000000,23547000000,9907000000,1116000000,1116000000,None,690000000,None,3724000000,None,None,10758000000,None,None,2379000000,None,None,None,0.195,4797000000,20603000000,20438000000,1734000000,6798000000,None,None,None,None,None,None,None,3.253,1.747,1.866,None,None,None,None,None,-1243000000,None,0.144,None,54669000000,2025-11-06,quarterly,1.61,USD,pre-market,125000000,28018000000,0.081,0.154,0.14,49.19,2247000000,12516000000,1758000000,None,92.31,89.86,14.1844,106999000000,19612000000,21359000000,53059000000,87387000000,31700000000,179442000000,52731000000,12.93,-2702000000,103.48,77.84
2025-12-28,COP,7.08,61280002000.0,12.93,None,0.328,52.54,1265000000,None,2214000000,2214000000,-1203000000,734000000,3782000000,None,-38000000,None,None,-9000000,14000000,1417028000,None,138401000000,138401000000,12267000000,None,None,11940000000,None,None,4602000000,1867000000,3.12,0.034,583000000,583000000,None,-0.216,0.2,24270000000,28872000000,1.41,2021-06-30,14.79,15323000000,29056000000.0,41041000000,23547000000,9907000000,1116000000,1116000000,None,690000000,None,3724000000,None,None,10758000000,None,None,2091000000,None,None,None,0.195,4251000000,20603000000,20438000000,1734000000,6798000000,None,None,None,None,None,None,None,3.253,1.747,1.866,None,None,None,None,None,-606000000,None,0.144,None,54669000000,2025-11-06,quarterly,1.61,USD,pre-market,125000000,28018000000,0.081,0.154,0.14,49.19,2247000000,12516000000,1758000000,None,92.31,89.86,14.1844,106999000000,19612000000,21359000000,53059000000,87387000000,31700000000,179442000000,52731000000,12.93,-2702000000,103.48,77.84
2025-12-28,COP,7.08,61280002000.0,12.93,None,0.328,52.54,1200000000,None,2214000000,2214000000,-1015000000,-1215000000,-150000000,None,-51000000,None,None,-785000000,14000000,1417028000,None,138401000000,138401000000,12267000000,None,None,11940000000,None,None,4602000000,1886000000,3.12,0.034,588000000,588000000,None,-0.216,0.2,24270000000,28872000000,1.41,2021-03-31,14.79,15323000000,29056000000.0,41041000000,23547000000,9907000000,1116000000,1116000000,None,690000000,None,3724000000,None,None,10758000000,None,None,982000000,None,None,None,0.195,2080000000,20603000000,20438000000,1734000000,6798000000,None,None,None,None,None,None,None,3.253,1.747,1.866,None,None,None,None,None,-375000000,None,0.144,None,54669000000,2025-11-06,quarterly,1.61,USD,pre-market,125000000,28018000000,0.081,0.154,0.14,49.19,2247000000,12516000000,1758000000,None,92.31,89.86,14.1844,106999000000,19612000000,21359000000,53059000000,87387000000,31700000000,179442000000,52731000000,12.93,-2702000000,103.48,77.84
2025-12-28,COP,7.08,61280002000.0,12.93,None,0.328,52.54,1058000000,None,2214000000,2214000000,-652000000,-543000000,None,None,49000000,None,None,None,14000000,1417028000,None,138401000000,138401000000,12267000000,None,None,11940000000,None,None,4602000000,2510000000,3.12,0.034,464000000,464000000,None,-0.216,0.2,24270000000,28872000000,1.41,2020-12-31,14.79,15323000000,29056000000.0,41041000000,23547000000,9907000000,1116000000,1116000000,None,690000000,None,3724000000,None,None,10758000000,None,None,-772000000,None,None,None,0.195,1672000000,20603000000,20438000000,1734000000,6798000000,None,None,None,None,None,None,None,3.253,1.747,1.866,None,None,None,None,None,-169000000,None,0.144,None,54669000000,2025-11-06,quarterly,1.61,USD,pre-market,125000000,28018000000,0.081,0.154,0.14,49.19,2247000000,12516000000,1758000000,None,92.31,89.86,14.1844,106999000000,19612000000,21359000000,53059000000,87387000000,31700000000,179442000000,52731000000,12.93,-2702000000,103.48,77.84
2025-12-28,COP,7.08,61280002000.0,12.93,None,0.328,52.54,1132000000,None,2214000000,2214000000,-177000000,-1116000000,-425000000,None,-47000000,None,None,-614000000,14000000,1417028000,None,138401000000,138401000000,12267000000,None,None,11940000000,None,None,4602000000,1411000000,3.12,0.034,454000000,454000000,None,-0.216,0.2,24270000000,28872000000,1.41,2020-09-30,14.79,15323000000,29056000000.0,41041000000,23547000000,9907000000,1116000000,1116000000,None,690000000,None,3724000000,None,None,10758000000,None,None,-450000000,None,None,None,0.195,868000000,20603000000,20438000000,1734000000,6798000000,None,None,None,None,None,None,None,3.253,1.747,1.866,None,None,None,None,None,-4000000,None,0.144,None,54669000000,2025-11-06,quarterly,1.61,USD,pre-market,125000000,28018000000,0.081,0.154,0.14,49.19,2247000000,12516000000,1758000000,None,92.31,89.86,14.1844,106999000000,19612000000,21359000000,53059000000,87387000000,31700000000,179442000000,52731000000,12.93,-2702000000,103.48,77.84
2025-12-28,COP,7.08,61280002000.0,12.93,None,0.328,52.54,876000000,None,2214000000,2214000000,-649000000,-530000000,-1022000000,None,-304000000,None,None,705000000,14000000,1417028000,None,138401000000,138401000000,12267000000,None,None,11940000000,None,None,4602000000,1158000000,3.12,0.034,455000000,455000000,None,-0.216,0.2,24270000000,28872000000,1.41,2020-06-30,14.79,15323000000,29056000000.0,41041000000,23547000000,9907000000,1116000000,1116000000,None,690000000,None,3724000000,None,None,10758000000,None,None,260000000,None,None,None,0.195,157000000,20603000000,20438000000,1734000000,6798000000,None,None,None,None,None,None,None,3.253,1.747,1.866,None,None,None,None,None,2000000,None,0.144,None,54669000000,2025-11-06,quarterly,1.61,USD,pre-market,125000000,28018000000,0.081,0.154,0.14,49.19,2247000000,12516000000,1758000000,None,92.31,89.86,14.1844,106999000000,19612000000,21359000000,53059000000,87387000000,31700000000,179442000000,52731000000,12.93,-2702000000,103.48,77.84
2025-12-28,COP,7.08,61280002000.0,12.93,None,0.328,52.54,1649000000,None,2214000000,2214000000,-1230000000,-1932000000,-1057000000,None,277000000,None,None,1041000000,14000000,1417028000,None,138401000000,138401000000,12267000000,None,None,11940000000,None,None,4602000000,1478000000,3.12,0.034,458000000,458000000,None,-0.216,0.2,24270000000,28872000000,1.41,2020-03-31,14.79,15323000000,29056000000.0,41041000000,23547000000,9907000000,1116000000,1116000000,None,690000000,None,3724000000,None,None,10758000000,None,None,-1711000000,None,None,None,0.195,2105000000,20603000000,20438000000,1734000000,6798000000,None,None,None,None,None,None,None,3.253,1.747,1.866,None,None,None,None,None,-726000000,None,0.144,None,54669000000,2025-11-06,quarterly,1.61,USD,pre-market,125000000,28018000000,0.081,0.154,0.14,49.19,2247000000,12516000000,1758000000,None,92.31,89.86,14.1844,106999000000,19612000000,21359000000,53059000000,87387000000,31700000000,179442000000,52731000000,12.93,-2702000000,103.48,77.84
2025-12-28,COP,7.08,61280002000.0,12.93,None,0.328,52.54,1595000000,None,2214000000,2214000000,-1270000000,-3830000000,-2118000000,None,-65000000,None,None,172000000,14000000,1417028000,None,138401000000,138401000000,12267000000,None,None,11940000000,None,None,4602000000,1548000000,3.12,0.034,463000000,463000000,None,-0.216,0.2,24270000000,28872000000,1.41,2019-12-31,14.79,15323000000,29056000000.0,41041000000,23547000000,9907000000,1116000000,1116000000,None,690000000,None,3724000000,None,None,10758000000,None,None,720000000,None,None,None,0.195,2982000000,20603000000,20438000000,1734000000,6798000000,None,None,None,None,None,None,None,3.253,1.747,1.866,None,None,None,None,None,-749000000,None,0.144,None,54669000000,2025-11-06,quarterly,1.61,USD,pre-market,125000000,28018000000,0.081,0.154,0.14,49.19,2247000000,12516000000,1758000000,None,92.31,89.86,14.1844,106999000000,19612000000,21359000000,53059000000,87387000000,31700000000,179442000000,52731000000,12.93,-2702000000,103.48,77.84
2025-12-28,COP,7.08,61280002000.0,12.93,None,0.328,52.54,1675000000,None,2214000000,2214000000,-1132000000,150000000,1355000000,None,75000000,None,None,-128000000,14000000,1417028000,None,138401000000,138401000000,12267000000,None,None,11940000000,None,None,4602000000,1566000000,3.12,0.034,341000000,341000000,None,-0.216,0.2,24270000000,28872000000,1.41,2019-09-30,14.79,15323000000,29056000000.0,41041000000,23547000000,9907000000,1116000000,1116000000,None,690000000,None,3724000000,None,None,10758000000,None,None,3071000000,None,None,None,0.195,2337000000,20603000000,20438000000,1734000000,6798000000,None,None,None,None,None,None,None,3.253,1.747,1.866,None,None,None,None,None,-749000000,None,0.144,None,54669000000,2025-11-06,quarterly,1.61,USD,pre-market,125000000,28018000000,0.081,0.154,0.14,49.19,2247000000,12516000000,1758000000,None,92.31,89.86,14.1844,106999000000,19612000000,21359000000,53059000000,87387000000,31700000000,179442000000,52731000000,12.93,-2702000000,103.48,77.84
2025-12-28,COP,7.08,61280002000.0,12.93,None,0.328,52.54,1729000000,None,2214000000,2214000000,-1654000000,-1461000000,-224000000,None,-73000000,None,None,282000000,14000000,1417028000,None,138401000000,138401000000,12267000000,None,None,11940000000,None,None,4602000000,1531000000,3.12,0.034,346000000,346000000,None,-0.216,0.2,24270000000,28872000000,1.41,2019-06-30,14.79,15323000000,29056000000.0,41041000000,23547000000,9907000000,1116000000,1116000000,None,690000000,None,3724000000,None,None,10758000000,None,None,1580000000,None,None,None,0.195,2891000000,20603000000,20438000000,1734000000,6798000000,None,None,None,None,None,None,None,3.253,1.747,1.866,None,None,None,None,None,-1250000000,None,0.144,None,54669000000,2025-11-06,quarterly,1.61,USD,pre-market,125000000,28018000000,0.081,0.154,0.14,49.19,2247000000,12516000000,1758000000,None,92.31,89.86,14.1844,106999000000,19612000000,21359000000,53059000000,87387000000,31700000000,179442000000,52731000000,12.93,-2702000000,103.48,77.84
2025-12-28,COP,7.08,61280002000.0,12.93,None,0.328,52.54,1637000000,None,2214000000,2214000000,-1173000000,-1477000000,244000000,None,-4000000,None,None,179000000,14000000,1417028000,None,138401000000,138401000000,12267000000,None,None,11940000000,None,None,4602000000,1546000000,3.12,0.034,350000000,350000000,None,-0.216,0.2,24270000000,28872000000,1.41,2019-03-31,14.79,15323000000,29056000000.0,41041000000,23547000000,9907000000,1116000000,1116000000,None,690000000,None,3724000000,None,None,10758000000,None,None,1846000000,None,None,None,0.195,2894000000,20603000000,20438000000,1734000000,6798000000,None,None,None,None,None,None,None,3.253,1.747,1.866,None,None,None,None,None,-752000000,None,0.144,None,54669000000,2025-11-06,quarterly,1.61,USD,pre-market,125000000,28018000000,0.081,0.154,0.14,49.19,2247000000,12516000000,1758000000,None,92.31,89.86,14.1844,106999000000,19612000000,21359000000,53059000000,87387000000,31700000000,179442000000,52731000000,12.93,-2702000000,103.48,77.84
2025-12-28,COP,7.08,61280002000.0,12.93,None,0.328,52.54,1617000000,None,2214000000,2214000000,-1317000000,-178000000,2288000000,None,251000000,None,None,382000000,14000000,1417028000,None,138401000000,138401000000,12267000000,None,None,11940000000,None,None,4602000000,1612000000,3.12,0.034,354000000,354000000,None,-0.216,0.2,24270000000,28872000000,1.41,2018-12-31,14.79,15323000000,29056000000.0,41041000000,23547000000,9907000000,1116000000,1116000000,None,690000000,None,3724000000,None,None,10758000000,None,None,1868000000,None,None,None,0.195,3783000000,20603000000,20438000000,1734000000,6798000000,None,None,None,None,None,None,None,3.253,1.747,1.866,None,None,None,None,None,-926000000,None,0.144,None,54669000000,2025-11-06,quarterly,1.61,USD,pre-market,125000000,28018000000,0.081,0.154,0.14,49.19,2247000000,12516000000,1758000000,None,92.31,89.86,14.1844,106999000000,19612000000,21359000000,53059000000,87387000000,31700000000,179442000000,52731000000,12.93,-2702000000,103.48,77.84
2025-12-28,COP,7.08,61280002000.0,12.93,None,0.328,52.54,1599000000,None,2214000000,2214000000,-1263000000,-1638000000,509000000,None,-144000000,None,None,-602000000,14000000,1417028000,None,138401000000,138401000000,12267000000,None,None,11940000000,None,None,4602000000,1494000000,3.12,0.034,334000000,334000000,None,-0.216,0.2,24270000000,28872000000,1.41,2018-09-30,14.79,15323000000,29056000000.0,41041000000,23547000000,9907000000,1116000000,1116000000,None,690000000,None,3724000000,None,None,10758000000,None,None,1861000000,None,None,None,0.195,3410000000,20603000000,20438000000,1734000000,6798000000,None,None,None,None,None,None,None,3.253,1.747,1.866,None,None,None,None,None,-927000000,None,0.144,None,54669000000,2025-11-06,quarterly,1.61,USD,pre-market,125000000,28018000000,0.081,0.154,0.14,49.19,2247000000,12516000000,1758000000,None,92.31,89.86,14.1844,106999000000,19612000000,21359000000,53059000000,87387000000,31700000000,179442000000,52731000000,12.93,-2702000000,103.48,77.84
2025-12-28,COP,7.08,61280002000.0,12.93,None,0.328,52.54,1999000000,None,2214000000,2214000000,-3003000000,-1949000000,-1610000000,None,-33000000,None,None,316000000,14000000,1417028000,None,138401000000,138401000000,12267000000,None,None,11940000000,None,None,4602000000,1453000000,3.12,0.034,337000000,337000000,None,-0.216,0.2,24270000000,28872000000,1.41,2018-06-30,14.79,15323000000,29056000000.0,41041000000,23547000000,9907000000,1116000000,1116000000,None,690000000,None,3724000000,None,None,10758000000,None,None,1640000000,None,None,None,0.195,3342000000,20603000000,20438000000,1734000000,6798000000,None,None,None,None,None,None,None,3.253,1.747,1.866,None,None,None,None,None,-646000000,None,0.144,None,54669000000,2025-11-06,quarterly,1.61,USD,pre-market,125000000,28018000000,0.081,0.154,0.14,49.19,2247000000,12516000000,1758000000,None,92.31,89.86,14.1844,106999000000,19612000000,21359000000,53059000000,87387000000,31700000000,179442000000,52731000000,12.93,-2702000000,103.48,77.84
2025-12-28,COP,7.08,61280002000.0,12.93,None,0.328,52.54,1535000000,None,2214000000,2214000000,-3776000000,-78000000,-1455000000,None,12000000,None,None,139000000,14000000,1417028000,None,138401000000,138401000000,12267000000,None,None,11940000000,None,None,4602000000,1412000000,3.12,0.034,338000000,338000000,None,-0.216,0.2,24270000000,28872000000,1.41,2018-03-31,14.79,15323000000,29056000000.0,41041000000,23547000000,9907000000,1116000000,1116000000,None,690000000,None,3724000000,None,None,10758000000,None,None,888000000,None,None,None,0.195,2399000000,20603000000,20438000000,1734000000,6798000000,None,None,None,None,None,None,None,3.253,1.747,1.866,None,None,None,None,None,-500000000,None,0.144,None,54669000000,2025-11-06,quarterly,1.61,USD,pre-market,125000000,28018000000,0.081,0.154,0.14,49.19,2247000000,12516000000,1758000000,None,92.31,89.86,14.1844,106999000000,19612000000,21359000000,53059000000,87387000000,31700000000,179442000000,52731000000,12.93,-2702000000,103.48,77.84
2025-12-28,COP,7.08,61280002000.0,12.93,None,0.328,52.54,1517000000,None,2214000000,2214000000,-2586000000,-469000000,-586000000,-12000000,-40000000,None,None,-951000000,14000000,1417028000,None,138401000000,138401000000,12267000000,None,None,11940000000,None,None,4602000000,1762000000,3.12,0.034,319000000,319000000,None,-0.216,0.2,24270000000,28872000000,1.41,2017-12-31,14.79,15323000000,29056000000.0,41041000000,23547000000,9907000000,1116000000,1116000000,None,690000000,None,3724000000,None,None,10758000000,None,None,1579000000,None,None,None,0.195,2481000000,20603000000,20438000000,1734000000,6798000000,None,None,None,None,None,None,None,3.253,1.747,1.866,None,None,None,None,None,-953000000,None,0.144,None,54669000000,2025-11-06,quarterly,1.61,USD,pre-market,125000000,28018000000,0.081,0.154,0.14,49.19,2247000000,12516000000,1758000000,None,92.31,89.86,14.1844,106999000000,19612000000,21359000000,53059000000,87387000000,31700000000,179442000000,52731000000,12.93,-2702000000,103.48,77.84
2025-12-28,COP,7.08,61280002000.0,12.93,None,0.328,52.54,1088000000,None,2214000000,2214000000,-3827000000,2008000000,-623000000,141000000,-12000000,None,None,-248000000,14000000,1417028000,None,138401000000,138401000000,12267000000,None,None,11940000000,None,None,4602000000,1608000000,3.12,0.034,324000000,324000000,None,-0.216,0.2,24270000000,28872000000,1.41,2017-09-30,14.79,15323000000,29056000000.0,41041000000,23547000000,9907000000,1116000000,1116000000,None,690000000,None,3724000000,None,None,10758000000,None,None,420000000,None,None,None,0.195,1055000000,20603000000,20438000000,1734000000,6798000000,None,None,None,None,None,None,None,3.253,1.747,1.866,None,None,None,None,None,-972000000,None,0.144,None,54669000000,2025-11-06,quarterly,1.61,USD,pre-market,125000000,28018000000,0.081,0.154,0.14,49.19,2247000000,12516000000,1758000000,None,92.31,89.86,14.1844,106999000000,19612000000,21359000000,53059000000,87387000000,31700000000,179442000000,52731000000,12.93,-2702000000,103.48,77.84
2025-12-28,COP,7.08,61280002000.0,12.93,None,0.328,52.54,1020000000,None,2214000000,2214000000,-4599000000,7197000000,4425000000,76000000,73000000,None,None,235000000,14000000,1417028000,None,138401000000,138401000000,12267000000,None,None,11940000000,None,None,4602000000,1625000000,3.12,0.034,331000000,331000000,None,-0.216,0.2,24270000000,28872000000,1.41,2017-06-30,14.79,15323000000,29056000000.0,41041000000,23547000000,9907000000,1116000000,1116000000,None,690000000,None,3724000000,None,None,10758000000,None,None,-3426000000,None,None,None,0.195,1751000000,20603000000,20438000000,1734000000,6798000000,None,None,None,None,None,None,None,3.253,1.747,1.866,None,None,None,None,None,-980000000,None,0.144,None,54669000000,2025-11-06,quarterly,1.61,USD,pre-market,125000000,28018000000,0.081,0.154,0.14,49.19,2247000000,12516000000,1758000000,None,92.31,89.86,14.1844,106999000000,19612000000,21359000000,53059000000,87387000000,31700000000,179442000000,52731000000,12.93,-2702000000,103.48,77.84
2025-12-28,COP,7.08,61280002000.0,12.93,None,0.328,52.54,948000000,None,2214000000,2214000000,-1344000000,-974000000,-501000000,27000000,-76000000,None,None,78000000,14000000,1417028000,None,138401000000,138401000000,12267000000,None,None,11940000000,None,None,4602000000,2385000000,3.12,0.034,331000000,331000000,None,-0.216,0.2,24270000000,28872000000,1.41,2017-03-31,14.79,15323000000,29056000000.0,41041000000,23547000000,9907000000,1116000000,1116000000,None,690000000,None,3724000000,None,None,10758000000,None,None,586000000,None,None,None,0.195,1790000000,20603000000,20438000000,1734000000,6798000000,None,None,None,None,None,None,None,3.253,1.747,1.866,None,None,None,None,None,-112000000,None,0.144,None,54669000000,2025-11-06,quarterly,1.61,USD,pre-market,125000000,28018000000,0.081,0.154,0.14,49.19,2247000000,12516000000,1758000000,None,92.31,89.86,14.1844,106999000000,19612000000,21359000000,53059000000,87387000000,31700000000,179442000000,52731000000,12.93,-2702000000,103.48,77.84
2025-12-28,COP,7.08,61280002000.0,12.93,None,0.328,52.54,999000000,None,2214000000,2214000000,-1906000000,53000000,-480000000,-70000000,22000000,None,None,-292000000,14000000,1417028000,None,138401000000,138401000000,12267000000,None,None,11940000000,None,None,4602000000,2061000000,3.12,0.034,313000000,313000000,None,-0.216,0.2,24270000000,28872000000,1.41,2016-12-31,14.79,15323000000,29056000000.0,41041000000,23547000000,9907000000,1116000000,1116000000,None,690000000,None,3724000000,None,None,10758000000,None,None,-35000000,None,None,None,0.195,1443000000,20603000000,20438000000,1734000000,6798000000,None,None,None,None,None,None,None,3.253,1.747,1.866,None,None,None,None,None,-126000000,None,0.144,None,54669000000,2025-11-06,quarterly,1.61,USD,pre-market,125000000,28018000000,0.081,0.154,0.14,49.19,2247000000,12516000000,1758000000,None,92.31,89.86,14.1844,106999000000,19612000000,21359000000,53059000000,87387000000,31700000000,179442000000,52731000000,12.93,-2702000000,103.48,77.84
2025-12-28,COP,7.08,61280002000.0,12.93,None,0.328,52.54,916000000,None,2214000000,2214000000,-347000000,275000000,1227000000,19000000,45000000,None,None,15000000,14000000,1417028000,None,138401000000,138401000000,12267000000,None,None,11940000000,None,None,4602000000,2612000000,3.12,0.034,314000000,314000000,None,-0.216,0.2,24270000000,28872000000,1.41,2016-09-30,14.79,15323000000,29056000000.0,41041000000,23547000000,9907000000,1116000000,1116000000,None,690000000,None,3724000000,None,None,10758000000,None,None,-1026000000,None,None,None,0.195,1280000000,20603000000,20438000000,1734000000,6798000000,None,None,None,None,None,None,None,3.253,1.747,1.866,None,None,None,None,None,-7000000,None,0.144,None,54669000000,2025-11-06,quarterly,1.61,USD,pre-market,125000000,28018000000,0.081,0.154,0.14,49.19,2247000000,12516000000,1758000000,None,92.31,89.86,14.1844,106999000000,19612000000,21359000000,53059000000,87387000000,31700000000,179442000000,52731000000,12.93,-2702000000,103.48,77.84
2025-12-28,COP,7.08,61280002000.0,12.93,None,0.328,52.54,1133000000,None,2214000000,2214000000,-1120000000,-2122000000,-2003000000,-20000000,-84000000,None,None,548000000,14000000,1417028000,None,138401000000,138401000000,12267000000,None,None,11940000000,None,None,4602000000,2543000000,3.12,0.034,313000000,313000000,None,-0.216,0.2,24270000000,28872000000,1.41,2016-06-30,14.79,15323000000,29056000000.0,41041000000,23547000000,9907000000,1116000000,1116000000,None,690000000,None,3724000000,None,None,10758000000,None,None,-1058000000,None,None,None,0.195,1259000000,20603000000,20438000000,1734000000,6798000000,None,None,None,None,None,None,None,3.253,1.747,1.866,None,None,None,None,None,-3000000,None,0.144,None,54669000000,2025-11-06,quarterly,1.61,USD,pre-market,125000000,28018000000,0.081,0.154,0.14,49.19,2247000000,12516000000,1758000000,None,92.31,89.86,14.1844,106999000000,19612000000,21359000000,53059000000,87387000000,31700000000,179442000000,52731000000,12.93,-2702000000,103.48,77.84
2025-12-28,COP,7.08,61280002000.0,12.93,None,0.328,52.54,1821000000,None,2214000000,2214000000,4137000000,-2065000000,2498000000,5000000,61000000,None,None,549000000,14000000,1417028000,None,138401000000,138401000000,12267000000,None,None,11940000000,None,None,4602000000,2247000000,3.12,0.034,313000000,313000000,None,-0.216,0.2,24270000000,28872000000,1.41,2016-03-31,14.79,15323000000,29056000000.0,41041000000,23547000000,9907000000,1116000000,1116000000,None,690000000,None,3724000000,None,None,10758000000,None,None,-1469000000,None,None,None,0.195,421000000,20603000000,20438000000,1734000000,6798000000,None,None,None,None,None,None,None,3.253,1.747,1.866,None,None,None,None,None,-42000000,None,0.144,None,54669000000,2025-11-06,quarterly,1.61,USD,pre-market,125000000,28018000000,0.081,0.154,0.14,49.19,2247000000,12516000000,1758000000,None,92.31,89.86,14.1844,106999000000,19612000000,21359000000,53059000000,87387000000,31700000000,179442000000,52731000000,12.93,-2702000000,103.48,77.84
2025-12-28,COP,7.08,61280002000.0,12.93,None,0.328,52.54,2137000000,None,2214000000,2214000000,-975000000,-626000000,-45000000,-40000000,7000000,None,None,-103000000,14000000,1417028000,None,138401000000,138401000000,12267000000,None,None,11940000000,None,None,4602000000,3644000000,3.12,0.034,923000000,923000000,None,-0.216,0.2,24270000000,28872000000,1.41,2015-12-31,14.79,15323000000,29056000000.0,41041000000,23547000000,9907000000,1116000000,1116000000,None,690000000,None,3724000000,None,None,10758000000,None,None,-3437000000,None,None,None,0.195,1596000000,20603000000,20438000000,1734000000,6798000000,None,None,None,None,None,None,None,3.253,1.747,1.866,None,None,None,None,None,-13000000,None,0.144,None,54669000000,2025-11-06,quarterly,1.61,USD,pre-market,125000000,28018000000,0.081,0.154,0.14,49.19,2247000000,12516000000,1758000000,None,92.31,89.86,14.1844,106999000000,19612000000,21359000000,53059000000,87387000000,31700000000,179442000000,52731000000,12.93,-2702000000,103.48,77.84
2025-12-28,COP,7.08,61280002000.0,12.93,None,0.328,52.54,2174000000,None,2214000000,2214000000,-990000000,-2249000000,-1400000000,-95000000,117000000,None,None,494000000,14000000,1417028000,None,138401000000,138401000000,12267000000,None,None,11940000000,None,None,4602000000,2648000000,3.12,0.034,922000000,922000000,None,-0.216,0.2,24270000000,28872000000,1.41,2015-09-30,14.79,15323000000,29056000000.0,41041000000,23547000000,9907000000,1116000000,1116000000,None,690000000,None,3724000000,None,None,10758000000,None,None,-1056000000,None,None,None,0.195,1934000000,20603000000,20438000000,1734000000,6798000000,None,None,None,None,None,None,None,3.253,1.747,1.866,None,None,None,None,None,-23000000,None,0.144,None,54669000000,2025-11-06,quarterly,1.61,USD,pre-market,125000000,28018000000,0.081,0.154,0.14,49.19,2247000000,12516000000,1758000000,None,92.31,89.86,14.1844,106999000000,19612000000,21359000000,53059000000,87387000000,31700000000,179442000000,52731000000,12.93,-2702000000,103.48,77.84
2025-12-28,COP,7.08,61280002000.0,12.93,None,0.328,52.54,2407000000,None,2214000000,2214000000,1555000000,-2466000000,1149000000,86000000,-35000000,None,None,51000000,14000000,1417028000,None,138401000000,138401000000,12267000000,None,None,11940000000,None,None,4602000000,2329000000,3.12,0.034,909000000,909000000,None,-0.216,0.2,24270000000,28872000000,1.41,2015-06-30,14.79,15323000000,29056000000.0,41041000000,23547000000,9907000000,1116000000,1116000000,None,690000000,None,3724000000,None,None,10758000000,None,None,-164000000,None,None,None,0.195,1974000000,20603000000,20438000000,1734000000,6798000000,None,None,None,None,None,None,None,3.253,1.747,1.866,None,None,None,None,None,-12000000,None,0.144,None,54669000000,2025-11-06,quarterly,1.61,USD,pre-market,125000000,28018000000,0.081,0.154,0.14,49.19,2247000000,12516000000,1758000000,None,92.31,89.86,14.1844,106999000000,19612000000,21359000000,53059000000,87387000000,31700000000,179442000000,52731000000,12.93,-2702000000,103.48,77.84
2025-12-28,COP,7.08,61280002000.0,12.93,None,0.328,52.54,3332000000,None,2214000000,2214000000,-1019000000,-3116000000,-2398000000,-133000000,77000000,None,None,1368000000,14000000,1417028000,None,138401000000,138401000000,12267000000,None,None,11940000000,None,None,4602000000,2171000000,3.12,0.034,910000000,910000000,None,-0.216,0.2,24270000000,28872000000,1.41,2015-03-31,14.79,15323000000,29056000000.0,41041000000,23547000000,9907000000,1116000000,1116000000,None,690000000,None,3724000000,None,None,10758000000,None,None,286000000,None,None,None,0.195,2068000000,20603000000,20438000000,1734000000,6798000000,None,None,None,None,None,None,None,3.253,1.747,1.866,None,None,None,None,None,-34000000,None,0.144,None,54669000000,2025-11-06,quarterly,1.61,USD,pre-market,125000000,28018000000,0.081,0.154,0.14,49.19,2247000000,12516000000,1758000000,None,92.31,89.86,14.1844,106999000000,19612000000,21359000000,53059000000,87387000000,31700000000,179442000000,52731000000,12.93,-2702000000,103.48,77.84
2025-12-28,COP,7.08,61280002000.0,12.93,None,0.328,52.54,4356000000,None,2214000000,2214000000,542000000,-3357000000,-346000000,-128000000,-31000000,None,None,593000000,14000000,1417028000,None,138401000000,138401000000,12267000000,None,None,11940000000,None,None,4602000000,2419000000,3.12,0.034,907000000,907000000,None,-0.216,0.2,24270000000,28872000000,1.41,2014-12-31,14.79,15323000000,29056000000.0,41041000000,23547000000,9907000000,1116000000,1116000000,None,690000000,None,3724000000,None,None,10758000000,None,None,-39000000,None,None,None,0.195,2597000000,20603000000,20438000000,1734000000,6798000000,None,None,None,None,None,None,None,3.253,1.747,1.866,None,None,None,None,None,51000000,None,0.144,None,54669000000,2025-11-06,quarterly,1.61,USD,pre-market,125000000,28018000000,0.081,0.154,0.14,49.19,2247000000,12516000000,1758000000,None,92.31,89.86,14.1844,106999000000,19612000000,21359000000,53059000000,87387000000,31700000000,179442000000,52731000000,12.93,-2702000000,103.48,77.84
2025-12-28,COP,7.08,61280002000.0,12.93,None,0.328,52.54,4588000000,None,2214000000,2214000000,-973000000,-3811000000,-6377000000,-76000000,-59000000,None,None,924000000,14000000,1417028000,None,138401000000,138401000000,12267000000,None,None,11940000000,None,None,4602000000,2096000000,3.12,0.034,907000000,907000000,None,-0.216,0.2,24270000000,28872000000,1.41,2014-09-30,14.79,15323000000,29056000000.0,41041000000,23547000000,9907000000,1116000000,1116000000,None,690000000,None,3724000000,None,None,10758000000,None,None,2704000000,None,None,None,0.195,3871000000,20603000000,20438000000,1734000000,6798000000,None,None,None,None,None,None,None,3.253,1.747,1.866,None,None,None,None,None,-19000000,None,0.144,None,54669000000,2025-11-06,quarterly,1.61,USD,pre-market,125000000,28018000000,0.081,0.154,0.14,49.19,2247000000,12516000000,1758000000,None,92.31,89.86,14.1844,106999000000,19612000000,21359000000,53059000000,87387000000,31700000000,179442000000,52731000000,12.93,-2702000000,103.48,77.84
2025-12-28,COP,7.08,61280002000.0,12.93,None,0.328,52.54,4246000000,None,2214000000,2214000000,-789000000,-4265000000,4265000000,None,-76000000,None,None,None,14000000,1417028000,None,138401000000,138401000000,12267000000,None,None,11940000000,None,None,4602000000,2070000000,3.12,0.034,856000000,856000000,None,-0.216,0.2,24270000000,28872000000,1.41,2014-06-30,14.79,15323000000,29056000000.0,41041000000,23547000000,9907000000,1116000000,1116000000,None,690000000,None,3724000000,None,None,10758000000,None,None,2081000000,None,None,None,0.195,3551000000,20603000000,20438000000,1734000000,6798000000,None,None,None,None,None,None,None,3.253,1.747,1.866,None,None,None,None,None,0,None,0.144,None,54669000000,2025-11-06,quarterly,1.61,USD,pre-market,125000000,28018000000,0.081,0.154,0.14,49.19,2247000000,12516000000,1758000000,None,92.31,89.86,14.1844,106999000000,19612000000,21359000000,53059000000,87387000000,31700000000,179442000000,52731000000,12.93,-2702000000,103.48,77.84
2025-12-28,COP,7.08,61280002000.0,12.93,None,0.328,52.54,3895000000,None,2214000000,2214000000,-1354000000,-3698000000,1274000000,-10000000,-27000000,None,None,-290000000,14000000,1417028000,None,138401000000,138401000000,12267000000,None,None,11940000000,None,None,4602000000,1938000000,3.12,0.034,855000000,855000000,None,-0.216,0.2,24270000000,28872000000,1.41,2014-03-31,14.79,15323000000,29056000000.0,41041000000,23547000000,9907000000,1116000000,1116000000,None,690000000,None,3724000000,None,None,10758000000,None,None,2137000000,None,None,None,0.195,6336000000,20603000000,20438000000,1734000000,6798000000,None,None,None,None,None,None,None,3.253,1.747,1.866,None,None,None,None,None,-32000000,None,0.144,None,54669000000,2025-11-06,quarterly,1.61,USD,pre-market,125000000,28018000000,0.081,0.154,0.14,49.19,2247000000,12516000000,1758000000,None,92.31,89.86,14.1844,106999000000,19612000000,21359000000,53059000000,87387000000,31700000000,179442000000,52731000000,12.93,-2702000000,103.48,77.84
2025-12-28,COP,7.08,61280002000.0,12.93,None,0.328,52.54,4256000000,None,2214000000,2214000000,-3873000000,2315000000,-6491000000,88000000,23000000,None,None,495000000,14000000,1417028000,None,138401000000,138401000000,12267000000,None,None,11940000000,None,None,4602000000,-5541000000,3.12,0.034,853000000,853000000,None,-0.216,0.2,24270000000,28872000000,1.41,2013-12-31,14.79,15323000000,29056000000.0,41041000000,23547000000,9907000000,1116000000,1116000000,None,690000000,None,3724000000,None,None,10758000000,None,None,9215000000,None,None,None,0.195,3911000000,20603000000,20438000000,1734000000,6798000000,None,None,None,None,None,None,None,3.253,1.747,1.866,None,None,None,None,None,946000000,None,0.144,None,54669000000,2025-11-06,quarterly,1.61,USD,pre-market,125000000,28018000000,0.081,0.154,0.14,49.19,2247000000,12516000000,1758000000,None,92.31,89.86,14.1844,106999000000,19612000000,21359000000,53059000000,87387000000,31700000000,179442000000,52731000000,12.93,-2702000000,103.48,77.84
2025-12-28,COP,7.08,61280002000.0,12.93,None,0.328,52.54,4185000000,None,2214000000,2214000000,-1085000000,-2718000000,3379000000,None,-122000000,None,None,None,14000000,1417028000,None,138401000000,138401000000,12267000000,None,None,11940000000,None,None,4602000000,1902000000,3.12,0.034,852000000,852000000,None,-0.216,0.2,24270000000,28872000000,1.41,2013-09-30,14.79,15323000000,29056000000.0,41041000000,23547000000,9907000000,1116000000,1116000000,None,690000000,None,3724000000,None,None,10758000000,None,None,2480000000,None,None,None,0.195,3705000000,20603000000,20438000000,1734000000,6798000000,None,None,None,None,None,None,None,3.253,1.747,1.866,None,None,None,None,None,5000000,None,0.144,None,54669000000,2025-11-06,quarterly,1.61,USD,pre-market,125000000,28018000000,0.081,0.154,0.14,49.19,2247000000,12516000000,1758000000,None,92.31,89.86,14.1844,106999000000,19612000000,21359000000,53059000000,87387000000,31700000000,179442000000,52731000000,12.93,-2702000000,103.48,77.84
2025-12-28,COP,7.08,61280002000.0,12.93,None,0.328,52.54,3705000000,None,2214000000,2214000000,-1845000000,-3415000000,3936000000,None,-2000000,None,None,None,14000000,1417028000,None,138401000000,138401000000,12267000000,None,None,11940000000,None,None,4602000000,1910000000,3.12,0.034,814000000,814000000,None,-0.216,0.2,24270000000,28872000000,1.41,2013-06-30,14.79,15323000000,29056000000.0,41041000000,23547000000,9907000000,1116000000,1116000000,None,690000000,None,3724000000,None,None,10758000000,None,None,2063000000,None,None,None,0.195,3741000000,20603000000,20438000000,1734000000,6798000000,None,None,None,None,None,None,None,3.253,1.747,1.866,None,None,None,None,None,5000000,None,0.144,None,54669000000,2025-11-06,quarterly,1.61,USD,pre-market,125000000,28018000000,0.081,0.154,0.14,49.19,2247000000,12516000000,1758000000,None,92.31,89.86,14.1844,106999000000,19612000000,21359000000,53059000000,87387000000,31700000000,179442000000,52731000000,12.93,-2702000000,103.48,77.84
2025-12-28,COP,7.08,61280002000.0,12.93,None,0.328,52.54,3391000000,None,2214000000,2214000000,-330000000,-2433000000,1804000000,-163000000,-177000000,None,None,249000000,14000000,1417028000,None,138401000000,138401000000,12267000000,None,None,11940000000,None,None,4602000000,1807000000,3.12,0.034,815000000,815000000,None,-0.216,0.2,24270000000,28872000000,1.41,2013-03-31,14.79,15323000000,29056000000.0,41041000000,23547000000,9907000000,1116000000,1116000000,None,690000000,None,3724000000,None,None,10758000000,None,None,2139000000,None,None,None,0.195,4730000000,20603000000,20438000000,1734000000,6798000000,None,None,None,None,None,None,None,3.253,1.747,1.866,None,None,None,None,None,-10000000,None,0.144,None,54669000000,2025-11-06,quarterly,1.61,USD,pre-market,125000000,28018000000,0.081,0.154,0.14,49.19,2247000000,12516000000,1758000000,None,92.31,89.86,14.1844,106999000000,19612000000,21359000000,53059000000,87387000000,31700000000,179442000000,52731000000,12.93,-2702000000,103.48,77.84
2025-12-28,COP,7.08,61280002000.0,12.93,None,0.328,52.54,3452000000,None,2214000000,2214000000,1402000000,-2929000000,2350000000,7000000,209000000,None,None,-62000000,14000000,1417028000,None,138401000000,138401000000,12267000000,None,None,11940000000,None,None,4602000000,1779000000,3.12,0.034,809000000,809000000,None,-0.216,0.2,24270000000,28872000000,1.41,2012-12-31,14.79,15323000000,29056000000.0,41041000000,23547000000,9907000000,1116000000,1116000000,None,690000000,None,3724000000,None,None,10758000000,None,None,1426000000,None,None,None,0.195,3870000000,20603000000,20438000000,1734000000,6798000000,None,None,None,None,None,None,None,3.253,1.747,1.866,None,None,None,None,None,138000000,None,0.144,None,54669000000,2025-11-06,quarterly,1.61,USD,pre-market,125000000,28018000000,0.081,0.154,0.14,49.19,2247000000,12516000000,1758000000,None,92.31,89.86,14.1844,106999000000,19612000000,21359000000,53059000000,87387000000,31700000000,179442000000,52731000000,12.93,-2702000000,103.48,77.84
2025-12-28,COP,7.08,61280002000.0,12.93,None,0.328,52.54,3479000000,None,2214000000,2214000000,-532000000,-2773000000,224000000,9000000,-23000000,None,None,-1420000000,14000000,1417028000,None,138401000000,138401000000,12267000000,None,None,11940000000,None,None,4602000000,1650000000,3.12,0.034,808000000,808000000,None,-0.216,0.2,24270000000,28872000000,1.41,2012-09-30,14.79,15323000000,29056000000.0,41041000000,23547000000,9907000000,1116000000,1116000000,None,690000000,None,3724000000,None,None,10758000000,None,None,1798000000,None,None,None,0.195,3520000000,20603000000,20438000000,1734000000,6798000000,None,None,None,None,None,None,None,3.253,1.747,1.866,None,None,None,None,None,-149000000,None,0.144,None,54669000000,2025-11-06,quarterly,1.61,USD,pre-market,125000000,28018000000,0.081,0.154,0.14,49.19,2247000000,12516000000,1758000000,None,92.31,89.86,14.1844,106999000000,19612000000,21359000000,53059000000,87387000000,31700000000,179442000000,52731000000,12.93,-2702000000,103.48,77.84
2025-12-28,COP,7.08,61280002000.0,12.93,None,0.328,52.54,3598000000,None,2214000000,2214000000,-2081000000,-2915000000,-2663000000,-17000000,1433000000,None,None,529000000,14000000,1417028000,None,138401000000,138401000000,12267000000,None,None,11940000000,None,None,4602000000,1580000000,3.12,0.034,818000000,818000000,None,-0.216,0.2,24270000000,28872000000,1.41,2012-06-30,14.79,15323000000,29056000000.0,41041000000,23547000000,9907000000,1116000000,1116000000,None,690000000,None,3724000000,None,None,10758000000,None,None,1041000000,None,None,None,0.195,2350000000,20603000000,20438000000,1734000000,6798000000,None,None,None,None,None,None,None,3.253,1.747,1.866,None,None,None,None,None,-3050000000,None,0.144,None,54669000000,2025-11-06,quarterly,1.61,USD,pre-market,125000000,28018000000,0.081,0.154,0.14,49.19,2247000000,12516000000,1758000000,None,92.31,89.86,14.1844,106999000000,19612000000,21359000000,53059000000,87387000000,31700000000,179442000000,52731000000,12.93,-2702000000,103.48,77.84
2025-12-28,COP,7.08,61280002000.0,12.93,None,0.328,52.54,4260000000,None,2214000000,2214000000,-3270000000,-3010000000,-2073000000,25000000,-1402000000,None,None,-913000000,14000000,1417028000,None,138401000000,138401000000,12267000000,None,None,11940000000,None,None,4602000000,1571000000,3.12,0.034,843000000,843000000,None,-0.216,0.2,24270000000,28872000000,1.41,2012-03-31,14.79,15323000000,29056000000.0,41041000000,23547000000,9907000000,1116000000,1116000000,None,690000000,None,3724000000,None,None,10758000000,None,None,2937000000,None,None,None,0.195,4182000000,20603000000,20438000000,1734000000,6798000000,None,None,None,None,None,None,None,3.253,1.747,1.866,None,None,None,None,None,-1899000000,None,0.144,None,54669000000,2025-11-06,quarterly,1.61,USD,pre-market,125000000,28018000000,0.081,0.154,0.14,49.19,2247000000,12516000000,1758000000,None,92.31,89.86,14.1844,106999000000,19612000000,21359000000,53059000000,87387000000,31700000000,179442000000,52731000000,12.93,-2702000000,103.48,77.84
2025-12-28,COP,7.08,61280002000.0,12.93,None,0.328,52.54,3872000000,None,2214000000,2214000000,-4687000000,1124000000,2343000000,None,2535000000,None,None,-163000000,14000000,1417028000,None,138401000000,138401000000,12267000000,None,None,11940000000,None,None,4602000000,1919000000,3.12,0.034,414000000,414000000,None,-0.216,0.2,24270000000,28872000000,1.41,2011-12-31,14.79,15323000000,29056000000.0,41041000000,23547000000,9907000000,1116000000,1116000000,None,690000000,None,3724000000,None,None,10758000000,None,None,3410000000,None,None,None,0.195,5812000000,20603000000,20438000000,1734000000,6798000000,None,None,None,None,None,None,None,3.253,1.747,1.866,None,None,None,None,None,-3139000000,None,0.144,None,54669000000,2025-11-06,quarterly,1.61,USD,pre-market,125000000,28018000000,0.081,0.154,0.14,49.19,2247000000,12516000000,1758000000,None,92.31,89.86,14.1844,106999000000,19612000000,21359000000,53059000000,87387000000,31700000000,179442000000,52731000000,12.93,-2702000000,103.48,77.84
2025-12-28,COP,7.08,61280002000.0,12.93,None,0.328,52.54,3617000000,None,2214000000,2214000000,-4322000000,-3245000000,-2068000000,-114000000,-298000000,None,None,-26000000,14000000,1417028000,None,138401000000,138401000000,12267000000,None,None,11940000000,None,None,4602000000,1870000000,3.12,0.034,900000000,900000000,None,-0.216,0.2,24270000000,28872000000,1.41,2011-09-30,14.79,15323000000,29056000000.0,41041000000,23547000000,9907000000,1116000000,1116000000,None,690000000,None,3724000000,None,None,10758000000,None,None,2631000000,None,None,None,0.195,5613000000,20603000000,20438000000,1734000000,6798000000,None,None,None,None,None,None,None,3.253,1.747,1.866,None,None,None,None,None,-3199000000,None,0.144,None,54669000000,2025-11-06,quarterly,1.61,USD,pre-market,125000000,28018000000,0.081,0.154,0.14,49.19,2247000000,12516000000,1758000000,None,92.31,89.86,14.1844,106999000000,19612000000,21359000000,53059000000,87387000000,31700000000,179442000000,52731000000,12.93,-2702000000,103.48,77.84
2025-12-28,COP,7.08,61280002000.0,12.93,None,0.328,52.54,2893000000,None,2214000000,2214000000,-4235000000,-2683000000,-667000000,-23000000,988000000,None,None,-299000000,14000000,1417028000,None,138401000000,138401000000,12267000000,None,None,11940000000,None,None,4602000000,2075000000,3.12,0.034,917000000,917000000,None,-0.216,0.2,24270000000,28872000000,1.41,2011-06-30,14.79,15323000000,29056000000.0,41041000000,23547000000,9907000000,1116000000,1116000000,None,690000000,None,3724000000,None,None,10758000000,None,None,3419000000,None,None,None,0.195,6274000000,20603000000,20438000000,1734000000,6798000000,None,None,None,None,None,None,None,3.253,1.747,1.866,None,None,None,None,None,-3149000000,None,0.144,None,54669000000,2025-11-06,quarterly,1.61,USD,pre-market,125000000,28018000000,0.081,0.154,0.14,49.19,2247000000,12516000000,1758000000,None,92.31,89.86,14.1844,106999000000,19612000000,21359000000,53059000000,87387000000,31700000000,179442000000,52731000000,12.93,-2702000000,103.48,77.84
2025-12-28,COP,7.08,61280002000.0,12.93,None,0.328,52.54,2884000000,None,2214000000,2214000000,-3061000000,-2211000000,-3282000000,43000000,-2669000000,None,None,-681000000,14000000,1417028000,None,138401000000,138401000000,12267000000,None,None,11940000000,None,None,4602000000,2070000000,3.12,0.034,944000000,944000000,None,-0.216,0.2,24270000000,28872000000,1.41,2011-03-31,14.79,15323000000,29056000000.0,41041000000,23547000000,9907000000,1116000000,1116000000,None,690000000,None,3724000000,None,None,10758000000,None,None,3042000000,None,None,None,0.195,1947000000,20603000000,20438000000,1734000000,6798000000,None,None,None,None,None,None,None,3.253,1.747,1.866,None,None,None,None,None,-1636000000,None,0.144,None,54669000000,2025-11-06,quarterly,1.61,USD,pre-market,125000000,28018000000,0.081,0.154,0.14,49.19,2247000000,12516000000,1758000000,None,92.31,89.86,14.1844,106999000000,19612000000,21359000000,53059000000,87387000000,31700000000,179442000000,52731000000,12.93,-2702000000,103.48,77.84
2025-12-28,COP,7.08,61280002000.0,12.93,None,0.328,52.54,3390000000,None,2214000000,2214000000,-3492000000,-1119000000,1458000000,-122000000,2535000000,None,None,-2750000000,14000000,1417028000,None,138401000000,138401000000,12267000000,None,None,11940000000,None,None,4602000000,2216000000,3.12,0.034,799000000,799000000,None,-0.216,0.2,24270000000,28872000000,1.41,2010-12-31,14.79,15323000000,29056000000.0,41041000000,23547000000,9907000000,1116000000,1116000000,None,690000000,None,3724000000,None,None,10758000000,None,None,2041000000,None,None,None,0.195,6191000000,20603000000,20438000000,1734000000,6798000000,None,None,None,None,None,None,None,3.253,1.747,1.866,None,None,None,None,None,-2608000000,None,0.144,None,54669000000,2025-11-06,quarterly,1.61,USD,pre-market,125000000,28018000000,0.081,0.154,0.14,49.19,2247000000,12516000000,1758000000,None,92.31,89.86,14.1844,106999000000,19612000000,21359000000,53059000000,87387000000,31700000000,179442000000,52731000000,12.93,-2702000000,103.48,77.84
2025-12-28,COP,7.08,61280002000.0,12.93,None,0.328,52.54,2291000000,None,2214000000,2214000000,-4687000000,4101000000,3876000000,123000000,-497000000,None,None,-348000000,14000000,1417028000,None,138401000000,138401000000,12267000000,None,None,11940000000,None,None,4602000000,2246000000,3.12,0.034,816000000,816000000,None,-0.216,0.2,24270000000,28872000000,1.41,2010-09-30,14.79,15323000000,29056000000.0,41041000000,23547000000,9907000000,1116000000,1116000000,None,690000000,None,3724000000,None,None,10758000000,None,None,3069000000,None,None,None,0.195,4339000000,20603000000,20438000000,1734000000,6798000000,None,None,None,None,None,None,None,3.253,1.747,1.866,None,None,None,None,None,-868000000,None,0.144,None,54669000000,2025-11-06,quarterly,1.61,USD,pre-market,125000000,28018000000,0.081,0.154,0.14,49.19,2247000000,12516000000,1758000000,None,92.31,89.86,14.1844,106999000000,19612000000,21359000000,53059000000,87387000000,31700000000,179442000000,52731000000,12.93,-2702000000,103.48,77.84
2025-12-28,COP,7.08,61280002000.0,12.93,None,0.328,52.54,2009000000,None,2214000000,2214000000,-4066000000,3840000000,3265000000,16000000,38000000,None,None,-6000000,14000000,1417028000,None,138401000000,138401000000,12267000000,None,None,11940000000,None,None,4602000000,2280000000,3.12,0.034,816000000,816000000,None,-0.216,0.2,24270000000,28872000000,1.41,2010-06-30,14.79,15323000000,29056000000.0,41041000000,23547000000,9907000000,1116000000,1116000000,None,690000000,None,3724000000,None,None,10758000000,None,None,4183000000,None,None,None,0.195,3475000000,20603000000,20438000000,1734000000,6798000000,None,None,None,None,None,None,None,3.253,1.747,1.866,None,None,None,None,None,-390000000,None,0.144,None,54669000000,2025-11-06,quarterly,1.61,USD,pre-market,125000000,28018000000,0.081,0.154,0.14,49.19,2247000000,12516000000,1758000000,None,92.31,89.86,14.1844,106999000000,19612000000,21359000000,53059000000,87387000000,31700000000,179442000000,52731000000,12.93,-2702000000,103.48,77.84
2025-12-28,COP,7.08,61280002000.0,12.93,None,0.328,52.54,2071000000,None,2214000000,2214000000,-574000000,-2157000000,313000000,4000000,-2439000000,None,None,677000000,14000000,1417028000,None,138401000000,138401000000,12267000000,None,None,11940000000,None,None,4602000000,2318000000,3.12,0.034,744000000,744000000,None,-0.216,0.2,24270000000,28872000000,1.41,2010-03-31,14.79,15323000000,29056000000.0,41041000000,23547000000,9907000000,1116000000,1116000000,None,690000000,None,3724000000,None,None,10758000000,None,None,2098000000,None,None,None,0.195,3040000000,20603000000,20438000000,1734000000,6798000000,None,None,None,None,None,None,None,3.253,1.747,1.866,None,None,None,None,None,362000000,None,0.144,None,54669000000,2025-11-06,quarterly,1.61,USD,pre-market,125000000,28018000000,0.081,0.154,0.14,49.19,2247000000,12516000000,1758000000,None,92.31,89.86,14.1844,106999000000,19612000000,21359000000,53059000000,87387000000,31700000000,179442000000,52731000000,12.93,-2702000000,103.48,77.84
2025-12-28,COP,7.08,61280002000.0,12.93,None,0.328,52.54,2685000000,None,2214000000,2214000000,-2687000000,-2506000000,None,None,1346000000,None,None,None,14000000,1417028000,None,138401000000,138401000000,12267000000,None,None,11940000000,None,None,4602000000,0,3.12,0.034,742000000,742000000,None,-0.216,0.2,24270000000,28872000000,1.41,2009-12-31,14.79,15323000000,29056000000.0,41041000000,23547000000,9907000000,1116000000,1116000000,None,690000000,None,3724000000,None,None,10758000000,None,None,1246000000,None,None,None,0.195,5094000000,20603000000,20438000000,1734000000,6798000000,None,None,None,None,None,None,None,3.253,1.747,1.866,None,None,None,None,None,11000000,None,0.144,None,54669000000,2025-11-06,quarterly,1.61,USD,pre-market,125000000,28018000000,0.081,0.154,0.14,49.19,2247000000,12516000000,1758000000,None,92.31,89.86,14.1844,106999000000,19612000000,21359000000,53059000000,87387000000,31700000000,179442000000,52731000000,12.93,-2702000000,103.48,77.84
2025-12-28,COP,7.08,61280002000.0,12.93,None,0.328,52.54,5504000000,None,2214000000,2214000000,-1268000000,-4847000000,None,None,-53000000,None,None,None,14000000,1417028000,None,138401000000,138401000000,12267000000,None,None,11940000000,None,None,4602000000,2327000000,3.12,0.034,697000000,697000000,None,-0.216,0.2,24270000000,28872000000,1.41,2009-09-30,14.79,15323000000,29056000000.0,41041000000,23547000000,9907000000,1116000000,1116000000,None,690000000,None,3724000000,None,None,10758000000,None,None,1470000000,None,None,None,0.195,2933000000,20603000000,20438000000,1734000000,6798000000,None,None,None,None,None,None,None,3.253,1.747,1.866,None,None,None,None,None,10000000,None,0.144,None,54669000000,2025-11-06,quarterly,1.61,USD,pre-market,125000000,28018000000,0.081,0.154,0.14,49.19,2247000000,12516000000,1758000000,None,92.31,89.86,14.1844,106999000000,19612000000,21359000000,53059000000,87387000000,31700000000,179442000000,52731000000,12.93,-2702000000,103.48,77.84
2025-12-28,COP,7.08,61280002000.0,12.93,None,0.328,52.54,2906000000,None,2214000000,2214000000,1011000000,-2926000000,None,None,481000000,None,None,None,14000000,1417028000,None,138401000000,138401000000,12267000000,None,None,11940000000,None,None,4602000000,0,3.12,0.034,697000000,697000000,None,-0.216,0.2,24270000000,28872000000,1.41,2009-06-30,14.79,15323000000,29056000000.0,41041000000,23547000000,9907000000,1116000000,1116000000,None,690000000,None,3724000000,None,None,10758000000,None,None,856000000,None,None,None,0.195,1885000000,20603000000,20438000000,1734000000,6798000000,None,None,None,None,None,None,None,3.253,1.747,1.866,None,None,None,None,None,-21000000,None,0.144,None,54669000000,2025-11-06,quarterly,1.61,USD,pre-market,125000000,28018000000,0.081,0.154,0.14,49.19,2247000000,12516000000,1758000000,None,92.31,89.86,14.1844,106999000000,19612000000,21359000000,53059000000,87387000000,31700000000,179442000000,52731000000,12.93,-2702000000,103.48,77.84
2025-12-28,COP,7.08,61280002000.0,12.93,None,0.328,52.54,2906000000,None,2214000000,2214000000,1011000000,-2926000000,None,None,-1454000000,None,None,None,14000000,1417028000,None,138401000000,138401000000,12267000000,None,None,11940000000,None,None,4602000000,2230000000,3.12,0.034,696000000,696000000,None,-0.216,0.2,24270000000,28872000000,1.41,2009-03-31,14.79,15323000000,29056000000.0,41041000000,23547000000,9907000000,1116000000,1116000000,None,690000000,None,3724000000,None,None,10758000000,None,None,800000000,None,None,None,0.195,1885000000,20603000000,20438000000,1734000000,6798000000,None,None,None,None,None,None,None,3.253,1.747,1.866,None,None,None,None,None,-21000000,None,0.144,None,54669000000,2025-11-06,quarterly,1.61,USD,pre-market,125000000,28018000000,0.081,0.154,0.14,49.19,2247000000,12516000000,1758000000,None,92.31,89.86,14.1844,106999000000,19612000000,21359000000,53059000000,87387000000,31700000000,179442000000,52731000000,12.93,-2702000000,103.48,77.84
2025-12-28,COP,7.08,61280002000.0,12.93,None,0.328,52.54,8564000000,None,2214000000,2214000000,3732000000,-7458000000,None,None,1388000000,None,None,None,14000000,1417028000,None,138401000000,138401000000,12267000000,None,None,11940000000,None,None,4602000000,2264000000,3.12,0.034,696000000,696000000,None,-0.216,0.2,24270000000,28872000000,1.41,2008-12-31,14.79,15323000000,29056000000.0,41041000000,23547000000,9907000000,1116000000,1116000000,None,690000000,None,3724000000,None,None,10758000000,None,None,-14766000000,None,None,None,0.195,3122000000,20603000000,20438000000,1734000000,6798000000,None,None,None,None,None,None,None,3.253,1.747,1.866,None,None,None,None,None,-749000000,None,0.144,None,54669000000,2025-11-06,quarterly,1.61,USD,pre-market,125000000,28018000000,0.081,0.154,0.14,49.19,2247000000,12516000000,1758000000,None,92.31,89.86,14.1844,106999000000,19612000000,21359000000,53059000000,87387000000,31700000000,179442000000,52731000000,12.93,-2702000000,103.48,77.84
2025-12-28,COP,7.08,61280002000.0,12.93,None,0.328,52.54,3815000000,None,2214000000,2214000000,-3208000000,-3736000000,None,None,-172000000,None,None,None,14000000,1417028000,None,138401000000,138401000000,12267000000,None,None,11940000000,None,None,4602000000,2361000000,3.12,0.034,709000000,709000000,None,-0.216,0.2,24270000000,28872000000,1.41,2008-09-30,14.79,15323000000,29056000000.0,41041000000,23547000000,9907000000,1116000000,1116000000,None,690000000,None,3724000000,None,None,10758000000,None,None,5152000000,None,None,None,0.195,7515000000,20603000000,20438000000,1734000000,6798000000,None,None,None,None,None,None,None,3.253,1.747,1.866,None,None,None,None,None,-2492000000,None,0.144,None,54669000000,2025-11-06,quarterly,1.61,USD,pre-market,125000000,28018000000,0.081,0.154,0.14,49.19,2247000000,12516000000,1758000000,None,92.31,89.86,14.1844,106999000000,19612000000,21359000000,53059000000,87387000000,31700000000,179442000000,52731000000,12.93,-2702000000,103.48,77.84
2025-12-28,COP,7.08,61280002000.0,12.93,None,0.328,52.54,3398000000,None,2214000000,2214000000,-2671000000,-3410000000,None,None,246000000,None,None,None,14000000,1417028000,None,138401000000,138401000000,12267000000,None,None,11940000000,None,None,4602000000,2178000000,3.12,0.034,719000000,719000000,None,-0.216,0.2,24270000000,28872000000,1.41,2008-06-30,14.79,15323000000,29056000000.0,41041000000,23547000000,9907000000,1116000000,1116000000,None,690000000,None,3724000000,None,None,10758000000,None,None,5439000000,None,None,None,0.195,5434000000,20603000000,20438000000,1734000000,6798000000,None,None,None,None,None,None,None,3.253,1.747,1.866,None,None,None,None,None,-2512000000,None,0.144,None,54669000000,2025-11-06,quarterly,1.61,USD,pre-market,125000000,28018000000,0.081,0.154,0.14,49.19,2247000000,12516000000,1758000000,None,92.31,89.86,14.1844,106999000000,19612000000,21359000000,53059000000,87387000000,31700000000,179442000000,52731000000,12.93,-2702000000,103.48,77.84
2025-12-28,COP,7.08,61280002000.0,12.93,None,0.328,52.54,3322000000,None,2214000000,2214000000,-3617000000,-3012000000,None,None,-2783000000,None,None,None,14000000,1417028000,None,138401000000,138401000000,12267000000,None,None,11940000000,None,None,4602000000,2209000000,3.12,0.034,730000000,730000000,None,-0.216,0.2,24270000000,28872000000,1.41,2008-03-31,14.79,15323000000,29056000000.0,41041000000,23547000000,9907000000,1116000000,1116000000,None,690000000,None,3724000000,None,None,10758000000,None,None,4139000000,None,None,None,0.195,6587000000,20603000000,20438000000,1734000000,6798000000,None,None,None,None,None,None,None,3.253,1.747,1.866,None,None,None,None,None,-2496000000,None,0.144,None,54669000000,2025-11-06,quarterly,1.61,USD,pre-market,125000000,28018000000,0.081,0.154,0.14,49.19,2247000000,12516000000,1758000000,None,92.31,89.86,14.1844,106999000000,19612000000,21359000000,53059000000,87387000000,31700000000,179442000000,52731000000,12.93,-2702000000,103.48,77.84
2025-12-28,COP,7.08,61280002000.0,12.93,None,0.328,52.54,3884000000,None,2214000000,2214000000,-3475000000,-3353000000,None,None,1101000000,None,None,None,14000000,1417028000,None,138401000000,138401000000,12267000000,None,None,11940000000,None,None,4602000000,2206000000,3.12,0.034,652000000,652000000,None,-0.216,0.2,24270000000,28872000000,1.41,2007-12-31,14.79,15323000000,29056000000.0,41041000000,23547000000,9907000000,1116000000,1116000000,None,690000000,None,3724000000,None,None,10758000000,None,None,4371000000,None,None,None,0.195,6920000000,20603000000,20438000000,1734000000,6798000000,None,None,None,None,None,None,None,3.253,1.747,1.866,None,None,None,None,None,-2500000000,None,0.144,None,54669000000,2025-11-06,quarterly,1.61,USD,pre-market,125000000,28018000000,0.081,0.154,0.14,49.19,2247000000,12516000000,1758000000,None,92.31,89.86,14.1844,106999000000,19612000000,21359000000,53059000000,87387000000,31700000000,179442000000,52731000000,12.93,-2702000000,103.48,77.84
2025-12-28,COP,7.08,61280002000.0,12.93,None,0.328,52.54,2560000000,None,2214000000,2214000000,-4195000000,-1836000000,None,None,-63000000,None,None,None,14000000,1417028000,None,138401000000,138401000000,12267000000,None,None,11940000000,None,None,4602000000,2052000000,3.12,0.034,667000000,667000000,None,-0.216,0.2,24270000000,28872000000,1.41,2007-09-30,14.79,15323000000,29056000000.0,41041000000,23547000000,9907000000,1116000000,1116000000,None,690000000,None,3724000000,None,None,10758000000,None,None,3673000000,None,None,None,0.195,5991000000,20603000000,20438000000,1734000000,6798000000,None,None,None,None,None,None,None,3.253,1.747,1.866,None,None,None,None,None,-2501000000,None,0.144,None,54669000000,2025-11-06,quarterly,1.61,USD,pre-market,125000000,28018000000,0.081,0.154,0.14,49.19,2247000000,12516000000,1758000000,None,92.31,89.86,14.1844,106999000000,19612000000,21359000000,53059000000,87387000000,31700000000,179442000000,52731000000,12.93,-2702000000,103.48,77.84
2025-12-28,COP,7.08,61280002000.0,12.93,None,0.328,52.54,2500000000,None,2214000000,2214000000,-2496000000,-1725000000,None,None,415000000,None,None,None,14000000,1417028000,None,138401000000,138401000000,12267000000,None,None,11940000000,None,None,4602000000,2016000000,3.12,0.034,668000000,668000000,None,-0.216,0.2,24270000000,28872000000,1.41,2007-06-30,14.79,15323000000,29056000000.0,41041000000,23547000000,9907000000,1116000000,1116000000,None,690000000,None,3724000000,None,None,10758000000,None,None,301000000,None,None,None,0.195,4766000000,20603000000,20438000000,1734000000,6798000000,None,None,None,None,None,None,None,3.253,1.747,1.866,None,None,None,None,None,-1000000000,None,0.144,None,54669000000,2025-11-06,quarterly,1.61,USD,pre-market,125000000,28018000000,0.081,0.154,0.14,49.19,2247000000,12516000000,1758000000,None,92.31,89.86,14.1844,106999000000,19612000000,21359000000,53059000000,87387000000,31700000000,179442000000,52731000000,12.93,-2702000000,103.48,77.84
2025-12-28,COP,7.08,61280002000.0,12.93,None,0.328,52.54,2847000000,None,2214000000,2214000000,-5174000000,-1648000000,None,None,-686000000,None,None,None,14000000,1417028000,None,138401000000,138401000000,12267000000,None,None,11940000000,None,None,4602000000,2024000000,3.12,0.034,674000000,674000000,None,-0.216,0.2,24270000000,28872000000,1.41,2007-03-31,14.79,15323000000,29056000000.0,41041000000,23547000000,9907000000,1116000000,1116000000,None,690000000,None,3724000000,None,None,10758000000,None,None,3546000000,None,None,None,0.195,6873000000,20603000000,20438000000,1734000000,6798000000,None,None,None,None,None,None,None,3.253,1.747,1.866,None,None,None,None,None,-1000000000,None,0.144,None,54669000000,2025-11-06,quarterly,1.61,USD,pre-market,125000000,28018000000,0.081,0.154,0.14,49.19,2247000000,12516000000,1758000000,None,92.31,89.86,14.1844,106999000000,19612000000,21359000000,53059000000,87387000000,31700000000,179442000000,52731000000,12.93,-2702000000,103.48,77.84
2025-12-28,COP,7.08,61280002000.0,12.93,None,0.328,52.54,4083000000,None,2214000000,2214000000,-1536000000,-3924000000,None,None,1094000000,None,None,None,14000000,1417028000,None,138401000000,138401000000,12267000000,None,None,11940000000,None,None,4602000000,2002000000,3.12,0.034,593000000,593000000,None,-0.216,0.2,24270000000,28872000000,1.41,2006-12-31,14.79,15323000000,29056000000.0,41041000000,23547000000,9907000000,1116000000,1116000000,None,690000000,None,3724000000,None,None,10758000000,None,None,3197000000,None,None,None,0.195,5637000000,20603000000,20438000000,1734000000,6798000000,None,None,None,None,None,None,None,3.253,1.747,1.866,None,None,None,None,None,-250000000,None,0.144,None,54669000000,2025-11-06,quarterly,1.61,USD,pre-market,125000000,28018000000,0.081,0.154,0.14,49.19,2247000000,12516000000,1758000000,None,92.31,89.86,14.1844,106999000000,19612000000,21359000000,53059000000,87387000000,31700000000,179442000000,52731000000,12.93,-2702000000,103.48,77.84
2025-12-28,COP,7.08,61280002000.0,12.93,None,0.328,52.54,3597000000,None,2214000000,2214000000,-2508000000,-3676000000,None,None,245000000,None,None,None,14000000,1417028000,None,138401000000,138401000000,12267000000,None,None,11940000000,None,None,4602000000,2137000000,3.12,0.034,593000000,593000000,None,-0.216,0.2,24270000000,28872000000,1.41,2006-09-30,14.79,15323000000,29056000000.0,41041000000,23547000000,9907000000,1116000000,1116000000,None,690000000,None,3724000000,None,None,10758000000,None,None,3876000000,None,None,None,0.195,6235000000,20603000000,20438000000,1734000000,6798000000,None,None,None,None,None,None,None,3.253,1.747,1.866,None,None,None,None,None,-250000000,None,0.144,None,54669000000,2025-11-06,quarterly,1.61,USD,pre-market,125000000,28018000000,0.081,0.154,0.14,49.19,2247000000,12516000000,1758000000,None,92.31,89.86,14.1844,106999000000,19612000000,21359000000,53059000000,87387000000,31700000000,179442000000,52731000000,12.93,-2702000000,103.48,77.84
2025-12-28,COP,7.08,61280002000.0,12.93,None,0.328,52.54,3402000000,None,2214000000,2214000000,-3732000000,-3579000000,None,None,-863000000,None,None,None,14000000,1417028000,None,138401000000,138401000000,12267000000,None,None,11940000000,None,None,4602000000,1965000000,3.12,0.034,595000000,595000000,None,-0.216,0.2,24270000000,28872000000,1.41,2006-06-30,14.79,15323000000,29056000000.0,41041000000,23547000000,9907000000,1116000000,1116000000,None,690000000,None,3724000000,None,None,10758000000,None,None,5186000000,None,None,None,0.195,4844000000,20603000000,20438000000,1734000000,6798000000,None,None,None,None,None,None,None,3.253,1.747,1.866,None,None,None,None,None,None,None,0.144,None,54669000000,2025-11-06,quarterly,1.61,USD,pre-market,125000000,28018000000,0.081,0.154,0.14,49.19,2247000000,12516000000,1758000000,None,92.31,89.86,14.1844,106999000000,19612000000,21359000000,53059000000,87387000000,31700000000,179442000000,52731000000,12.93,-2702000000,103.48,77.84
2025-12-28,COP,7.08,61280002000.0,12.93,None,0.328,52.54,4514000000,None,2214000000,2214000000,14841000000,-18814000000,None,None,-1304000000,None,None,None,14000000,1417028000,None,138401000000,138401000000,12267000000,None,None,11940000000,None,None,4602000000,1180000000,3.12,0.034,496000000,496000000,None,-0.216,0.2,24270000000,28872000000,1.41,2006-03-31,14.79,15323000000,29056000000.0,41041000000,23547000000,9907000000,1116000000,1116000000,None,690000000,None,3724000000,None,None,10758000000,None,None,3291000000,None,None,None,0.195,4800000000,20603000000,20438000000,1734000000,6798000000,None,None,None,None,None,None,None,3.253,1.747,1.866,None,None,None,None,None,None,None,0.144,None,54669000000,2025-11-06,quarterly,1.61,USD,pre-market,125000000,28018000000,0.081,0.154,0.14,49.19,2247000000,12516000000,1758000000,None,92.31,89.86,14.1844,106999000000,19612000000,21359000000,53059000000,87387000000,31700000000,179442000000,52731000000,12.93,-2702000000,103.48,77.84
2025-12-28,COP,7.08,61280002000.0,12.93,None,0.328,52.54,3047000000,None,2214000000,2214000000,-2261000000,-3022000000,None,None,1093000000,None,None,None,14000000,1417028000,None,138401000000,138401000000,12267000000,None,None,11940000000,None,None,4602000000,1178000000,3.12,0.034,429000000,429000000,None,-0.216,0.2,24270000000,28872000000,1.41,2005-12-31,14.79,15323000000,29056000000.0,41041000000,23547000000,9907000000,1116000000,1116000000,None,690000000,None,3724000000,None,None,10758000000,None,None,3782000000,None,None,None,0.195,4675000000,20603000000,20438000000,1734000000,6798000000,None,None,None,None,None,None,None,3.253,1.747,1.866,None,None,None,None,None,-759000000,None,0.144,None,54669000000,2025-11-06,quarterly,1.61,USD,pre-market,125000000,28018000000,0.081,0.154,0.14,49.19,2247000000,12516000000,1758000000,None,92.31,89.86,14.1844,106999000000,19612000000,21359000000,53059000000,87387000000,31700000000,179442000000,52731000000,12.93,-2702000000,103.48,77.84
2025-12-28,COP,7.08,61280002000.0,12.93,None,0.328,52.54,3626000000,None,2214000000,2214000000,-1428000000,-3384000000,None,None,5000000,None,None,None,14000000,1417028000,None,138401000000,138401000000,12267000000,None,None,11940000000,None,None,4602000000,1049000000,3.12,0.034,430000000,430000000,None,-0.216,0.2,24270000000,28872000000,1.41,2005-09-30,14.79,15323000000,29056000000.0,41041000000,23547000000,9907000000,1116000000,1116000000,None,690000000,None,3724000000,None,None,10758000000,None,None,3804000000,None,None,None,0.195,6096000000,20603000000,20438000000,1734000000,6798000000,None,None,None,None,None,None,None,3.253,1.747,1.866,None,None,None,None,None,-589000000,None,0.144,None,54669000000,2025-11-06,quarterly,1.61,USD,pre-market,125000000,28018000000,0.081,0.154,0.14,49.19,2247000000,12516000000,1758000000,None,92.31,89.86,14.1844,106999000000,19612000000,21359000000,53059000000,87387000000,31700000000,179442000000,52731000000,12.93,-2702000000,103.48,77.84
2025-12-28,COP,7.08,61280002000.0,12.93,None,0.328,52.54,12118000000,None,2214000000,2214000000,-8835000000,-11150000000,None,None,-68000000,None,None,None,14000000,1417028000,None,138401000000,138401000000,12267000000,None,None,11940000000,None,None,4602000000,9599000000,3.12,0.034,3646000000,3646000000,None,-0.216,0.2,24270000000,28872000000,1.41,2024-12-31,14.79,15323000000,29056000000.0,41041000000,23547000000,9907000000,1116000000,1116000000,None,690000000,None,3724000000,None,None,10758000000,None,None,9245000000,None,None,None,0.195,20124000000,20603000000,20438000000,1734000000,6798000000,None,None,None,None,None,None,None,3.253,1.747,1.866,None,None,None,None,None,-5463000000,None,0.144,None,54669000000,2025-11-06,annual,1.61,USD,pre-market,125000000,28018000000,0.081,0.154,0.14,49.19,2247000000,12516000000,1758000000,None,92.31,89.86,14.1844,106999000000,19612000000,21359000000,53059000000,87387000000,31700000000,179442000000,52731000000,12.93,-2702000000,103.48,77.84
2025-12-28,COP,7.08,61280002000.0,12.93,None,0.328,52.54,11248000000,None,2214000000,2214000000,-8661000000,-12000000000,None,None,-103000000,None,None,None,14000000,1417028000,None,138401000000,138401000000,12267000000,None,None,11940000000,None,None,4602000000,8270000000,3.12,0.034,5583000000,5583000000,None,-0.216,0.2,24270000000,28872000000,1.41,2023-12-31,14.79,15323000000,29056000000.0,41041000000,23547000000,9907000000,1116000000,1116000000,None,690000000,None,3724000000,None,None,10758000000,None,None,10922000000,None,None,None,0.195,19965000000,20603000000,20438000000,1734000000,6798000000,None,None,None,None,None,None,None,3.253,1.747,1.866,None,None,None,None,None,-5400000000,None,0.144,None,54669000000,2025-11-06,annual,1.61,USD,pre-market,125000000,28018000000,0.081,0.154,0.14,49.19,2247000000,12516000000,1758000000,None,92.31,89.86,14.1844,106999000000,19612000000,21359000000,53059000000,87387000000,31700000000,179442000000,52731000000,12.93,-2702000000,103.48,77.84
2025-12-28,COP,7.08,61280002000.0,12.93,None,0.328,52.54,10159000000,None,2214000000,2214000000,-18053000000,-8741000000,1520000000,None,-38000000,None,None,-963000000,14000000,1417028000,None,138401000000,138401000000,12267000000,None,None,11940000000,None,None,4602000000,7504000000,3.12,0.034,5726000000,5726000000,None,-0.216,0.2,24270000000,28872000000,1.41,2022-12-31,14.79,15323000000,29056000000.0,41041000000,23547000000,9907000000,1116000000,1116000000,None,690000000,None,3724000000,None,None,10758000000,None,None,18680000000,None,None,None,0.195,28314000000,20603000000,20438000000,1734000000,6798000000,None,None,None,None,None,None,None,3.253,1.747,1.866,None,None,None,None,None,-9270000000,None,0.144,None,54669000000,2025-11-06,annual,1.61,USD,pre-market,125000000,28018000000,0.081,0.154,0.14,49.19,2247000000,12516000000,1758000000,None,92.31,89.86,14.1844,106999000000,19612000000,21359000000,53059000000,87387000000,31700000000,179442000000,52731000000,12.93,-2702000000,103.48,77.84
2025-12-28,COP,7.08,61280002000.0,12.93,None,0.328,52.54,5324000000,None,2214000000,2214000000,-6335000000,-8544000000,2117000000,None,-160000000,None,None,-2500000000,14000000,1417028000,None,138401000000,138401000000,12267000000,None,None,11940000000,None,None,4602000000,7208000000,3.12,0.034,2359000000,2359000000,None,-0.216,0.2,24270000000,28872000000,1.41,2021-12-31,14.79,15323000000,29056000000.0,41041000000,23547000000,9907000000,1116000000,1116000000,None,690000000,None,3724000000,None,None,10758000000,None,None,8079000000,None,None,None,0.195,16996000000,20603000000,20438000000,1734000000,6798000000,None,None,None,None,None,None,None,3.253,1.747,1.866,None,None,None,None,None,-3623000000,None,0.144,None,54669000000,2025-11-06,annual,1.61,USD,pre-market,125000000,28018000000,0.081,0.154,0.14,49.19,2247000000,12516000000,1758000000,None,92.31,89.86,14.1844,106999000000,19612000000,21359000000,53059000000,87387000000,31700000000,179442000000,52731000000,12.93,-2702000000,103.48,77.84
2025-12-28,COP,7.08,61280002000.0,12.93,None,0.328,52.54,4715000000,None,2214000000,2214000000,-2708000000,-4121000000,-2027000000,None,-25000000,None,None,521000000,14000000,1417028000,None,138401000000,138401000000,12267000000,None,None,11940000000,None,None,4602000000,5521000000,3.12,0.034,1831000000,1831000000,None,-0.216,0.2,24270000000,28872000000,1.41,2020-12-31,14.79,15323000000,29056000000.0,41041000000,23547000000,9907000000,1116000000,1116000000,None,690000000,None,3724000000,None,None,10758000000,None,None,-2655000000,None,None,None,0.195,4802000000,20603000000,20438000000,1734000000,6798000000,None,None,None,None,None,None,None,3.253,1.747,1.866,None,None,None,None,None,-897000000,None,0.144,None,54669000000,2025-11-06,annual,1.61,USD,pre-market,125000000,28018000000,0.081,0.154,0.14,49.19,2247000000,12516000000,1758000000,None,92.31,89.86,14.1844,106999000000,19612000000,21359000000,53059000000,87387000000,31700000000,179442000000,52731000000,12.93,-2702000000,103.48,77.84
2025-12-28,COP,7.08,61280002000.0,12.93,None,0.328,52.54,6636000000,None,2214000000,2214000000,-5229000000,-6618000000,-743000000,None,-67000000,None,None,505000000,14000000,1417028000,None,138401000000,138401000000,12267000000,None,None,11940000000,None,None,4602000000,6090000000,3.12,0.034,1500000000,1500000000,None,-0.216,0.2,24270000000,28872000000,1.41,2019-12-31,14.79,15323000000,29056000000.0,41041000000,23547000000,9907000000,1116000000,1116000000,None,690000000,None,3724000000,None,None,10758000000,None,None,7257000000,None,None,None,0.195,11104000000,20603000000,20438000000,1734000000,6798000000,None,None,None,None,None,None,None,3.253,1.747,1.866,None,None,None,None,None,-3530000000,None,0.144,None,54669000000,2025-11-06,annual,1.61,USD,pre-market,125000000,28018000000,0.081,0.154,0.14,49.19,2247000000,12516000000,1758000000,None,92.31,89.86,14.1844,106999000000,19612000000,21359000000,53059000000,87387000000,31700000000,179442000000,52731000000,12.93,-2702000000,103.48,77.84
2025-12-28,COP,7.08,61280002000.0,12.93,None,0.328,52.54,6750000000,None,2214000000,2214000000,-9359000000,-3843000000,-268000000,None,86000000,None,None,235000000,14000000,1417028000,None,138401000000,138401000000,12267000000,None,None,11940000000,None,None,4602000000,5956000000,3.12,0.034,1363000000,1363000000,None,-0.216,0.2,24270000000,28872000000,1.41,2018-12-31,14.79,15323000000,29056000000.0,41041000000,23547000000,9907000000,1116000000,1116000000,None,690000000,None,3724000000,None,None,10758000000,None,None,6257000000,None,None,None,0.195,12934000000,20603000000,20438000000,1734000000,6798000000,None,None,None,None,None,None,None,3.253,1.747,1.866,None,None,None,None,None,-2999000000,None,0.144,None,54669000000,2025-11-06,annual,1.61,USD,pre-market,125000000,28018000000,0.081,0.154,0.14,49.19,2247000000,12516000000,1758000000,None,92.31,89.86,14.1844,106999000000,19612000000,21359000000,53059000000,87387000000,31700000000,179442000000,52731000000,12.93,-2702000000,103.48,77.84
2025-12-28,COP,7.08,61280002000.0,12.93,None,0.328,52.54,4591000000,None,2214000000,2214000000,-12356000000,7762000000,2715000000,232000000,-55000000,None,None,-886000000,14000000,1417028000,None,138401000000,138401000000,12267000000,None,None,11940000000,None,None,4602000000,7411000000,3.12,0.034,1305000000,1305000000,None,-0.216,0.2,24270000000,28872000000,1.41,2017-12-31,14.79,15323000000,29056000000.0,41041000000,23547000000,9907000000,1116000000,1116000000,None,690000000,None,3724000000,None,None,10758000000,None,None,1598000000,None,None,None,0.195,7077000000,20603000000,20438000000,1734000000,6798000000,None,None,None,None,None,None,None,3.253,1.747,1.866,None,None,None,None,None,-3063000000,None,0.144,None,54669000000,2025-11-06,annual,1.61,USD,pre-market,125000000,28018000000,0.081,0.154,0.14,49.19,2247000000,12516000000,1758000000,None,92.31,89.86,14.1844,106999000000,19612000000,21359000000,53059000000,87387000000,31700000000,179442000000,52731000000,12.93,-2702000000,103.48,77.84
2025-12-28,COP,7.08,61280002000.0,12.93,None,0.328,52.54,4869000000,None,2214000000,2214000000,764000000,-3859000000,1242000000,-66000000,44000000,None,None,820000000,14000000,1417028000,None,138401000000,138401000000,12267000000,None,None,11940000000,None,None,4602000000,10246000000,3.12,0.034,1253000000,1253000000,None,-0.216,0.2,24270000000,28872000000,1.41,2016-12-31,14.79,15323000000,29056000000.0,41041000000,23547000000,9907000000,1116000000,1116000000,None,690000000,None,3724000000,None,None,10758000000,None,None,-3559000000,None,None,None,0.195,4403000000,20603000000,20438000000,1734000000,6798000000,None,None,None,None,None,None,None,3.253,1.747,1.866,None,None,None,None,None,-126000000,None,0.144,None,54669000000,2025-11-06,annual,1.61,USD,pre-market,125000000,28018000000,0.081,0.154,0.14,49.19,2247000000,12516000000,1758000000,None,92.31,89.86,14.1844,106999000000,19612000000,21359000000,53059000000,87387000000,31700000000,179442000000,52731000000,12.93,-2702000000,103.48,77.84
2025-12-28,COP,7.08,61280002000.0,12.93,None,0.328,52.54,10050000000,None,2214000000,2214000000,-1429000000,-8655000000,-2694000000,-182000000,166000000,None,None,1810000000,14000000,1417028000,None,138401000000,138401000000,12267000000,None,None,11940000000,None,None,4602000000,12178000000,3.12,0.034,3664000000,3664000000,None,-0.216,0.2,24270000000,28872000000,1.41,2015-12-31,14.79,15323000000,29056000000.0,41041000000,23547000000,9907000000,1116000000,1116000000,None,690000000,None,3724000000,None,None,10758000000,None,None,-3437000000,None,None,None,0.195,7572000000,20603000000,20438000000,1734000000,6798000000,None,None,None,None,None,None,None,3.253,1.747,1.866,None,None,None,None,None,-82000000,None,0.144,None,54669000000,2025-11-06,annual,1.61,USD,pre-market,125000000,28018000000,0.081,0.154,0.14,49.19,2247000000,12516000000,1758000000,None,92.31,89.86,14.1844,106999000000,19612000000,21359000000,53059000000,87387000000,31700000000,179442000000,52731000000,12.93,-2702000000,103.48,77.84
2025-12-28,COP,7.08,61280002000.0,12.93,None,0.328,52.54,17085000000,None,2214000000,2214000000,-2574000000,-15131000000,-1184000000,-214000000,-193000000,None,None,1227000000,14000000,1417028000,None,138401000000,138401000000,12267000000,None,None,11940000000,None,None,4602000000,9495000000,3.12,0.034,3525000000,3525000000,None,-0.216,0.2,24270000000,28872000000,1.41,2014-12-31,14.79,15323000000,29056000000.0,41041000000,23547000000,9907000000,1116000000,1116000000,None,690000000,None,3724000000,None,None,10758000000,None,None,6869000000,None,None,None,0.195,16569000000,20603000000,20438000000,1734000000,6798000000,None,None,None,None,None,None,None,3.253,1.747,1.866,None,None,None,None,None,2994000000,None,0.144,None,54669000000,2025-11-06,annual,1.61,USD,pre-market,125000000,28018000000,0.081,0.154,0.14,49.19,2247000000,12516000000,1758000000,None,92.31,89.86,14.1844,106999000000,19612000000,21359000000,53059000000,87387000000,31700000000,179442000000,52731000000,12.93,-2702000000,103.48,77.84
2025-12-28,COP,7.08,61280002000.0,12.93,None,0.328,52.54,15537000000,None,2214000000,2214000000,-7133000000,-6251000000,2628000000,-75000000,-278000000,None,None,744000000,14000000,1417028000,None,138401000000,138401000000,12267000000,None,None,11940000000,None,None,4602000000,7434000000,3.12,0.034,3334000000,3334000000,None,-0.216,0.2,24270000000,28872000000,1.41,2013-12-31,14.79,15323000000,29056000000.0,41041000000,23547000000,9907000000,1116000000,1116000000,None,690000000,None,3724000000,None,None,10758000000,None,None,7978000000,None,None,None,0.195,16087000000,20603000000,20438000000,1734000000,6798000000,None,None,None,None,None,None,None,3.253,1.747,1.866,None,None,None,None,None,20000000,None,0.144,None,54669000000,2025-11-06,annual,1.61,USD,pre-market,125000000,28018000000,0.081,0.154,0.14,49.19,2247000000,12516000000,1758000000,None,92.31,89.86,14.1844,106999000000,19612000000,21359000000,53059000000,87387000000,31700000000,179442000000,52731000000,12.93,-2702000000,103.48,77.84
2025-12-28,COP,7.08,61280002000.0,12.93,None,0.328,52.54,14172000000,None,2214000000,2214000000,-4481000000,-11627000000,-2162000000,24000000,210000000,None,None,-1866000000,14000000,1417028000,None,138401000000,138401000000,12267000000,None,None,11940000000,None,None,4602000000,6580000000,3.12,0.034,3278000000,3278000000,None,-0.216,0.2,24270000000,28872000000,1.41,2012-12-31,14.79,15323000000,29056000000.0,41041000000,23547000000,9907000000,1116000000,1116000000,None,690000000,None,3724000000,None,None,10758000000,None,None,7411000000,None,None,None,0.195,13922000000,20603000000,20438000000,1734000000,6798000000,None,None,None,None,None,None,None,3.253,1.747,1.866,None,None,None,None,None,-5098000000,None,0.144,None,54669000000,2025-11-06,annual,1.61,USD,pre-market,125000000,28018000000,0.081,0.154,0.14,49.19,2247000000,12516000000,1758000000,None,92.31,89.86,14.1844,106999000000,19612000000,21359000000,53059000000,87387000000,31700000000,179442000000,52731000000,12.93,-2702000000,103.48,77.84
2025-12-28,COP,7.08,61280002000.0,12.93,None,0.328,52.54,13266000000,None,2214000000,2214000000,-16305000000,-7015000000,-3674000000,None,556000000,None,None,-1169000000,14000000,1417028000,None,138401000000,138401000000,12267000000,None,None,11940000000,None,None,4602000000,7934000000,3.12,0.034,3632000000,3632000000,None,-0.216,0.2,24270000000,28872000000,1.41,2011-12-31,14.79,15323000000,29056000000.0,41041000000,23547000000,9907000000,1116000000,1116000000,None,690000000,None,3724000000,None,None,10758000000,None,None,12502000000,None,None,None,0.195,19646000000,20603000000,20438000000,1734000000,6798000000,None,None,None,None,None,None,None,3.253,1.747,1.866,None,None,None,None,None,-11123000000,None,0.144,None,54669000000,2025-11-06,annual,1.61,USD,pre-market,125000000,28018000000,0.081,0.154,0.14,49.19,2247000000,12516000000,1758000000,None,92.31,89.86,14.1844,106999000000,19612000000,21359000000,53059000000,87387000000,31700000000,179442000000,52731000000,12.93,-2702000000,103.48,77.84
2025-12-28,COP,7.08,61280002000.0,12.93,None,0.328,52.54,9761000000,None,2214000000,2214000000,-12819000000,4665000000,8912000000,21000000,-363000000,None,None,-2427000000,14000000,1417028000,None,138401000000,138401000000,12267000000,None,None,11940000000,None,None,4602000000,8004000000,3.12,0.034,3175000000,3175000000,None,-0.216,0.2,24270000000,28872000000,1.41,2010-12-31,14.79,15323000000,29056000000.0,41041000000,23547000000,9907000000,1116000000,1116000000,None,690000000,None,3724000000,None,None,10758000000,None,None,11358000000,None,None,None,0.195,17045000000,20603000000,20438000000,1734000000,6798000000,None,None,None,None,None,None,None,3.253,1.747,1.866,None,None,None,None,None,-3866000000,None,0.144,None,54669000000,2025-11-06,annual,1.61,USD,pre-market,125000000,28018000000,0.081,0.154,0.14,49.19,2247000000,12516000000,1758000000,None,92.31,89.86,14.1844,106999000000,19612000000,21359000000,53059000000,87387000000,31700000000,179442000000,52731000000,12.93,-2702000000,103.48,77.84
2025-12-28,COP,7.08,61280002000.0,12.93,None,0.328,52.54,10861000000,None,2214000000,2214000000,-2855000000,-9935000000,-213000000,98000000,320000000,None,None,-1106000000,14000000,1417028000,None,138401000000,138401000000,12267000000,None,None,11940000000,None,None,4602000000,9295000000,3.12,0.034,2832000000,2832000000,None,-0.216,0.2,24270000000,28872000000,1.41,2009-12-31,14.79,15323000000,29056000000.0,41041000000,23547000000,9907000000,1116000000,1116000000,None,690000000,None,3724000000,None,None,10758000000,None,None,4936000000,None,None,None,0.195,12479000000,20603000000,20438000000,1734000000,6798000000,None,None,None,None,None,None,None,3.253,1.747,1.866,None,None,None,None,None,-8249000000,None,0.144,None,54669000000,2025-11-06,annual,1.61,USD,pre-market,125000000,28018000000,0.081,0.154,0.14,49.19,2247000000,12516000000,1758000000,None,92.31,89.86,14.1844,106999000000,19612000000,21359000000,53059000000,87387000000,31700000000,179442000000,52731000000,12.93,-2702000000,103.48,77.84
2025-12-28,COP,7.08,61280002000.0,12.93,None,0.328,52.54,19099000000,None,2214000000,2214000000,-5764000000,-17616000000,None,None,-1321000000,None,None,None,14000000,1417028000,None,138401000000,138401000000,12267000000,None,None,11940000000,None,None,4602000000,9012000000,3.12,0.034,2854000000,2854000000,None,-0.216,0.2,24270000000,28872000000,1.41,2008-12-31,14.79,15323000000,29056000000.0,41041000000,23547000000,9907000000,1116000000,1116000000,None,690000000,None,3724000000,None,None,10758000000,None,None,-16998000000,None,None,None,0.195,22658000000,20603000000,20438000000,1734000000,6798000000,None,None,None,None,None,None,None,3.253,1.747,1.866,None,None,None,None,None,-8249000000,None,0.144,None,54669000000,2025-11-06,annual,1.61,USD,pre-market,125000000,28018000000,0.081,0.154,0.14,49.19,2247000000,12516000000,1758000000,None,92.31,89.86,14.1844,106999000000,19612000000,21359000000,53059000000,87387000000,31700000000,179442000000,52731000000,12.93,-2702000000,103.48,77.84
2025-12-28,COP,7.08,61280002000.0,12.93,None,0.328,52.54,11791000000,None,2214000000,2214000000,-15340000000,-8562000000,None,None,767000000,None,None,None,14000000,1417028000,None,138401000000,138401000000,12267000000,None,None,11940000000,None,None,4602000000,8761000000,3.12,0.034,2661000000,2661000000,None,-0.216,0.2,24270000000,28872000000,1.41,2007-12-31,14.79,15323000000,29056000000.0,41041000000,23547000000,9907000000,1116000000,1116000000,None,690000000,None,3724000000,None,None,10758000000,None,None,11891000000,None,None,None,0.195,24550000000,20603000000,20438000000,1734000000,6798000000,None,None,None,None,None,None,None,3.253,1.747,1.866,None,None,None,None,None,-7001000000,None,0.144,None,54669000000,2025-11-06,annual,1.61,USD,pre-market,125000000,28018000000,0.081,0.154,0.14,49.19,2247000000,12516000000,1758000000,None,92.31,89.86,14.1844,106999000000,19612000000,21359000000,53059000000,87387000000,31700000000,179442000000,52731000000,12.93,-2702000000,103.48,77.84
2025-12-28,COP,7.08,61280002000.0,12.93,None,0.328,52.54,15596000000,None,2214000000,2214000000,7065000000,-29993000000,None,None,-828000000,None,None,None,14000000,1417028000,None,138401000000,138401000000,12267000000,None,None,11940000000,None,None,4602000000,7284000000,3.12,0.034,2277000000,2277000000,None,-0.216,0.2,24270000000,28872000000,1.41,2006-12-31,14.79,15323000000,29056000000.0,41041000000,23547000000,9907000000,1116000000,1116000000,None,690000000,None,3724000000,None,None,10758000000,None,None,15550000000,None,None,None,0.195,21516000000,20603000000,20438000000,1734000000,6798000000,None,None,None,None,None,None,None,3.253,1.747,1.866,None,None,None,None,None,-925000000,None,0.144,None,54669000000,2025-11-06,annual,1.61,USD,pre-market,125000000,28018000000,0.081,0.154,0.14,49.19,2247000000,12516000000,1758000000,None,92.31,89.86,14.1844,106999000000,19612000000,21359000000,53059000000,87387000000,31700000000,179442000000,52731000000,12.93,-2702000000,103.48,77.84
2025-12-28,COP,7.08,61280002000.0,12.93,None,0.328,52.54,11620000000,None,2214000000,2214000000,-5684000000,-11016000000,None,None,-182000000,None,None,None,14000000,1417028000,None,138401000000,138401000000,12267000000,None,None,11940000000,None,None,4602000000,4253000000,3.12,0.034,1639000000,1639000000,None,-0.216,0.2,24270000000,28872000000,1.41,2005-12-31,14.79,15323000000,29056000000.0,41041000000,23547000000,9907000000,1116000000,1116000000,None,690000000,None,3724000000,None,None,10758000000,None,None,13640000000,None,None,None,0.195,17628000000,20603000000,20438000000,1734000000,6798000000,None,None,None,None,None,None,None,3.253,1.747,1.866,None,None,None,None,None,-1924000000,None,0.144,None,54669000000,2025-11-06,annual,1.61,USD,pre-market,125000000,28018000000,0.081,0.154,0.14,49.19,2247000000,12516000000,1758000000,None,92.31,89.86,14.1844,106999000000,19612000000,21359000000,53059000000,87387000000,31700000000,179442000000,52731000000,12.93,-2702000000,103.48,77.84
