date,symbol,eps,revenue_ttm,pe_ratio,accumulateddepreciationamortizationppe,beta,book_value,capitalexpenditures,capitalleaseobligations,cashandcashequivalentsatcarryingvalue,cashandshortterminvestments,cashflowfromfinancing,cashflowfrominvestment,changeincashandcashequivalents,changeinexchangerate,changeininventory,changeinoperatingassets,changeinoperatingliabilities,changeinreceivables,commonstock,commonstocksharesoutstanding,comprehensiveincomenetoftax,costofgoodsandservicessold,costofrevenue,currentaccountspayable,currentdebt,currentlongtermdebt,currentnetreceivables,deferredrevenue,depreciation,depreciationandamortization,depreciationdepletionandamortization,dividendpayout,dividendpayoutcommonstock,dividendpayoutpreferredstock,earnings_growth_yoy,earnings_surprise,ebit,ebitda,estimated_eps,fiscaldateending,forward_pe,goodwill,gross_profit_ttm,grossprofit,incomebeforetax,incometaxexpense,intangibleassets,intangibleassetsexcludinggoodwill,interestanddebtexpense,interestexpense,interestincome,inventory,investmentincomenet,investments,longtermdebt,longtermdebtnoncurrent,longterminvestments,netincome,netincomefromcontinuingoperations,netinterestincome,noninterestincome,operating_margin_ttm,operatingcashflow,operatingexpenses,operatingincome,othercurrentassets,othercurrentliabilities,othernoncurrentassets,othernoncurrentliabilities,othernonoperatingincome,paymentsforoperatingactivities,paymentsforrepurchaseofcommonstock,paymentsforrepurchaseofequity,paymentsforrepurchaseofpreferredstock,peg_ratio,price_to_book,price_to_sales_ttm,proceedsfromissuanceofcommonstock,proceedsfromissuanceoflongtermdebtandcapitalsecuritiesnet,proceedsfromissuanceofpreferredstock,proceedsfromoperatingactivities,proceedsfromrepaymentsofshorttermdebt,proceedsfromrepurchaseofequity,proceedsfromsaleoftreasurystock,profit_margin,profitloss,propertyplantequipment,report_date,report_type,reported_eps,reportedcurrency,reporttime,researchanddevelopment,retainedearnings,return_on_assets_ttm,return_on_equity_ttm,revenue_growth_yoy,revenue_per_share_ttm,sellinggeneralandadministrative,shortlongtermdebttotal,shorttermdebt,shortterminvestments,sma_200,sma_50,surprise_pct,totalassets,totalcurrentassets,totalcurrentliabilities,totalliabilities,totalnoncurrentassets,totalnoncurrentliabilities,totalrevenue,totalshareholderequity,trailing_pe,treasurystock,week_52_high,week_52_low
1998-09-30,CSGP,,,,,,,,,,,,,,,,,,,,,,,,,,,,,,,,,,,,0.0,,,,,,,,,,,,,,,,,,,,,,,,,,,,,,,,,,,,,,,,,,,,,,,,,,,,1998-09-30,,-0.0121,,pre-market,,,,,,,,,,,,,,,,,,,,,,,,,
1998-12-31,CSGP,,,,,,,,,,,,,,,,,,,,,,,,,,,,,,,,,,,,0.0,,,,,,,,,,,,,,,,,,,,,,,,,,,,,,,,,,,,,,,,,,,,,,,,,,,,1998-12-31,,-0.0173,,pre-market,,,,,,,,,,,,,,,,,,,,,,,,,
1999-03-31,CSGP,,,,,,,,,,,,,,,,,,,,,,,,,,,,,,,,,,,,0.0,,,,,,,,,,,,,,,,,,,,,,,,,,,,,,,,,,,,,,,,,,,,,,,,,,,,1999-03-31,,-0.0225,,pre-market,,,,,,,,,,,,,,,,,,,,,,,,,
1999-06-30,CSGP,,,,,,,,,,,,,,,,,,,,,,,,,,,,,,,,,,,,0.0,,,-0.02,,,,,,,,,,,,,,,,,,,,,,,,,,,,,,,,,,,,,,,,,,,,,,,,,1999-07-28,,-0.02,,pre-market,,,,,,,,,,,,,0.0,,,,,,,,,,,,
1999-09-30,CSGP,,,,,,,,,,,,,,,,,,,,,,,,,,,,,,,,,,,,0.01,,,-0.03,,,,,,,,,,,,,,,,,,,,,,,,,,,,,,,,,,,,,,,,,,,,,,,,,1999-10-19,,-0.02,,pre-market,,,,,,,,,,,,,33.3333,,,,,,,,,,,,
1999-12-31,CSGP,,,,,,,,,,,,,,,,,,,,,,,,,,,,,,,,,,,,0.01,,,-0.04,,,,,,,,,,,,,,,,,,,,,,,,,,,,,,,,,,,,,,,,,,,,,,,,,2000-02-28,,-0.03,,pre-market,,,,,,,,,,,,,25.0,,,,,,,,,,,,
2000-03-31,CSGP,,,,,,,,,,,,,,,,,,,,,,,,,,,,,,,,,,,,-0.05,,,-0.06,,,,,,,,,,,,,,,,,,,,,,,,,,,,,,,,,,,,,,,,,,,,,,,,,2000-06-23,,-0.11,,pre-market,,,,,,,,,,,,,-83.3333,,,,,,,,,,,,
2000-06-30,CSGP,,,,,,,,,,,,,,,,,,,,,,,,,,,,,,,,,,,,0.0,,,-0.08,,,,,,,,,,,,,,,,,,,,,,,,,,,,,,,,,,,,,,,,,,,,,,,,,2000-08-02,,-0.08,,pre-market,,,,,,,,,,,,,0.0,,,,,,,,,,,,
2000-09-30,CSGP,,,,,,,,,,,,,,,,,,,,,,,,,,,,,,,,,,,,0.01,,,-0.06,,,,,,,,,,,,,,,,,,,,,,,,,,,,,,,,,,,,,,,,,,,,,,,,,2000-10-25,,-0.05,,pre-market,,,,,,,,,,,,,16.6667,,,,,,,,,,,,
2000-12-31,CSGP,,,,,,,,,,,,,,,,,,,,,,,,,,,,,,,,,,,,0.01,,,-0.05,,,,,,,,,,,,,,,,,,,,,,,,,,,,,,,,,,,,,,,,,,,,,,,,,2001-02-21,,-0.04,,pre-market,,,,,,,,,,,,,20.0,,,,,,,,,,,,
2001-03-31,CSGP,,,,,,,,,,,,,,,,,,,,,,,,,,,,,,,,,,,,0.0,,,-0.03,,,,,,,,,,,,,,,,,,,,,,,,,,,,,,,,,,,,,,,,,,,,,,,,,2001-04-25,,-0.03,,pre-market,,,,,,,,,,,,,0.0,,,,,,,,,,,,
2001-06-30,CSGP,,,,,,,,,,,,,,,,,,,,,,,,,,,,,,,,,,,,0.0,,,-0.02,,,,,,,,,,,,,,,,,,,,,,,,,,,,,,,,,,,,,,,,,,,,,,,,,2001-07-24,,-0.02,,pre-market,,,,,,,,,,,,,0.0,,,,,,,,,,,,
2001-09-30,CSGP,,,,,,,,,,,,,,,,,,,,,,,,,,,,,,,,,,,,0.0,,,-0.01,,,,,,,,,,,,,,,,,,,,,,,,,,,,,,,,,,,,,,,,,,,,,,,,,2001-10-24,,-0.01,,pre-market,,,,,,,,,,,,,0.0,,,,,,,,,,,,
2001-12-31,CSGP,,,,,,,,,,,,,,,,,,,,,,,,,,,,,,,,,,,,0.0,,,-0.01,,,,,,,,,,,,,,,,,,,,,,,,,,,,,,,,,,,,,,,,,,,,,,,,,2002-02-13,,0.01,,pre-market,,,,,,,,,,,,,0.0,,,,,,,,,,,,
2002-03-31,CSGP,,,,,,,,,,,,,,,,,,,,,,,,,,,,,,,,,,,,0.0,,,0.01,,,,,,,,,,,,,,,,,,,,,,,,,,,,,,,,,,,,,,,,,,,,,,,,,2002-04-23,,0.01,,pre-market,,,,,,,,,,,,,0.0,,,,,,,,,,,,
2002-06-30,CSGP,,,,,,,,,,,,,,,,,,,,,,,,,,,,,,,,,,,,0.01,,,0.01,,,,,,,,,,,,,,,,,,,,,,,,,,,,,,,,,,,,,,,,,,,,,,,,,2002-07-23,,0.02,,pre-market,,,,,,,,,,,,,100.0,,,,,,,,,,,,
2002-09-30,CSGP,,,,,,,,,,,,,,,,,,,,,,,,,,,,,,,,,,,,0.01,,,0.02,,,,,,,,,,,,,,,,,,,,,,,,,,,,,,,,,,,,,,,,,,,,,,,,,2002-10-22,,0.03,,pre-market,,,,,,,,,,,,,50.0,,,,,,,,,,,,
2002-12-31,CSGP,,,,,,,,,,,,,,,,,,,,,,,,,,,,,,,,,,,,-0.03,,,0.04,,,,,,,,,,,,,,,,,,,,,,,,,,,,,,,,,,,,,,,,,,,,,,,,,2003-02-18,,0.01,,pre-market,,,,,,,,,,,,,-75.0,,,,,,,,,,,,
2003-03-31,CSGP,,,,,,,,,,,,,,,,,,,,,,,,,,,,,,,,,,,,0.0,,,0.01,,,,,,,,,,,,,,,,,,,,,,,,,,,,,,,,,,,,,,,,,,,,,,,,,2003-04-23,,0.01,,pre-market,,,,,,,,,,,,,0.0,,,,,,,,,,,,
2003-06-30,CSGP,,,,,,,,,,,,,,,,,,,,,,,,,,,,,,,,,,,,0.0,,,0.01,,,,,,,,,,,,,,,,,,,,,,,,,,,,,,,,,,,,,,,,,,,,,,,,,2003-07-22,,0.01,,pre-market,,,,,,,,,,,,,0.0,,,,,,,,,,,,
2003-09-30,CSGP,,,,,,,,,,,,,,,,,,,,,,,,,,,,,,,,,,,,0.0,,,0.01,,,,,,,,,,,,,,,,,,,,,,,,,,,,,,,,,,,,,,,,,,,,,,,,,2003-10-14,,0.01,,pre-market,,,,,,,,,,,,,0.0,,,,,,,,,,,,
2003-12-31,CSGP,,,,,,,,,,,,,,,,,,,,,,,,,,,,,,,,,,,,0.01,,,0.01,,,,,,,,,,,,,,,,,,,,,,,,,,,,,,,,,,,,,,,,,,,,,,,,,2004-02-17,,0.02,,pre-market,,,,,,,,,,,,,100.0,,,,,,,,,,,,
2004-03-31,CSGP,,,,,,,,,,,,,,,,,,,,,,,,,,,,,,,,,,,,-0.01,,,0.02,,,,,,,,,,,,,,,,,,,,,,,,,,,,,,,,,,,,,,,,,,,,,,,,,2004-04-20,,0.01,,pre-market,,,,,,,,,,,,,-50.0,,,,,,,,,,,,
2004-06-30,CSGP,,,,,,,,,,,,,,,,,,,,,,,,,,,,,,,,,,,,-0.01,,,0.02,,,,,,,,,,,,,,,,,,,,,,,,,,,,,,,,,,,,,,,,,,,,,,,,,2004-07-20,,0.01,,pre-market,,,,,,,,,,,,,-50.0,,,,,,,,,,,,
2004-09-30,CSGP,,,,,,,,,,,,,,,,,,,,,,,,,,,,,,,,,,,,-0.01,,,0.02,,,,,,,,,,,,,,,,,,,,,,,,,,,,,,,,,,,,,,,,,,,,,,,,,2004-10-19,,0.01,,pre-market,,,,,,,,,,,,,-50.0,,,,,,,,,,,,
2004-12-31,CSGP,,,,,,,,,,,,,,,,,,,,,,,,,,,,,,,,,,,,0.09,,,0.01,,,,,,,,,,,,,,,,,,,,,,,,,,,,,,,,,,,,,,,,,,,,,,,,,2005-02-16,,0.1,,pre-market,,,,,,,,,,,,,900.0,,,,,,,,,,,,
2005-03-31,CSGP,,,,,,,,,,,,,,,,,,,,,,,,,,,,,,,,,,,,0.0,,,0.01,,,,,,,,,,,,,,,,,,,,,,,,,,,,,,,,,,,,,,,,,,,,,,,,,2005-04-19,,0.01,,pre-market,,,,,,,,,,,,,0.0,,,,,,,,,,,,
2005-06-30,CSGP,,,,,,,,,,,,,,,,,,,,,,,,,,,,,,,,,,,,0.0,,,0.01,,,,,,,,,,,,,,,,,,,,,,,,,,,,,,,,,,,,,,,,,,,,,,,,,2005-07-20,,0.01,,pre-market,,,,,,,,,,,,,0.0,,,,,,,,,,,,
2005-09-30,CSGP,,,,,,,,,,,,,,,,,,,,,,,,,,,,,,,,,,,,0.0,,,0.01,,,,,,,,,,,,,,,,,,,,,,,,,,,,,,,,,,,,,,,,,,,,,,,,,2005-10-19,,0.01,,pre-market,,,,,,,,,,,,,0.0,,,,,,,,,,,,
2005-12-31,CSGP,,,,,,,,,,,,,,,,,,,,,,,,,,,,,,,,,,,,0.01,,,0.01,,,,,,,,,,,,,,,,,,,,,,,,,,,,,,,,,,,,,,,,,,,,,,,,,2006-02-15,,0.02,,pre-market,,,,,,,,,,,,,100.0,,,,,,,,,,,,
2006-03-31,CSGP,,,,,,,,,,,,,,,,,,,,,,,,,,,,,,,,,,,,0.0,,,0.01,,,,,,,,,,,,,,,,,,,,,,,,,,,,,,,,,,,,,,,,,,,,,,,,,2006-04-26,,0.01,,pre-market,,,,,,,,,,,,,0.0,,,,,,,,,,,,
2006-06-30,CSGP,,,,,,,,,,,,,,,,,,,,,,,,,,,,,,,,,,,,0.0,,,0.01,,,,,,,,,,,,,,,,,,,,,,,,,,,,,,,,,,,,,,,,,,,,,,,,,2006-07-26,,0.01,,pre-market,,,,,,,,,,,,,0.0,,,,,,,,,,,,
2006-09-30,CSGP,,,,,,,,,,,,,,,,,,,,,,,,,,,,,,,,,,,,0.01,,,0.02,,,,,,,,,,,,,,,,,,,,,,,,,,,,,,,,,,,,,,,,,,,,,,,,,2006-10-25,,0.03,,pre-market,,,,,,,,,,,,,50.0,,,,,,,,,,,,
2006-12-31,CSGP,,,,,,,,,,,,,,,,,,,,,,,,,,,,,,,,,,,,0.01,,,0.01,,,,,,,,,,,,,,,,,,,,,,,,,,,,,,,,,,,,,,,,,,,,,,,,,2007-02-21,,0.02,,pre-market,,,,,,,,,,,,,100.0,,,,,,,,,,,,
2007-03-31,CSGP,,,,,,,,,,,,,,,,,,,,,,,,,,,,,,,,,,,,0.0,,,0.01,,,,,,,,,,,,,,,,,,,,,,,,,,,,,,,,,,,,,,,,,,,,,,,,,2007-04-25,,0.01,,pre-market,,,,,,,,,,,,,0.0,,,,,,,,,,,,
2007-06-30,CSGP,,,,,,,,,,,,,,,,,,,,,,,,,,,,,,,,,,,,0.0,,,0.01,,,,,,,,,,,,,,,,,,,,,,,,,,,,,,,,,,,,,,,,,,,,,,,,,2007-07-25,,0.01,,pre-market,,,,,,,,,,,,,0.0,,,,,,,,,,,,
2007-09-30,CSGP,,,,,,,,,,,,,,,,,,,,,,,,,,,,,,,,,,,,0.01,,,0.01,,,,,,,,,,,,,,,,,,,,,,,,,,,,,,,,,,,,,,,,,,,,,,,,,2007-10-24,,0.02,,pre-market,,,,,,,,,,,,,100.0,,,,,,,,,,,,
2007-12-31,CSGP,,,,,,,,,,,,,,,,,,,,,,,,,,,,,,,,,,,,0.03,,,0.02,,,,,,,,,,,,,,,,,,,,,,,,,,,,,,,,,,,,,,,,,,,,,,,,,2008-02-20,,0.05,,pre-market,,,,,,,,,,,,,150.0,,,,,,,,,,,,
2008-03-31,CSGP,,,,,,,,,,,,,,,,,,,,,,,,,,,,,,,,,,,,0.01,,,0.02,,,,,,,,,,,,,,,,,,,,,,,,,,,,,,,,,,,,,,,,,,,,,,,,,2008-04-23,,0.03,,pre-market,,,,,,,,,,,,,50.0,,,,,,,,,,,,
2008-06-30,CSGP,,,,,,,,,,,,,,,,,,,,,,,,,,,,,,,,,,,,0.01,,,0.02,,,,,,,,,,,,,,,,,,,,,,,,,,,,,,,,,,,,,,,,,,,,,,,,,2008-07-15,,0.03,,pre-market,,,,,,,,,,,,,50.0,,,,,,,,,,,,
2008-09-30,CSGP,,,,,,,,,,,,,,,,,,,,,,,,,,,,,,,,,,,,0.0,,,0.03,,,,,,,,,,,,,,,,,,,,,,,,,,,,,,,,,,,,,,,,,,,,,,,,,2008-10-29,,0.03,,pre-market,,,,,,,,,,,,,0.0,,,,,,,,,,,,
2008-12-31,CSGP,,,,,,,,,,,,,,,,,,,,,,,,,,,,,,,,,,,,0.01,,,0.03,,,,,,,,,,,,,,,,,,,,,,,,,,,,,,,,,,,,,,,,,,,,,,,,,2009-02-18,,0.04,,pre-market,,,,,,,,,,,,,33.3333,,,,,,,,,,,,
2009-03-31,CSGP,,,,,,,,,,,,,,,,,,,,,,,,,,,,,,,,,,,,0.0,,,0.03,,,,,,,,,,,,,,,,,,,,,,,,,,,,,,,,,,,,,,,,,,,,,,,,,2009-04-22,,0.03,,pre-market,,,,,,,,,,,,,0.0,,,,,,,,,,,,
2009-06-30,CSGP,,,,,,,,,,,,,,,,,,,,,,,,,,,,,,,,,,,,0.0,,,0.02,,,,,,,,,,,,,,,,,,,,,,,,,,,,,,,,,,,,,,,,,,,,,,,,,2009-07-22,,0.02,,pre-market,,,,,,,,,,,,,0.0,,,,,,,,,,,,
2009-09-30,CSGP,,,,,,,,,,,,,,,,,,,,,,,,,,,,,,,,,,,,0.0,,,0.02,,,,,,,,,,,,,,,,,,,,,,,,,,,,,,,,,,,,,,,,,,,,,,,,,2009-10-21,,0.02,,pre-market,,,,,,,,,,,,,0.0,,,,,,,,,,,,
2009-12-31,CSGP,,,,,,,,,,,,,,,,,,,,,,,,,,,,,,,,,,,,0.0,,,0.02,,,,,,,,,,,,,,,,,,,,,,,,,,,,,,,,,,,,,,,,,,,,,,,,,2010-02-24,,0.02,,pre-market,,,,,,,,,,,,,0.0,,,,,,,,,,,,
2010-03-31,CSGP,,,,,,,,,,,,,,,,,,,,,,,,,,,,,,,,,,,,0.0,,,0.01,,,,,,,,,,,,,,,,,,,,,,,,,,,,,,,,,,,,,,,,,,,,,,,,,2010-04-21,,0.01,,pre-market,,,,,,,,,,,,,0.0,,,,,,,,,,,,
2010-06-30,CSGP,,,,,,,,,,,,,,,,,,,,,,,,,,,,,,,,,,,,0.01,,,0.01,,,,,,,,,,,,,,,,,,,,,,,,,,,,,,,,,,,,,,,,,,,,,,,,,2010-07-21,,0.02,,pre-market,,,,,,,,,,,,,100.0,,,,,,,,,,,,
2010-09-30,CSGP,,,,,,,,,,,,,,,,,,,,,,,,,,,,,,,,,,,,0.01,,,0.01,,,,,,,,,,,,,,,,,,,,,,,,,,,,,,,,,,,,,,,,,,,,,,,,,2010-10-20,,0.02,,pre-market,,,,,,,,,,,,,100.0,,,,,,,,,,,,
2010-12-31,CSGP,,,,,,,,,,,,,,,,,,,,,,,,,,,,,,,,,,,,0.0,,,0.02,,,,,,,,,,,,,,,,,,,,,,,,,,,,,,,,,,,,,,,,,,,,,,,,,2011-02-23,,0.02,,pre-market,,,,,,,,,,,,,0.0,,,,,,,,,,,,
2011-03-31,CSGP,,,,,,,,,,,,,,,,,,,,,,,,,,,,,,,,,,,,0.0,,,0.02,,,,,,,,,,,,,,,,,,,,,,,,,,,,,,,,,,,,,,,,,,,,,,,,,2011-04-27,,0.02,,pre-market,,,,,,,,,,,,,0.0,,,,,,,,,,,,
2011-06-30,CSGP,,,,,,,,,,,,,,,,,,,,,,,,,,,,,,,,,,,,-0.02,,,0.03,,,,,,,,,,,,,,,,,,,,,,,,,,,,,,,,,,,,,,,,,,,,,,,,,2011-07-27,,0.01,,pre-market,,,,,,,,,,,,,-66.6667,,,,,,,,,,,,
2011-09-30,CSGP,,,,,,,,,,,,,,,,,,,,,,,,,,,,,,,,,,,,0.0,,,0.03,,,,,,,,,,,,,,,,,,,,,,,,,,,,,,,,,,,,,,,,,,,,,,,,,2011-10-26,,0.01,,pre-market,,,,,,,,,,,,,-66.6667,,,,,,,,,,,,
2011-12-31,CSGP,,,,,,,,,,,,,,,,,,,,,,,,,,,,,,,,,,,,0.01,,,0.01,,,,,,,,,,,,,,,,,,,,,,,,,,,,,,,,,,,,,,,,,,,,,,,,,2012-02-22,,0.02,,pre-market,,,,,,,,,,,,,100.0,,,,,,,,,,,,
2012-03-31,CSGP,,,,,,,,,,,,,,,,,,,,,,,,,,,,,,,,,,,,0.0,,,0.03,,,,,,,,,,,,,,,,,,,,,,,,,,,,,,,,,,,,,,,,,,,,,,,,,2012-04-25,,0.03,,pre-market,,,,,,,,,,,,,0.0,,,,,,,,,,,,
2012-06-30,CSGP,,,,,,,,,,,,,,,,,,,,,,,,,,,,,,,,,,,,0.01,,,0.03,,,,,,,,,,,,,,,,,,,,,,,,,,,,,,,,,,,,,,,,,,,,,,,,,2012-07-25,,0.04,,pre-market,,,,,,,,,,,,,33.3333,,,,,,,,,,,,
2012-09-30,CSGP,,,,,,,,,,,,,,,,,,,,,,,,,,,,,,,,,,,,0.01,,,0.04,,,,,,,,,,,,,,,,,,,,,,,,,,,,,,,,,,,,,,,,,,,,,,,,,2012-10-24,,0.05,,pre-market,,,,,,,,,,,,,25.0,,,,,,,,,,,,
2012-12-31,CSGP,,,,,,,,,,,,,,,,,,,,,,,,,,,,,,,,,,,,0.01,,,0.04,,,,,,,,,,,,,,,,,,,,,,,,,,,,,,,,,,,,,,,,,,,,,,,,,2013-02-27,,0.05,,pre-market,,,,,,,,,,,,,25.0,,,,,,,,,,,,
2013-03-31,CSGP,,,,,,,,,,,,,,,,,,,,,,,,,,,,,,,,,,,,0.01,,,0.04,,,,,,,,,,,,,,,,,,,,,,,,,,,,,,,,,,,,,,,,,,,,,,,,,2013-04-24,,0.05,,pre-market,,,,,,,,,,,,,25.0,,,,,,,,,,,,
2013-06-30,CSGP,,,,,,,,,,,,,,,,,,,,,,,,,,,,,,,,,,,,0.01,,,0.05,,,,,,,,,,,,,,,,,,,,,,,,,,,,,,,,,,,,,,,,,,,,,,,,,2013-07-24,,0.06,,pre-market,,,,,,,,,,,,,20.0,,,,,,,,,,,,
2013-09-30,CSGP,,,,,,,,,,,,,,,,,,,,,,,,,,,,,,,,,,,,0.01,,,0.06,,,,,,,,,,,,,,,,,,,,,,,,,,,,,,,,,,,,,,,,,,,,,,,,,2013-10-23,,0.07,,pre-market,,,,,,,,,,,,,16.6667,,,,,,,,,,,,
2013-12-31,CSGP,,,,,,,,,,,,,,,,,,,,,,,,,,,,,,,,,,,,0.01,,,0.07,,,,,,,,,,,,,,,,,,,,,,,,,,,,,,,,,,,,,,,,,,,,,,,,,2014-02-19,,0.08,,pre-market,,,,,,,,,,,,,14.2857,,,,,,,,,,,,
2014-03-31,CSGP,,,,,,,,,,,,,,,,,,,,,,,,,,,,,,,,,,,,0.01,,,0.06,,,,,,,,,,,,,,,,,,,,,,,,,,,,,,,,,,,,,,,,,,,,,,,,,2014-04-23,,0.07,,pre-market,,,,,,,,,,,,,16.6667,,,,,,,,,,,,
2014-06-30,CSGP,,,,,,,,,,,,,,,,,,,,,,,,,,,,,,,,,,,,0.01,,,0.07,,,,,,,,,,,,,,,,,,,,,,,,,,,,,,,,,,,,,,,,,,,,,,,,,2014-07-23,,0.08,,pre-market,,,,,,,,,,,,,14.2857,,,,,,,,,,,,
2014-09-30,CSGP,,,,,,,,,,,,,,,,,,,,,,,,,,,,,,,,,,,,0.01,,,0.08,,,,,,,,,,,,,,,,,,,,,,,,,,,,,,,,,,,,,,,,,,,,,,,,,2014-10-29,,0.09,,post-market,,,,,,,,,,,,,12.5,,,,,,,,,,,,
2014-12-31,CSGP,,,,,,,,,,,,,,,,,,,,,,,,,,,,,,,,,,,,0.0,,,0.09,,,,,,,,,,,,,,,,,,,,,,,,,,,,,,,,,,,,,,,,,,,,,,,,,2015-02-25,,0.09,,post-market,,,,,,,,,,,,,0.0,,,,,,,,,,,,
2015-03-31,CSGP,,,,,,,,,,,,,,,,,,,,,,,,,,,,,,,,,,,,0.01,,,0.02,,,,,,,,,,,,,,,,,,,,,,,,,,,,,,,,,,,,,,,,,,,,,,,,,2015-04-29,,0.03,,post-market,,,,,,,,,,,,,50.0,,,,,,,,,,,,
2015-06-30,CSGP,,,,,,,,,,,,,,,,,,,,,,,,,,,,,,,,,,,,-0.03,,,0.04,,,,,,,,,,,,,,,,,,,,,,,,,,,,,,,,,,,,,,,,,,,,,,,,,2015-07-29,,0.01,,post-market,,,,,,,,,,,,,-75.0,,,,,,,,,,,,
2015-09-30,CSGP,,,,,,,,,,,,,,,,,,,,,,,,,,,,,,,,,,,,0.01,,,0.04,,,,,,,,,,,,,,,,,,,,,,,,,,,,,,,,,,,,,,,,,,,,,,,,,2015-10-28,,0.05,,post-market,,,,,,,,,,,,,25.0,,,,,,,,,,,,
2015-12-31,CSGP,,,,,,,,,,,,,,,,,,,,,,,,,,,,,,,,,,,,0.03,,,0.08,,,,,,,,,,,,,,,,,,,,,,,,,,,,,,,,,,,,,,,,,,,,,,,,,2016-02-24,,0.11,,post-market,,,,,,,,,,,,,37.5,,,,,,,,,,,,
2016-03-31,CSGP,,,,,,,,,,,,,,,,,,,,,,,,,,,,,,,,,,,,0.03,,,0.07,,,,,,,,,,,,,,,,,,,,,,,,,,,,,,,,,,,,,,,,,,,,,,,,,2016-04-27,,0.1,,post-market,,,,,,,,,,,,,42.8571,,,,,,,,,,,,
2016-06-30,CSGP,,,,,,,,,,,,,,,,,,,,,,,,,,,,,,,,,,,,0.01,,,0.08,,,,,,,,,,,,,,,,,,,,,,,,,,,,,,,,,,,,,,,,,,,,,,,,,2016-07-27,,0.09,,post-market,,,,,,,,,,,,,12.5,,,,,,,,,,,,
2016-09-30,CSGP,,,,,,,,,,,,,,,,,,,,,,,,,,,,,,,,,,,,0.01,,,0.1,,,,,,,,,,,,,,,,,,,,,,,,,,,,,,,,,,,,,,,,,,,,,,,,,2016-10-26,,0.11,,post-market,,,,,,,,,,,,,10.0,,,,,,,,,,,,
2016-12-31,CSGP,,,,,,,,,,,,,,,,,,,,,,,,,,,,,,,,,,,,0.0,,,0.13,,,,,,,,,,,,,,,,,,,,,,,,,,,,,,,,,,,,,,,,,,,,,,,,,2017-02-22,,0.13,,post-market,,,,,,,,,,,,,0.0,,,,,,,,,,,,
2017-03-31,CSGP,,,,,,,,,,,,,,,,,,,,,,,,,,,,,,,,,,,,0.02,,,0.09,,,,,,,,,,,,,,,,,,,,,,,,,,,,,,,,,,,,,,,,,,,,,,,,,2017-04-26,,0.11,,post-market,,,,,,,,,,,,,22.2222,,,,,,,,,,,,
2017-06-30,CSGP,,,,,,,,,,,,,,,,,,,,,,,,,,,,,,,,,,,,0.03,,,0.06,,,,,,,,,,,,,,,,,,,,,,,,,,,,,,,,,,,,,,,,,,,,,,,,,2017-07-26,,0.09,,post-market,,,,,,,,,,,,,50.0,,,,,,,,,,,,
2017-09-30,CSGP,,,,,,,,,,,,,,,,,,,,,,,,,,,,,,,,,,,,0.03,,,0.11,,,,,,,,,,,,,,,,,,,,,,,,,,,,,,,,,,,,,,,,,,,,,,,,,2017-10-25,,0.14,,post-market,,,,,,,,,,,,,27.2727,,,,,,,,,,,,
2017-12-31,CSGP,,,,,,,,,,,,,,,,,,,,,,,,,,,,,,,,,,,,0.01,,,0.12,,,,,,,,,,,,,,,,,,,,,,,,,,,,,,,,,,,,,,,,,,,,,,,,,2018-02-21,,0.13,,post-market,,,,,,,,,,,,,8.3333,,,,,,,,,,,,
2018-03-31,CSGP,,,,,,,,,,,,,,,,,,,,,,,,,,,,,,,,,,,,0.03,,,0.14,,,,,,,,,,,,,,,,,,,,,,,,,,,,,,,,,,,,,,,,,,,,,,,,,2018-04-23,,0.17,,post-market,,,,,,,,,,,,,21.4286,,,,,,,,,,,,
2018-06-30,CSGP,,,,,,,,,,,,,,,,,,,,,,,,,,,,,,,,,,,,0.04,,,0.13,,,,,,,,,,,,,,,,,,,,,,,,,,,,,,,,,,,,,,,,,,,,,,,,,2018-07-24,,0.17,,post-market,,,,,,,,,,,,,30.7692,,,,,,,,,,,,
2018-09-30,CSGP,,,,,,,,,,,,,,,,,,,,,,,,,,,,,,,,,,,,0.01,,,0.21,,,,,,,,,,,,,,,,,,,,,,,,,,,,,,,,,,,,,,,,,,,,,,,,,2018-10-23,,0.22,,post-market,,,,,,,,,,,,,4.7619,,,,,,,,,,,,
2018-12-31,CSGP,,,,,,,,,,,,,,,,,,,,,,,,,,,,,,,,,,,,0.03,,,0.25,,,,,,,,,,,,,,,,,,,,,,,,,,,,,,,,,,,,,,,,,,,,,,,,,2019-02-26,,0.28,,post-market,,,,,,,,,,,,,12.0,,,,,,,,,,,,
2019-03-31,CSGP,,,,,,,,,,,,,,,,,,,,,,,,,,,,,,,,,,,,0.01,,,0.24,,,,,,,,,,,,,,,,,,,,,,,,,,,,,,,,,,,,,,,,,,,,,,,,,2019-04-23,,0.25,,post-market,,,,,,,,,,,,,4.1667,,,,,,,,,,,,
2019-06-30,CSGP,,,,,,,,,,,,,,,,,,,,,,,,,,,,,,,,,,,,0.02,,,0.2,,,,,,,,,,,,,,,,,,,,,,,,,,,,,,,,,,,,,,,,,,,,,,,,,2019-07-23,,0.22,,post-market,,,,,,,,,,,,,10.0,,,,,,,,,,,,
2019-09-30,CSGP,,,,,,,,,,,,,,,,,,,,,,,,,,,,,,,,,,,,0.01,,,0.25,,,,,,,,,,,,,,,,,,,,,,,,,,,,,,,,,,,,,,,,,,,,,,,,,2019-10-22,,0.26,,post-market,,,,,,,,,,,,,4.0,,,,,,,,,,,,
2019-12-31,CSGP,,,,,,,,,,,,,,,,,,,,,,,,,,,,,,,,,,,,0.02,,,0.26,,,,,,,,,,,,,,,,,,,,,,,,,,,,,,,,,,,,,,,,,,,,,,,,,2020-02-25,,0.28,,post-market,,,,,,,,,,,,,7.6923,,,,,,,,,,,,
2020-03-31,CSGP,,,,,,,,,,,,,,,,,,,,,,,,,,,,,,,,,,,,0.01,,,0.23,,,,,,,,,,,,,,,,,,,,,,,,,,,,,,,,,,,,,,,,,,,,,,,,,2020-04-28,,0.24,,post-market,,,,,,,,,,,,,4.3478,,,,,,,,,,,,
2020-06-30,CSGP,,,,,,,,,,,,,,,,,,,,,,,,,,,,,,,,,,,,0.03,,,0.2,,,,,,,,,,,,,,,,,,,,,,,,,,,,,,,,,,,,,,,,,,,,,,,,,2020-07-28,,0.23,,post-market,,,,,,,,,,,,,15.0,,,,,,,,,,,,
2020-09-30,CSGP,,,,,,,,,,,,,,,,,,,,,,,,,,,,,,,,,,,,0.02,,,0.21,,,,,,,,,,,,,,,,,,,,,,,,,,,,,,,,,,,,,,,,,,,,,,,,,2020-10-27,,0.23,,post-market,,,,,,,,,,,,,9.5238,,,,,,,,,,,,
2020-12-31,CSGP,,,,,,,,,,,,,,,,,,,,,,,,,,,,,,,,,,,,0.04,,,0.24,,,,,,,,,,,,,,,,,,,,,,,,,,,,,,,,,,,,,,,,,,,,,,,,,2021-02-23,,0.28,,post-market,,,,,,,,,,,,,16.6667,,,,,,,,,,,,
2021-03-31,CSGP,,,,,,,,,,,,,,,,,,,,,,,,,,,,,,,,,,,,0.04,,,0.24,,,,,,,,,,,,,,,,,,,,,,,,,,,,,,,,,,,,,,,,,,,,,,,,,2021-04-27,,0.28,,post-market,,,,,,,,,,,,,16.6667,,,,,,,,,,,,
2021-06-30,CSGP,,,,,,,,,,,,,,,,,,,,,,,,,,,,,,,,,,,,0.03,,,0.23,,,,,,,,,,,,,,,,,,,,,,,,,,,,,,,,,,,,,,,,,,,,,,,,,2021-07-27,,0.26,,post-market,,,,,,,,,,,,,13.0435,,,,,,,,,,,,
2021-09-30,CSGP,,,,,,,,,,,,,,,,,,,,,,,,,,,,,,,,,,,,0.02,,,0.23,,,,,,,,,,,,,,,,,,,,,,,,,,,,,,,,,,,,,,,,,,,,,,,,,2021-10-26,,0.25,,post-market,,,,,,,,,,,,,8.6957,,,,,,,,,,,,
2021-12-31,CSGP,,,,,,,,,,,,,,,,,,,,,,,,,,,,,,,,,,,,0.06,,,0.29,,,,,,,,,,,,,,,,,,,,,,,,,,,,,,,,,,,,,,,,,,,,,,,,,2022-02-22,,0.35,,post-market,,,,,,,,,,,,,20.6897,,,,,,,,,,,,
2022-03-31,CSGP,,,,,,,,,,,,,,,,,,,,,,,,,,,,,,,,,,,,0.04,,,0.27,,,,,,,,,,,,,,,,,,,,,,,,,,,,,,,,,,,,,,,,,,,,,,,,,2022-04-26,,0.31,,post-market,,,,,,,,,,,,,14.8148,,,,,,,,,,,,
2022-06-30,CSGP,,,,,,,,,,,,,,,,,,,,,,,,,,,,,,,,,,,,0.07,,,0.21,,,,,,,,,,,,,,,,,,,,,,,,,,,,,,,,,,,,,,,,,,,,,,,,,2022-07-26,,0.28,,post-market,,,,,,,,,,,,,33.3333,,,,,,,,,,,,
2022-09-30,CSGP,,,,,,,,,,,,,,,,,,,,,,,,,,,,,,,,,,,,0.06,,,0.24,,,,,,,,,,,,,,,,,,,,,,,,,,,,,,,,,,,,,,,,,,,,,,,,,2022-10-25,,0.3,,post-market,,,,,,,,,,,,,25.0,,,,,,,,,,,,
2022-12-31,CSGP,,,,,,,,,,,,,,,,,,,,,,,,,,,,,,,,,,,,0.02,,,0.36,,,,,,,,,,,,,,,,,,,,,,,,,,,,,,,,,,,,,,,,,,,,,,,,,2023-02-21,,0.38,,post-market,,,,,,,,,,,,,5.5556,,,,,,,,,,,,
2023-03-31,CSGP,,,,,,,,,,,,,,,,,,,,,,,,,,,,,,,,,,,,0.04,,,0.25,,,,,,,,,,,,,,,,,,,,,,,,,,,,,,,,,,,,,,,,,,,,,,,,,2023-04-25,,0.29,,post-market,,,,,,,,,,,,,16.0,,,,,,,,,,,,
2023-06-30,CSGP,,,,,,,,,,,,,,,,,,,,,,,,,,,,,,,,,,,,0.01,,,0.3,,,,,,,,,,,,,,,,,,,,,,,,,,,,,,,,,,,,,,,,,,,,,,,,,2023-07-25,,0.31,,post-market,,,,,,,,,,,,,3.3333,,,,,,,,,,,,
2023-09-30,CSGP,,,,,,,,,,,,,,,,,,,,,,,,,,,,,,,,,,,,0.0,,,0.3,,,,,,,,,,,,,,,,,,,,,,,,,,,,,,,,,,,,,,,,,,,,,,,,,2023-10-24,,0.3,,post-market,,,,,,,,,,,,,0.0,,,,,,,,,,,,
2023-12-31,CSGP,,,,,,,,,,,,,,,,,,,,,,,,,,,,,,,,,,,,0.01,,,0.32,,,,,,,,,,,,,,,,,,,,,,,,,,,,,,,,,,,,,,,,,,,,,,,,,2024-02-20,,0.33,,post-market,,,,,,,,,,,,,3.125,,,,,,,,,,,,
2024-03-31,CSGP,,,,,,,,,,,,,,,,,,,,,,,,,,,,,,,,,,,,0.03,,,0.07,,,,,,,,,,,,,,,,,,,,,,,,,,,,,,,,,,,,,,,,,,,,,,,,,2024-04-23,,0.1,,post-market,,,,,,,,,,,,,42.8571,,,,,,,,,,,,
2024-06-30,CSGP,,,,,,,,,,,,,,,,,,,,,,,,,,,,,,,,,,,,0.06,,,0.09,,,,,,,,,,,,,,,,,,,,,,,,,,,,,,,,,,,,,,,,,,,,,,,,,2024-07-23,,0.15,,post-market,,,,,,,,,,,,,66.6667,,,,,,,,,,,,
2024-09-30,CSGP,,,,,,,,,,,,,,,,,,,,,,,,,,,,,,,,,,,,0.06,,,0.16,,,,,,,,,,,,,,,,,,,,,,,,,,,,,,,,,,,,,,,,,,,,,,,,,2024-10-22,,0.22,,post-market,,,,,,,,,,,,,37.5,,,,,,,,,,,,
2024-12-31,CSGP,,,,,,,,,,,,,,,,,,,,,,,,,,,,,,,,,,,,0.0277,,,0.22,,,,,,,,,,,,,,,,,,,,,,,,,,,,,,,,,,,,,,,,,,,,,,,,,2025-02-18,,0.2477,,post-market,,,,,,,,,,,,,12.5909,,,,,,,,,,,,
2025-03-31,CSGP,,,,,,,,,,,,,,,,,,,,,,,,,,,,,,,,,,,,0.0656,,,0.1276,,,,,,,,,,,,,,,,,,,,,,,,,,,,,,,,,,,,,,,,,,,,,,,,,2025-04-21,,0.1932,,pre-market,,,,,,,,,,,,,51.4107,,,,,,,,,,,,
2025-06-30,CSGP,,,,,,,,,,,,,,,,,,,,,,,,,,,,,,,,,,,,-0.0241,,,0.1941,,,,,,,,,,,,,,,,,,,,,,,,,,,,,,,,,,,,,,,,,,,,,,,,,2025-07-21,,0.17,,pre-market,,,,,,,,,,,,,-12.4163,,,,,,,,,,,,
2025-09-30,CSGP,,,,,,,,,,,,,,,,,,,,,,,,,,,,,,,,,,,,0.05,,,0.18,,,,,,,,,,,,,,,,,,,,,,,,,,,,,,,,,,,,,,,,,,,,,,,,,2025-10-28,,0.23,,pre-market,,,,,,,,,,,,,27.7778,,,,,,,,,,,,
2025-12-28,CSGP,0.06,3056500000.0,1116.83,,0.839,20.34,,,,,,,,,,,,,,,,,,,,,,,,,,,,,-0.789,0.05,,,0.18,,45.25,,2422300000.0,,,,,,,,,,,,,,,,,,,-0.0613,,,,,,,,,,,,,0.867,3.296,9.29,,,,,,,,0.0066,,,2025-10-28,,0.23,,pre-market,,,-0.004,0.0025,0.204,7.38,,,,,79.23,69.17,27.7778,,,,,,,,,1116.83,,97.43,62.0
2025-12-28,CSGP,0.06,3056500000.0,1116.83,,0.839,20.34,,,,,,,,,,,,,,,None,172200000,172200000,,,,,,None,75200000,,,,,-0.789,0.05,-45800000,29400000,0.18,2025-09-30,45.25,,2422300000.0,661400000,-45800000,-14900000,,,None,4400000,26000000,,None,,,,,-30900000,-30900000,26000000,None,-0.0613,,712500000,-51100000,,,,,None,,,,,0.867,3.296,9.29,,,,,,,,0.0066,,,2025-10-28,quarterly,0.23,USD,pre-market,105400000,,-0.004,0.0025,0.204,7.38,157000000,,,,79.23,69.17,27.7778,,,,,,,833600000,,1116.83,,97.43,62.0
2025-12-28,CSGP,0.06,3056500000.0,1116.83,,0.839,20.34,,,,,,,,,,,,,,,None,167800000,167800000,,,,,,None,65500000,,,,,-0.789,0.05,-27200000,38300000,0.18,2025-06-30,45.25,,2422300000.0,613500000,21600000,15400000,,,None,5000000,32500000,,None,,,,,6200000,6200000,32500000,None,-0.0613,,640700000,-27200000,,,,,None,,,,,0.867,3.296,9.29,,,,,,,,0.0066,,,2025-10-28,quarterly,0.23,USD,pre-market,97100000,,-0.004,0.0025,0.204,7.38,122200000,,,,79.23,69.17,27.7778,,,,,,,781300000,,1116.83,,97.43,62.0
2025-12-28,CSGP,0.06,3056500000.0,1116.83,,0.839,20.34,,,,,,,,,,,,,,,None,153300000,153300000,,,,,,None,47300000,,,,,-0.789,0.05,-42800000,4500000,0.18,2025-03-31,45.25,,2422300000.0,578900000,-6700000,8100000,,,None,5700000,None,,None,,,,,-14800000,-14800000,38500000,None,-0.0613,,621700000,-42800000,,,,,None,,,,,0.867,3.296,9.29,,,,,,,,0.0066,,,2025-10-28,quarterly,0.23,USD,pre-market,94500000,,-0.004,0.0025,0.204,7.38,141100000,,,,79.23,69.17,27.7778,,,,,,,732200000,,1116.83,,97.43,62.0
2025-12-28,CSGP,0.06,3056500000.0,1116.83,,0.839,20.34,,,,,,,,,,,,,,,None,140900000,140900000,,,,,,None,39300000,,,,,-0.789,0.05,40000000,79300000,0.18,2024-12-31,45.25,,2422300000.0,568500000,85000000,25200000,,,None,6400000,None,,None,,,,,59800000,59800000,47200000,None,-0.0613,,528500000,40000000,,,,,None,,,,,0.867,3.296,9.29,,,,,,,,0.0066,,,2025-10-28,quarterly,0.23,USD,pre-market,82300000,,-0.004,0.0025,0.204,7.38,124800000,,,,79.23,69.17,27.7778,,,,,,,709400000,,1116.83,,97.43,62.0
2025-12-28,CSGP,0.06,3056500000.0,1116.83,,0.839,20.34,,,,,,,,,,,,,,,None,140600000,140600000,,,,,,None,35500000,,,,,-0.789,0.05,23700000,59200000,0.18,2024-09-30,45.25,,2422300000.0,552000000,77700000,24700000,,,None,6300000,55600000,,None,,,,,53000000,53000000,55600000,None,-0.0613,,528300000,23700000,,,,,None,,,,,0.867,3.296,9.29,,,,,,,,0.0066,,,2025-10-28,quarterly,0.23,USD,pre-market,81000000,,-0.004,0.0025,0.204,7.38,105800000,,,,79.23,69.17,27.7778,,,,,,,692600000,,1116.83,,97.43,62.0
2025-12-28,CSGP,0.06,3056500000.0,1116.83,,0.839,20.34,,,,,,,,,,,,,,,None,135800000,135800000,,,,,,None,38800000,,,,,-0.789,0.05,-16100000,22700000,0.18,2024-06-30,45.25,,2422300000.0,542000000,35900000,16700000,,,None,7400000,53500000,,None,,,,,19200000,19200000,53500000,None,-0.0613,,558100000,-16100000,,,,,None,,,,,0.867,3.296,9.29,,,,,,,,0.0066,,,2025-10-28,quarterly,0.23,USD,pre-market,79600000,,-0.004,0.0025,0.204,7.38,109900000,,,,79.23,69.17,27.7778,,,,,,,677800000,,1116.83,,97.43,62.0
2025-12-28,CSGP,0.06,3056500000.0,1116.83,,0.839,20.34,,,,,,,,,,,,,,,None,141200000,141200000,,,,,,None,33300000,,,,,-0.789,0.05,-42800000,-9500000,0.18,2024-03-31,45.25,,2422300000.0,515200000,11500000,4800000,,,None,7300000,None,,None,,,,,6700000,6700000,56200000,None,-0.0613,,558000000,-42800000,,,,,None,,,,,0.867,3.296,9.29,,,,,,,,0.0066,,,2025-10-28,quarterly,0.23,USD,pre-market,82400000,,-0.004,0.0025,0.204,7.38,98500000,,,,79.23,69.17,27.7778,,,,,,,656400000,,1116.83,,97.43,62.0
2025-12-28,CSGP,0.06,3056500000.0,1116.83,,0.839,20.34,,,,,,,,,,,,,,,None,136276000,136276000,,,,,,None,28685000,,,,,-0.789,0.05,69339000,98024000,0.18,2023-12-31,45.25,,2422300000.0,503783000,132700000,36300000,,,None,7545000,None,,None,,,,,96475000,96475000,59719000,None,-0.0613,,434444000,69339000,,,,,None,,,,,0.867,3.296,9.29,,,,,,,,0.0066,,,2025-10-28,quarterly,0.23,USD,pre-market,69750000,,-0.004,0.0025,0.204,7.38,107058000,,,,79.23,69.17,27.7778,,,,,,,640100000,,1116.83,,97.43,62.0
2025-12-28,CSGP,0.06,3056500000.0,1116.83,,0.839,20.34,,,,,,,,,,,,,,,None,123700000,123700000,,,,,,None,27100000,,,,,-0.789,0.05,61600000,88700000,0.18,2023-09-30,45.25,,2422300000.0,501000000,120481000,29907000,,,None,7225000,58400000,,None,,,,,90574000,90574000,58422000,None,-0.0613,,439400000,61600000,,,,,None,,,,,0.867,3.296,9.29,,,,,,,,0.0066,,,2025-10-28,quarterly,0.23,USD,pre-market,67900000,,-0.004,0.0025,0.204,7.38,94371000,,,,79.23,69.17,27.7778,,,,,,,624669000,,1116.83,,97.43,62.0
2025-12-28,CSGP,0.06,3056500000.0,1116.83,,0.839,20.34,,,,,,,,,,,,,,,None,112400000,112400000,,,,,,None,26100000,,,,,-0.789,0.05,79100000,105200000,0.18,2023-06-30,45.25,,2422300000.0,493500000,131666000,31146000,,,None,8074999,51900000,,None,,,,,100500000,100520000,51911000,None,-0.0613,,414400000,79100000,,,,,609000,,,,,0.867,3.296,9.29,,,,,,,,0.0066,,,2025-10-28,quarterly,0.23,USD,pre-market,63400000,,-0.004,0.0025,0.204,7.38,90563000,,,,79.23,69.17,27.7778,,,,,,,605906000,,1116.83,,97.43,62.0
2025-12-28,CSGP,0.06,3056500000.0,1116.83,,0.839,20.34,,,,,,,,,,,,,,,None,119200000,119200000,,,,,,None,25600000,,,,,-0.789,0.05,72200000,97800000,0.18,2023-03-31,45.25,,2422300000.0,465200000,116300000,29200000,,,None,8555000,None,,None,,,,,87100000,87131000,43548000,None,-0.0613,,393000000,72200000,,,,,581000,,,,,0.867,3.296,9.29,,,,,,,,0.0066,,,2025-10-28,quarterly,0.23,USD,pre-market,66600000,,-0.004,0.0025,0.204,7.38,89500000,,,,79.23,69.17,27.7778,,,,,,,584400000,,1116.83,,97.43,62.0
2025-12-28,CSGP,0.06,3056500000.0,1116.83,,0.839,20.34,,,,,,,,,,,,,,,None,109194000,109194000,,,,,,None,27902000,,,,,-0.789,0.05,127162000,155064000,0.18,2022-12-31,45.25,,2422300000.0,464151000,159535000,35163000,,,None,10352000,None,,None,,,,,124372000,124372000,32586000,None,-0.0613,,336989000,127162000,,,,,-213000,,,,,0.867,3.296,9.29,,,,,,,,0.0066,,,2025-10-28,quarterly,0.23,USD,pre-market,58403000,,-0.004,0.0025,0.204,7.38,92161000,,,,79.23,69.17,27.7778,,,,,,,573345000,,1116.83,,97.43,62.0
2025-12-28,CSGP,0.06,3056500000.0,1116.83,,0.839,20.34,,,,,,,,,,,,,,,None,108364000,108364000,,,,,,None,45856000,,,,,-0.789,0.05,85329000,131185000,0.18,2022-09-30,45.25,,2422300000.0,448557000,97374000,25084000,,,None,10656000,None,,None,,,,,72290000,72290000,10656000,None,-0.0613,,363228000,85329000,,,,,1389000,,,,,0.867,3.296,9.29,,,,,,,,0.0066,,,2025-10-28,quarterly,0.23,USD,pre-market,56912000,,-0.004,0.0025,0.204,7.38,91270000,,,,79.23,69.17,27.7778,,,,,,,556921000,,1116.83,,97.43,62.0
2025-12-28,CSGP,0.06,3056500000.0,1116.83,,0.839,20.34,,,,,,,,,,,,,,,None,100971000,100971000,,,,,,None,31937000,,,,,-0.789,0.05,110183000,142120000,0.18,2022-06-30,45.25,,2422300000.0,435337000,108127000,24654000,,,None,3399000,None,,None,,,,,83473000,83473000,-3399000,None,-0.0613,,325154000,110183000,,,,,1343000,,,,,0.867,3.296,9.29,,,,,,,,0.0066,,,2025-10-28,quarterly,0.23,USD,pre-market,51587000,,-0.004,0.0025,0.204,7.38,77345000,,,,79.23,69.17,27.7778,,,,,,,536308000,,1116.83,,97.43,62.0
2025-12-28,CSGP,0.06,3056500000.0,1116.83,,0.839,20.34,,,,,,,,,,,,,,,None,95479000,95479000,,,,,,None,32190000,,,,,-0.789,0.05,128275000,160465000,0.18,2022-03-31,45.25,,2422300000.0,420346000,121421000,32103000,,,None,7718000,None,,None,,,,,89318000,89318000,-7718000,None,-0.0613,,292071000,128275000,,,,,864000,,,,,0.867,3.296,9.29,,,,,,,,0.0066,,,2025-10-28,quarterly,0.23,USD,pre-market,54021000,,-0.004,0.0025,0.204,7.38,77961000,,,,79.23,69.17,27.7778,,,,,,,515825000,,1116.83,,97.43,62.0
2025-12-28,CSGP,0.06,3056500000.0,1116.83,,0.839,20.34,,,,,,,,,,,,,,,None,86330000,86330000,,,,,,None,37168000,,,,,-0.789,0.05,138042000,175210000,0.18,2021-12-31,45.25,,2422300000.0,420456000,133371000,40471000,,,None,7923000,None,,None,,,,,92900000,92900000,-7923000,None,-0.0613,,280071000,140385000,,,,,909000,,,,,0.867,3.296,9.29,,,,,,,,0.0066,,,2025-10-28,quarterly,0.23,USD,pre-market,52522000,,-0.004,0.0025,0.204,7.38,69964000,,,,79.23,69.17,27.7778,,,,,,,506786000,,1116.83,,97.43,62.0
2025-12-28,CSGP,0.06,3056500000.0,1116.83,,0.839,20.34,,,,,,,,,,,,,,,None,92597000,92597000,,,,,,None,33874000,,,,,-0.789,0.05,89732000,123606000,0.18,2021-09-30,45.25,,2422300000.0,406722000,83335000,19031000,,,None,7943000,None,,None,,,,,64304000,64304000,-7943000,None,-0.0613,,316990000,89732000,,,,,1546000,,,,,0.867,3.296,9.29,,,,,,,,0.0066,,,2025-10-28,quarterly,0.23,USD,pre-market,53143000,,-0.004,0.0025,0.204,7.38,64671000,,,,79.23,69.17,27.7778,,,,,,,499319000,,1116.83,,97.43,62.0
2025-12-28,CSGP,0.06,3056500000.0,1116.83,,0.839,20.34,,,,,,,,,,,,,,,None,89566000,89566000,,,,,,None,33106000,,,,,-0.789,0.05,101858000,134964000,0.18,2021-06-30,45.25,,2422300000.0,390767000,93981000,32833000,,,None,7877000,None,,None,,,,,61148000,61148000,-7877000,None,-0.0613,,289756000,101011000,,,,,847000,,,,,0.867,3.296,9.29,,,,,,,,0.0066,,,2025-10-28,quarterly,0.23,USD,pre-market,48573000,,-0.004,0.0025,0.204,7.38,58226000,,,,79.23,69.17,27.7778,,,,,,,480333000,,1116.83,,97.43,62.0
2025-12-28,CSGP,0.06,3056500000.0,1116.83,,0.839,20.34,,,,,,,,,,,,,,,None,88748000,88748000,,,,,,None,35410000,,,,,-0.789,0.05,101159000,136569000,0.18,2021-03-31,45.25,,2422300000.0,368949000,93281000,19069000,,,None,7878000,None,,None,,,,,74212000,74212000,-7878000,None,-0.0613,,267740000,101209000,,,,,-50000,,,,,0.867,3.296,9.29,,,,,,,,0.0066,,,2025-10-28,quarterly,0.23,USD,pre-market,46784000,,-0.004,0.0025,0.204,7.38,63850000,,,,79.23,69.17,27.7778,,,,,,,457697000,,1116.83,,97.43,62.0
2025-12-28,CSGP,0.06,3056500000.0,1116.83,,0.839,20.34,,,,,,,,,,,,,,,None,78154000,78154000,,,,,,None,33033000,,,,,-0.789,0.05,55210000,88243000,0.18,2020-12-31,45.25,,2422300000.0,366239000,46441000,10652000,,,None,7914000,None,,None,,,,,35789000,35789000,-7913000,None,-0.0613,,311029000,55210000,,,,,-21101000,,,,,0.867,3.296,9.29,,,,,,,,0.0066,,,2025-10-28,quarterly,0.23,USD,pre-market,41573000,,-0.004,0.0025,0.204,7.38,118100000,,,,79.23,69.17,27.7778,,,,,,,444393000,,1116.83,,97.43,62.0
2025-12-28,CSGP,0.06,3056500000.0,1116.83,,0.839,20.34,,,,,,,,,,,,,,,None,77865000,77865000,,,,,,None,31676000,,,,,-0.789,0.05,76471000,108147000,0.18,2020-09-30,45.25,,2422300000.0,347755000,68934000,10748000,,,None,7537000,None,,None,,,,,58186000,58186000,-7537000,None,-0.0613,,270946000,76809000,,,,,-338000,,,,,0.867,3.296,9.29,,,,,,,,0.0066,,,2025-10-28,quarterly,0.23,USD,pre-market,40732000,,-0.004,0.0025,0.204,7.38,65322000,,,,79.23,69.17,27.7778,,,,,,,425620000,,1116.83,,97.43,62.0
2025-12-28,CSGP,0.06,3056500000.0,1116.83,,0.839,20.34,,,,,,,,,,,,,,,None,74040000,74040000,,,,,,None,27979000,,,,,-0.789,0.05,80845000,108824000,0.18,2020-06-30,45.25,,2422300000.0,323119000,77249000,16889000,,,None,3596000,None,,None,,,,,60360000,60360000,-3596000,None,-0.0613,,241800000,81319000,,,,,-474000,,,,,0.867,3.296,9.29,,,,,,,,0.0066,,,2025-10-28,quarterly,0.23,USD,pre-market,39001000,,-0.004,0.0025,0.204,7.38,57403000,,,,79.23,69.17,27.7778,,,,,,,397159000,,1116.83,,97.43,62.0
2025-12-28,CSGP,0.06,3056500000.0,1116.83,,0.839,20.34,,,,,,,,,,,,,,,None,78909000,78909000,,,,,,None,24256000,,,,,-0.789,0.05,75864000,100120000,0.18,2020-03-31,45.25,,2422300000.0,312938000,78356000,5563000,,,None,2026000,4518000,,None,,,,,72793000,72793000,2492000,None,-0.0613,,237074000,75864000,,,,,4518000,,,,,0.867,3.296,9.29,,,,,,,,0.0066,,,2025-10-28,quarterly,0.23,USD,pre-market,41610000,,-0.004,0.0025,0.204,7.38,58873000,,,,79.23,69.17,27.7778,,,,,,,391847000,,1116.83,,97.43,62.0
2025-12-28,CSGP,0.06,3056500000.0,1116.83,,0.839,20.34,,,,,,,,,,,,,,,None,74996000,74996000,,,,,,None,23930000,,,,,-0.789,0.05,114787000,138717000,0.18,2019-12-31,45.25,,2422300000.0,299730000,114305000,26378000,,,None,482000,13801000,,None,,,,,87927000,87927000,13319000,None,-0.0613,,198744000,100986000,,,,,13801000,,,,,0.867,3.296,9.29,,,,,,,,0.0066,,,2025-10-28,quarterly,0.23,USD,pre-market,36580000,,-0.004,0.0025,0.204,7.38,50797000,,,,79.23,69.17,27.7778,,,,,,,374726000,,1116.83,,97.43,62.0
2025-12-28,CSGP,0.06,3056500000.0,1116.83,,0.839,20.34,,,,,,,,,,,,,,,None,71172000,71172000,,,,,,None,18822000,,,,,-0.789,0.05,94269000,113091000,0.18,2019-09-30,45.25,,2422300000.0,281636000,98923000,20304000,,,None,704000,5358000,,None,,,,,78619000,78619000,4654000,None,-0.0613,,187367000,94269000,,,,,5358000,,,,,0.867,3.296,9.29,,,,,,,,0.0066,,,2025-10-28,quarterly,0.23,USD,pre-market,32639000,,-0.004,0.0025,0.204,7.38,45530000,,,,79.23,69.17,27.7778,,,,,,,352808000,,1116.83,,97.43,62.0
2025-12-28,CSGP,0.06,3056500000.0,1116.83,,0.839,20.34,,,,,,,,,,,,,,,None,71918000,71918000,,,,,,None,18754000,,,,,-0.789,0.05,74800000,93554000,0.18,2019-06-30,45.25,,2422300000.0,271842000,80016000,16768000,,,None,697000,5913000,,None,,,,,63248000,63248000,5216000,None,-0.0613,,197042000,74800000,,,,,5913000,,,,,0.867,3.296,9.29,,,,,,,,0.0066,,,2025-10-28,quarterly,0.23,USD,pre-market,28455000,,-0.004,0.0025,0.204,7.38,42337000,,,,79.23,69.17,27.7778,,,,,,,343760000,,1116.83,,97.43,62.0
2025-12-28,CSGP,0.06,3056500000.0,1116.83,,0.839,20.34,,,,,,,,,,,,,,,None,71153000,71153000,,,,,,None,19659000,,,,,-0.789,0.05,98437000,118096000,0.18,2019-03-31,45.25,,2422300000.0,257272000,97705000,12536000,,,None,732000,4945000,,None,,,,,85169000,85169000,4213000,None,-0.0613,,163780000,93492000,,,,,4945000,,,,,0.867,3.296,9.29,,,,,,,,0.0066,,,2025-10-28,quarterly,0.23,USD,pre-market,27928000,,-0.004,0.0025,0.204,7.38,40076000,,,,79.23,69.17,27.7778,,,,,,,328425000,,1116.83,,97.43,62.0
2025-12-28,CSGP,0.06,3056500000.0,1116.83,,0.839,20.34,,,,,,,,,,,,,,,None,68248000,68248000,,,,,,None,19743000,,,,,-0.789,0.05,110264000,130007000,0.18,2018-12-31,45.25,,2422300000.0,247323000,109569000,26060000,,,None,695000,None,,None,,,,,83509000,83509000,None,None,-0.0613,,141666000,105657000,,,,,4607000,,,,,0.867,3.296,9.29,,,,,,,,0.0066,,,2025-10-28,quarterly,0.23,USD,pre-market,25580000,,-0.004,0.0025,0.204,7.38,39001000,,,,79.23,69.17,27.7778,,,,,,,315571000,,1116.83,,97.43,62.0
2025-12-28,CSGP,0.06,3056500000.0,1116.83,,0.839,20.34,,,,,,,,,,,,,,,None,72072000,72072000,,,,,,None,20433000,,,,,-0.789,0.05,73723000,94156000,0.18,2018-09-30,45.25,,2422300000.0,233453000,73006000,14247000,,,None,717000,None,,None,,,,,58759000,58759000,None,None,-0.0613,,162765000,70688000,,,,,3035000,,,,,0.867,3.296,9.29,,,,,,,,0.0066,,,2025-10-28,quarterly,0.23,USD,pre-market,26173000,,-0.004,0.0025,0.204,7.38,39012000,,,,79.23,69.17,27.7778,,,,,,,305525000,,1116.83,,97.43,62.0
2025-12-28,CSGP,0.06,3056500000.0,1116.83,,0.839,20.34,,,,,,,,,,,,,,,None,67136000,67136000,,,,,,None,20584000,,,,,-0.789,0.05,46426000,67010000,0.18,2018-06-30,45.25,,2422300000.0,229882000,45698000,1863000,,,None,728000,None,,None,,,,,43835000,43835000,None,None,-0.0613,,186108000,43774000,,,,,2652000,,,,,0.867,3.296,9.29,,,,,,,,0.0066,,,2025-10-28,quarterly,0.23,USD,pre-market,26271000,,-0.004,0.0025,0.204,7.38,38056000,,,,79.23,69.17,27.7778,,,,,,,297018000,,1116.83,,97.43,62.0
2025-12-28,CSGP,0.06,3056500000.0,1116.83,,0.839,20.34,,,,,,,,,,,,,,,None,62477000,62477000,,,,,,None,16983000,,,,,-0.789,0.05,56432000,73415000,0.18,2018-03-31,45.25,,2422300000.0,211241000,55742000,3511000,,,None,690000,None,,None,,,,,52231000,52231000,None,None,-0.0613,,157796000,53445000,,,,,2987000,,,,,0.867,3.296,9.29,,,,,,,,0.0066,,,2025-10-28,quarterly,0.23,USD,pre-market,22913000,,-0.004,0.0025,0.204,7.38,40590000,,,,79.23,69.17,27.7778,,,,,,,273718000,,1116.83,,97.43,62.0
2025-12-28,CSGP,0.06,3056500000.0,1116.83,,0.839,20.34,,,,,,,,,,,,,,,None,58301000,58301000,,,,,,None,15366000,,,,,-0.789,0.05,49425000,64791000,0.18,2017-12-31,45.25,,2422300000.0,195690000,48691000,4487000,,,None,734000,None,,None,,,,,44204000,44204000,None,None,-0.0613,,144932000,50758000,,,,,-1333000,,,,,0.867,3.296,9.29,,,,,,,,0.0066,,,2025-10-28,quarterly,0.23,USD,pre-market,21796000,,-0.004,0.0025,0.204,7.38,41578000,,,,79.23,69.17,27.7778,,,,,,,253991000,,1116.83,,97.43,62.0
2025-12-28,CSGP,0.06,3056500000.0,1116.83,,0.839,20.34,,,,,,,,,,,,,,,None,55483000,55483000,,,,,,None,15119000,,,,,-0.789,0.05,58068000,73187000,0.18,2017-09-30,45.25,,2422300000.0,192050000,55167000,20990000,,,None,2901000,None,,None,,,,,34177000,34177000,None,None,-0.0613,,134537000,57513000,,,,,555000,,,,,0.867,3.296,9.29,,,,,,,,0.0066,,,2025-10-28,quarterly,0.23,USD,pre-market,21536000,,-0.004,0.0025,0.204,7.38,35998000,,,,79.23,69.17,27.7778,,,,,,,247533000,,1116.83,,97.43,62.0
2025-12-28,CSGP,0.06,3056500000.0,1116.83,,0.839,20.34,,,,,,,,,,,,,,,None,55273000,55273000,,,,,,None,15860000,,,,,-0.789,0.05,28488000,44348000,0.18,2017-06-30,45.25,,2422300000.0,181880000,25795000,3611000,,,None,2693000,None,,None,,,,,22184000,22184000,None,None,-0.0613,,153997000,27883000,,,,,605000,,,,,0.867,3.296,9.29,,,,,,,,0.0066,,,2025-10-28,quarterly,0.23,USD,pre-market,23144000,,-0.004,0.0025,0.204,7.38,34557000,,,,79.23,69.17,27.7778,,,,,,,237153000,,1116.83,,97.43,62.0
2025-12-28,CSGP,0.06,3056500000.0,1116.83,,0.839,20.34,,,,,,,,,,,,,,,None,51346000,51346000,,,,,,None,17298000,,,,,-0.789,0.05,38091000,55389000,0.18,2017-03-31,45.25,,2422300000.0,175207000,35405000,13275000,,,None,2686000,None,,None,,,,,22130000,22130000,None,None,-0.0613,,137545000,37662000,,,,,429000,,,,,0.867,3.296,9.29,,,,,,,,0.0066,,,2025-10-28,quarterly,0.23,USD,pre-market,22374000,,-0.004,0.0025,0.204,7.38,33995000,,,,79.23,69.17,27.7778,,,,,,,226553000,,1116.83,,97.43,62.0
2025-12-28,CSGP,0.06,3056500000.0,1116.83,,0.839,20.34,,,,,,,,,,,,,,,None,46013000,46013000,,,,,,None,17124000,,,,,-0.789,0.05,48075000,65199000,0.18,2016-12-31,45.25,,2422300000.0,172298000,45521000,15948000,,,None,2554000,None,,None,,,,,29573000,29573000,None,None,-0.0613,,125409000,46889000,,,,,1186000,,,,,0.867,3.296,9.29,,,,,,,,0.0066,,,2025-10-28,quarterly,0.23,USD,pre-market,19861000,,-0.004,0.0025,0.204,7.38,35022000,,,,79.23,69.17,27.7778,,,,,,,218311000,,1116.83,,97.43,62.0
2025-12-28,CSGP,0.06,3056500000.0,1116.83,,0.839,20.34,,,,,,,,,,,,,,,None,42222000,42222000,,,,,,None,18080000,,,,,-0.789,0.05,39940000,58020000,0.18,2016-09-30,45.25,,2422300000.0,170489000,37442000,14241000,,,None,2498000,None,,None,,,,,23201000,23201000,None,None,-0.0613,,130893000,39596000,,,,,344000,,,,,0.867,3.296,9.29,,,,,,,,0.0066,,,2025-10-28,quarterly,0.23,USD,pre-market,19357000,,-0.004,0.0025,0.204,7.38,30572000,,,,79.23,69.17,27.7778,,,,,,,212711000,,1116.83,,97.43,62.0
2025-12-28,CSGP,0.06,3056500000.0,1116.83,,0.839,20.34,,,,,,,,,,,,,,,None,42679000,42679000,,,,,,None,17440000,,,,,-0.789,0.05,28278000,45718000,0.18,2016-06-30,45.25,,2422300000.0,164190000,25823000,10247000,,,None,2455000,None,,None,,,,,15576000,15576000,None,None,-0.0613,,136071000,28119000,,,,,159000,,,,,0.867,3.296,9.29,,,,,,,,0.0066,,,2025-10-28,quarterly,0.23,USD,pre-market,19547000,,-0.004,0.0025,0.204,7.38,30227000,,,,79.23,69.17,27.7778,,,,,,,206869000,,1116.83,,97.43,62.0
2025-12-28,CSGP,0.06,3056500000.0,1116.83,,0.839,20.34,,,,,,,,,,,,,,,None,42900000,42900000,,,,,,None,17521000,,,,,-0.789,0.05,30385000,47906000,0.18,2016-03-31,45.25,,2422300000.0,156839000,27876000,11155000,,,None,2509000,None,,None,,,,,16721000,16721000,None,None,-0.0613,,126538000,30301000,,,,,84000,,,,,0.867,3.296,9.29,,,,,,,,0.0066,,,2025-10-28,quarterly,0.23,USD,pre-market,17635000,,-0.004,0.0025,0.204,7.38,27476000,,,,79.23,69.17,27.7778,,,,,,,199739000,,1116.83,,97.43,62.0
2025-12-28,CSGP,0.06,3056500000.0,1116.83,,0.839,20.34,,,,,,,,,,,,,,,None,45127000,45127000,,,,,,None,19525000,,,,,-0.789,0.05,35586000,55111000,0.18,2015-12-31,45.25,,2422300000.0,147882000,33235000,10245000,,,None,2351000,None,,None,,,,,22990000,22990000,None,None,-0.0613,,112360000,35522000,,,,,64000,,,,,0.867,3.296,9.29,,,,,,,,0.0066,,,2025-10-28,quarterly,0.23,USD,pre-market,16720000,,-0.004,0.0025,0.204,7.38,29161000,,,,79.23,69.17,27.7778,,,,,,,193009000,,1116.83,,97.43,62.0
2025-12-28,CSGP,0.06,3056500000.0,1116.83,,0.839,20.34,,,,,,,,,,,,,,,None,53728000,53728000,,,,,,None,22520000,,,,,-0.789,0.05,-389000,22131000,0.18,2015-09-30,45.25,,2422300000.0,135350000,-2752000,2610000,,,None,2363000,None,,None,,,,,-5362000,-5362000,None,None,-0.0613,,135781000,-431000,,,,,42000,,,,,0.867,3.296,9.29,,,,,,,,0.0066,,,2025-10-28,quarterly,0.23,USD,pre-market,17048000,,-0.004,0.0025,0.204,7.38,31074000,,,,79.23,69.17,27.7778,,,,,,,189078000,,1116.83,,97.43,62.0
2025-12-28,CSGP,0.06,3056500000.0,1116.83,,0.839,20.34,,,,,,,,,,,,,,,None,44634000,44634000,,,,,,None,18674000,,,,,-0.789,0.05,-19992000,-1318000,0.18,2015-06-30,45.25,,2422300000.0,126023000,-22346000,-7380000,,,None,2354000,None,,None,,,,,-14966000,-14966000,None,None,-0.0613,,146152000,-20129000,,,,,137000,,,,,0.867,3.296,9.29,,,,,,,,0.0066,,,2025-10-28,quarterly,0.23,USD,pre-market,16844000,,-0.004,0.0025,0.204,7.38,29909000,,,,79.23,69.17,27.7778,,,,,,,170657000,,1116.83,,97.43,62.0
2025-12-28,CSGP,0.06,3056500000.0,1116.83,,0.839,20.34,,,,,,,,,,,,,,,None,45396000,45396000,,,,,,None,17813000,,,,,-0.789,0.05,-3213000,14600000,0.18,2015-03-31,45.25,,2422300000.0,113624000,-5556000,571000,,,None,2343000,None,,None,,,,,-6127000,-6127000,None,None,-0.0613,,117131000,-3507000,,,,,294000,,,,,0.867,3.296,9.29,,,,,,,,0.0066,,,2025-10-28,quarterly,0.23,USD,pre-market,15148000,,-0.004,0.0025,0.204,7.38,25363000,,,,79.23,69.17,27.7778,,,,,,,159020000,,1116.83,,97.43,62.0
2025-12-28,CSGP,0.06,3056500000.0,1116.83,,0.839,20.34,,,,,,,,,,,,,,,None,42923000,42923000,,,,,,None,19639000,,,,,-0.789,0.05,23619000,43258000,0.18,2014-12-31,45.25,,2422300000.0,113173000,21204000,7281000,,,None,2415000,None,,None,,,,,13923000,13923000,None,None,-0.0613,,89825000,23348000,,,,,271000,,,,,0.867,3.296,9.29,,,,,,,,0.0066,,,2025-10-28,quarterly,0.23,USD,pre-market,13705000,,-0.004,0.0025,0.204,7.38,27381000,,,,79.23,69.17,27.7778,,,,,,,156096000,,1116.83,,97.43,62.0
2025-12-28,CSGP,0.06,3056500000.0,1116.83,,0.839,20.34,,,,,,,,,,,,,,,None,40932000,40932000,,,,,,None,20212000,,,,,-0.789,0.05,23526000,43738000,0.18,2014-09-30,45.25,,2422300000.0,112124000,20828000,7871000,,,None,2698000,None,,None,,,,,12957000,12957000,None,None,-0.0613,,88644000,23480000,,,,,46000,,,,,0.867,3.296,9.29,,,,,,,,0.0066,,,2025-10-28,quarterly,0.23,USD,pre-market,14227000,,-0.004,0.0025,0.204,7.38,25388000,,,,79.23,69.17,27.7778,,,,,,,153056000,,1116.83,,97.43,62.0
2025-12-28,CSGP,0.06,3056500000.0,1116.83,,0.839,20.34,,,,,,,,,,,,,,,None,39481000,39481000,,,,,,None,20670000,,,,,-0.789,0.05,16971000,37641000,0.18,2014-06-30,45.25,,2422300000.0,108227000,13218000,4969000,,,None,3753000,None,,None,,,,,8249000,8249000,None,None,-0.0613,,91318000,16909000,,,,,62000,,,,,0.867,3.296,9.29,,,,,,,,0.0066,,,2025-10-28,quarterly,0.23,USD,pre-market,15143000,,-0.004,0.0025,0.204,7.38,26250000,,,,79.23,69.17,27.7778,,,,,,,147708000,,1116.83,,97.43,62.0
2025-12-28,CSGP,0.06,3056500000.0,1116.83,,0.839,20.34,,,,,,,,,,,,,,,None,33643000,33643000,,,,,,None,9851000,,,,,-0.789,0.05,17278000,27129000,0.18,2014-03-31,45.25,,2422300000.0,85433000,15663000,5923000,,,None,1615000,None,,None,,,,,9740000,9740000,None,None,-0.0613,,68292000,17141000,,,,,137000,,,,,0.867,3.296,9.29,,,,,,,,0.0066,,,2025-10-28,quarterly,0.23,USD,pre-market,12351000,,-0.004,0.0025,0.204,7.38,24897000,,,,79.23,69.17,27.7778,,,,,,,119076000,,1116.83,,97.43,62.0
2025-12-28,CSGP,0.06,3056500000.0,1116.83,,0.839,20.34,,,,,,,,,,,,,,,None,31754000,31754000,,,,,,None,9821000,,,,,-0.789,0.05,21786000,31607000,0.18,2013-12-31,45.25,,2422300000.0,83856000,20092000,7293000,,,None,1694000,None,,None,,,,,12799000,12799000,None,None,-0.0613,,62157000,21699000,,,,,87000,,,,,0.867,3.296,9.29,,,,,,,,0.0066,,,2025-10-28,quarterly,0.23,USD,pre-market,11605000,,-0.004,0.0025,0.204,7.38,22499000,,,,79.23,69.17,27.7778,,,,,,,115610000,,1116.83,,97.43,62.0
2025-12-28,CSGP,0.06,3056500000.0,1116.83,,0.839,20.34,,,,,,,,,,,,,,,None,31724000,31724000,,,,,,None,10022000,,,,,-0.789,0.05,19822000,29844000,0.18,2013-09-30,45.25,,2422300000.0,80577000,18086000,7034000,,,None,1736000,None,,None,,,,,11052000,11052000,None,None,-0.0613,,60807000,19770000,,,,,52000,,,,,0.867,3.296,9.29,,,,,,,,0.0066,,,2025-10-28,quarterly,0.23,USD,pre-market,11562000,,-0.004,0.0025,0.204,7.38,21940000,,,,79.23,69.17,27.7778,,,,,,,112301000,,1116.83,,97.43,62.0
2025-12-28,CSGP,0.06,3056500000.0,1116.83,,0.839,20.34,,,,,,,,,,,,,,,None,32101000,32101000,,,,,,None,10049000,,,,,-0.789,0.05,15366000,25415000,0.18,2013-06-30,45.25,,2422300000.0,76898000,13608000,5315000,,,None,1758000,None,,None,,,,,8293000,8293000,None,None,-0.0613,,61615000,15283000,,,,,83000,,,,,0.867,3.296,9.29,,,,,,,,0.0066,,,2025-10-28,quarterly,0.23,USD,pre-market,11488000,,-0.004,0.0025,0.204,7.38,22697000,,,,79.23,69.17,27.7778,,,,,,,108999000,,1116.83,,97.43,62.0
2025-12-28,CSGP,0.06,3056500000.0,1116.83,,0.839,20.34,,,,,,,,,,,,,,,None,33606000,33606000,,,,,,None,10166000,,,,,-0.789,0.05,-2494000,7672000,0.18,2013-03-31,45.25,,2422300000.0,70427000,-4249000,-1839000,,,None,1755000,None,,None,,,,,-2410000,-2410000,None,None,-0.0613,,73025000,-2598000,,,,,104000,,,,,0.867,3.296,9.29,,,,,,,,0.0066,,,2025-10-28,quarterly,0.23,USD,pre-market,12102000,,-0.004,0.0025,0.204,7.38,29820000,,,,79.23,69.17,27.7778,,,,,,,104033000,,1116.83,,97.43,62.0
2025-12-28,CSGP,0.06,3056500000.0,1116.83,,0.839,20.34,,,,,,,,,,,,,,,None,31478000,31478000,,,,,,None,10553000,,,,,-0.789,0.05,10431000,20984000,0.18,2012-12-31,45.25,,2422300000.0,68605000,8181000,3467000,,,None,1810000,None,,None,,,,,4714000,4714000,None,None,-0.0613,,58700000,9905000,,,,,3108000,,,,,0.867,3.296,9.29,,,,,,,,0.0066,,,2025-10-28,quarterly,0.23,USD,pre-market,10042000,,-0.004,0.0025,0.204,7.38,17552000,,,,79.23,69.17,27.7778,,,,,,,100083000,,1116.83,,97.43,62.0
2025-12-28,CSGP,0.06,3056500000.0,1116.83,,0.839,20.34,,,,,,,,,,,,,,,None,30882000,30882000,,,,,,None,10695000,,,,,-0.789,0.05,9005000,19700000,0.18,2012-09-30,45.25,,2422300000.0,65119000,7183000,404000,,,None,1822000,None,,None,,,,,6779000,6779000,None,None,-0.0613,,56173000,8946000,,,,,-1763000,,,,,0.867,3.296,9.29,,,,,,,,0.0066,,,2025-10-28,quarterly,0.23,USD,pre-market,9722000,,-0.004,0.0025,0.204,7.38,19617000,,,,79.23,69.17,27.7778,,,,,,,96001000,,1116.83,,97.43,62.0
2025-12-28,CSGP,0.06,3056500000.0,1116.83,,0.839,20.34,,,,,,,,,,,,,,,None,28172000,28172000,,,,,,None,8184000,,,,,-0.789,0.05,118000,8302000,0.18,2012-06-30,45.25,,2422300000.0,57051000,-1082000,5628000,,,None,1200000,None,,None,,,,,-6710000,-6710000,None,None,-0.0613,,57064000,-13000,,,,,-1069000,,,,,0.867,3.296,9.29,,,,,,,,0.0066,,,2025-10-28,quarterly,0.23,USD,pre-market,7977000,,-0.004,0.0025,0.204,7.38,25491000,,,,79.23,69.17,27.7778,,,,,,,85223000,,1116.83,,97.43,62.0
2025-12-28,CSGP,0.06,3056500000.0,1116.83,,0.839,20.34,,,,,,,,,,,,,,,None,24334000,24334000,,,,,,None,3320000,,,,,-0.789,0.05,8852000,12172000,0.18,2012-03-31,45.25,,2422300000.0,44295000,8852000,3720000,,,None,0,None,,None,,,,,5132000,5132000,None,None,-0.0613,,35693000,8602000,,,,,250000,,,,,0.867,3.296,9.29,,,,,,,,0.0066,,,2025-10-28,quarterly,0.23,USD,pre-market,5015000,,-0.004,0.0025,0.204,7.38,14494000,,,,79.23,69.17,27.7778,,,,,,,68629000,,1116.83,,97.43,62.0
2025-12-28,CSGP,0.06,3056500000.0,1116.83,,0.839,20.34,,,,,,,,,,,,,,,None,22014000,22014000,,,,,,None,3209000,,,,,-0.789,0.05,7762000,10971000,0.18,2011-12-31,45.25,,2422300000.0,44150000,7986000,2810000,,,None,0,None,,None,,,,,5176000,0,None,None,-0.0613,,36388000,7762000,,,,,None,,,,,0.867,3.296,9.29,,,,,,,,0.0066,,,2025-10-28,quarterly,0.23,USD,pre-market,4617000,,-0.004,0.0025,0.204,7.38,14987000,,,,79.23,69.17,27.7778,,,,,,,66164000,,1116.83,,97.43,62.0
2025-12-28,CSGP,0.06,3056500000.0,1116.83,,0.839,20.34,,,,,,,,,,,,,,,None,21175000,21175000,,,,,,None,3003000,,,,,-0.789,0.05,3004000,6007000,0.18,2011-09-30,45.25,,2422300000.0,42654000,3198000,887000,,,None,0,None,,None,,,,,2311000,2311000,None,None,-0.0613,,39650000,3004000,,,,,194000,,,,,0.867,3.296,9.29,,,,,,,,0.0066,,,2025-10-28,quarterly,0.23,USD,pre-market,5017000,,-0.004,0.0025,0.204,7.38,16631000,,,,79.23,69.17,27.7778,,,,,,,63829000,,1116.83,,97.43,62.0
2025-12-28,CSGP,0.06,3056500000.0,1116.83,,0.839,20.34,,,,,,,,,,,,,,,None,22412000,22412000,,,,,,None,3208000,,,,,-0.789,0.05,3909000,7117000,0.18,2011-06-30,45.25,,2422300000.0,39715000,4087000,1450000,,,None,0,None,,None,,,,,2637000,2637000,None,None,-0.0613,,35806000,3909000,,,,,178000,,,,,0.867,3.296,9.29,,,,,,,,0.0066,,,2025-10-28,quarterly,0.23,USD,pre-market,5135000,,-0.004,0.0025,0.204,7.38,15845000,,,,79.23,69.17,27.7778,,,,,,,62127000,,1116.83,,97.43,62.0
2025-12-28,CSGP,0.06,3056500000.0,1116.83,,0.839,20.34,,,,,,,,,,,,,,,None,22566000,22566000,,,,,,None,3432000,,,,,-0.789,0.05,7096000,10528000,0.18,2011-03-31,45.25,,2422300000.0,37052000,7298000,2766000,,,None,0,None,,None,,,,,4532000,0,None,None,-0.0613,,29956000,7096000,,,,,None,,,,,0.867,3.296,9.29,,,,,,,,0.0066,,,2025-10-28,quarterly,0.23,USD,pre-market,5268000,,-0.004,0.0025,0.204,7.38,10899000,,,,79.23,69.17,27.7778,,,,,,,59618000,,1116.83,,97.43,62.0
2025-12-28,CSGP,0.06,3056500000.0,1116.83,,0.839,20.34,,,,,,,,,,,,,,,None,21277000,21277000,,,,,,None,3388000,,,,,-0.789,0.05,7047000,10435000,0.18,2010-12-31,45.25,,2422300000.0,36908000,7192000,3425000,,,None,0,None,,None,,,,,3767000,0,None,None,-0.0613,,29861000,7047000,,,,,None,,,,,0.867,3.296,9.29,,,,,,,,0.0066,,,2025-10-28,quarterly,0.23,USD,pre-market,4781000,,-0.004,0.0025,0.204,7.38,10608000,,,,79.23,69.17,27.7778,,,,,,,58185000,,1116.83,,97.43,62.0
2025-12-28,CSGP,0.06,3056500000.0,1116.83,,0.839,20.34,,,,,,,,,,,,,,,None,20762000,20762000,,,,,,None,3307000,,,,,-0.789,0.05,6135000,9442000,0.18,2010-09-30,45.25,,2422300000.0,36382000,6291000,2909000,,,None,0,None,,None,,,,,3382000,0,None,None,-0.0613,,30247000,6135000,,,,,None,,,,,0.867,3.296,9.29,,,,,,,,0.0066,,,2025-10-28,quarterly,0.23,USD,pre-market,4249000,,-0.004,0.0025,0.204,7.38,12441000,,,,79.23,69.17,27.7778,,,,,,,57144000,,1116.83,,97.43,62.0
2025-12-28,CSGP,0.06,3056500000.0,1116.83,,0.839,20.34,,,,,,,,,,,,,,,None,20360000,20360000,,,,,,None,3306000,,,,,-0.789,0.05,4491000,7797000,0.18,2010-06-30,45.25,,2422300000.0,35478000,4687000,1436000,,,None,0,None,,None,,,,,3251000,0,None,None,-0.0613,,30987000,4491000,,,,,None,,,,,0.867,3.296,9.29,,,,,,,,0.0066,,,2025-10-28,quarterly,0.23,USD,pre-market,4123000,,-0.004,0.0025,0.204,7.38,13452000,,,,79.23,69.17,27.7778,,,,,,,55838000,,1116.83,,97.43,62.0
2025-12-28,CSGP,0.06,3056500000.0,1116.83,,0.839,20.34,,,,,,,,,,,,,,,None,21200000,21200000,,,,,,None,3648000,,,,,-0.789,0.05,5102000,8750000,0.18,2010-03-31,45.25,,2422300000.0,33893000,5340000,2451000,,,None,0,None,,None,,,,,2889000,0,None,None,-0.0613,,28791000,5102000,,,,,None,,,,,0.867,3.296,9.29,,,,,,,,0.0066,,,2025-10-28,quarterly,0.23,USD,pre-market,4197000,,-0.004,0.0025,0.204,7.38,11275000,,,,79.23,69.17,27.7778,,,,,,,55093000,,1116.83,,97.43,62.0
2025-12-28,CSGP,0.06,3056500000.0,1116.83,,0.839,20.34,,,,,,,,,,,,,,,None,20927000,20927000,,,,,,None,3934000,,,,,-0.789,0.05,5952000,9886000,0.18,2009-12-31,45.25,,2422300000.0,33708000,6178000,2532000,,,None,0,None,,None,,,,,3646000,0,None,None,-0.0613,,27756000,5952000,,,,,None,,,,,0.867,3.296,9.29,,,,,,,,0.0066,,,2025-10-28,quarterly,0.23,USD,pre-market,4245000,,-0.004,0.0025,0.204,7.38,10663000,,,,79.23,69.17,27.7778,,,,,,,54635000,,1116.83,,97.43,62.0
2025-12-28,CSGP,0.06,3056500000.0,1116.83,,0.839,20.34,,,,,,,,,,,,,,,None,19149000,19149000,,,,,,None,3608000,,,,,-0.789,0.05,6951000,10559000,0.18,2009-09-30,45.25,,2422300000.0,34441000,7214000,2889000,,,None,0,None,,None,,,,,4325000,0,None,None,-0.0613,,27490000,6951000,,,,,None,,,,,0.867,3.296,9.29,,,,,,,,0.0066,,,2025-10-28,quarterly,0.23,USD,pre-market,3454000,,-0.004,0.0025,0.204,7.38,11564000,,,,79.23,69.17,27.7778,,,,,,,53590000,,1116.83,,97.43,62.0
2025-12-28,CSGP,0.06,3056500000.0,1116.83,,0.839,20.34,,,,,,,,,,,,,,,None,16744000,16744000,,,,,,None,3458000,,,,,-0.789,0.05,8191000,11649000,0.18,2009-06-30,45.25,,2422300000.0,33320000,8513000,3897000,,,None,0,None,,None,,,,,4616000,0,None,None,-0.0613,,25129000,8191000,,,,,None,,,,,0.867,3.296,9.29,,,,,,,,0.0066,,,2025-10-28,quarterly,0.23,USD,pre-market,3065000,,-0.004,0.0025,0.204,7.38,11571000,,,,79.23,69.17,27.7778,,,,,,,50064000,,1116.83,,97.43,62.0
2025-12-28,CSGP,0.06,3056500000.0,1116.83,,0.839,20.34,,,,,,,,,,,,,,,None,16894000,16894000,,,,,,None,3676000,,,,,-0.789,0.05,10741000,14417000,0.18,2009-03-31,45.25,,2422300000.0,34476000,11183000,5077000,,,None,0,None,,None,,,,,6106000,0,None,None,-0.0613,,23735000,10741000,,,,,None,,,,,0.867,3.296,9.29,,,,,,,,0.0066,,,2025-10-28,quarterly,0.23,USD,pre-market,3178000,,-0.004,0.0025,0.204,7.38,10450000,,,,79.23,69.17,27.7778,,,,,,,51370000,,1116.83,,97.43,62.0
2025-12-28,CSGP,0.06,3056500000.0,1116.83,,0.839,20.34,,,,,,,,,,,,,,,None,17733000,17733000,,,,,,None,3932000,,,,,-0.789,0.05,12768000,16700000,0.18,2008-12-31,45.25,,2422300000.0,35196000,13550000,6049000,,,None,0,None,,None,,,,,7501000,0,None,None,-0.0613,,22428000,12768000,,,,,None,,,,,0.867,3.296,9.29,,,,,,,,0.0066,,,2025-10-28,quarterly,0.23,USD,pre-market,3082000,,-0.004,0.0025,0.204,7.38,18189000,,,,79.23,69.17,27.7778,,,,,,,52929000,,1116.83,,97.43,62.0
2025-12-28,CSGP,0.06,3056500000.0,1116.83,,0.839,20.34,,,,,,,,,,,,,,,None,17613000,17613000,,,,,,None,4253000,,,,,-0.789,0.05,11280000,15533000,0.18,2008-09-30,45.25,,2422300000.0,36144000,12231000,5586000,,,None,0,None,,None,,,,,6645000,0,None,None,-0.0613,,24864000,11280000,,,,,None,,,,,0.867,3.296,9.29,,,,,,,,0.0066,,,2025-10-28,quarterly,0.23,USD,pre-market,3122000,,-0.004,0.0025,0.204,7.38,20506000,,,,79.23,69.17,27.7778,,,,,,,53757000,,1116.83,,97.43,62.0
2025-12-28,CSGP,0.06,3056500000.0,1116.83,,0.839,20.34,,,,,,,,,,,,,,,None,18341000,18341000,,,,,,None,4334000,,,,,-0.789,0.05,8510000,12844000,0.18,2008-06-30,45.25,,2422300000.0,35137000,9753000,4318000,,,None,0,None,,None,,,,,5435000,0,None,None,-0.0613,,26627000,8510000,,,,,None,,,,,0.867,3.296,9.29,,,,,,,,0.0066,,,2025-10-28,quarterly,0.23,USD,pre-market,3141000,,-0.004,0.0025,0.204,7.38,22220000,,,,79.23,69.17,27.7778,,,,,,,53478000,,1116.83,,97.43,62.0
2025-12-28,CSGP,0.06,3056500000.0,1116.83,,0.839,20.34,,,,,,,,,,,,,,,None,19721000,19721000,,,,,,None,4282000,,,,,-0.789,0.05,7230000,11512000,0.18,2008-03-31,45.25,,2422300000.0,32543000,9168000,4126000,,,None,0,None,,None,,,,,5042000,0,None,None,-0.0613,,25313000,7230000,,,,,None,,,,,0.867,3.296,9.29,,,,,,,,0.0066,,,2025-10-28,quarterly,0.23,USD,pre-market,3414000,,-0.004,0.0025,0.204,7.38,20678000,,,,79.23,69.17,27.7778,,,,,,,52264000,,1116.83,,97.43,62.0
2025-12-28,CSGP,0.06,3056500000.0,1116.83,,0.839,20.34,,,,,,,,,,,,,,,None,20009000,20009000,,,,,,None,4440000,,,,,-0.789,0.05,12333000,16773000,0.18,2007-12-31,45.25,,2422300000.0,30831000,14553000,4841000,,,None,0,None,,None,,,,,9712000,0,None,None,-0.0613,,18498000,12333000,,,,,None,,,,,0.867,3.296,9.29,,,,,,,,0.0066,,,2025-10-28,quarterly,0.23,USD,pre-market,3087000,,-0.004,0.0025,0.204,7.38,21768000,,,,79.23,69.17,27.7778,,,,,,,50840000,,1116.83,,97.43,62.0
2025-12-28,CSGP,0.06,3056500000.0,1116.83,,0.839,20.34,,,,,,,,,,,,,,,None,19551000,19551000,,,,,,None,4116000,,,,,-0.789,0.05,3837000,7953000,0.18,2007-09-30,45.25,,2422300000.0,29789000,5909000,2659000,,,None,0,None,,None,,,,,3250000,0,None,None,-0.0613,,25952000,3837000,,,,,None,,,,,0.867,3.296,9.29,,,,,,,,0.0066,,,2025-10-28,quarterly,0.23,USD,pre-market,3026000,,-0.004,0.0025,0.204,7.38,21598000,,,,79.23,69.17,27.7778,,,,,,,49340000,,1116.83,,97.43,62.0
2025-12-28,CSGP,0.06,3056500000.0,1116.83,,0.839,20.34,,,,,,,,,,,,,,,None,19318000,19318000,,,,,,None,3981000,,,,,-0.789,0.05,246000,4227000,0.18,2007-06-30,45.25,,2422300000.0,28476000,2137000,962000,,,None,0,None,,None,,,,,1175000,0,None,None,-0.0613,,28230000,246000,,,,,None,,,,,0.867,3.296,9.29,,,,,,,,0.0066,,,2025-10-28,quarterly,0.23,USD,pre-market,3270000,,-0.004,0.0025,0.204,7.38,23751000,,,,79.23,69.17,27.7778,,,,,,,47794000,,1116.83,,97.43,62.0
2025-12-28,CSGP,0.06,3056500000.0,1116.83,,0.839,20.34,,,,,,,,,,,,,,,None,17826000,17826000,,,,,,None,3610000,,,,,-0.789,0.05,1436000,5046000,0.18,2007-03-31,45.25,,2422300000.0,27005000,3298000,1484000,,,None,0,None,,None,,,,,1814000,0,None,None,-0.0613,,25569000,1436000,,,,,None,,,,,0.867,3.296,9.29,,,,,,,,0.0066,,,2025-10-28,quarterly,0.23,USD,pre-market,3070000,,-0.004,0.0025,0.204,7.38,21229000,,,,79.23,69.17,27.7778,,,,,,,44831000,,1116.83,,97.43,62.0
2025-12-28,CSGP,0.06,3056500000.0,1116.83,,0.839,20.34,,,,,,,,,,,,,,,None,16599000,16599000,,,,,,None,3183000,,,,,-0.789,0.05,3999000,7182000,0.18,2006-12-31,45.25,,2422300000.0,25499000,5956000,2408000,,,None,0,None,,None,,,,,3548000,0,None,None,-0.0613,,21500000,3999000,,,,,None,,,,,0.867,3.296,9.29,,,,,,,,0.0066,,,2025-10-28,quarterly,0.23,USD,pre-market,3191000,,-0.004,0.0025,0.204,7.38,17426000,,,,79.23,69.17,27.7778,,,,,,,42098000,,1116.83,,97.43,62.0
2025-12-28,CSGP,0.06,3056500000.0,1116.83,,0.839,20.34,,,,,,,,,,,,,,,None,14005000,14005000,,,,,,None,2953000,,,,,-0.789,0.05,5836000,8789000,0.18,2006-09-30,45.25,,2422300000.0,26566000,7688000,2990000,,,None,0,None,,None,,,,,4698000,0,None,None,-0.0613,,20730000,5836000,,,,,None,,,,,0.867,3.296,9.29,,,,,,,,0.0066,,,2025-10-28,quarterly,0.23,USD,pre-market,2835000,,-0.004,0.0025,0.204,7.38,16819000,,,,79.23,69.17,27.7778,,,,,,,40571000,,1116.83,,97.43,62.0
2025-12-28,CSGP,0.06,3056500000.0,1116.83,,0.839,20.34,,,,,,,,,,,,,,,None,12606000,12606000,,,,,,None,2861000,,,,,-0.789,0.05,2398000,5259000,0.18,2006-06-30,45.25,,2422300000.0,26340000,4008000,1704000,,,None,0,None,,None,,,,,2304000,0,None,None,-0.0613,,23942000,2398000,,,,,None,,,,,0.867,3.296,9.29,,,,,,,,0.0066,,,2025-10-28,quarterly,0.23,USD,pre-market,3084000,,-0.004,0.0025,0.204,7.38,7633000,,,,79.23,69.17,27.7778,,,,,,,38946000,,1116.83,,97.43,62.0
2025-12-28,CSGP,0.06,3056500000.0,1116.83,,0.839,20.34,,,,,,,,,,,,,,,None,12926000,12926000,,,,,,None,2813000,,,,,-0.789,0.05,1848000,4661000,0.18,2006-03-31,45.25,,2422300000.0,24348000,3274000,1414000,,,None,0,None,,None,,,,,1860000,0,None,None,-0.0613,,22500000,1848000,,,,,None,,,,,0.867,3.296,9.29,,,,,,,,0.0066,,,2025-10-28,quarterly,0.23,USD,pre-market,2898000,,-0.004,0.0025,0.204,7.38,18494000,,,,79.23,69.17,27.7778,,,,,,,37274000,,1116.83,,97.43,62.0
2025-12-28,CSGP,0.06,3056500000.0,1116.83,,0.839,20.34,,,,,,,,,,,,,,,None,11959000,11959000,,,,,,None,2824000,,,,,-0.789,0.05,4139000,6963000,0.18,2005-12-31,45.25,,2422300000.0,23845000,5339000,2136000,,,None,0,None,,None,,,,,3203000,0,None,None,-0.0613,,19706000,4139000,,,,,None,,,,,0.867,3.296,9.29,,,,,,,,0.0066,,,2025-10-28,quarterly,0.23,USD,pre-market,2666000,,-0.004,0.0025,0.204,7.38,15931000,,,,79.23,69.17,27.7778,,,,,,,35804000,,1116.83,,97.43,62.0
2025-12-28,CSGP,0.06,3056500000.0,1116.83,,0.839,20.34,,,,,,,,,,,,,,,None,11001000,11001000,,,,,,None,2759000,,,,,-0.789,0.05,3189000,5948000,0.18,2005-09-30,45.25,,2422300000.0,23319000,1904000,767000,,,None,0,None,,None,,,,,1137000,0,None,None,-0.0613,,22347000,972000,,,,,None,,,,,0.867,3.296,9.29,,,,,,,,0.0066,,,2025-10-28,quarterly,0.23,USD,pre-market,2580000,,-0.004,0.0025,0.204,7.38,16418000,,,,79.23,69.17,27.7778,,,,,,,34320000,,1116.83,,97.43,62.0
2025-12-28,CSGP,0.06,3056500000.0,1116.83,,0.839,20.34,,,,,,,,,,,,,,,None,558500000,558500000,,,,,,None,146900000,,,,,-0.789,0.05,4700000,151600000,0.18,2024-12-31,45.25,,2422300000.0,2177700000,210100000,71400000,,,None,27400000,None,,None,,,,,138700000,138700000,212500000,None,-0.0613,,2173000000,4700000,,,,,None,,,,,0.867,3.296,9.29,,,,,,,,0.0066,,,2025-10-28,annual,0.23,USD,pre-market,325300000,,-0.004,0.0025,0.204,7.38,439100000,,,,79.23,69.17,27.7778,,,,,,,2736200000,,1116.83,,97.43,62.0
2025-12-28,CSGP,0.06,3056500000.0,1116.83,,0.839,20.34,,,,,,,,,,,,,,,None,491500000,491500000,,,,,,None,107500000,,,,,-0.789,0.05,282300000,389800000,0.18,2023-12-31,45.25,,2422300000.0,1963500000,501300000,126600000,,,None,31400000,None,,None,,,,,374700000,374700000,213600000,None,-0.0613,,1681200000,282300000,,,,,None,,,,,0.867,3.296,9.29,,,,,,,,0.0066,,,2025-10-28,annual,0.23,USD,pre-market,267600000,,-0.004,0.0025,0.204,7.38,381500000,,,,79.23,69.17,27.7778,,,,,,,2455000000,,1116.83,,97.43,62.0
2025-12-28,CSGP,0.06,3056500000.0,1116.83,,0.839,20.34,,,,,,,,,,,,,,,None,414000000,414000000,,,,,,None,137900000,,,,,-0.789,0.05,451000000,588900000,0.18,2022-12-31,45.25,,2422300000.0,1768400000,486457000,117004000,,,None,32125000,None,,None,,,,,369500000,369453000,32125000,None,-0.0613,,1317400000,451000000,,,,,3383000,,,,,0.867,3.296,9.29,,,,,,,,0.0066,,,2025-10-28,annual,0.23,USD,pre-market,220900000,,-0.004,0.0025,0.204,7.38,338737000,,,,79.23,69.17,27.7778,,,,,,,2182399000,,1116.83,,97.43,62.0
2025-12-28,CSGP,0.06,3056500000.0,1116.83,,0.839,20.34,,,,,,,,,,,,,,,None,357200000,357200000,,,,,,None,139558000,,,,,-0.789,0.05,432300000,571858000,0.18,2021-12-31,45.25,,2422300000.0,1586900000,403968000,111404000,,,None,31621000,None,,None,,,,,292600000,292564000,-31621000,None,-0.0613,,1154600000,432300000,,,,,3252000,,,,,0.867,3.296,9.29,,,,,,,,0.0066,,,2025-10-28,annual,0.23,USD,pre-market,201000000,,-0.004,0.0025,0.204,7.38,256711000,,,,79.23,69.17,27.7778,,,,,,,1944135000,,1116.83,,97.43,62.0
2025-12-28,CSGP,0.06,3056500000.0,1116.83,,0.839,20.34,,,,,,,,,,,,,,,None,308968000,308968000,,,,,,None,116944000,,,,,-0.789,0.05,289202000,406146000,0.18,2020-12-31,45.25,,2422300000.0,1350051000,270980000,43852000,,,None,17395000,None,,None,,,,,227128000,227128000,-17395000,None,-0.0613,,1060849000,289202000,,,,,-17395000,,,,,0.867,3.296,9.29,,,,,,,,0.0066,,,2025-10-28,annual,0.23,USD,pre-market,162916000,,-0.004,0.0025,0.204,7.38,299698000,,,,79.23,69.17,27.7778,,,,,,,1659019000,,1116.83,,97.43,62.0
2025-12-28,CSGP,0.06,3056500000.0,1116.83,,0.839,20.34,,,,,,,,,,,,,,,None,289239000,289239000,,,,,,None,81165000,,,,,-0.789,0.05,363547000,444712000,0.18,2019-12-31,45.25,,2422300000.0,1110480000,390949000,75986000,,,None,2615000,30017000,,None,,,,,314963000,314963000,27402000,None,-0.0613,,746933000,363547000,,,,,30017000,,,,,0.867,3.296,9.29,,,,,,,,0.0066,,,2025-10-28,annual,0.23,USD,pre-market,125602000,,-0.004,0.0025,0.204,7.38,178740000,,,,79.23,69.17,27.7778,,,,,,,1399719000,,1116.83,,97.43,62.0
2025-12-28,CSGP,0.06,3056500000.0,1116.83,,0.839,20.34,,,,,,,,,,,,,,,None,269933000,269933000,,,,,,None,77743000,,,,,-0.789,0.05,273564000,351307000,0.18,2018-12-31,45.25,,2422300000.0,921899000,284015000,45681000,,,None,2830000,13281000,,None,,,,,238334000,238334000,10451000,None,-0.0613,,648335000,273564000,,,,,13281000,,,,,0.867,3.296,9.29,,,,,,,,0.0066,,,2025-10-28,annual,0.23,USD,pre-market,100937000,,-0.004,0.0025,0.204,7.38,156659000,,,,79.23,69.17,27.7778,,,,,,,1191832000,,1116.83,,97.43,62.0
2025-12-28,CSGP,0.06,3056500000.0,1116.83,,0.839,20.34,,,,,,,,,,,,,,,None,220403000,220403000,,,,,,None,63643000,,,,,-0.789,0.05,174072000,237715000,0.18,2017-12-31,45.25,,2422300000.0,744827000,165058000,42363000,,,None,9014000,4044000,,None,,,,,122695000,122695000,-4970000,None,-0.0613,,571011000,173816000,,,,,256000,,,,,0.867,3.296,9.29,,,,,,,,0.0066,,,2025-10-28,annual,0.23,USD,pre-market,88850000,,-0.004,0.0025,0.204,7.38,146128000,,,,79.23,69.17,27.7778,,,,,,,965230000,,1116.83,,97.43,62.0
2025-12-28,CSGP,0.06,3056500000.0,1116.83,,0.839,20.34,,,,,,,,,,,,,,,None,173814000,173814000,,,,,,None,70165000,,,,,-0.789,0.05,146678000,216843000,0.18,2016-12-31,45.25,,2422300000.0,663816000,136662000,51591000,,,None,10016000,1773000,,None,,,,,85071000,85071000,-8243000,None,-0.0613,,518911000,144905000,,,,,1773000,,,,,0.867,3.296,9.29,,,,,,,,0.0066,,,2025-10-28,annual,0.23,USD,pre-market,76400000,,-0.004,0.0025,0.204,7.38,123297000,,,,79.23,69.17,27.7778,,,,,,,837630000,,1116.83,,97.43,62.0
2025-12-28,CSGP,0.06,3056500000.0,1116.83,,0.839,20.34,,,,,,,,,,,,,,,None,188885000,188885000,,,,,,None,78532000,,,,,-0.789,0.05,11992000,90524000,0.18,2015-12-31,45.25,,2422300000.0,522879000,2581000,6046000,,,None,9411000,2463000,,None,,,,,-3465000,-3465000,None,None,-0.0613,,511424000,11455000,,,,,537000,,,,,0.867,3.296,9.29,,,,,,,,0.0066,,,2025-10-28,annual,0.23,USD,pre-market,65760000,,-0.004,0.0025,0.204,7.38,115507000,,,,79.23,69.17,27.7778,,,,,,,711764000,,1116.83,,97.43,62.0
2025-12-28,CSGP,0.06,3056500000.0,1116.83,,0.839,20.34,,,,,,,,,,,,,,,None,156979000,156979000,,,,,,None,70372000,,,,,-0.789,0.05,81394000,151766000,0.18,2014-12-31,45.25,,2422300000.0,418957000,70913000,26044000,,,None,10481000,None,,None,,,,,44869000,44869000,None,None,-0.0613,,338079000,80878000,,,,,516000,,,,,0.867,3.296,9.29,,,,,,,,0.0066,,,2025-10-28,annual,0.23,USD,pre-market,55426000,,-0.004,0.0025,0.204,7.38,103916000,,,,79.23,69.17,27.7778,,,,,,,575936000,,1116.83,,97.43,62.0
2025-12-28,CSGP,0.06,3056500000.0,1116.83,,0.839,20.34,,,,,,,,,,,,,,,None,129185000,129185000,,,,,,None,40058000,,,,,-0.789,0.05,54480000,94538000,0.18,2013-12-31,45.25,,2422300000.0,311758000,47537000,17803000,,,None,6943000,None,,None,,,,,29734000,29734000,None,None,-0.0613,,257604000,54154000,,,,,326000,,,,,0.867,3.296,9.29,,,,,,,,0.0066,,,2025-10-28,annual,0.23,USD,pre-market,46757000,,-0.004,0.0025,0.204,7.38,96956000,,,,79.23,69.17,27.7778,,,,,,,440943000,,1116.83,,97.43,62.0
2025-12-28,CSGP,0.06,3056500000.0,1116.83,,0.839,20.34,,,,,,,,,,,,,,,None,114866000,114866000,,,,,,None,32752000,,,,,-0.789,0.05,27966000,60718000,0.18,2012-12-31,45.25,,2422300000.0,235070000,23134000,13219000,,,None,4832000,None,,None,,,,,9915000,9915000,None,None,-0.0613,,207630000,27440000,,,,,526000,,,,,0.867,3.296,9.29,,,,,,,,0.0066,,,2025-10-28,annual,0.23,USD,pre-market,32756000,,-0.004,0.0025,0.204,7.38,77154000,,,,79.23,69.17,27.7778,,,,,,,349936000,,1116.83,,97.43,62.0
2025-12-28,CSGP,0.06,3056500000.0,1116.83,,0.839,20.34,,,,,,,,,,,,,,,None,88167000,88167000,,,,,,None,12852000,,,,,-0.789,0.05,22569000,35421000,0.18,2011-12-31,45.25,,2422300000.0,163571000,22569000,7913000,,,None,0,None,,None,,,,,14656000,14656000,None,None,-0.0613,,141800000,21771000,,,,,798000,,,,,0.867,3.296,9.29,,,,,,,,0.0066,,,2025-10-28,annual,0.23,USD,pre-market,20037000,,-0.004,0.0025,0.204,7.38,58362000,,,,79.23,69.17,27.7778,,,,,,,251738000,,1116.83,,97.43,62.0
2025-12-28,CSGP,0.06,3056500000.0,1116.83,,0.839,20.34,,,,,,,,,,,,,,,None,83599000,83599000,,,,,,None,13649000,,,,,-0.789,0.05,23510000,37159000,0.18,2010-12-31,45.25,,2422300000.0,142661000,23510000,10221000,,,None,0,None,,None,,,,,13289000,None,None,None,-0.0613,,119886000,22775000,,,,,None,,,,,0.867,3.296,9.29,,,,,,,,0.0066,,,2025-10-28,annual,0.23,USD,pre-market,17350000,,-0.004,0.0025,0.204,7.38,47776000,,,,79.23,69.17,27.7778,,,,,,,226260000,,1116.83,,97.43,62.0
2025-12-28,CSGP,0.06,3056500000.0,1116.83,,0.839,20.34,,,,,,,,,,,,,,,None,73714000,73714000,,,,,,None,14676000,,,,,-0.789,0.05,31835000,46511000,0.18,2009-12-31,45.25,,2422300000.0,135945000,33088000,14395000,,,None,0,None,,None,,,,,18693000,None,None,None,-0.0613,,104110000,31835000,,,,,None,,,,,0.867,3.296,9.29,,,,,,,,0.0066,,,2025-10-28,annual,0.23,USD,pre-market,13942000,,-0.004,0.0025,0.204,7.38,44248000,,,,79.23,69.17,27.7778,,,,,,,209659000,,1116.83,,97.43,62.0
2025-12-28,CSGP,0.06,3056500000.0,1116.83,,0.839,20.34,,,,,,,,,,,,,,,None,73408000,73408000,,,,,,None,16801000,,,,,-0.789,0.05,39788000,56589000,0.18,2008-12-31,45.25,,2422300000.0,139020000,44702000,20079000,,,None,0,None,,None,,,,,24623000,None,None,None,-0.0613,,99232000,39788000,,,,,None,,,,,0.867,3.296,9.29,,,,,,,,0.0066,,,2025-10-28,annual,0.23,USD,pre-market,12759000,,-0.004,0.0025,0.204,7.38,39888000,,,,79.23,69.17,27.7778,,,,,,,212428000,,1116.83,,97.43,62.0
2025-12-28,CSGP,0.06,3056500000.0,1116.83,,0.839,20.34,,,,,,,,,,,,,,,None,76704000,76704000,,,,,,None,16147000,,,,,-0.789,0.05,17852000,33999000,0.18,2007-12-31,45.25,,2422300000.0,116101000,25897000,9946000,,,None,0,None,,None,,,,,15951000,None,None,None,-0.0613,,98249000,17852000,,,,,None,,,,,0.867,3.296,9.29,,,,,,,,0.0066,,,2025-10-28,annual,0.23,USD,pre-market,12453000,,-0.004,0.0025,0.204,7.38,36569000,,,,79.23,69.17,27.7778,,,,,,,192805000,,1116.83,,97.43,62.0
2025-12-28,CSGP,0.06,3056500000.0,1116.83,,0.839,20.34,,,,,,,,,,,,,,,None,56136000,56136000,,,,,,None,11810000,,,,,-0.789,0.05,14081000,25891000,0.18,2006-12-31,45.25,,2422300000.0,102753000,20926000,8516000,,,None,0,None,,None,,,,,12410000,None,None,None,-0.0613,,88672000,14081000,,,,,None,,,,,0.867,3.296,9.29,,,,,,,,0.0066,,,2025-10-28,annual,0.23,USD,pre-market,12008000,,-0.004,0.0025,0.204,7.38,30707000,,,,79.23,69.17,27.7778,,,,,,,158889000,,1116.83,,97.43,62.0
2025-12-28,CSGP,0.06,3056500000.0,1116.83,,0.839,20.34,,,,,,,,,,,,,,,None,44286000,44286000,,,,,,None,11714000,,,,,-0.789,0.05,9559000,21273000,0.18,2005-12-31,45.25,,2422300000.0,90052000,10797000,4340000,,,None,0,None,,None,,,,,6457000,None,None,None,-0.0613,,82710000,7342000,,,,,None,,,,,0.867,3.296,9.29,,,,,,,,0.0066,,,2025-10-28,annual,0.23,USD,pre-market,10123000,,-0.004,0.0025,0.204,7.38,27550000,,,,79.23,69.17,27.7778,,,,,,,134338000,,1116.83,,97.43,62.0
2025-12-28,CSGP,0.06,3056500000.0,1116.83,None,0.839,20.34,,185100000,2034800000,2034800000,,,,,,,,,4200000,419900000,None,44286000,44286000,46500000,None,None,252500000,None,None,11714000,,,,,-0.789,0.05,9559000,21273000,0.18,2025-09-30,45.25,4915400000,2422300000.0,90052000,10797000,4340000,1844400000,1844400000,None,0,None,6300000,None,None,992900000,None,None,6457000,None,None,None,-0.0613,,82710000,7342000,111500000,484500000,None,None,None,,,,,0.867,3.296,9.29,,,,,,,,0.0066,,None,2025-10-28,quarterly,0.23,USD,pre-market,10123000,2303500000,-0.004,0.0025,0.204,7.38,27550000,1132000000,28400000,None,79.23,69.17,27.7778,10819900000,2405100000,770500000,2196000000,8414800000,1425500000,134338000,8615800000,1116.83,None,97.43,62.0
2025-12-28,CSGP,0.06,3056500000.0,1116.83,None,0.839,20.34,,162000000,3727000000,3727000000,,,,,,,,,4200000,424300000,None,44286000,44286000,51500000,None,None,211100000,None,None,11714000,,,,,-0.789,0.05,9559000,21273000,0.18,2025-06-30,45.25,3689600000,2422300000.0,90052000,10797000,4340000,915600000,915600000,None,0,None,None,None,None,992500000,None,None,6457000,None,None,None,-0.0613,,82710000,7342000,85300000,477700000,None,None,None,,,,,0.867,3.296,9.29,,,,,,,,0.0066,,None,2025-10-28,quarterly,0.23,USD,pre-market,10123000,2334400000,-0.004,0.0025,0.204,7.38,27550000,1105700000,25800000,308100000,79.23,69.17,27.7778,10507100000,4331500000,742400000,1905700000,6175600000,1163300000,134338000,8601400000,1116.83,None,97.43,62.0
2025-12-28,CSGP,0.06,3056500000.0,1116.83,None,0.839,20.34,,149500000,3778200000,3778200000,,,,,,,,,4200000,410500000,None,44286000,44286000,38700000,None,None,213500000,None,None,11714000,,,,,-0.789,0.05,9559000,21273000,0.18,2025-03-31,45.25,3673200000,2422300000.0,90052000,10797000,4340000,957200000,957200000,None,0,None,None,None,None,992200000,None,None,6457000,None,None,None,-0.0613,,82710000,7342000,76000000,447600000,None,None,None,,,,,0.867,3.296,9.29,,,,,,,,0.0066,,None,2025-10-28,quarterly,0.23,USD,pre-market,10123000,2328200000,-0.004,0.0025,0.204,7.38,27550000,1110300000,28200000,285600000,79.23,69.17,27.7778,10428100000,4353300000,724400000,1871900000,6074800000,1147500000,134338000,8556200000,1116.83,None,97.43,62.0
2025-12-28,CSGP,0.06,3056500000.0,1116.83,None,0.839,20.34,,158500000,4681000000,4681000000,,,,,,,,,4100000,408400000,None,44286000,44286000,47000000,None,None,187900000,None,None,11714000,,,,,-0.789,0.05,9559000,21273000,0.18,2024-12-31,45.25,2527600000,2422300000.0,90052000,10797000,4340000,433200000,433200000,None,0,None,None,None,None,991900000,None,None,6457000,None,None,None,-0.0613,,82710000,7342000,81300000,313000000,None,None,None,,,,,0.867,3.296,9.29,,,,,,,,0.0066,,None,2025-10-28,quarterly,0.23,USD,pre-market,10123000,2343000000,-0.004,0.0025,0.204,7.38,27550000,1042400000,32000000,None,79.23,69.17,27.7778,9256800000,4950200000,552300000,1703300000,4306600000,1151000000,134338000,7553500000,1116.83,None,97.43,62.0
2025-12-28,CSGP,0.06,3056500000.0,1116.83,None,0.839,20.34,,118900000,4937600000,4937600000,,,,,,,,,4100000,408000000,None,44286000,44286000,84400000,None,None,184500000,None,None,11714000,,,,,-0.789,0.05,9559000,21273000,0.18,2024-09-30,45.25,2396600000,2422300000.0,90052000,10797000,4340000,324700000,324700000,None,0,None,None,None,None,991500000,None,None,6457000,None,None,None,-0.0613,,82710000,7342000,73000000,293600000,None,None,None,,,,,0.867,3.296,9.29,,,,,,,,0.0066,,None,2025-10-28,quarterly,0.23,USD,pre-market,10123000,2283200000,-0.004,0.0025,0.204,7.38,27550000,1110400000,38900000,None,79.23,69.17,27.7778,9138700000,5195100000,539400000,1647600000,3943600000,1108200000,134338000,7491100000,1116.83,None,97.43,62.0
2025-12-28,CSGP,0.06,3056500000.0,1116.83,None,0.839,20.34,,110800000,4919500000,4919500000,,,,,,,,,4100000,407400000,None,44286000,44286000,101000000,None,None,209500000,None,None,11714000,,,,,-0.789,0.05,9559000,21273000,0.18,2024-06-30,45.25,2383600000,2422300000.0,90052000,10797000,4340000,342500000,342500000,None,0,None,1,None,None,991200000,None,None,6457000,None,None,None,-0.0613,,82710000,7342000,78200000,296500000,None,None,None,,,,,0.867,3.296,9.29,,,,,,,,0.0066,,None,2025-10-28,quarterly,0.23,USD,pre-market,10123000,2230200000,-0.004,0.0025,0.204,7.38,27550000,1102000000,41200000,None,79.23,69.17,27.7778,9067300000,5207200000,561700000,1671600000,3860100000,1109900000,134338000,7395700000,1116.83,None,97.43,62.0
2025-12-28,CSGP,0.06,3056500000.0,1116.83,None,0.839,20.34,,119100000,4951600000,4951600000,,,,,,,,,4100000,407300000,None,44286000,44286000,113600000,None,None,203200000,None,None,11714000,,,,,-0.789,0.05,9559000,21273000,0.18,2024-03-31,45.25,2383700000,2422300000.0,90052000,10797000,4340000,365000000,365000000,None,0,None,1,None,None,990800000,None,None,6457000,None,None,None,-0.0613,,82710000,7342000,61400000,286200000,None,None,None,,,,,0.867,3.296,9.29,,,,,,,,0.0066,,None,2025-10-28,quarterly,0.23,USD,pre-market,10123000,2211000000,-0.004,0.0025,0.204,7.38,27550000,1109900000,44000000,None,79.23,69.17,27.7778,9034500000,5216200000,573800000,1691900000,3818300000,1118100000,134338000,7342600000,1116.83,None,97.43,62.0
2025-12-28,CSGP,0.06,3056500000.0,1116.83,None,0.839,20.34,,119900000,5215900000,5215900000,,,,,,,,,4100000,407500000,None,44286000,44286000,23100000,None,None,195800000,None,None,11714000,,,,,-0.789,0.05,9559000,21273000,0.18,2023-12-31,45.25,2386200000,2422300000.0,90052000,10797000,4340000,313700000,313700000,None,0,None,None,None,None,990500000,None,None,6457000,None,None,None,-0.0613,,82710000,7342000,64400000,280800000,None,None,None,,,,,0.867,3.296,9.29,,,,,,,,0.0066,,None,2025-10-28,quarterly,0.23,USD,pre-market,10123000,2204300000,-0.004,0.0025,0.204,7.38,27550000,1110400000,40000000,None,79.23,69.17,27.7778,8919700000,5476100000,455800000,1581100000,3443600000,1125300000,134338000,7338600000,1116.83,None,97.43,62.0
2025-12-28,CSGP,0.06,3056500000.0,1116.83,None,0.839,20.34,,117687000,5229880000,5229880000,,,,,,,,,4082000,407229000,None,44286000,44286000,25866000,None,None,198430000,None,None,11714000,,,,,-0.789,0.05,9559000,21273000,0.18,2023-09-30,45.25,2315313000,2422300000.0,90052000,10797000,4340000,275095000,275095000,None,0,None,None,None,None,990185000,None,None,6457000,None,None,None,-0.0613,,82710000,7342000,70414000,247366000,None,None,None,,,,,0.867,3.296,9.29,,,,,,,,0.0066,,None,2025-10-28,quarterly,0.23,USD,pre-market,10123000,2107844000,-0.004,0.0025,0.204,7.38,27550000,1107872000,40187000,None,79.23,69.17,27.7778,8771655000,5498724000,413063000,1561493000,3272931000,1148430000,134338000,7210162000,1116.83,None,97.43,62.0
2025-12-28,CSGP,0.06,3056500000.0,1116.83,None,0.839,20.34,,112040000,5205295000,5205295000,,,,,,,,,4081000,406751000,None,44286000,44286000,61546000,None,None,185999000,None,None,11714000,,,,,-0.789,0.05,9559000,21273000,0.18,2023-06-30,45.25,2321205000,2422300000.0,90052000,10797000,4340000,295022000,295022000,None,0,None,1,None,None,989858000,None,2005000,6457000,None,None,None,-0.0613,,82710000,7342000,53590000,216569000,None,16978000,None,,,,,0.867,3.296,9.29,,,,,,,,0.0066,,359455000,2025-10-28,quarterly,0.23,USD,pre-market,10123000,2017270000,-0.004,0.0025,0.204,7.38,27550000,1101898000,40329000,None,79.23,69.17,27.7778,8691674000,5444884000,442775000,1590602000,3246790000,1147827000,134338000,7101072000,1116.83,None,97.43,62.0
2025-12-28,CSGP,0.06,3056500000.0,1116.83,None,0.839,20.34,,108145000,5055646000,5055646000,,,,,,,,,4076000,406200000,None,44286000,44286000,31664000,None,None,181758000,None,None,11714000,,,,,-0.789,0.05,9559000,21273000,0.18,2023-03-31,45.25,2318133000,2422300000.0,90052000,10797000,4340000,312420000,312420000,None,0,None,None,None,None,989533000,None,2005000,6457000,None,None,None,-0.0613,,82710000,7342000,60232000,176021000,None,15295000,None,,,,,0.867,3.296,9.29,,,,,,,,0.0066,,330836000,2025-10-28,quarterly,0.23,USD,pre-market,10123000,1916750000,-0.004,0.0025,0.204,7.38,27550000,1097678000,36050000,None,79.23,69.17,27.7778,8516912000,5297636000,401021000,1551303000,3219276000,1150282000,134338000,6965609000,1116.83,None,97.43,62.0
2025-12-28,CSGP,0.06,3056500000.0,1116.83,None,0.839,20.34,,116370000,4967970000,4967970000,,,,,,,,,4066000,406087000,None,44286000,44286000,28460000,None,None,153900000,None,None,11714000,,,,,-0.789,0.05,9559000,21273000,0.18,2022-12-31,45.25,2314759000,2422300000.0,90052000,10797000,4340000,329306000,329306000,None,0,None,1,None,None,989210000,None,2005000,6457000,None,None,None,-0.0613,,82710000,7342000,63997000,194150000,None,14001000,None,,,,,0.867,3.296,9.29,,,,,,,,0.0066,,321250000,2025-10-28,quarterly,0.23,USD,pre-market,10123000,1829619000,-0.004,0.0025,0.204,7.38,27550000,1105580000,36000000,None,79.23,69.17,27.7778,8402470000,5185867000,372615000,1532349000,3216603000,1159734000,134338000,6870121000,1116.83,None,97.43,62.0
2025-12-28,CSGP,0.06,3056500000.0,1116.83,None,0.839,20.34,,123004000,4774465000,4774465000,,,,,,,,,4065000,396209000,None,44286000,44286000,31435000,None,None,157048000,None,None,11714000,,,,,-0.789,0.05,9559000,21273000,0.18,2022-09-30,45.25,2301739000,2422300000.0,90052000,10797000,4340000,343232000,343232000,None,0,None,None,None,None,988890000,None,2005000,6457000,None,None,None,-0.0613,,82710000,7342000,75074000,160316000,None,14603000,None,,,,,0.867,3.296,9.29,,,,,,,,0.0066,,306319000,2025-10-28,quarterly,0.23,USD,pre-market,10123000,1705247000,-0.004,0.0025,0.204,7.38,27550000,1111894000,34063000,None,79.23,69.17,27.7778,8205863000,5006587000,325906000,1498951000,3199276000,1173045000,134338000,6706912000,1116.83,None,97.43,62.0
2025-12-28,CSGP,0.06,3056500000.0,1116.83,None,0.839,20.34,,131530000,3964116000,3964116000,,,,,,,,,3957000,394478000,None,44286000,44286000,32132000,None,None,161451000,None,None,11714000,,,,,-0.789,0.05,9559000,21273000,0.18,2022-06-30,45.25,2314176000,2422300000.0,90052000,10797000,4340000,385245000,385245000,None,0,None,-6284000,None,None,988572000,None,2005000,6457000,None,None,None,-0.0613,,82710000,7342000,61478000,175713000,None,96104000,None,,,,,0.867,3.296,9.29,,,,,,,,0.0066,,298361000,2025-10-28,quarterly,0.23,USD,pre-market,10123000,1632957000,-0.004,0.0025,0.204,7.38,27550000,1120102000,35426000,7039000,79.23,69.17,27.7778,7420748000,4180761000,349950000,1536395000,3239987000,1186445000,134338000,5884353000,1116.83,None,97.43,62.0
2025-12-28,CSGP,0.06,3056500000.0,1116.83,None,0.839,20.34,,130048000,3929097000,3929097000,,,,,,,,,3956000,394234000,None,44286000,44286000,19191000,None,None,134978000,None,None,11714000,,,,,-0.789,0.05,9559000,21273000,0.18,2022-03-31,45.25,2319785000,2422300000.0,90052000,10797000,4340000,409326000,409326000,None,0,None,1,None,None,988257000,None,11283000,6457000,None,None,None,-0.0613,,82710000,7342000,36183000,138260000,None,97428000,None,,,,,0.867,3.296,9.29,,,,,,,,0.0066,,283718000,2025-10-28,quarterly,0.23,USD,pre-market,10123000,1549484000,-0.004,0.0025,0.204,7.38,27550000,1118305000,32620000,None,79.23,69.17,27.7778,7357442000,4100258000,370195000,1560144000,3257184000,1189949000,134338000,5797298000,1116.83,None,97.43,62.0
2025-12-28,CSGP,0.06,3056500000.0,1116.83,None,0.839,20.34,,133682000,3827126000,3827126000,,,,,,,,,3946000,394532000,None,44286000,44286000,22244000,None,None,124817000,None,None,11714000,,,,,-0.789,0.05,9559000,21273000,0.18,2021-12-31,45.25,2321015000,2422300000.0,90052000,10797000,4340000,435662000,435662000,None,0,None,1,None,None,987944000,None,11283000,6457000,None,None,None,-0.0613,,82710000,7342000,36182000,163470000,None,12496000,None,,,,,0.867,3.296,9.29,,,,,,,,0.0066,,271431000,2025-10-28,quarterly,0.23,USD,pre-market,10123000,1460166000,-0.004,0.0025,0.204,7.38,27550000,1113582000,26268000,None,79.23,69.17,27.7778,7256871000,3988125000,338689000,1545199000,3268746000,1206510000,134338000,5711672000,1116.83,None,97.43,62.0
2025-12-28,CSGP,0.06,3056500000.0,1116.83,None,0.839,20.34,,139034000,3761587000,3761587000,,,,,,,,,3947000,394295000,None,44286000,44286000,17487000,None,None,115651000,None,None,11714000,,,,,-0.789,0.05,9559000,21273000,0.18,2021-09-30,45.25,2293514000,2422300000.0,90052000,10797000,4340000,447900000,447900000,None,0,None,None,None,None,987633000,None,14986000,6457000,None,None,None,-0.0613,,82710000,7342000,37599000,169693000,None,109156000,None,,,,,0.867,3.296,9.29,,,,,,,,0.0066,,344830000,2025-10-28,quarterly,0.23,USD,pre-market,10123000,1367266000,-0.004,0.0025,0.204,7.38,27550000,1118169000,29878000,None,79.23,69.17,27.7778,7131316000,3914837000,321517000,1527893000,3216479000,1206376000,134338000,5603423000,1116.83,None,97.43,62.0
2025-12-28,CSGP,0.06,3056500000.0,1116.83,None,0.839,20.34,,158704000,3674909000,3674909000,,,,,,,,,3948000,394098000,None,44286000,44286000,16376000,None,None,108269000,None,None,11714000,,,,,-0.789,0.05,9559000,21273000,0.18,2021-06-30,45.25,2294452000,2422300000.0,90052000,10797000,4340000,476179000,476179000,None,0,None,1,None,None,987325000,None,14986000,6457000,None,None,None,-0.0613,,82710000,7342000,34753000,165298000,None,129925000,None,,,,,0.867,3.296,9.29,,,,,,,,0.0066,,358415000,2025-10-28,quarterly,0.23,USD,pre-market,10123000,1302962000,-0.004,0.0025,0.204,7.38,27550000,1130550000,28779000,None,79.23,69.17,27.7778,7075614000,3817931000,328678000,1548387000,3257683000,1219709000,134338000,5527227000,1116.83,None,97.43,62.0
2025-12-28,CSGP,0.06,3056500000.0,1116.83,None,0.839,20.34,,134357000,3690296000,3690296000,,,,,,,,,395000,393715000,None,44286000,44286000,16870000,None,None,109798000,None,None,11714000,,,,,-0.789,0.05,9559000,21273000,0.18,2021-03-31,45.25,2210976000,2422300000.0,90052000,10797000,4340000,450341000,450341000,None,0,None,-3349000,None,None,987018000,None,14986000,6457000,None,None,None,-0.0613,,82710000,7342000,25582000,126880000,None,106425000,None,,,,,0.867,3.296,9.29,,,,,,,,0.0066,,239480000,2025-10-28,quarterly,0.23,USD,pre-market,10123000,1241814000,-0.004,0.0025,0.204,7.38,27550000,1103123000,27932000,None,79.23,69.17,27.7778,6941971000,3822327000,290135000,1495046000,3119644000,1204911000,134338000,5446925000,1116.83,None,97.43,62.0
2025-12-28,CSGP,0.06,3056500000.0,1116.83,None,0.839,20.34,,156871000,3693813000,3693813000,,,,,,,,,394000,393950000,None,44286000,44286000,15732000,None,None,103949000,None,None,11714000,,,,,-0.789,0.05,9559000,21273000,0.18,2020-12-31,45.25,2235999000,2422300000.0,90052000,10797000,4340000,426745000,426745000,None,0,None,-62099000,None,None,124223000,None,14986000,6457000,None,None,None,-0.0613,,82710000,7342000,152849000,191303000,None,25282000,None,,,,,0.867,3.296,9.29,,,,,,,,0.0066,,126325000,2025-10-28,quarterly,0.23,USD,pre-market,10123000,1167602000,-0.004,0.0025,0.204,7.38,27550000,1124692000,32648000,None,79.23,69.17,27.7778,6915420000,3888512000,330850000,1540061000,3026908000,1209211000,134338000,5375359000,1116.83,None,97.43,62.0
2025-12-28,CSGP,0.06,3056500000.0,1116.83,None,0.839,20.34,,161101000,3867805000,3867805000,,,,,,,,,393000,394013000,None,44286000,44286000,20266000,None,None,105014000,None,None,11714000,,,,,-0.789,0.05,9559000,21273000,0.18,2020-09-30,45.25,2015079000,2422300000.0,90052000,10797000,4340000,414608000,414608000,None,0,None,None,None,None,986413000,None,14806000,6457000,None,None,None,-0.0613,,82710000,7342000,34414000,118094000,None,129607000,None,,,,,0.867,3.296,9.29,,,,,,,,0.0066,,127280000,2025-10-28,quarterly,0.23,USD,pre-market,10123000,1131813000,-0.004,0.0025,0.204,7.38,27550000,1122938000,31494000,None,79.23,69.17,27.7778,6797325000,4007233000,245111000,1479267000,2790092000,1234156000,134338000,5318058000,1116.83,None,97.43,62.0
2025-12-28,CSGP,0.06,3056500000.0,1116.83,None,0.839,20.34,,162577000,3548405000,3548405000,,,,,,,,,393000,377336000,None,44286000,44286000,26864000,None,None,113667000,None,None,11714000,,,,,-0.789,0.05,9559000,21273000,0.18,2020-06-30,45.25,2009117000,2422300000.0,90052000,10797000,4340000,437550000,437550000,None,0,None,1,None,None,745000000,None,14806000,6457000,None,None,None,-0.0613,,82710000,7342000,28576000,102474000,None,131672000,None,,,,,0.867,3.296,9.29,,,,,,,,0.0066,,104316000,2025-10-28,quarterly,0.23,USD,pre-market,10123000,1073627000,-0.004,0.0025,0.204,7.38,27550000,888387000,30905000,None,79.23,69.17,27.7778,6479030000,3690648000,263365000,1254709000,2788382000,991344000,134338000,5224321000,1116.83,None,97.43,62.0
2025-12-28,CSGP,0.06,3056500000.0,1116.83,None,0.839,20.34,,158378000,1927923000,1927923000,,,,,,,,,367000,367760000,None,44286000,44286000,22486000,None,None,112248000,None,None,11714000,,,,,-0.789,0.05,9559000,21273000,0.18,2020-03-31,45.25,1873987000,2422300000.0,90052000,10797000,4340000,400689000,400689000,None,0,None,None,None,None,130697000,None,14806000,6457000,None,None,None,-0.0613,,82710000,7342000,30219000,89612000,None,20611000,None,,,,,0.867,3.296,9.29,,,,,,,,0.0066,,106409000,2025-10-28,quarterly,0.23,USD,pre-market,10123000,1013267000,-0.004,0.0025,0.204,7.38,27550000,889466000,27681000,None,79.23,69.17,27.7778,4684597000,2070390000,236679000,1221786000,2614207000,985107000,134338000,3462811000,1116.83,None,97.43,62.0
2025-12-28,CSGP,0.06,3056500000.0,1116.83,None,0.839,20.34,,163390000,1070731000,1070731000,,,,,,,,,366000,366740000,None,44286000,44286000,7640000,None,None,92240000,None,None,11714000,,,,,-0.789,0.05,9559000,21273000,0.18,2019-12-31,45.25,1882020000,2422300000.0,90052000,10797000,4340000,421196000,421196000,None,0,None,1,None,None,133720000,None,24978000,6457000,None,None,None,-0.0613,,82710000,7342000,36194000,91767000,None,20521000,None,,,,,0.867,3.296,9.29,,,,,,,,0.0066,,107529000,2025-10-28,quarterly,0.23,USD,pre-market,10123000,940474000,-0.004,0.0025,0.204,7.38,27550000,149823000,29670000,None,79.23,69.17,27.7778,3853986000,1199165000,207056000,448393000,2654821000,241337000,134338000,3405593000,1116.83,None,97.43,62.0
2025-12-28,CSGP,0.06,3056500000.0,1116.83,None,0.839,20.34,,145034000,1389619000,1389619000,,,,,,,,,366000,366520000,None,44286000,44286000,8082000,None,None,91325000,None,None,11714000,,,,,-0.789,0.05,9559000,21273000,0.18,2019-09-30,45.25,1616538000,2422300000.0,90052000,10797000,4340000,259444000,259444000,None,0,None,None,None,None,None,None,24978000,6457000,None,None,None,-0.0613,,82710000,7342000,23778000,93373000,None,135069000,None,,,,,0.867,3.296,9.29,,,,,,,,0.0066,,107989000,2025-10-28,quarterly,0.23,USD,pre-market,10123000,852547000,-0.004,0.0025,0.204,7.38,27550000,137614000,27137000,None,79.23,69.17,27.7778,3715391000,1504722000,198036000,416225000,2210669000,218189000,134338000,3299166000,1116.83,None,97.43,62.0
2025-12-28,CSGP,0.06,3056500000.0,1116.83,None,0.839,20.34,,151372000,1297812000,1297812000,,,,,,,,,366000,366270000,None,44286000,44286000,6996000,None,27097000,95583000,None,None,11714000,,,,,-0.789,0.05,9559000,21273000,0.18,2019-06-30,45.25,1617853000,2422300000.0,90052000,10797000,4340000,272177000,272177000,None,0,None,None,None,None,116494000,None,24978000,6457000,None,None,None,-0.0613,,82710000,7342000,20367000,96326000,None,141815000,None,,,,,0.867,3.296,9.29,,,,,,,,0.0066,,84518000,2025-10-28,quarterly,0.23,USD,pre-market,10123000,773928000,-0.004,0.0025,0.204,7.38,27550000,143591000,27097000,None,79.23,69.17,27.7778,3620598000,1413762000,197260000,416527000,2206836000,219267000,134338000,3204071000,1116.83,None,97.43,62.0
2025-12-28,CSGP,0.06,3056500000.0,1116.83,None,0.839,20.34,,153380000,1232817000,1232817000,,,,,,,,,366000,365670000,None,44286000,44286000,7919000,None,26062000,92841000,None,None,11714000,,,,,-0.789,0.05,9559000,21273000,0.18,2019-03-31,45.25,1612065000,2422300000.0,90052000,10797000,4340000,275750000,275750000,None,0,None,None,None,None,119172000,None,24978000,6457000,None,None,None,-0.0613,,82710000,7342000,20713000,85555000,None,144761000,None,,,,,0.867,3.296,9.29,,,,,,,,0.0066,,85978000,2025-10-28,quarterly,0.23,USD,pre-market,10123000,710680000,-0.004,0.0025,0.204,7.38,27550000,145234000,26062000,None,79.23,69.17,27.7778,3548284000,1346371000,198227000,419670000,2201913000,221443000,134338000,3128614000,1116.83,None,97.43,62.0
2025-12-28,CSGP,0.06,3056500000.0,1116.83,None,0.839,20.34,,None,1100416000,1100416000,,,,,,,,,364000,364740000,None,44286000,44286000,6327000,None,None,89192000,None,None,11714000,,,,,-0.789,0.05,9559000,21273000,0.18,2018-12-31,45.25,1611535000,2422300000.0,90052000,10797000,4340000,288911000,288911000,None,0,None,None,None,None,4000000,None,24978000,6457000,None,None,None,-0.0613,,82710000,7342000,23690000,75409000,None,17386000,None,,,,,0.867,3.296,9.29,,,,,,,,0.0066,,83303000,2025-10-28,quarterly,0.23,USD,pre-market,10123000,613454000,-0.004,0.0025,0.204,7.38,27550000,18288000,14288000,None,79.23,69.17,27.7778,3312957000,1213298000,154159000,291015000,2099659000,136856000,134338000,3021942000,1116.83,None,97.43,62.0
2025-12-28,CSGP,0.06,3056500000.0,1116.83,None,0.839,20.34,,None,1071786000,1071786000,,,,,,,,,364000,365180000,None,44286000,44286000,10114000,None,None,82279000,None,None,11714000,,,,,-0.789,0.05,9559000,21273000,0.18,2018-09-30,45.25,1548976000,2422300000.0,90052000,10797000,4340000,285958000,285958000,None,0,None,1,None,None,0,None,24948000,6457000,None,None,None,-0.0613,,82710000,7342000,25203000,83983000,None,15128000,None,,,,,0.867,3.296,9.29,,,,,,,,0.0066,,81937000,2025-10-28,quarterly,0.23,USD,pre-market,10123000,529945000,-0.004,0.0025,0.204,7.38,27550000,None,1269000,0,79.23,69.17,27.7778,3207222000,1179268000,153470000,278908000,2027954000,125438000,134338000,2928314000,1116.83,0,97.43,62.0
2025-12-28,CSGP,0.06,3056500000.0,1116.83,None,0.839,20.34,,None,966278000,966278000,,,,,,,,,364000,364500000,None,44286000,44286000,9394000,None,None,69984000,None,None,11714000,,,,,-0.789,0.05,9559000,21273000,0.18,2018-06-30,45.25,1549517000,2422300000.0,90052000,10797000,4340000,299611000,299611000,None,0,None,1,None,None,0,None,24948000,6457000,None,None,None,-0.0613,,82710000,7342000,39723000,82936000,None,16046000,None,,,,,0.867,3.296,9.29,,,,,,,,0.0066,,84648000,2025-10-28,quarterly,0.23,USD,pre-market,10123000,471186000,-0.004,0.0025,0.204,7.38,27550000,None,94000,0,79.23,69.17,27.7778,3122574000,1075985000,145920000,271956000,2046589000,126036000,134338000,2850618000,1116.83,0,97.43,62.0
2025-12-28,CSGP,0.06,3056500000.0,1116.83,None,0.839,20.34,,None,931429000,931429000,,,,,,,,,364000,363500000,None,44286000,44286000,7845000,None,None,68914000,None,None,11714000,,,,,-0.789,0.05,9559000,21273000,0.18,2018-03-31,45.25,1551248000,2422300000.0,90052000,10797000,4340000,313861000,313861000,None,0,None,0,None,None,0,None,23051000,6457000,None,None,None,-0.0613,,82710000,7342000,31661000,91684000,None,15476000,None,,,,,0.867,3.296,9.29,,,,,,,,0.0066,,83401000,2025-10-28,quarterly,0.23,USD,pre-market,10123000,427351000,-0.004,0.0025,0.204,7.38,27550000,None,16646000,0,79.23,69.17,27.7778,3095100000,1032004000,165643000,294136000,2063096000,128493000,134338000,2800964000,1116.83,0,97.43,62.0
2025-12-28,CSGP,0.06,3056500000.0,1116.83,None,0.839,20.34,,None,1211463000,1211463000,,,,,,,,,361000,361190000,None,44286000,44286000,9262000,None,None,60900000,None,None,11714000,,,,,-0.789,0.05,9559000,21273000,0.18,2017-12-31,45.25,1283457000,2422300000.0,90052000,10797000,4340000,182892000,182892000,None,0,None,1,None,None,0,None,23051000,6457000,None,None,None,-0.0613,,82710000,7342000,15572000,76297000,None,13354000,None,,,,,0.867,3.296,9.29,,,,,,,,0.0066,,84496000,2025-10-28,quarterly,0.23,USD,pre-market,10123000,320656000,-0.004,0.0025,0.204,7.38,27550000,None,15421000,0,79.23,69.17,27.7778,2873441000,1287935000,146666000,222191000,1585506000,75525000,134338000,2651250000,1116.83,0,97.43,62.0
2025-12-28,CSGP,0.06,3056500000.0,1116.83,None,0.839,20.34,,None,622995000,622995000,,,,,,,,,1762427000,328140000,None,44286000,44286000,11323000,None,36910000,60871000,None,None,11714000,,,,,-0.789,0.05,9559000,21273000,0.18,2017-09-30,45.25,1283190000,2422300000.0,90052000,10797000,4340000,191178000,191178000,None,0,None,0,None,None,268586000,None,9952000,6457000,None,None,None,-0.0613,,82710000,7342000,16215000,67734000,None,3982000,None,,,,,0.867,3.296,9.29,,,,,,,,0.0066,,84326000,2025-10-28,quarterly,0.23,USD,pre-market,10123000,0,-0.004,0.0025,0.204,7.38,27550000,305496000,36910000,0,79.23,69.17,27.7778,2280596000,700081000,176587000,518169000,1580515000,341582000,134338000,1762427000,1116.83,0,97.43,62.0
2025-12-28,CSGP,0.06,3056500000.0,1116.83,None,0.839,20.34,,None,564638000,564638000,,,,,,,,,1716735000,327390000,None,44286000,44286000,16694000,None,304826000,51512000,None,None,11714000,,,,,-0.789,0.05,9559000,21273000,0.18,2017-06-30,45.25,1280271000,2422300000.0,90052000,10797000,4340000,198097000,198097000,None,0,None,1,None,None,282881000,None,9952000,6457000,None,None,None,-0.0613,,82710000,7342000,19837000,62808000,None,753000,None,,,,,0.867,3.296,9.29,,,,,,,,0.0066,,85779000,2025-10-28,quarterly,0.23,USD,pre-market,10123000,0,-0.004,0.0025,0.204,7.38,27550000,304826000,21945000,0,79.23,69.17,27.7778,2220019000,635987000,150901000,503284000,1584032000,352383000,134338000,1716735000,1116.83,0,97.43,62.0
2025-12-28,CSGP,0.06,3056500000.0,1116.83,None,0.839,20.34,,None,572472000,572472000,,,,,,,,,1683762000,325630000,None,44286000,44286000,16947000,None,6961000,49686000,None,None,11714000,,,,,-0.789,0.05,9559000,21273000,0.18,2017-03-31,45.25,1263484000,2422300000.0,90052000,10797000,4340000,191472000,191472000,None,0,None,0,None,None,297150000,None,9952000,6457000,None,None,None,-0.0613,,82710000,7342000,12005000,59325000,None,747000,None,,,,,0.867,3.296,9.29,,,,,,,,0.0066,,85504000,2025-10-28,quarterly,0.23,USD,pre-market,10123000,0,-0.004,0.0025,0.204,7.38,27550000,304111000,6961000,0,79.23,69.17,27.7778,2195155000,634163000,144091000,511393000,1560992000,367302000,134338000,1683762000,1116.83,0,97.43,62.0
2025-12-28,CSGP,0.06,3056500000.0,1116.83,None,0.839,20.34,,None,567223000,567223000,,,,,,,,,326000,324730000,None,44286000,44286000,11478000,None,31866000,48666000,None,None,11714000,,,,,-0.789,0.05,9559000,21273000,0.18,2016-12-31,45.25,1254866000,2422300000.0,90052000,10797000,4340000,195965000,195965000,None,0,None,0,None,None,306473000,None,9952000,6457000,None,None,None,-0.0613,,82710000,7342000,11602000,64895000,None,741000,None,,,,,0.867,3.296,9.29,,,,,,,,0.0066,,87568000,2025-10-28,quarterly,0.23,USD,pre-market,10123000,195799000,-0.004,0.0025,0.204,7.38,27550000,338339000,31866000,0,79.23,69.17,27.7778,2185063000,627491000,154946000,530850000,1557572000,375904000,134338000,1654213000,1116.83,0,97.43,62.0
2025-12-28,CSGP,0.06,3056500000.0,1116.83,None,0.839,20.34,,None,522099000,522099000,,,,,,,,,1618698000,324400000,None,44286000,44286000,9861000,None,21825000,48510000,None,None,11714000,,,,,-0.789,0.05,9559000,21273000,0.18,2016-09-30,45.25,1256353000,2422300000.0,90052000,10797000,4340000,207113000,207113000,None,0,None,1,None,None,315694000,None,9911000,6457000,None,None,None,-0.0613,,82710000,7342000,11663000,65695000,None,7012000,None,,,,,0.867,3.296,9.29,,,,,,,,0.0066,,85366000,2025-10-28,quarterly,0.23,USD,pre-market,10123000,0,-0.004,0.0025,0.204,7.38,27550000,337519000,21825000,1171000,79.23,69.17,27.7778,2152587000,583443000,153459000,533889000,1569144000,380430000,134338000,1618698000,1116.83,0,97.43,62.0
2025-12-28,CSGP,0.06,3056500000.0,1116.83,None,0.839,20.34,,None,464151000,464151000,,,,,,,,,1585941000,324480000,None,44286000,44286000,14038000,None,11812000,46044000,None,None,11714000,,,,,-0.789,0.05,9559000,21273000,0.18,2016-06-30,45.25,1256940000,2422300000.0,90052000,10797000,4340000,218501000,218501000,None,0,None,0,None,None,324910000,None,9906000,6457000,None,None,None,-0.0613,,82710000,7342000,12894000,54112000,None,6805000,None,,,,,0.867,3.296,9.29,,,,,,,,0.0066,,86508000,2025-10-28,quarterly,0.23,USD,pre-market,10123000,0,-0.004,0.0025,0.204,7.38,27550000,336722000,11812000,1130000,79.23,69.17,27.7778,2107234000,524219000,132830000,521293000,1583015000,388463000,134338000,1585941000,1116.83,0,97.43,62.0
2025-12-28,CSGP,0.06,3056500000.0,1116.83,None,0.839,20.34,,None,461720000,461720000,,,,,,,,,1565476000,323820000,None,44286000,44286000,6654000,None,None,47469000,None,None,11714000,,,,,-0.789,0.05,9559000,21273000,0.18,2016-03-31,45.25,1252484000,2422300000.0,90052000,10797000,4340000,226392000,226392000,None,0,None,1,None,None,334146000,None,9944000,6457000,None,None,None,-0.0613,,82710000,7342000,9656000,64677000,None,27345000,None,,,,,0.867,3.296,9.29,,,,,,,,0.0066,,85962000,2025-10-28,quarterly,0.23,USD,pre-market,10123000,0,-0.004,0.0025,0.204,7.38,27550000,350923000,16777000,1092000,79.23,69.17,27.7778,2106013000,519937000,143342000,540537000,1586076000,397195000,134338000,1565476000,1116.83,0,97.43,62.0
2025-12-28,CSGP,0.06,3056500000.0,1116.83,None,0.839,20.34,,None,421818000,421818000,,,,,,,,,325000,322840000,None,44286000,44286000,9673000,None,16746000,40706000,None,None,11714000,,,,,-0.789,0.05,9559000,21273000,0.18,2015-12-31,45.25,1252945000,2422300000.0,90052000,10797000,4340000,238318000,238318000,None,0,None,0,None,None,338366000,None,15507000,6457000,None,None,None,-0.0613,,82710000,7342000,10209000,55822000,None,27931000,None,,,,,0.867,3.296,9.29,,,,,,,,0.0066,,88311000,2025-10-28,quarterly,0.23,USD,pre-market,10123000,110728000,-0.004,0.0025,0.204,7.38,27550000,355112000,16746000,0,79.23,69.17,27.7778,2079571000,472733000,135281000,535791000,1606838000,400510000,134338000,1543780000,1116.83,0,97.43,62.0
2025-12-28,CSGP,0.06,3056500000.0,1116.83,None,0.839,20.34,,None,375509000,375509000,,,,,,,,,1509958000,319800000,None,44286000,44286000,14210000,None,None,51066000,None,None,11714000,,,,,-0.789,0.05,9559000,21273000,0.18,2015-09-30,45.25,1249945000,2422300000.0,90052000,10797000,4340000,250813000,250813000,None,0,None,1,None,None,350000000,None,15507000,6457000,None,None,None,-0.0613,,82710000,7342000,49899000,69469000,None,26671000,None,,,,,0.867,3.296,9.29,,,,,,,,0.0066,,87627000,2025-10-28,quarterly,0.23,USD,pre-market,10123000,0,-0.004,0.0025,0.204,7.38,27550000,370000000,20000000,0,79.23,69.17,27.7778,2090736000,476474000,162918000,580778000,1614262000,417860000,134338000,1509958000,1116.83,0,97.43,62.0
2025-12-28,CSGP,0.06,3056500000.0,1116.83,None,0.839,20.34,,None,351781000,351781000,,,,,,,,,1506153000,319910000,None,44286000,44286000,6778000,None,None,54382000,None,None,11714000,,,,,-0.789,0.05,9559000,21273000,0.18,2015-06-30,45.25,1246789000,2422300000.0,90052000,10797000,4340000,263831000,263831000,None,0,None,0,None,None,355000000,None,16049000,6457000,None,None,None,-0.0613,,82710000,7342000,44185000,68057000,None,27276000,None,,,,,0.867,3.296,9.29,,,,,,,,0.0066,,85442000,2025-10-28,quarterly,0.23,USD,pre-market,10123000,0,-0.004,0.0025,0.204,7.38,27550000,375000000,20000000,0,79.23,69.17,27.7778,2073947000,450348000,141318000,567794000,1623599000,426476000,134338000,1506153000,1116.83,0,97.43,62.0
2025-12-28,CSGP,0.06,3056500000.0,1116.83,None,0.839,20.34,,None,541771000,541771000,,,,,,,,,1514958000,318310000,None,44286000,44286000,6599000,None,None,45699000,None,None,11714000,,,,,-0.789,0.05,9559000,21273000,0.18,2015-03-31,45.25,1137707000,2422300000.0,90052000,10797000,4340000,226699000,226699000,None,0,None,1,None,None,360000000,None,16669000,6457000,None,None,None,-0.0613,,82710000,7342000,40234000,62714000,None,27867000,None,,,,,0.867,3.296,9.29,,,,,,,,0.0066,,79123000,2025-10-28,quarterly,0.23,USD,pre-market,10123000,0,-0.004,0.0025,0.204,7.38,27550000,380000000,20000000,0,79.23,69.17,27.7778,2099701000,627704000,135858000,584743000,1471997000,448885000,134338000,1514958000,1116.83,0,97.43,62.0
2025-12-28,CSGP,0.06,3056500000.0,1116.83,None,0.839,20.34,,None,527012000,527012000,,,,,,,,,323000,321420000,None,44286000,44286000,8608000,None,16665000,39721000,None,None,11714000,,,,,-0.789,0.05,9559000,21273000,0.18,2014-12-31,45.25,1138805000,2422300000.0,90052000,10797000,4340000,241622000,241622000,None,0,None,1,None,None,365000000,None,17151000,6457000,None,None,None,-0.0613,,82710000,7342000,29743000,45453000,None,28465000,None,,,,,0.867,3.296,9.29,,,,,,,,0.0066,,73753000,2025-10-28,quarterly,0.23,USD,pre-market,10123000,114193000,-0.004,0.0025,0.204,7.38,27550000,371801000,16665000,0,79.23,69.17,27.7778,2083682000,599811000,119290000,570136000,1483871000,450846000,134338000,1513546000,1116.83,0,97.43,62.0
2025-12-28,CSGP,0.06,3056500000.0,1116.83,None,0.839,20.34,,None,486195000,486195000,,,,,,,,,1492373000,320750000,None,44286000,44286000,7604000,None,None,39051000,None,None,11714000,,,,,-0.789,0.05,9559000,21273000,0.18,2014-09-30,45.25,1139917000,2422300000.0,90052000,10797000,4340000,257177000,257177000,None,0,None,1,None,None,370000000,None,21081000,6457000,None,None,None,-0.0613,,82710000,7342000,37506000,46882000,None,29274000,None,,,,,0.867,3.296,9.29,,,,,,,,0.0066,,70675000,2025-10-28,quarterly,0.23,USD,pre-market,10123000,0,-0.004,0.0025,0.204,7.38,27550000,390000000,20000000,0,79.23,69.17,27.7778,2064341000,562752000,120201000,571968000,1501589000,451767000,134338000,1492373000,1116.83,0,97.43,62.0
2025-12-28,CSGP,0.06,3056500000.0,1116.83,None,0.839,20.34,,None,444857000,444857000,,,,,,,,,1471241000,294860000,None,44286000,44286000,7543000,None,None,39661000,None,None,11714000,,,,,-0.789,0.05,9559000,21273000,0.18,2014-06-30,45.25,1141187000,2422300000.0,90052000,10797000,4340000,274200000,274200000,None,0,None,1,None,None,375000000,None,21639000,6457000,None,None,None,-0.0613,,82710000,7342000,46496000,44927000,None,29874000,None,,,,,0.867,3.296,9.29,,,,,,,,0.0066,,64640000,2025-10-28,quarterly,0.23,USD,pre-market,10123000,0,-0.004,0.0025,0.204,7.38,27550000,395000000,20000000,0,79.23,69.17,27.7778,2046394000,531014000,117286000,575153000,1515380000,457867000,134338000,1471241000,1116.83,0,97.43,62.0
2025-12-28,CSGP,0.06,3056500000.0,1116.83,None,0.839,20.34,,None,223443000,223443000,,,,,,,,,929793000,288400000,None,44286000,44286000,3943000,None,None,32286000,None,None,11714000,,,,,-0.789,0.05,9559000,21273000,0.18,2014-03-31,45.25,718824000,2422300000.0,90052000,10797000,4340000,137168000,137168000,None,0,None,1,None,None,122500000,None,22168000,6457000,None,None,None,-0.0613,,82710000,7342000,48022000,33805000,None,30484000,None,,,,,0.867,3.296,9.29,,,,,,,,0.0066,,57338000,2025-10-28,quarterly,0.23,USD,pre-market,10123000,0,-0.004,0.0025,0.204,7.38,27550000,148750000,26250000,0,79.23,69.17,27.7778,1244796000,303751000,107276000,315003000,941045000,207727000,134338000,929793000,1116.83,0,97.43,62.0
2025-12-28,CSGP,0.06,3056500000.0,1116.83,None,0.839,20.34,,None,255953000,255953000,,,,,,,,,288000,284380000,None,44286000,44286000,4939000,None,None,20761000,None,None,11714000,,,,,-0.789,0.05,9559000,21273000,0.18,2013-12-31,45.25,718587000,2422300000.0,90052000,10797000,4340000,144472000,144472000,None,0,None,0,None,None,129062000,None,21990000,6457000,None,None,None,-0.0613,,82710000,7342000,31752000,43304000,None,31095000,None,,,,,0.867,3.296,9.29,,,,,,,,0.0066,,57719000,2025-10-28,quarterly,0.23,USD,pre-market,10123000,69324000,-0.004,0.0025,0.204,7.38,27550000,153125000,24063000,0,79.23,69.17,27.7778,1256982000,308466000,111553000,329120000,948516000,217567000,134338000,927862000,1116.83,0,97.43,62.0
2025-12-28,CSGP,0.06,3056500000.0,1116.83,None,0.839,20.34,,None,222938000,222938000,,,,,,,,,899319000,283490000,None,44286000,44286000,6347000,None,None,22960000,None,None,11714000,,,,,-0.789,0.05,9559000,21273000,0.18,2013-09-30,45.25,718039000,2422300000.0,90052000,10797000,4340000,150800000,150800000,None,0,None,0,None,None,135625000,None,21675000,6457000,None,None,None,-0.0613,,82710000,7342000,31672000,38839000,None,29832000,None,,,,,0.867,3.296,9.29,,,,,,,,0.0066,,55703000,2025-10-28,quarterly,0.23,USD,pre-market,10123000,0,-0.004,0.0025,0.204,7.38,27550000,157500000,21875000,0,79.23,69.17,27.7778,1230374000,277570000,107403000,331055000,952804000,223652000,134338000,899319000,1116.83,0,97.43,62.0
2025-12-28,CSGP,0.06,3056500000.0,1116.83,None,0.839,20.34,,None,190101000,190101000,,,,,,,,,866596000,281680000,None,44286000,44286000,4450000,None,None,26604000,None,None,11714000,,,,,-0.789,0.05,9559000,21273000,0.18,2013-06-30,45.25,716580000,2422300000.0,90052000,10797000,4340000,157126000,157126000,None,0,None,0,None,None,142187000,None,21675000,6457000,None,None,None,-0.0613,,82710000,7342000,29789000,39143000,None,30413000,None,,,,,0.867,3.296,9.29,,,,,,,,0.0066,,49693000,2025-10-28,quarterly,0.23,USD,pre-market,10123000,0,-0.004,0.0025,0.204,7.38,27550000,161875000,19688000,0,79.23,69.17,27.7778,1197018000,244698000,102735000,330422000,952320000,227687000,134338000,866596000,1116.83,0,97.43,62.0
2025-12-28,CSGP,0.06,3056500000.0,1116.83,None,0.839,20.34,,None,167394000,167394000,,,,,,,,,850651000,274280000,None,44286000,44286000,3923000,None,None,26216000,None,None,11714000,,,,,-0.789,0.05,9559000,21273000,0.18,2013-03-31,45.25,716569000,2422300000.0,90052000,10797000,4340000,163672000,163672000,None,0,None,1,None,None,148750000,None,21675000,6457000,None,None,None,-0.0613,,82710000,7342000,33651000,34275000,None,31022000,None,,,,,0.867,3.296,9.29,,,,,,,,0.0066,,48653000,2025-10-28,quarterly,0.23,USD,pre-market,10123000,39590000,-0.004,0.0025,0.204,7.38,27550000,166250000,17500000,37000,79.23,69.17,27.7778,1183858000,225465000,97719000,333207000,958393000,235488000,134338000,850651000,1116.83,0,97.43,62.0
2025-12-28,CSGP,0.06,3056500000.0,1116.83,None,0.839,20.34,,None,156027000,156027000,,,,,,,,,283000,277240000,None,44286000,44286000,6234000,None,None,21749000,None,None,11714000,,,,,-0.789,0.05,9559000,21273000,0.18,2012-12-31,45.25,718078000,2422300000.0,90052000,10797000,4340000,170632000,170632000,None,0,None,0,None,None,153125000,None,21662000,6457000,None,None,None,-0.0613,,82710000,7342000,21750000,42538000,None,32657000,None,,,,,0.867,3.296,9.29,,,,,,,,0.0066,,46308000,2025-10-28,quarterly,0.23,USD,pre-market,10123000,39590000,-0.004,0.0025,0.204,7.38,27550000,170625000,17500000,37000,79.23,69.17,27.7778,1165139000,199563000,101638000,338796000,965576000,237158000,134338000,826343000,1116.83,0,97.43,62.0
2025-12-28,CSGP,0.06,3056500000.0,1116.83,None,0.839,20.34,,None,129462000,129462000,,,,,,,,,815851000,276730000,None,44286000,44286000,3718000,None,None,27957000,None,None,11714000,,,,,-0.789,0.05,9559000,21273000,0.18,2012-09-30,45.25,718080000,2422300000.0,90052000,10797000,4340000,178205000,178205000,None,0,None,23144000,None,None,157500000,None,21561000,6457000,None,None,None,-0.0613,,82710000,7342000,9513000,38037000,None,33243000,None,,,,,0.867,3.296,9.29,,,,,,,,0.0066,,42962000,2025-10-28,quarterly,0.23,USD,pre-market,10123000,0,-0.004,0.0025,0.204,7.38,27550000,170625000,13125000,817000,79.23,69.17,27.7778,1154659000,184333000,93028000,338808000,970326000,245780000,134338000,815851000,1116.83,0,97.43,62.0
2025-12-28,CSGP,0.06,3056500000.0,1116.83,None,0.839,20.34,,None,103338000,103338000,,,,,,,,,0,264650000,None,44286000,44286000,6307000,None,None,25250000,None,None,11714000,,,,,-0.789,0.05,9559000,21273000,0.18,2012-06-30,45.25,717212000,2422300000.0,90052000,10797000,4340000,185992000,185992000,None,0,None,0,None,None,161875000,None,24976000,6457000,None,None,None,-0.0613,,82710000,7342000,35928000,33495000,None,33852000,None,,,,,0.867,3.296,9.29,,,,,,,,0.0066,,43225000,2025-10-28,quarterly,0.23,USD,pre-market,10123000,0,-0.004,0.0025,0.204,7.38,27550000,172813000,10938000,820000,79.23,69.17,27.7778,1141287000,159609000,85261000,338695000,981678000,253434000,134338000,802592000,1116.83,0,97.43,62.0
2025-12-28,CSGP,0.06,3056500000.0,1116.83,None,0.839,20.34,,None,549096000,549096000,,,,,,,,,0,255280000,None,44286000,44286000,4171000,None,None,16352000,None,None,11714000,,,,,-0.789,0.05,9559000,21273000,0.18,2012-03-31,45.25,92624000,2422300000.0,90052000,10797000,4340000,19537000,19537000,None,0,None,0,None,None,0,None,24534000,6457000,None,None,None,-0.0613,,82710000,7342000,17175000,24646000,None,32863000,None,,,,,0.867,3.296,9.29,,,,,,,,0.0066,,38584000,2025-10-28,quarterly,0.23,USD,pre-market,10123000,0,-0.004,0.0025,0.204,7.38,27550000,None,2614000,2285000,79.23,69.17,27.7778,773751000,584908000,57743000,107046000,188843000,49303000,134338000,666705000,1116.83,0,97.43,62.0
2025-12-28,CSGP,0.06,3056500000.0,1116.83,None,0.839,20.34,,None,545280000,545280000,,,,,,,,,254000,251280000,None,44286000,44286000,6010000,None,None,17439000,None,None,11714000,,,,,-0.789,0.05,9559000,21273000,0.18,2011-12-31,45.25,91784000,2422300000.0,90052000,10797000,4340000,20530000,20530000,None,0,None,0,None,None,0,None,24584000,6457000,None,None,None,-0.0613,,82710000,7342000,16949000,29456000,None,33484000,None,,,,,0.867,3.296,9.29,,,,,,,,0.0066,,37571000,2025-10-28,quarterly,0.23,USD,pre-market,10123000,29675000,-0.004,0.0025,0.204,7.38,27550000,None,978000,3515000,79.23,69.17,27.7778,771035000,583183000,61782000,111858000,187852000,50076000,134338000,659177000,1116.83,0,97.43,62.0
2025-12-28,CSGP,0.06,3056500000.0,1116.83,None,0.839,20.34,,None,550740000,550740000,,,,,,,,,0,253170000,None,44286000,44286000,38161000,None,None,19761000,None,None,11714000,,,,,-0.789,0.05,9559000,21273000,0.18,2011-09-30,45.25,79849000,2422300000.0,90052000,10797000,4340000,16387000,16387000,None,0,None,0,None,None,0,None,None,6457000,None,None,None,-0.0613,,82710000,7342000,15310000,30741000,None,None,None,,,,,0.867,3.296,9.29,,,,,,,,0.0066,,36780000,2025-10-28,quarterly,0.23,USD,pre-market,10123000,0,-0.004,0.0025,0.204,7.38,27550000,None,22767000,3570000,79.23,69.17,27.7778,764753000,589381000,64606000,115063000,175372000,50457000,134338000,649690000,1116.83,0,97.43,62.0
2025-12-28,CSGP,0.06,3056500000.0,1116.83,None,0.839,20.34,,None,547617000,547617000,,,,,,,,,0,224260000,None,44286000,44286000,35594000,None,None,14188000,None,None,11714000,,,,,-0.789,0.05,9559000,21273000,0.18,2011-06-30,45.25,80466000,2422300000.0,90052000,10797000,4340000,17457000,17457000,None,0,None,0,None,None,0,None,None,6457000,None,None,None,-0.0613,,82710000,7342000,13212000,28944000,None,None,None,,,,,0.867,3.296,9.29,,,,,,,,0.0066,,37146000,2025-10-28,quarterly,0.23,USD,pre-market,10123000,0,-0.004,0.0025,0.204,7.38,27550000,None,21788000,3605000,79.23,69.17,27.7778,757856000,578622000,60216000,111992000,179234000,51776000,134338000,645864000,1116.83,0,97.43,62.0
2025-12-28,CSGP,0.06,3056500000.0,1116.83,None,0.839,20.34,,None,292252000,292252000,,,,,,,,,None,209650000,None,44286000,44286000,31167000,None,None,21180000,None,None,11714000,,,,,-0.789,0.05,9559000,21273000,0.18,2011-03-31,45.25,80488000,2422300000.0,90052000,10797000,4340000,17898000,17898000,None,0,None,None,None,None,None,None,None,6457000,None,None,None,-0.0613,,82710000,7342000,9673000,25293000,None,None,None,,,,,0.867,3.296,9.29,,,,,,,,0.0066,,36886000,2025-10-28,quarterly,0.23,USD,pre-market,10123000,None,-0.004,0.0025,0.204,7.38,27550000,None,10462000,3657000,79.23,69.17,27.7778,506479000,326762000,64843000,117081000,179717000,52238000,134338000,389398000,1116.83,None,97.43,62.0
2025-12-28,CSGP,0.06,3056500000.0,1116.83,None,0.839,20.34,,None,206405000,206405000,,,,,,,,,208000,205310000,None,44286000,44286000,3123000,None,None,18034000,None,None,11714000,,,,,-0.789,0.05,9559000,21273000,0.18,2010-12-31,45.25,79602000,2422300000.0,90052000,10797000,4340000,18774000,18774000,None,0,None,None,None,None,None,None,None,6457000,None,None,None,-0.0613,,82710000,7342000,11012000,33138000,None,None,None,,,,,0.867,3.296,9.29,,,,,,,,0.0066,,69921000,2025-10-28,quarterly,0.23,USD,pre-market,10123000,15019000,-0.004,0.0025,0.204,7.38,27550000,None,None,3722000,79.23,69.17,27.7778,439648000,239173000,54926000,58146000,200475000,3220000,134338000,381502000,1116.83,None,97.43,62.0
2025-12-28,CSGP,0.06,3056500000.0,1116.83,None,0.839,20.34,,None,195358000,195358000,,,,,,,,,None,206880000,None,44286000,44286000,1893000,None,None,13673000,None,None,11714000,,,,,-0.789,0.05,9559000,21273000,0.18,2010-09-30,45.25,80134000,2422300000.0,90052000,10797000,4340000,19965000,19965000,None,0,None,None,None,None,None,None,None,6457000,None,None,None,-0.0613,,82710000,7342000,10181000,29713000,None,None,None,,,,,0.867,3.296,9.29,,,,,,,,0.0066,,64973000,2025-10-28,quarterly,0.23,USD,pre-market,10123000,None,-0.004,0.0025,0.204,7.38,27550000,None,None,7265000,79.23,69.17,27.7778,427899000,226477000,49739000,51621000,201422000,1882000,134338000,376278000,1116.83,None,97.43,62.0
2025-12-28,CSGP,0.06,3056500000.0,1116.83,None,0.839,20.34,,None,188290000,188290000,,,,,,,,,None,206240000,None,44286000,44286000,3268000,None,None,10554000,None,None,11714000,,,,,-0.789,0.05,9559000,21273000,0.18,2010-06-30,45.25,78973000,2422300000.0,90052000,10797000,4340000,20516000,20516000,None,0,None,None,None,None,None,None,None,6457000,None,None,None,-0.0613,,82710000,7342000,8266000,25859000,None,None,None,,,,,0.867,3.296,9.29,,,,,,,,0.0066,,61083000,2025-10-28,quarterly,0.23,USD,pre-market,10123000,None,-0.004,0.0025,0.204,7.38,27550000,None,None,12287000,79.23,69.17,27.7778,415475000,219397000,45908000,47771000,196078000,1863000,134338000,367704000,1116.83,None,97.43,62.0
2025-12-28,CSGP,0.06,3056500000.0,1116.83,None,0.839,20.34,,None,170206000,170206000,,,,,,,,,None,206020000,None,44286000,44286000,3208000,None,None,12746000,None,None,11714000,,,,,-0.789,0.05,9559000,21273000,0.18,2010-03-31,45.25,78975000,2422300000.0,90052000,10797000,4340000,21607000,21607000,None,0,None,None,None,None,None,None,None,6457000,None,None,None,-0.0613,,82710000,7342000,10928000,21841000,None,None,None,,,,,0.867,3.296,9.29,,,,,,,,0.0066,,60684000,2025-10-28,quarterly,0.23,USD,pre-market,10123000,None,-0.004,0.0025,0.204,7.38,27550000,None,None,18700000,79.23,69.17,27.7778,407864000,212580000,43660000,45505000,195284000,1845000,134338000,362359000,1116.83,None,97.43,62.0
2025-12-28,CSGP,0.06,3056500000.0,1116.83,None,0.839,20.34,,None,205786000,205786000,,,,,,,,,206000,202490000,None,44286000,44286000,3667000,None,None,12855000,None,None,11714000,,,,,-0.789,0.05,9559000,21273000,0.18,2009-12-31,45.25,80321000,2422300000.0,90052000,10797000,4340000,23390000,23390000,None,0,None,None,None,None,None,None,None,6457000,None,None,None,-0.0613,,82710000,7342000,8578000,23414000,None,None,None,,,,,0.867,3.296,9.29,,,,,,,,0.0066,,19162000,2025-10-28,quarterly,0.23,USD,pre-market,10123000,1730000,-0.004,0.0025,0.204,7.38,27550000,None,None,20188000,79.23,69.17,27.7778,404579000,247407000,43747000,45573000,157172000,1826000,134338000,359006000,1116.83,None,97.43,62.0
2025-12-28,CSGP,0.06,3056500000.0,1116.83,None,0.839,20.34,,None,200738000,200738000,,,,,,,,,None,200840000,None,44286000,44286000,4555000,None,None,13811000,None,None,11714000,,,,,-0.789,0.05,9559000,21273000,0.18,2009-09-30,45.25,70218000,2422300000.0,90052000,10797000,4340000,22607000,22607000,None,0,None,None,None,None,None,None,None,6457000,None,None,None,-0.0613,,82710000,7342000,6808000,19757000,None,None,None,,,,,0.867,3.296,9.29,,,,,,,,0.0066,,16579000,2025-10-28,quarterly,0.23,USD,pre-market,10123000,None,-0.004,0.0025,0.204,7.38,27550000,None,856000,23253000,79.23,69.17,27.7778,392335000,244610000,39381000,41088000,147725000,1707000,134338000,351247000,1116.83,None,97.43,62.0
2025-12-28,CSGP,0.06,3056500000.0,1116.83,None,0.839,20.34,,None,183361000,183361000,,,,,,,,,None,196380000,None,44286000,44286000,1806000,None,None,12106000,None,None,11714000,,,,,-0.789,0.05,9559000,21273000,0.18,2009-06-30,45.25,57394000,2422300000.0,90052000,10797000,4340000,14898000,14898000,None,0,None,None,None,None,None,None,None,6457000,None,None,None,-0.0613,,82710000,7342000,5698000,14869000,None,None,None,,,,,0.867,3.296,9.29,,,,,,,,0.0066,,15274000,2025-10-28,quarterly,0.23,USD,pre-market,10123000,None,-0.004,0.0025,0.204,7.38,27550000,None,None,30282000,79.23,69.17,27.7778,353908000,231447000,27453000,29219000,122461000,1766000,134338000,324689000,1116.83,None,97.43,62.0
2025-12-28,CSGP,0.06,3056500000.0,1116.83,None,0.839,20.34,,None,170624000,170624000,,,,,,,,,None,195620000,None,44286000,44286000,1976000,None,None,14236000,None,None,11714000,,,,,-0.789,0.05,9559000,21273000,0.18,2009-03-31,45.25,53911000,2422300000.0,90052000,10797000,4340000,14646000,14646000,None,0,None,None,None,None,None,None,None,6457000,None,None,None,-0.0613,,82710000,7342000,5177000,16270000,None,None,None,,,,,0.867,3.296,9.29,,,,,,,,0.0066,,15801000,2025-10-28,quarterly,0.23,USD,pre-market,10123000,None,-0.004,0.0025,0.204,7.38,27550000,None,16270000,33508000,79.23,69.17,27.7778,341982000,223545000,28969000,30817000,118437000,1848000,134338000,311165000,1116.83,None,97.43,62.0
2025-12-28,CSGP,0.06,3056500000.0,1116.83,None,0.839,20.34,,None,159982000,159982000,,,,,,,,,197000,194680000,None,44286000,44286000,1636000,None,None,12294000,None,None,11714000,,,,,-0.789,0.05,9559000,21273000,0.18,2008-12-31,45.25,54328000,2422300000.0,90052000,10797000,4340000,16421000,16421000,None,0,None,None,None,None,None,None,None,6457000,None,None,None,-0.0613,,82710000,7342000,4939000,14971000,None,None,None,,,,,0.867,3.296,9.29,,,,,,,,0.0066,,16876000,2025-10-28,quarterly,0.23,USD,pre-market,10123000,-16963000,-0.004,0.0025,0.204,7.38,27550000,None,1907000,35268000,79.23,69.17,27.7778,334384000,212483000,29136000,30963000,121901000,1827000,134338000,303421000,1116.83,None,97.43,62.0
2025-12-28,CSGP,0.06,3056500000.0,1116.83,None,0.839,20.34,,None,139150000,139150000,,,,,,,,,None,196040000,None,44286000,44286000,1384000,None,None,12113000,None,None,11714000,,,,,-0.789,0.05,9559000,21273000,0.18,2008-09-30,45.25,60143000,2422300000.0,90052000,10797000,4340000,20639000,20639000,None,0,None,None,None,None,None,None,None,6457000,None,None,None,-0.0613,,82710000,7342000,5219000,18444000,None,None,None,,,,,0.867,3.296,9.29,,,,,,,,0.0066,,19296000,2025-10-28,quarterly,0.23,USD,pre-market,10123000,None,-0.004,0.0025,0.204,7.38,27550000,None,18444000,43805000,79.23,69.17,27.7778,334916000,200287000,33913000,34251000,134629000,338000,134338000,300665000,1116.83,None,97.43,62.0
2025-12-28,CSGP,0.06,3056500000.0,1116.83,None,0.839,20.34,,None,102500000,102500000,,,,,,,,,None,195080000,None,44286000,44286000,1754000,None,None,12570000,None,None,11714000,,,,,-0.789,0.05,9559000,21273000,0.18,2008-06-30,45.25,62942000,2422300000.0,90052000,10797000,4340000,23872000,23872000,None,0,None,None,None,None,None,None,None,6457000,None,None,None,-0.0613,,82710000,7342000,7268000,16435000,None,None,None,,,,,0.867,3.296,9.29,,,,,,,,0.0066,,21286000,2025-10-28,quarterly,0.23,USD,pre-market,10123000,None,-0.004,0.0025,0.204,7.38,27550000,None,16435000,64884000,79.23,69.17,27.7778,329503000,187222000,33922000,34327000,142281000,405000,134338000,295176000,1116.83,None,97.43,62.0
2025-12-28,CSGP,0.06,3056500000.0,1116.83,None,0.839,20.34,,None,94706000,94706000,,,,,,,,,None,193690000,None,44286000,44286000,1883000,None,None,11708000,None,None,11714000,,,,,-0.789,0.05,9559000,21273000,0.18,2008-03-31,45.25,61819000,2422300000.0,90052000,10797000,4340000,23892000,23892000,None,0,None,None,None,None,None,None,None,6457000,None,None,None,-0.0613,,82710000,7342000,5468000,17784000,None,None,None,,,,,0.867,3.296,9.29,,,,,,,,0.0066,,22714000,2025-10-28,quarterly,0.23,USD,pre-market,10123000,None,-0.004,0.0025,0.204,7.38,27550000,None,17784000,66855000,79.23,69.17,27.7778,323514000,178737000,35557000,36646000,144777000,1089000,134338000,286868000,1116.83,None,97.43,62.0
2025-12-28,CSGP,0.06,3056500000.0,1116.83,None,0.839,20.34,,None,57785000,57785000,,,,,,,,,195000,192170000,None,44286000,44286000,3299000,None,None,10875000,None,None,11714000,,,,,-0.789,0.05,9559000,21273000,0.18,2007-12-31,45.25,61854000,2422300000.0,90052000,10797000,4340000,25711000,25711000,None,0,None,None,None,None,None,None,None,6457000,None,None,None,-0.0613,,82710000,7342000,7377000,24564000,None,None,None,,,,,0.867,3.296,9.29,,,,,,,,0.0066,,24045000,2025-10-28,quarterly,0.23,USD,pre-market,10123000,-41586000,-0.004,0.0025,0.204,7.38,27550000,None,23185000,129641000,79.23,69.17,27.7778,321843000,205678000,38237000,40038000,116165000,1801000,134338000,281805000,1116.83,None,97.43,62.0
2025-12-28,CSGP,0.06,3056500000.0,1116.83,None,0.839,20.34,,None,43262000,43262000,,,,,,,,,None,194750000,None,44286000,44286000,3785000,None,None,10719000,None,None,11714000,,,,,-0.789,0.05,9559000,21273000,0.18,2007-09-30,45.25,63328000,2422300000.0,90052000,10797000,4340000,27157000,27157000,None,0,None,None,None,None,None,None,None,6457000,None,None,None,-0.0613,,82710000,7342000,12160000,19491000,None,None,None,,,,,0.867,3.296,9.29,,,,,,,,0.0066,,21302000,2025-10-28,quarterly,0.23,USD,pre-market,10123000,None,-0.004,0.0025,0.204,7.38,27550000,None,None,120981000,79.23,69.17,27.7778,301739000,187122000,33870000,34812000,114617000,942000,134338000,266927000,1116.83,None,97.43,62.0
2025-12-28,CSGP,0.06,3056500000.0,1116.83,None,0.839,20.34,,None,36434000,36434000,,,,,,,,,None,193480000,None,44286000,44286000,3750000,None,None,8969000,None,None,11714000,,,,,-0.789,0.05,9559000,21273000,0.18,2007-06-30,45.25,62618000,2422300000.0,90052000,10797000,4340000,29221000,29221000,None,0,None,None,None,None,None,None,None,6457000,None,None,None,-0.0613,,82710000,7342000,11317000,16128000,None,None,None,,,,,0.867,3.296,9.29,,,,,,,,0.0066,,19968000,2025-10-28,quarterly,0.23,USD,pre-market,10123000,None,-0.004,0.0025,0.204,7.38,27550000,None,None,118041000,79.23,69.17,27.7778,291959000,174761000,30801000,32604000,117198000,1803000,134338000,259355000,1116.83,None,97.43,62.0
2025-12-28,CSGP,0.06,3056500000.0,1116.83,None,0.839,20.34,,None,43118000,43118000,,,,,,,,,None,192070000,None,44286000,44286000,3018000,None,None,10103000,None,None,11714000,,,,,-0.789,0.05,9559000,21273000,0.18,2007-03-31,45.25,61600000,2422300000.0,90052000,10797000,4340000,30847000,30847000,None,0,None,None,None,None,None,None,None,6457000,None,None,None,-0.0613,,82710000,7342000,11932000,18159000,None,None,None,,,,,0.867,3.296,9.29,,,,,,,,0.0066,,19616000,2025-10-28,quarterly,0.23,USD,pre-market,10123000,None,-0.004,0.0025,0.204,7.38,27550000,None,None,107230000,79.23,69.17,27.7778,290852000,172383000,33433000,35930000,118469000,2497000,134338000,254922000,1116.83,None,97.43,62.0
2025-12-28,CSGP,0.06,3056500000.0,1116.83,None,0.839,20.34,,None,38159000,38159000,,,,,,,,,191000,188960000,None,44286000,44286000,1878000,None,None,9202000,None,None,11714000,,,,,-0.789,0.05,9559000,21273000,0.18,2006-12-31,45.25,46497000,2422300000.0,90052000,10797000,4340000,23172000,23172000,None,0,None,None,None,None,None,None,None,6457000,None,None,None,-0.0613,,82710000,7342000,11401000,13450000,None,None,None,,,,,0.867,3.296,9.29,,,,,,,,0.0066,,18407000,2025-10-28,quarterly,0.23,USD,pre-market,10123000,-57537000,-0.004,0.0025,0.204,7.38,27550000,None,12116000,119989000,79.23,69.17,27.7778,275437000,178751000,24145000,25327000,96686000,1182000,134338000,250110000,1116.83,None,97.43,62.0
2025-12-28,CSGP,0.06,3056500000.0,1116.83,None,0.839,20.34,,None,32769000,32769000,,,,,,,,,None,191300000,None,44286000,44286000,16407000,None,None,7872000,None,None,11714000,,,,,-0.789,0.05,9559000,21273000,0.18,2006-09-30,45.25,44722000,2422300000.0,90052000,10797000,4340000,21916000,21916000,None,0,None,None,None,None,None,None,None,6457000,None,None,None,-0.0613,,82710000,7342000,7745000,16407000,None,None,None,,,,,0.867,3.296,9.29,,,,,,,,0.0066,,16851000,2025-10-28,quarterly,0.23,USD,pre-market,10123000,None,-0.004,0.0025,0.204,7.38,27550000,None,16407000,122127000,79.23,69.17,27.7778,268383000,170513000,25168000,26038000,97870000,870000,134338000,242345000,1116.83,None,97.43,62.0
2025-12-28,CSGP,0.06,3056500000.0,1116.83,None,0.839,20.34,,None,37250000,37250000,,,,,,,,,None,192610000,None,44286000,44286000,15473000,None,None,6405000,None,None,11714000,,,,,-0.789,0.05,9559000,21273000,0.18,2006-06-30,45.25,44292000,2422300000.0,90052000,10797000,4340000,22277000,22277000,None,0,None,None,None,None,None,None,None,6457000,None,None,None,-0.0613,,82710000,7342000,6450000,8535000,None,None,None,,,,,0.867,3.296,9.29,,,,,,,,0.0066,,14447000,2025-10-28,quarterly,0.23,USD,pre-market,10123000,None,-0.004,0.0025,0.204,7.38,27550000,None,None,112979000,79.23,69.17,27.7778,260640000,163084000,24008000,25042000,97556000,1034000,134338000,235598000,1116.83,None,97.43,62.0
2025-12-28,CSGP,0.06,3056500000.0,1116.83,None,0.839,20.34,,None,45093000,45093000,,,,,,,,,None,192690000,None,44286000,44286000,15758000,None,None,7375000,None,None,11714000,,,,,-0.789,0.05,9559000,21273000,0.18,2006-03-31,45.25,43708000,2422300000.0,90052000,10797000,4340000,22306000,22306000,None,0,None,None,None,None,None,None,None,6457000,None,None,None,-0.0613,,82710000,7342000,7851000,15758000,None,None,None,,,,,0.867,3.296,9.29,,,,,,,,0.0066,,14179000,2025-10-28,quarterly,0.23,USD,pre-market,10123000,-69947000,-0.004,0.0025,0.204,7.38,27550000,None,15758000,97161000,79.23,69.17,27.7778,255937000,157480000,24967000,26057000,98457000,1090000,134338000,229880000,1116.83,None,97.43,62.0
2025-12-28,CSGP,0.06,3056500000.0,1116.83,None,0.839,20.34,,None,28065000,28065000,,,,,,,,,187000,186920000,None,44286000,44286000,1484000,None,None,5673000,None,None,11714000,,,,,-0.789,0.05,9559000,21273000,0.18,2005-12-31,45.25,43563000,2422300000.0,90052000,10797000,4340000,66410000,66410000,None,0,None,None,None,None,None,None,None,6457000,None,None,None,-0.0613,,82710000,7342000,6680000,12915000,None,None,None,,,,,0.867,3.296,9.29,,,,,,,,0.0066,,15144000,2025-10-28,quarterly,0.23,USD,pre-market,10123000,-69947000,-0.004,0.0025,0.204,7.38,27550000,None,None,106120000,79.23,69.17,27.7778,248059000,146538000,22037000,23263000,101521000,1226000,134338000,224796000,1116.83,None,97.43,62.0
2025-12-28,CSGP,0.06,3056500000.0,1116.83,None,0.839,20.34,,None,28007000,28007000,,,,,,,,,None,190920000,None,44286000,44286000,15374000,None,None,5519000,None,None,11714000,,,,,-0.789,0.05,9559000,21273000,0.18,2005-09-30,45.25,44444000,2422300000.0,90052000,10797000,4340000,68401000,68401000,None,0,None,None,None,None,None,None,None,6457000,None,None,None,-0.0613,,82710000,7342000,7177000,15374000,None,None,None,,,,,0.867,3.296,9.29,,,,,,,,0.0066,,16146000,2025-10-28,quarterly,0.23,USD,pre-market,10123000,None,-0.004,0.0025,0.204,7.38,27550000,None,15374000,96754000,79.23,69.17,27.7778,244825000,137457000,22492000,24361000,107368000,1869000,134338000,220464000,1116.83,None,97.43,62.0
2025-12-28,CSGP,0.06,3056500000.0,1116.83,None,0.839,20.34,,158500000,4681000000,4681000000,,,,,,,,,4100000,407800000,None,44286000,44286000,47000000,None,None,187900000,None,None,11714000,,,,,-0.789,0.05,9559000,21273000,0.18,2024-12-31,45.25,2527600000,2422300000.0,90052000,10797000,4340000,433200000,433200000,None,0,None,None,None,None,991900000,None,None,6457000,None,None,None,-0.0613,,82710000,7342000,81300000,313000000,None,None,None,,,,,0.867,3.296,9.29,,,,,,,,0.0066,,None,2025-10-28,annual,0.23,USD,pre-market,10123000,2343000000,-0.004,0.0025,0.204,7.38,27550000,1042400000,32000000,None,79.23,69.17,27.7778,9256800000,4950200000,552300000,1703300000,4306600000,1151000000,134338000,7553500000,1116.83,None,97.43,62.0
2025-12-28,CSGP,0.06,3056500000.0,1116.83,None,0.839,20.34,,119900000,5215900000,5215900000,,,,,,,,,4100000,406900000,None,44286000,44286000,23100000,None,None,195800000,None,None,11714000,,,,,-0.789,0.05,9559000,21273000,0.18,2023-12-31,45.25,2386200000,2422300000.0,90052000,10797000,4340000,313700000,313700000,None,0,None,-64400000,None,None,990500000,None,None,6457000,None,None,None,-0.0613,,82710000,7342000,64400000,280800000,None,None,None,,,,,0.867,3.296,9.29,,,,,,,,0.0066,,None,2025-10-28,annual,0.23,USD,pre-market,10123000,2204300000,-0.004,0.0025,0.204,7.38,27550000,1110400000,40000000,None,79.23,69.17,27.7778,8919700000,5476100000,455800000,1581100000,3443600000,1125300000,134338000,7338600000,1116.83,None,97.43,62.0
2025-12-28,CSGP,0.06,3056500000.0,1116.83,None,0.839,20.34,,116370000,4967970000,4967970000,,,,,,,,,4066000,397752000,None,44286000,44286000,28460000,None,None,153900000,None,None,11714000,,,,,-0.789,0.05,9559000,21273000,0.18,2022-12-31,45.25,2314759000,2422300000.0,90052000,10797000,4340000,329306000,329306000,None,0,None,1,None,None,989210000,None,2005000,6457000,None,None,None,-0.0613,,82710000,7342000,63997000,194150000,None,14001000,None,,,,,0.867,3.296,9.29,,,,,,,,0.0066,,321250000,2025-10-28,annual,0.23,USD,pre-market,10123000,1829619000,-0.004,0.0025,0.204,7.38,27550000,1105580000,36000000,None,79.23,69.17,27.7778,8402470000,5185867000,372615000,1532349000,3216603000,1159734000,134338000,6870121000,1116.83,None,97.43,62.0
2025-12-28,CSGP,0.06,3056500000.0,1116.83,None,0.839,20.34,,133682000,3827126000,3827126000,,,,,,,,,3946000,394160000,None,44286000,44286000,22244000,None,None,124817000,None,None,11714000,,,,,-0.789,0.05,9559000,21273000,0.18,2021-12-31,45.25,2321015000,2422300000.0,90052000,10797000,4340000,435662000,435662000,None,0,None,13374000,None,None,987944000,None,11283000,6457000,None,None,None,-0.0613,,82710000,7342000,22808000,163470000,None,12496000,None,,,,,0.867,3.296,9.29,,,,,,,,0.0066,,271431000,2025-10-28,annual,0.23,USD,pre-market,10123000,1460166000,-0.004,0.0025,0.204,7.38,27550000,1113582000,26268000,None,79.23,69.17,27.7778,7256871000,3988125000,338689000,1545199000,3268746000,1206510000,134338000,5711672000,1116.83,None,97.43,62.0
2025-12-28,CSGP,0.06,3056500000.0,1116.83,None,0.839,20.34,,156871000,3693813000,3693813000,,,,,,,,,394000,383260000,None,44286000,44286000,15732000,None,None,103949000,None,None,11714000,,,,,-0.789,0.05,9559000,21273000,0.18,2020-12-31,45.25,2235999000,2422300000.0,90052000,10797000,4340000,426745000,426745000,None,0,None,15110000,None,None,124223000,None,14986000,6457000,None,None,None,-0.0613,,82710000,7342000,75640000,191303000,None,25282000,None,,,,,0.867,3.296,9.29,,,,,,,,0.0066,,126325000,2025-10-28,annual,0.23,USD,pre-market,10123000,1167602000,-0.004,0.0025,0.204,7.38,27550000,1124692000,32648000,None,79.23,69.17,27.7778,6915420000,3888512000,330850000,1540061000,3026908000,1209211000,134338000,5375359000,1116.83,None,97.43,62.0
2025-12-28,CSGP,0.06,3056500000.0,1116.83,None,0.839,20.34,,163390000,1070731000,1070731000,,,,,,,,,366000,366300000,None,44286000,44286000,7640000,None,None,92240000,None,None,11714000,,,,,-0.789,0.05,9559000,21273000,0.18,2019-12-31,45.25,1882020000,2422300000.0,90052000,10797000,4340000,421196000,421196000,None,0,None,1,None,None,133720000,None,24978000,6457000,None,None,None,-0.0613,,82710000,7342000,36194000,91767000,None,20521000,None,,,,,0.867,3.296,9.29,,,,,,,,0.0066,,107529000,2025-10-28,annual,0.23,USD,pre-market,10123000,940474000,-0.004,0.0025,0.204,7.38,27550000,149823000,29670000,None,79.23,69.17,27.7778,3853986000,1199165000,207056000,448393000,2654821000,241337000,134338000,3405593000,1116.83,None,97.43,62.0
2025-12-28,CSGP,0.06,3056500000.0,1116.83,None,0.839,20.34,,None,1100416000,1100416000,,,,,,,,,364000,364480000,None,44286000,44286000,6327000,None,None,89192000,None,None,11714000,,,,,-0.789,0.05,9559000,21273000,0.18,2018-12-31,45.25,1611535000,2422300000.0,90052000,10797000,4340000,288911000,288911000,None,0,None,None,None,None,4000000,None,24978000,6457000,None,None,None,-0.0613,,82710000,7342000,23690000,75409000,None,17386000,None,,,,,0.867,3.296,9.29,,,,,,,,0.0066,,83303000,2025-10-28,annual,0.23,USD,pre-market,10123000,613454000,-0.004,0.0025,0.204,7.38,27550000,4000000,14288000,None,79.23,69.17,27.7778,3312957000,1213298000,154159000,291015000,2099659000,136856000,134338000,3021942000,1116.83,None,97.43,62.0
2025-12-28,CSGP,0.06,3056500000.0,1116.83,None,0.839,20.34,,None,1211463000,1211463000,,,,,,,,,361000,335590000,None,44286000,44286000,9262000,None,None,60900000,None,None,11714000,,,,,-0.789,0.05,9559000,21273000,0.18,2017-12-31,45.25,1283457000,2422300000.0,90052000,10797000,4340000,182892000,182892000,None,0,None,1,None,None,0,None,23051000,6457000,None,None,None,-0.0613,,82710000,7342000,15572000,76297000,None,13354000,None,,,,,0.867,3.296,9.29,,,,,,,,0.0066,,84496000,2025-10-28,annual,0.23,USD,pre-market,10123000,320656000,-0.004,0.0025,0.204,7.38,27550000,None,15421000,0,79.23,69.17,27.7778,2873441000,1287935000,146666000,222191000,1585506000,75525000,134338000,2651250000,1116.83,0,97.43,62.0
2025-12-28,CSGP,0.06,3056500000.0,1116.83,None,0.839,20.34,,None,567223000,567223000,,,,,,,,,326000,324360000,None,44286000,44286000,11478000,None,31866000,48666000,None,None,11714000,,,,,-0.789,0.05,9559000,21273000,0.18,2016-12-31,45.25,1254866000,2422300000.0,90052000,10797000,4340000,195965000,195965000,None,0,None,0,None,None,306473000,None,9952000,6457000,None,None,None,-0.0613,,82710000,7342000,11602000,64895000,None,741000,None,,,,,0.867,3.296,9.29,,,,,,,,0.0066,,87568000,2025-10-28,annual,0.23,USD,pre-market,10123000,195799000,-0.004,0.0025,0.204,7.38,27550000,338339000,31866000,0,79.23,69.17,27.7778,2185063000,627491000,154946000,530850000,1557572000,375904000,134338000,1654213000,1116.83,0,97.43,62.0
2025-12-28,CSGP,0.06,3056500000.0,1116.83,None,0.839,20.34,,None,421818000,421818000,,,,,,,,,325000,319500000,None,44286000,44286000,9673000,None,16746000,40706000,None,None,11714000,,,,,-0.789,0.05,9559000,21273000,0.18,2015-12-31,45.25,1252945000,2422300000.0,90052000,10797000,4340000,238318000,238318000,None,0,None,0,None,None,338366000,None,15507000,6457000,None,None,None,-0.0613,,82710000,7342000,10209000,55822000,None,27931000,None,,,,,0.867,3.296,9.29,,,,,,,,0.0066,,88311000,2025-10-28,annual,0.23,USD,pre-market,10123000,110728000,-0.004,0.0025,0.204,7.38,27550000,355112000,16746000,0,79.23,69.17,27.7778,2079571000,472733000,135281000,535791000,1606838000,400510000,134338000,1543780000,1116.83,0,97.43,62.0
2025-12-28,CSGP,0.06,3056500000.0,1116.83,None,0.839,20.34,,None,527012000,527012000,,,,,,,,,323000,306410000,None,44286000,44286000,8608000,None,16665000,39721000,None,None,11714000,,,,,-0.789,0.05,9559000,21273000,0.18,2014-12-31,45.25,1138805000,2422300000.0,90052000,10797000,4340000,241622000,241622000,None,0,None,1,None,None,365000000,None,17151000,6457000,None,None,None,-0.0613,,82710000,7342000,29743000,45453000,None,None,None,,,,,0.867,3.296,9.29,,,,,,,,0.0066,,73753000,2025-10-28,annual,0.23,USD,pre-market,10123000,114193000,-0.004,0.0025,0.204,7.38,27550000,385000000,16665000,0,79.23,69.17,27.7778,2083682000,599811000,119290000,570136000,1483871000,450846000,134338000,1513546000,1116.83,0,97.43,62.0
2025-12-28,CSGP,0.06,3056500000.0,1116.83,None,0.839,20.34,,None,255953000,255953000,,,,,,,,,288000,282120000,None,44286000,44286000,4939000,None,None,20761000,None,None,11714000,,,,,-0.789,0.05,9559000,21273000,0.18,2013-12-31,45.25,718587000,2422300000.0,90052000,10797000,4340000,144472000,144472000,None,0,None,0,None,None,129062000,None,21990000,6457000,None,None,None,-0.0613,,82710000,7342000,31752000,43304000,None,31095000,None,,,,,0.867,3.296,9.29,,,,,,,,0.0066,,57719000,2025-10-28,annual,0.23,USD,pre-market,10123000,69324000,-0.004,0.0025,0.204,7.38,27550000,153125000,24063000,0,79.23,69.17,27.7778,1256982000,308466000,111553000,329120000,948516000,217567000,134338000,927862000,1116.83,0,97.43,62.0
2025-12-28,CSGP,0.06,3056500000.0,1116.83,None,0.839,20.34,,None,156027000,156027000,,,,,,,,,283000,269490000,None,44286000,44286000,6234000,None,None,21749000,None,None,11714000,,,,,-0.789,0.05,9559000,21273000,0.18,2012-12-31,45.25,718078000,2422300000.0,90052000,10797000,4340000,170632000,170632000,None,0,None,0,None,None,153125000,None,21662000,6457000,None,None,None,-0.0613,,82710000,7342000,21750000,42538000,None,32657000,None,,,,,0.867,3.296,9.29,,,,,,,,0.0066,,46308000,2025-10-28,annual,0.23,USD,pre-market,10123000,39590000,-0.004,0.0025,0.204,7.38,27550000,170625000,17500000,37000,79.23,69.17,27.7778,1165139000,199563000,101638000,338796000,965576000,237158000,134338000,826343000,1116.83,0,97.43,62.0
2025-12-28,CSGP,0.06,3056500000.0,1116.83,None,0.839,20.34,,None,545280000,545280000,,,,,,,,,254000,235270000,None,44286000,44286000,6010000,None,None,17439000,None,None,11714000,,,,,-0.789,0.05,9559000,21273000,0.18,2011-12-31,45.25,91784000,2422300000.0,90052000,10797000,4340000,20530000,20530000,None,0,None,0,None,None,0,None,24584000,6457000,None,None,None,-0.0613,,82710000,7342000,16949000,29456000,None,33484000,None,,,,,0.867,3.296,9.29,,,,,,,,0.0066,,37571000,2025-10-28,annual,0.23,USD,pre-market,10123000,29675000,-0.004,0.0025,0.204,7.38,27550000,None,978000,3515000,79.23,69.17,27.7778,771035000,583183000,61782000,111858000,187852000,50076000,134338000,659177000,1116.83,0,97.43,62.0
2025-12-28,CSGP,0.06,3056500000.0,1116.83,None,0.839,20.34,,None,206405000,206405000,,,,,,,,,208000,207070000,None,44286000,44286000,3123000,None,None,18034000,None,None,11714000,,,,,-0.789,0.05,9559000,21273000,0.18,2010-12-31,45.25,79602000,2422300000.0,90052000,10797000,4340000,18774000,18774000,None,0,None,None,None,None,None,None,None,6457000,None,None,None,-0.0613,,82710000,7342000,11012000,33138000,None,None,None,,,,,0.867,3.296,9.29,,,,,,,,0.0066,,69921000,2025-10-28,annual,0.23,USD,pre-market,10123000,15019000,-0.004,0.0025,0.204,7.38,27550000,None,None,3722000,79.23,69.17,27.7778,439648000,239173000,54926000,58146000,200475000,3220000,134338000,381502000,1116.83,None,97.43,62.0
2025-12-28,CSGP,0.06,3056500000.0,1116.83,None,0.839,20.34,,None,205786000,205786000,,,,,,,,,206000,199250000,None,44286000,44286000,3667000,None,None,12855000,None,None,11714000,,,,,-0.789,0.05,9559000,21273000,0.18,2009-12-31,45.25,80321000,2422300000.0,90052000,10797000,4340000,23390000,23390000,None,0,None,None,None,None,None,None,None,6457000,None,None,None,-0.0613,,82710000,7342000,8578000,23414000,None,None,None,,,,,0.867,3.296,9.29,,,,,,,,0.0066,,19162000,2025-10-28,annual,0.23,USD,pre-market,10123000,1730000,-0.004,0.0025,0.204,7.38,27550000,None,None,20188000,79.23,69.17,27.7778,404579000,247407000,43747000,45573000,157172000,1826000,134338000,359006000,1116.83,None,97.43,62.0
2025-12-28,CSGP,0.06,3056500000.0,1116.83,None,0.839,20.34,,None,159982000,159982000,,,,,,,,,197000,195500000,None,44286000,44286000,1636000,None,None,12294000,None,None,11714000,,,,,-0.789,0.05,9559000,21273000,0.18,2008-12-31,45.25,54328000,2422300000.0,90052000,10797000,4340000,16421000,16421000,None,0,None,None,None,None,None,None,None,6457000,None,None,None,-0.0613,,82710000,7342000,4939000,16151000,None,None,None,,,,,0.867,3.296,9.29,,,,,,,,0.0066,,16876000,2025-10-28,annual,0.23,USD,pre-market,10123000,-16963000,-0.004,0.0025,0.204,7.38,27550000,None,3087000,35268000,79.23,69.17,27.7778,334384000,212483000,29136000,30963000,121901000,1827000,134338000,303421000,1116.83,None,97.43,62.0
2025-12-28,CSGP,0.06,3056500000.0,1116.83,None,0.839,20.34,,None,57785000,57785000,,,,,,,,,195000,194040000,None,44286000,44286000,3299000,None,None,10875000,None,None,11714000,,,,,-0.789,0.05,9559000,21273000,0.18,2007-12-31,45.25,61854000,2422300000.0,90052000,10797000,4340000,25711000,25711000,None,0,None,None,None,None,None,None,None,6457000,None,None,None,-0.0613,,82710000,7342000,7377000,24564000,None,None,None,,,,,0.867,3.296,9.29,,,,,,,,0.0066,,24045000,2025-10-28,annual,0.23,USD,pre-market,10123000,-41586000,-0.004,0.0025,0.204,7.38,27550000,None,23185000,129641000,79.23,69.17,27.7778,321843000,205678000,38237000,40038000,116165000,1801000,134338000,281805000,1116.83,None,97.43,62.0
2025-12-28,CSGP,0.06,3056500000.0,1116.83,None,0.839,20.34,,None,38159000,38159000,,,,,,,,,191000,191650000,None,44286000,44286000,1878000,None,None,9202000,None,None,11714000,,,,,-0.789,0.05,9559000,21273000,0.18,2006-12-31,45.25,46497000,2422300000.0,90052000,10797000,4340000,23172000,23172000,None,0,None,None,None,None,None,None,None,6457000,None,None,None,-0.0613,,82710000,7342000,11401000,13450000,None,None,None,,,,,0.867,3.296,9.29,,,,,,,,0.0066,,18407000,2025-10-28,annual,0.23,USD,pre-market,10123000,-57537000,-0.004,0.0025,0.204,7.38,27550000,None,12116000,119989000,79.23,69.17,27.7778,275437000,178751000,24145000,25327000,96686000,1182000,134338000,250110000,1116.83,None,97.43,62.0
2025-12-28,CSGP,0.06,3056500000.0,1116.83,None,0.839,20.34,,None,28065000,28065000,,,,,,,,,187000,190070000,None,44286000,44286000,1484000,None,None,5673000,None,None,11714000,,,,,-0.789,0.05,9559000,21273000,0.18,2005-12-31,45.25,43563000,2422300000.0,90052000,10797000,4340000,22847000,22847000,None,0,None,None,None,None,None,None,None,6457000,None,None,None,-0.0613,,82710000,7342000,6680000,12915000,None,None,None,,,,,0.867,3.296,9.29,,,,,,,,0.0066,,15144000,2025-10-28,annual,0.23,USD,pre-market,10123000,-69947000,-0.004,0.0025,0.204,7.38,27550000,None,None,106120000,79.23,69.17,27.7778,248059000,146538000,22037000,23263000,101521000,1226000,134338000,224796000,1116.83,None,97.43,62.0
2025-12-28,CSGP,0.06,3056500000.0,1116.83,None,0.839,20.34,284400000,None,28065000,28065000,-63700000,-1688400000,None,None,None,None,None,None,187000,190070000,None,44286000,44286000,1484000,None,None,5673000,None,None,11714000,69200000,None,None,None,-0.789,0.05,9559000,21273000,0.18,2025-09-30,45.25,43563000,2422300000.0,90052000,10797000,4340000,22847000,22847000,None,0,None,None,None,None,None,None,None,-30900000,None,None,None,-0.0613,68199999,82710000,7342000,6680000,12915000,None,None,None,None,None,None,None,0.867,3.296,9.29,None,None,None,None,None,110800000,None,0.0066,None,15144000,2025-10-28,quarterly,0.23,USD,pre-market,10123000,-69947000,-0.004,0.0025,0.204,7.38,27550000,None,None,106120000,79.23,69.17,27.7778,248059000,146538000,22037000,23263000,101521000,1226000,134338000,224796000,1116.83,None,97.43,62.0
2025-12-28,CSGP,0.06,3056500000.0,1116.83,None,0.839,20.34,205200000,None,28065000,28065000,-51100000,-150800000,None,None,None,None,None,None,187000,190070000,None,44286000,44286000,1484000,None,None,5673000,None,None,11714000,65500000,None,None,None,-0.789,0.05,9559000,21273000,0.18,2025-06-30,45.25,43563000,2422300000.0,90052000,10797000,4340000,22847000,22847000,None,0,None,None,None,None,None,None,None,6200000,None,None,None,-0.0613,146500000,82710000,7342000,6680000,12915000,None,None,None,None,None,None,None,0.867,3.296,9.29,None,None,None,None,None,-57600000,None,0.0066,None,15144000,2025-10-28,quarterly,0.23,USD,pre-market,10123000,-69947000,-0.004,0.0025,0.204,7.38,27550000,None,None,106120000,79.23,69.17,27.7778,248059000,146538000,22037000,23263000,101521000,1226000,134338000,224796000,1116.83,None,97.43,62.0
2025-12-28,CSGP,0.06,3056500000.0,1116.83,None,0.839,20.34,79200000,None,28065000,28065000,-47300000,-910600000,None,None,None,None,None,None,187000,190070000,None,44286000,44286000,1484000,None,None,5673000,None,None,11714000,47300000,None,None,None,-0.789,0.05,9559000,21273000,0.18,2025-03-31,45.25,43563000,2422300000.0,90052000,10797000,4340000,22847000,22847000,None,0,None,None,None,None,None,None,None,-14800000,None,None,None,-0.0613,53200000,82710000,7342000,6680000,12915000,None,None,None,None,None,None,None,0.867,3.296,9.29,None,None,None,None,None,-53200000,None,0.0066,None,15144000,2025-10-28,quarterly,0.23,USD,pre-market,10123000,-69947000,-0.004,0.0025,0.204,7.38,27550000,None,None,106120000,79.23,69.17,27.7778,248059000,146538000,22037000,23263000,101521000,1226000,134338000,224796000,1116.83,None,97.43,62.0
2025-12-28,CSGP,0.06,3056500000.0,1116.83,None,0.839,20.34,78800000,None,28065000,28065000,100000,-350100000,None,None,None,None,None,None,187000,190070000,None,44286000,44286000,1484000,None,None,5673000,None,None,11714000,39300000,None,None,None,-0.789,0.05,9559000,21273000,0.18,2024-12-31,45.25,43563000,2422300000.0,90052000,10797000,4340000,22847000,22847000,None,0,None,None,None,None,None,None,None,59800000,None,None,None,-0.0613,94600000,82710000,7342000,6680000,12915000,None,None,None,None,None,None,None,0.867,3.296,9.29,None,None,None,None,None,-800000,None,0.0066,None,15144000,2025-10-28,quarterly,0.23,USD,pre-market,10123000,-69947000,-0.004,0.0025,0.204,7.38,27550000,None,None,106120000,79.23,69.17,27.7778,248059000,146538000,22037000,23263000,101521000,1226000,134338000,224796000,1116.83,None,97.43,62.0
2025-12-28,CSGP,0.06,3056500000.0,1116.83,None,0.839,20.34,86600000,None,28065000,28065000,1500000,-85200000,None,None,None,None,None,None,187000,190070000,None,44286000,44286000,1484000,None,None,5673000,None,None,11714000,35500000,None,None,None,-0.789,0.05,9559000,21273000,0.18,2024-09-30,45.25,43563000,2422300000.0,90052000,10797000,4340000,22847000,22847000,None,0,None,None,None,None,None,None,None,53000000,None,None,None,-0.0613,100300000,82710000,7342000,6680000,12915000,None,None,None,None,None,None,None,0.867,3.296,9.29,None,None,None,None,None,-28700000,None,0.0066,None,15144000,2025-10-28,quarterly,0.23,USD,pre-market,10123000,-69947000,-0.004,0.0025,0.204,7.38,27550000,None,None,106120000,79.23,69.17,27.7778,248059000,146538000,22037000,23263000,101521000,1226000,134338000,224796000,1116.83,None,97.43,62.0
2025-12-28,CSGP,0.06,3056500000.0,1116.83,None,0.839,20.34,92200000,None,28065000,28065000,7200000,-97300000,None,None,None,None,None,None,187000,190070000,None,44286000,44286000,1484000,None,None,5673000,None,None,11714000,38800000,None,None,None,-0.789,0.05,9559000,21273000,0.18,2024-06-30,45.25,43563000,2422300000.0,90052000,10797000,4340000,22847000,22847000,None,0,None,None,None,None,None,None,None,19200000,None,None,None,-0.0613,58100000,82710000,7342000,6680000,12915000,None,None,None,None,None,None,None,0.867,3.296,9.29,None,None,None,None,None,26000000,None,0.0066,None,15144000,2025-10-28,quarterly,0.23,USD,pre-market,10123000,-69947000,-0.004,0.0025,0.204,7.38,27550000,None,None,106120000,79.23,69.17,27.7778,248059000,146538000,22037000,23263000,101521000,1226000,134338000,224796000,1116.83,None,97.43,62.0
2025-12-28,CSGP,0.06,3056500000.0,1116.83,None,0.839,20.34,380300000,None,28065000,28065000,-22500000,-380300000,None,None,None,None,None,None,187000,190070000,None,44286000,44286000,1484000,None,None,5673000,None,None,11714000,33300000,None,None,None,-0.789,0.05,9559000,21273000,0.18,2024-03-31,45.25,43563000,2422300000.0,90052000,10797000,4340000,22847000,22847000,None,0,None,None,None,None,None,None,None,6700000,None,None,None,-0.0613,139600000,82710000,7342000,6680000,12915000,None,None,None,None,None,None,None,0.867,3.296,9.29,None,None,None,None,None,-26000000,None,0.0066,None,15144000,2025-10-28,quarterly,0.23,USD,pre-market,10123000,-69947000,-0.004,0.0025,0.204,7.38,27550000,None,None,106120000,79.23,69.17,27.7778,248059000,146538000,22037000,23263000,101521000,1226000,134338000,224796000,1116.83,None,97.43,62.0
2025-12-28,CSGP,0.06,3056500000.0,1116.83,None,0.839,20.34,11159000,None,28065000,28065000,-726000,-162648000,None,None,67323000,None,None,None,187000,190070000,None,44286000,44286000,1484000,None,None,5673000,None,None,11714000,28685000,None,None,None,-0.789,0.05,9559000,21273000,0.18,2023-12-31,45.25,43563000,2422300000.0,90052000,10797000,4340000,22847000,22847000,None,0,None,None,None,None,None,None,None,96475000,None,None,None,-0.0613,148515000,82710000,7342000,6680000,12915000,None,None,None,None,None,None,None,0.867,3.296,9.29,None,None,None,None,None,-2991000,None,0.0066,None,15144000,2025-10-28,quarterly,0.23,USD,pre-market,10123000,-69947000,-0.004,0.0025,0.204,7.38,27550000,None,None,106120000,79.23,69.17,27.7778,248059000,146538000,22037000,23263000,101521000,1226000,134338000,224796000,1116.83,None,97.43,62.0
2025-12-28,CSGP,0.06,3056500000.0,1116.83,None,0.839,20.34,5340000,None,28065000,28065000,3296000,-21600000,None,None,-35248000,None,None,None,187000,190070000,None,44286000,44286000,1484000,None,None,5673000,None,None,11714000,27100000,None,None,None,-0.789,0.05,9559000,21273000,0.18,2023-09-30,45.25,43563000,2422300000.0,90052000,10797000,4340000,22847000,22847000,None,0,None,None,None,None,None,None,None,90500000,None,None,None,-0.0613,42600000,82710000,7342000,6680000,12915000,None,None,None,None,None,None,None,0.867,3.296,9.29,None,None,None,None,None,-964000,None,0.0066,None,15144000,2025-10-28,quarterly,0.23,USD,pre-market,10123000,-69947000,-0.004,0.0025,0.204,7.38,27550000,None,None,106120000,79.23,69.17,27.7778,248059000,146538000,22037000,23263000,101521000,1226000,134338000,224796000,1116.83,None,97.43,62.0
2025-12-28,CSGP,0.06,3056500000.0,1116.83,None,0.839,20.34,4884000,None,28065000,28065000,9630000,-34800000,150002000,None,-32075000,None,None,-8444000,187000,190070000,None,44286000,44286000,1484000,None,None,5673000,None,None,11714000,26100000,None,None,None,-0.789,0.05,9559000,21273000,0.18,2023-06-30,45.25,43563000,2422300000.0,90052000,10797000,4340000,22847000,22847000,None,0,None,None,None,None,None,None,None,100600000,None,None,None,-0.0613,175200000,82710000,7342000,6680000,12915000,None,None,None,None,None,None,None,0.867,3.296,9.29,None,None,None,None,None,-814000,None,0.0066,None,15144000,2025-10-28,quarterly,0.23,USD,pre-market,10123000,-69947000,-0.004,0.0025,0.204,7.38,27550000,None,None,106120000,79.23,69.17,27.7778,248059000,146538000,22037000,23263000,101521000,1226000,134338000,224796000,1116.83,None,97.43,62.0
2025-12-28,CSGP,0.06,3056500000.0,1116.83,None,0.839,20.34,19600000,None,28065000,28065000,-15900000,-19600000,87686000,None,None,None,None,-32157000,187000,190070000,None,44286000,44286000,1484000,None,None,5673000,None,None,11714000,25600000,None,None,None,-0.789,0.05,9559000,21273000,0.18,2023-03-31,45.25,43563000,2422300000.0,90052000,10797000,4340000,22847000,22847000,None,0,None,None,None,None,None,None,None,87100000,None,None,None,-0.0613,123200000,82710000,7342000,6680000,12915000,None,None,None,None,None,None,None,0.867,3.296,9.29,None,None,None,None,None,-21631000,None,0.0066,None,15144000,2025-10-28,quarterly,0.23,USD,pre-market,10123000,-69947000,-0.004,0.0025,0.204,7.38,27550000,None,None,106120000,79.23,69.17,27.7778,248059000,146538000,22037000,23263000,101521000,1226000,134338000,224796000,1116.83,None,97.43,62.0
2025-12-28,CSGP,0.06,3056500000.0,1116.83,None,0.839,20.34,14915000,None,28065000,28065000,-556000,7431000,191906000,None,None,None,None,-10226000,187000,190070000,None,44286000,44286000,1484000,None,None,5673000,None,None,11714000,27902000,None,None,None,-0.789,0.05,9559000,21273000,0.18,2022-12-31,45.25,43563000,2422300000.0,90052000,10797000,4340000,22847000,22847000,None,0,None,None,None,None,None,None,None,124372000,None,None,None,-0.0613,185031000,82710000,7342000,6680000,12915000,None,None,None,None,None,None,None,0.867,3.296,9.29,None,None,None,None,None,-2849000,None,0.0066,None,15144000,2025-10-28,quarterly,0.23,USD,pre-market,10123000,-69947000,-0.004,0.0025,0.204,7.38,27550000,None,None,106120000,79.23,69.17,27.7778,248059000,146538000,22037000,23263000,101521000,1226000,134338000,224796000,1116.83,None,97.43,62.0
2025-12-28,CSGP,0.06,3056500000.0,1116.83,None,0.839,20.34,12913000,None,28065000,28065000,749103000,-18779000,811814000,None,None,None,None,-2859000,187000,190070000,None,44286000,44286000,1484000,None,None,5673000,None,None,11714000,45856000,None,None,None,-0.789,0.05,9559000,21273000,0.18,2022-09-30,45.25,43563000,2422300000.0,90052000,10797000,4340000,22847000,22847000,None,0,None,None,None,None,None,None,None,72290000,None,None,None,-0.0613,81490000,82710000,7342000,6680000,12915000,None,None,None,None,None,None,None,0.867,3.296,9.29,None,None,None,None,None,-504000,None,0.0066,None,15144000,2025-10-28,quarterly,0.23,USD,pre-market,10123000,-69947000,-0.004,0.0025,0.204,7.38,27550000,None,None,106120000,79.23,69.17,27.7778,248059000,146538000,22037000,23263000,101521000,1226000,134338000,224796000,1116.83,None,97.43,62.0
2025-12-28,CSGP,0.06,3056500000.0,1116.83,None,0.839,20.34,18345000,None,28065000,28065000,1184000,-45306000,37270000,None,None,None,None,-19594000,187000,190070000,None,44286000,44286000,1484000,None,None,5673000,None,None,11714000,31937000,None,None,None,-0.789,0.05,9559000,21273000,0.18,2022-06-30,45.25,43563000,2422300000.0,90052000,10797000,4340000,22847000,22847000,None,0,None,None,None,None,None,None,None,83473000,None,None,None,-0.0613,81392000,82710000,7342000,6680000,12915000,None,None,None,None,None,None,None,0.867,3.296,9.29,None,None,None,None,None,-296000,None,0.0066,None,15144000,2025-10-28,quarterly,0.23,USD,pre-market,10123000,-69947000,-0.004,0.0025,0.204,7.38,27550000,None,None,106120000,79.23,69.17,27.7778,248059000,146538000,22037000,23263000,101521000,1226000,134338000,224796000,1116.83,None,97.43,62.0
2025-12-28,CSGP,0.06,3056500000.0,1116.83,None,0.839,20.34,12416000,None,28065000,28065000,-15754000,-12401000,102552000,None,None,None,None,-13724000,187000,190070000,None,44286000,44286000,1484000,None,None,5673000,None,None,11714000,32190000,None,None,None,-0.789,0.05,9559000,21273000,0.18,2022-03-31,45.25,43563000,2422300000.0,90052000,10797000,4340000,22847000,22847000,None,0,None,None,None,None,None,None,None,89318000,None,None,None,-0.0613,130707000,82710000,7342000,6680000,12915000,None,None,None,None,None,None,None,0.867,3.296,9.29,None,None,None,None,None,-19459000,None,0.0066,None,15144000,2025-10-28,quarterly,0.23,USD,pre-market,10123000,-69947000,-0.004,0.0025,0.204,7.38,27550000,None,None,106120000,79.23,69.17,27.7778,248059000,146538000,22037000,23263000,101521000,1226000,134338000,224796000,1116.83,None,97.43,62.0
2025-12-28,CSGP,0.06,3056500000.0,1116.83,None,0.839,20.34,43687000,None,28065000,28065000,-1341000,-83838000,65334000,None,3430000,None,None,-11915000,187000,190070000,None,44286000,44286000,1484000,None,None,5673000,None,None,11714000,37168000,None,None,None,-0.789,0.05,9559000,21273000,0.18,2021-12-31,45.25,43563000,2422300000.0,90052000,10797000,4340000,22847000,22847000,None,0,None,None,None,None,None,None,None,92900000,None,None,None,-0.0613,150513000,82710000,7342000,6680000,12915000,None,None,None,None,None,None,None,0.867,3.296,9.29,None,None,None,None,None,-4008000,None,0.0066,None,15144000,2025-10-28,quarterly,0.23,USD,pre-market,10123000,-69947000,-0.004,0.0025,0.204,7.38,27550000,None,None,106120000,79.23,69.17,27.7778,248059000,146538000,22037000,23263000,101521000,1226000,134338000,224796000,1116.83,None,97.43,62.0
2025-12-28,CSGP,0.06,3056500000.0,1116.83,None,0.839,20.34,8440000,None,28065000,28065000,1800000,-12715000,88014000,None,-25214000,None,None,-9189000,187000,190070000,None,44286000,44286000,1484000,None,None,5673000,None,None,11714000,33874000,None,None,None,-0.789,0.05,9559000,21273000,0.18,2021-09-30,45.25,43563000,2422300000.0,90052000,10797000,4340000,22847000,22847000,None,0,None,None,None,None,None,None,None,64304000,None,None,None,-0.0613,98929000,82710000,7342000,6680000,12915000,None,None,None,None,None,None,None,0.867,3.296,9.29,None,None,None,None,None,-901000,None,0.0066,None,15144000,2025-10-28,quarterly,0.23,USD,pre-market,10123000,-69947000,-0.004,0.0025,0.204,7.38,27550000,None,None,106120000,79.23,69.17,27.7778,248059000,146538000,22037000,23263000,101521000,1226000,134338000,224796000,1116.83,None,97.43,62.0
2025-12-28,CSGP,0.06,3056500000.0,1116.83,None,0.839,20.34,2474000,None,28065000,28065000,2405000,-150470000,-15629000,None,-22853000,None,None,-917000,187000,190070000,None,44286000,44286000,1484000,None,None,5673000,None,None,11714000,33106000,None,None,None,-0.789,0.05,9559000,21273000,0.18,2021-06-30,45.25,43563000,2422300000.0,90052000,10797000,4340000,22847000,22847000,None,0,None,None,None,None,None,None,None,61148000,None,None,None,-0.0613,132436000,82710000,7342000,6680000,12915000,None,None,None,None,None,None,None,0.867,3.296,9.29,None,None,None,None,None,-738000,None,0.0066,None,15144000,2025-10-28,quarterly,0.23,USD,pre-market,10123000,-69947000,-0.004,0.0025,0.204,7.38,27550000,None,None,106120000,79.23,69.17,27.7778,248059000,146538000,22037000,23263000,101521000,1226000,134338000,224796000,1116.83,None,97.43,62.0
2025-12-28,CSGP,0.06,3056500000.0,1116.83,None,0.839,20.34,10619000,None,28065000,28065000,-18543000,-134320000,-65010000,None,4218000,None,None,-7609000,187000,190070000,None,44286000,44286000,1484000,None,None,5673000,None,None,11714000,35410000,None,None,None,-0.789,0.05,9559000,21273000,0.18,2021-03-31,45.25,43563000,2422300000.0,90052000,10797000,4340000,22847000,22847000,None,0,None,None,None,None,None,None,None,74212000,None,None,None,-0.0613,87853000,82710000,7342000,6680000,12915000,None,None,None,None,None,None,None,0.867,3.296,9.29,None,None,None,None,None,-27667000,None,0.0066,None,15144000,2025-10-28,quarterly,0.23,USD,pre-market,10123000,-69947000,-0.004,0.0025,0.204,7.38,27550000,None,None,106120000,79.23,69.17,27.7778,248059000,146538000,22037000,23263000,101521000,1226000,134338000,224796000,1116.83,None,97.43,62.0
2025-12-28,CSGP,0.06,3056500000.0,1116.83,None,0.839,20.34,6210000,None,28065000,28065000,-3605000,-240283000,-113120000,None,8972000,None,None,-1987000,187000,190070000,None,44286000,44286000,1484000,None,None,5673000,None,None,11714000,33033000,None,None,None,-0.789,0.05,9559000,21273000,0.18,2020-12-31,45.25,43563000,2422300000.0,90052000,10797000,4340000,22847000,22847000,None,0,None,None,None,None,None,None,None,35789000,None,None,None,-0.0613,130768000,82710000,7342000,6680000,12915000,None,None,None,None,None,None,None,0.867,3.296,9.29,None,None,None,None,None,-4816000,None,0.0066,None,15144000,2025-10-28,quarterly,0.23,USD,pre-market,10123000,-69947000,-0.004,0.0025,0.204,7.38,27550000,None,None,106120000,79.23,69.17,27.7778,248059000,146538000,22037000,23263000,101521000,1226000,134338000,224796000,1116.83,None,97.43,62.0
2025-12-28,CSGP,0.06,3056500000.0,1116.83,None,0.839,20.34,29355000,None,28065000,28065000,249544000,-36855000,319381000,None,-21235000,None,None,3233000,187000,190070000,None,44286000,44286000,1484000,None,None,5673000,None,None,11714000,31676000,None,None,None,-0.789,0.05,9559000,21273000,0.18,2020-09-30,45.25,43563000,2422300000.0,90052000,10797000,4340000,22847000,22847000,None,0,None,None,None,None,None,None,None,58186000,None,None,None,-0.0613,106692000,82710000,7342000,6680000,12915000,None,None,None,None,None,None,None,0.867,3.296,9.29,None,None,None,None,None,-398000,None,0.0066,None,15144000,2025-10-28,quarterly,0.23,USD,pre-market,10123000,-69947000,-0.004,0.0025,0.204,7.38,27550000,None,None,106120000,79.23,69.17,27.7778,248059000,146538000,22037000,23263000,101521000,1226000,134338000,224796000,1116.83,None,97.43,62.0
2025-12-28,CSGP,0.06,3056500000.0,1116.83,None,0.839,20.34,5649000,None,28065000,28065000,1691207000,-189719000,1618670000,None,-1894000,None,None,-10751000,187000,190070000,None,44286000,44286000,1484000,None,None,5673000,None,None,11714000,27979000,None,None,None,-0.789,0.05,9559000,21273000,0.18,2020-06-30,45.25,43563000,2422300000.0,90052000,10797000,4340000,22847000,22847000,None,0,None,None,None,None,None,None,None,60360000,None,None,None,-0.0613,117182000,82710000,7342000,6680000,12915000,None,None,None,None,None,None,None,0.867,3.296,9.29,None,None,None,None,None,-3509000,None,0.0066,None,15144000,2025-10-28,quarterly,0.23,USD,pre-market,10123000,-69947000,-0.004,0.0025,0.204,7.38,27550000,None,None,106120000,79.23,69.17,27.7778,248059000,146538000,22037000,23263000,101521000,1226000,134338000,224796000,1116.83,None,97.43,62.0
2025-12-28,CSGP,0.06,3056500000.0,1116.83,None,0.839,20.34,7133000,None,28065000,28065000,725151000,2694000,859309000,None,-2290000,None,None,-26613000,187000,190070000,None,44286000,44286000,1484000,None,None,5673000,None,None,11714000,24256000,None,None,None,-0.789,0.05,9559000,21273000,0.18,2020-03-31,45.25,43563000,2422300000.0,90052000,10797000,4340000,22847000,22847000,None,0,None,None,None,None,None,None,None,72793000,None,None,None,-0.0613,131464000,82710000,7342000,6680000,12915000,None,None,None,None,None,None,None,0.867,3.296,9.29,None,None,None,None,None,-30144000,None,0.0066,None,15144000,2025-10-28,quarterly,0.23,USD,pre-market,10123000,-69947000,-0.004,0.0025,0.204,7.38,27550000,None,None,106120000,79.23,69.17,27.7778,248059000,146538000,22037000,23263000,101521000,1226000,134338000,224796000,1116.83,None,97.43,62.0
2025-12-28,CSGP,0.06,3056500000.0,1116.83,None,0.839,20.34,2035000,None,28065000,28065000,-1961000,-425870000,-319330000,None,-40157000,None,None,3783000,187000,190070000,None,44286000,44286000,1484000,None,None,5673000,None,None,11714000,23930000,None,None,None,-0.789,0.05,9559000,21273000,0.18,2019-12-31,45.25,43563000,2422300000.0,90052000,10797000,4340000,22847000,22847000,None,0,None,None,None,None,None,None,None,87927000,None,None,None,-0.0613,107763000,82710000,7342000,6680000,12915000,None,None,None,None,None,None,None,0.867,3.296,9.29,None,None,None,None,None,-2537000,None,0.0066,None,15144000,2025-10-28,quarterly,0.23,USD,pre-market,10123000,-69947000,-0.004,0.0025,0.204,7.38,27550000,None,None,106120000,79.23,69.17,27.7778,248059000,146538000,22037000,23263000,101521000,1226000,134338000,224796000,1116.83,None,97.43,62.0
2025-12-28,CSGP,0.06,3056500000.0,1116.83,None,0.839,20.34,29775000,None,28065000,28065000,5460000,-29775000,91807000,None,-2505000,None,None,2101000,187000,190070000,None,44286000,44286000,1484000,None,None,5673000,None,None,11714000,18822000,None,None,None,-0.789,0.05,9559000,21273000,0.18,2019-09-30,45.25,43563000,2422300000.0,90052000,10797000,4340000,22847000,22847000,None,0,None,None,None,None,None,None,None,78619000,None,None,None,-0.0613,116450000,82710000,7342000,6680000,12915000,None,None,None,None,None,None,None,0.867,3.296,9.29,None,None,None,None,None,-815000,None,0.0066,None,15144000,2025-10-28,quarterly,0.23,USD,pre-market,10123000,-69947000,-0.004,0.0025,0.204,7.38,27550000,None,None,106120000,79.23,69.17,27.7778,248059000,146538000,22037000,23263000,101521000,1226000,134338000,224796000,1116.83,None,97.43,62.0
2025-12-28,CSGP,0.06,3056500000.0,1116.83,None,0.839,20.34,4958000,None,28065000,28065000,-1035000,-18679000,64995000,-364000,1545000,None,None,-5063000,187000,190070000,None,44286000,44286000,1484000,None,None,5673000,None,None,11714000,18754000,None,None,None,-0.789,0.05,9559000,21273000,0.18,2019-06-30,45.25,43563000,2422300000.0,90052000,10797000,4340000,22847000,22847000,None,0,None,None,None,None,None,None,None,63248000,None,None,None,-0.0613,85073000,82710000,7342000,6680000,12915000,None,None,None,None,None,None,None,0.867,3.296,9.29,None,None,None,None,None,-5546000,None,0.0066,None,15144000,2025-10-28,quarterly,0.23,USD,pre-market,10123000,-69947000,-0.004,0.0025,0.204,7.38,27550000,None,None,106120000,79.23,69.17,27.7778,248059000,146538000,22037000,23263000,101521000,1226000,134338000,224796000,1116.83,None,97.43,62.0
2025-12-28,CSGP,0.06,3056500000.0,1116.83,None,0.839,20.34,9429000,None,28065000,28065000,-6618000,-9429000,132401000,-46000,206000,None,None,-5835000,187000,190070000,None,44286000,44286000,1484000,None,None,5673000,None,None,11714000,19659000,None,None,None,-0.789,0.05,9559000,21273000,0.18,2019-03-31,45.25,43563000,2422300000.0,90052000,10797000,4340000,22847000,22847000,None,0,None,None,None,None,None,None,None,85169000,None,None,None,-0.0613,148494000,82710000,7342000,6680000,12915000,None,None,None,None,None,None,None,0.867,3.296,9.29,None,None,None,None,None,-18679000,None,0.0066,None,15144000,2025-10-28,quarterly,0.23,USD,pre-market,10123000,-69947000,-0.004,0.0025,0.204,7.38,27550000,None,None,106120000,79.23,69.17,27.7778,248059000,146538000,22037000,23263000,101521000,1226000,134338000,224796000,1116.83,None,97.43,62.0
2025-12-28,CSGP,0.06,3056500000.0,1116.83,None,0.839,20.34,7831000,None,28065000,28065000,642000,-86126000,28630000,-660000,9006000,None,None,-8781000,187000,190070000,None,44286000,44286000,1484000,None,None,5673000,None,None,11714000,19743000,None,None,None,-0.789,0.05,9559000,21273000,0.18,2018-12-31,45.25,43563000,2422300000.0,90052000,10797000,4340000,22847000,22847000,None,0,None,None,None,None,None,None,None,83509000,None,None,None,-0.0613,114774000,82710000,7342000,6680000,12915000,None,None,None,None,None,None,None,0.867,3.296,9.29,None,None,None,None,None,-661000,None,0.0066,None,15144000,2025-10-28,quarterly,0.23,USD,pre-market,10123000,-69947000,-0.004,0.0025,0.204,7.38,27550000,None,None,106120000,79.23,69.17,27.7778,248059000,146538000,22037000,23263000,101521000,1226000,134338000,224796000,1116.83,None,97.43,62.0
2025-12-28,CSGP,0.06,3056500000.0,1116.83,None,0.839,20.34,5950000,None,28065000,28065000,10282000,-5950000,105508000,-191000,14703000,None,None,-13949000,187000,190070000,None,44286000,44286000,1484000,None,None,5673000,None,None,11714000,20433000,0,0,None,-0.789,0.05,9559000,21273000,0.18,2018-09-30,45.25,43563000,2422300000.0,90052000,10797000,4340000,22847000,22847000,None,0,None,None,None,None,None,None,None,58759000,None,None,None,-0.0613,101367000,82710000,7342000,6680000,12915000,None,None,None,None,None,None,None,0.867,3.296,9.29,None,None,None,None,None,-1272000,None,0.0066,None,15144000,2025-10-28,quarterly,0.23,USD,pre-market,10123000,-69947000,-0.004,0.0025,0.204,7.38,27550000,None,None,106120000,79.23,69.17,27.7778,248059000,146538000,22037000,23263000,101521000,1226000,134338000,224796000,1116.83,None,97.43,62.0
2025-12-28,CSGP,0.06,3056500000.0,1116.83,None,0.839,20.34,7234000,None,28065000,28065000,-3404000,-7234000,34849000,-845000,-8133000,None,None,-2578000,187000,190070000,None,44286000,44286000,1484000,None,None,5673000,None,None,11714000,20584000,0,0,None,-0.789,0.05,9559000,21273000,0.18,2018-06-30,45.25,43563000,2422300000.0,90052000,10797000,4340000,22847000,22847000,None,0,None,None,None,None,None,None,None,43835000,None,None,None,-0.0613,46332000,82710000,7342000,6680000,12915000,None,None,None,None,None,None,None,0.867,3.296,9.29,None,None,None,None,None,-7002000,None,0.0066,None,15144000,2025-10-28,quarterly,0.23,USD,pre-market,10123000,-69947000,-0.004,0.0025,0.204,7.38,27550000,None,None,106120000,79.23,69.17,27.7778,248059000,146538000,22037000,23263000,101521000,1226000,134338000,224796000,1116.83,None,97.43,62.0
2025-12-28,CSGP,0.06,3056500000.0,1116.83,None,0.839,20.34,8617000,None,28065000,28065000,-4776000,-348691000,-280034000,448000,-9522000,None,None,-2511000,187000,190070000,None,44286000,44286000,1484000,None,None,5673000,None,None,11714000,16983000,0,0,None,-0.789,0.05,9559000,21273000,0.18,2018-03-31,45.25,43563000,2422300000.0,90052000,10797000,4340000,22847000,22847000,None,0,None,None,None,None,None,None,None,52231000,None,None,None,-0.0613,72985000,82710000,7342000,6680000,12915000,None,None,None,None,None,None,None,0.867,3.296,9.29,None,None,None,None,None,-15392000,None,0.0066,None,15144000,2025-10-28,quarterly,0.23,USD,pre-market,10123000,-69947000,-0.004,0.0025,0.204,7.38,27550000,None,None,106120000,79.23,69.17,27.7778,248059000,146538000,22037000,23263000,101521000,1226000,134338000,224796000,1116.83,None,97.43,62.0
2025-12-28,CSGP,0.06,3056500000.0,1116.83,None,0.839,20.34,4745000,None,28065000,28065000,521324000,-4746000,588468000,494000,3845000,None,None,-1715000,187000,190070000,None,44286000,44286000,1484000,None,None,5673000,None,None,11714000,15366000,824853000,824853000,None,-0.789,0.05,9559000,21273000,0.18,2017-12-31,45.25,43563000,2422300000.0,90052000,10797000,4340000,22847000,22847000,None,0,None,None,None,None,None,None,None,44204000,None,None,None,-0.0613,71396000,82710000,7342000,6680000,12915000,None,None,None,None,None,None,None,0.867,3.296,9.29,None,None,None,None,None,-593000,None,0.0066,None,15144000,2025-10-28,quarterly,0.23,USD,pre-market,10123000,-69947000,-0.004,0.0025,0.204,7.38,27550000,None,None,106120000,79.23,69.17,27.7778,248059000,146538000,22037000,23263000,101521000,1226000,134338000,224796000,1116.83,None,97.43,62.0
2025-12-28,CSGP,0.06,3056500000.0,1116.83,None,0.839,20.34,7080000,None,28065000,28065000,-121000,-9779000,58357000,313000,4326000,None,None,-10632000,187000,190070000,None,44286000,44286000,1484000,None,None,5673000,None,None,11714000,15119000,0,0,None,-0.789,0.05,9559000,21273000,0.18,2017-09-30,45.25,43563000,2422300000.0,90052000,10797000,4340000,22847000,22847000,None,0,None,None,None,None,None,None,None,34177000,None,None,None,-0.0613,67944000,82710000,7342000,6680000,12915000,None,None,None,None,None,None,None,0.867,3.296,9.29,None,None,None,None,None,-853000,None,0.0066,None,15144000,2025-10-28,quarterly,0.23,USD,pre-market,10123000,-69947000,-0.004,0.0025,0.204,7.38,27550000,None,None,106120000,79.23,69.17,27.7778,248059000,146538000,22037000,23263000,101521000,1226000,134338000,224796000,1116.83,None,97.43,62.0
2025-12-28,CSGP,0.06,3056500000.0,1116.83,None,0.839,20.34,6528000,None,28065000,28065000,-1226000,-37923000,-7834000,509000,-7528000,None,None,-2417000,187000,190070000,None,44286000,44286000,1484000,None,None,5673000,None,None,11714000,15860000,0,0,None,-0.789,0.05,9559000,21273000,0.18,2017-06-30,45.25,43563000,2422300000.0,90052000,10797000,4340000,22847000,22847000,None,0,None,None,None,None,None,None,None,22184000,None,None,None,-0.0613,30806000,82710000,7342000,6680000,12915000,None,None,None,None,None,None,None,0.867,3.296,9.29,None,None,None,None,None,-7675000,None,0.0066,None,15144000,2025-10-28,quarterly,0.23,USD,pre-market,10123000,-69947000,-0.004,0.0025,0.204,7.38,27550000,None,None,106120000,79.23,69.17,27.7778,248059000,146538000,22037000,23263000,101521000,1226000,134338000,224796000,1116.83,None,97.43,62.0
2025-12-28,CSGP,0.06,3056500000.0,1116.83,None,0.839,20.34,6146000,None,28065000,28065000,-39547000,-19819000,5249000,58000,-359000,None,None,-2760000,187000,190070000,None,44286000,44286000,1484000,None,None,5673000,None,None,11714000,17298000,0,0,None,-0.789,0.05,9559000,21273000,0.18,2017-03-31,45.25,43563000,2422300000.0,90052000,10797000,4340000,22847000,22847000,None,0,None,None,None,None,None,None,None,22130000,None,None,None,-0.0613,64557000,82710000,7342000,6680000,12915000,None,None,None,None,None,None,None,0.867,3.296,9.29,None,None,None,None,None,-5781000,None,0.0066,None,15144000,2025-10-28,quarterly,0.23,USD,pre-market,10123000,-69947000,-0.004,0.0025,0.204,7.38,27550000,None,None,106120000,79.23,69.17,27.7778,248059000,146538000,22037000,23263000,101521000,1226000,134338000,224796000,1116.83,None,97.43,62.0
2025-12-28,CSGP,0.06,3056500000.0,1116.83,None,0.839,20.34,7074000,None,28065000,28065000,-811000,-5824000,45124000,-453000,3057000,None,None,-2236000,187000,190070000,None,44286000,44286000,1484000,None,None,5673000,None,None,11714000,17124000,13666000,13666000,None,-0.789,0.05,9559000,21273000,0.18,2016-12-31,45.25,43563000,2422300000.0,90052000,10797000,4340000,22847000,22847000,None,0,None,None,None,None,None,None,None,29573000,None,None,None,-0.0613,52212000,82710000,7342000,6680000,12915000,None,None,None,None,None,None,None,0.867,3.296,9.29,None,None,None,None,None,-1851000,None,0.0066,None,15144000,2025-10-28,quarterly,0.23,USD,pre-market,10123000,-69947000,-0.004,0.0025,0.204,7.38,27550000,None,None,106120000,79.23,69.17,27.7778,248059000,146538000,22037000,23263000,101521000,1226000,134338000,224796000,1116.83,None,97.43,62.0
2025-12-28,CSGP,0.06,3056500000.0,1116.83,None,0.839,20.34,4298000,None,28065000,28065000,348000,-3946000,57948000,-220000,1218000,None,None,-2940000,187000,190070000,None,44286000,44286000,1484000,None,None,5673000,None,None,11714000,18080000,0,0,None,-0.789,0.05,9559000,21273000,0.18,2016-09-30,45.25,43563000,2422300000.0,90052000,10797000,4340000,22847000,22847000,None,0,None,None,None,None,None,None,None,23201000,None,None,None,-0.0613,61766000,82710000,7342000,6680000,12915000,None,None,None,None,None,None,None,0.867,3.296,9.29,None,None,None,None,None,-606000,None,0.0066,None,15144000,2025-10-28,quarterly,0.23,USD,pre-market,10123000,-69947000,-0.004,0.0025,0.204,7.38,27550000,None,None,106120000,79.23,69.17,27.7778,248059000,146538000,22037000,23263000,101521000,1226000,134338000,224796000,1116.83,None,97.43,62.0
2025-12-28,CSGP,0.06,3056500000.0,1116.83,None,0.839,20.34,3600000,None,28065000,28065000,-21475000,-13905000,2431000,-527000,-3158000,None,None,-1573000,187000,190070000,None,44286000,44286000,1484000,None,None,5673000,None,None,11714000,17440000,0,0,None,-0.789,0.05,9559000,21273000,0.18,2016-06-30,45.25,43563000,2422300000.0,90052000,10797000,4340000,22847000,22847000,None,0,None,None,None,None,None,None,None,15576000,None,None,None,-0.0613,38338000,82710000,7342000,6680000,12915000,None,None,None,None,None,None,None,0.867,3.296,9.29,None,None,None,None,None,-9132000,None,0.0066,None,15144000,2025-10-28,quarterly,0.23,USD,pre-market,10123000,-69947000,-0.004,0.0025,0.204,7.38,27550000,None,None,106120000,79.23,69.17,27.7778,248059000,146538000,22037000,23263000,101521000,1226000,134338000,224796000,1116.83,None,97.43,62.0
2025-12-28,CSGP,0.06,3056500000.0,1116.83,None,0.839,20.34,3794000,None,28065000,28065000,-8655000,416000,39902000,-215000,542000,None,None,-9295000,187000,190070000,None,44286000,44286000,1484000,None,None,5673000,None,None,11714000,17521000,0,0,None,-0.789,0.05,9559000,21273000,0.18,2016-03-31,45.25,43563000,2422300000.0,90052000,10797000,4340000,22847000,22847000,None,0,None,None,None,None,None,None,None,16721000,None,None,None,-0.0613,48356000,82710000,7342000,6680000,12915000,None,None,None,None,None,None,None,0.867,3.296,9.29,None,None,None,None,None,-4835000,None,0.0066,None,15144000,2025-10-28,quarterly,0.23,USD,pre-market,10123000,-69947000,-0.004,0.0025,0.204,7.38,27550000,None,None,106120000,79.23,69.17,27.7778,248059000,146538000,22037000,23263000,101521000,1226000,134338000,224796000,1116.83,None,97.43,62.0
2025-12-28,CSGP,0.06,3056500000.0,1116.83,None,0.839,20.34,7108000,None,28065000,28065000,-3008000,-11973000,46309000,-239000,11484000,None,None,9280000,187000,190070000,None,44286000,44286000,1484000,None,None,5673000,None,None,11714000,19525000,3686000,3686000,None,-0.789,0.05,9559000,21273000,0.18,2015-12-31,45.25,43563000,2422300000.0,90052000,10797000,4340000,22847000,22847000,None,0,None,None,None,None,None,None,None,22990000,None,None,None,-0.0613,61529000,82710000,7342000,6680000,12915000,None,None,None,None,None,None,None,0.867,3.296,9.29,None,None,None,None,None,-620000,None,0.0066,None,15144000,2025-10-28,quarterly,0.23,USD,pre-market,10123000,-69947000,-0.004,0.0025,0.204,7.38,27550000,None,None,106120000,79.23,69.17,27.7778,248059000,146538000,22037000,23263000,101521000,1226000,134338000,224796000,1116.83,None,97.43,62.0
2025-12-28,CSGP,0.06,3056500000.0,1116.83,None,0.839,20.34,10023000,None,28065000,28065000,-4379000,-14282000,23728000,-371000,986000,None,None,1371000,187000,190070000,None,44286000,44286000,1484000,None,None,5673000,None,None,11714000,22520000,0,0,None,-0.789,0.05,9559000,21273000,0.18,2015-09-30,45.25,43563000,2422300000.0,90052000,10797000,4340000,22847000,22847000,None,0,None,None,None,None,None,None,None,-5362000,None,None,None,-0.0613,42760000,82710000,7342000,6680000,12915000,None,None,None,None,None,None,None,0.867,3.296,9.29,None,None,None,None,None,-443000,None,0.0066,None,15144000,2025-10-28,quarterly,0.23,USD,pre-market,10123000,-69947000,-0.004,0.0025,0.204,7.38,27550000,None,None,106120000,79.23,69.17,27.7778,248059000,146538000,22037000,23263000,101521000,1226000,134338000,224796000,1116.83,None,97.43,62.0
2025-12-28,CSGP,0.06,3056500000.0,1116.83,None,0.839,20.34,6186000,None,28065000,28065000,-9064000,-178153000,-189990000,440000,-157000,None,None,-6010000,187000,190070000,None,44286000,44286000,1484000,None,None,5673000,None,None,11714000,18674000,0,0,None,-0.789,0.05,9559000,21273000,0.18,2015-06-30,45.25,43563000,2422300000.0,90052000,10797000,4340000,22847000,22847000,None,0,None,None,None,None,None,None,None,-14966000,None,None,None,-0.0613,-3213000,82710000,7342000,6680000,12915000,None,None,None,None,None,None,None,0.867,3.296,9.29,None,None,None,None,None,-10170000,None,0.0066,None,15144000,2025-10-28,quarterly,0.23,USD,pre-market,10123000,-69947000,-0.004,0.0025,0.204,7.38,27550000,None,None,106120000,79.23,69.17,27.7778,248059000,146538000,22037000,23263000,101521000,1226000,134338000,224796000,1116.83,None,97.43,62.0
2025-12-28,CSGP,0.06,3056500000.0,1116.83,None,0.839,20.34,11744000,None,28065000,28065000,-4053000,-11094000,14759000,-263000,-566000,None,None,-8640000,187000,190070000,None,44286000,44286000,1484000,None,None,5673000,None,None,11714000,17813000,0,0,None,-0.789,0.05,9559000,21273000,0.18,2015-03-31,45.25,43563000,2422300000.0,90052000,10797000,4340000,22847000,22847000,None,0,None,None,None,None,None,None,None,-6127000,None,None,None,-0.0613,30169000,82710000,7342000,6680000,12915000,None,None,None,None,None,None,None,0.867,3.296,9.29,None,None,None,None,None,-5203000,None,0.0066,None,15144000,2025-10-28,quarterly,0.23,USD,pre-market,10123000,-69947000,-0.004,0.0025,0.204,7.38,27550000,None,None,106120000,79.23,69.17,27.7778,248059000,146538000,22037000,23263000,101521000,1226000,134338000,224796000,1116.83,None,97.43,62.0
2025-12-28,CSGP,0.06,3056500000.0,1116.83,None,0.839,20.34,6579000,None,28065000,28065000,-4735000,-2054000,40817000,-267000,24002000,None,None,-778000,187000,190070000,None,44286000,44286000,1484000,None,None,5673000,None,None,11714000,19639000,17550000,17550000,None,-0.789,0.05,9559000,21273000,0.18,2014-12-31,45.25,43563000,2422300000.0,90052000,10797000,4340000,22847000,22847000,None,0,None,None,None,None,None,None,None,13923000,None,None,None,-0.0613,47873000,82710000,7342000,6680000,12915000,None,None,None,None,None,None,None,0.867,3.296,9.29,None,None,None,None,None,-557000,None,0.0066,None,15144000,2025-10-28,quarterly,0.23,USD,pre-market,10123000,-69947000,-0.004,0.0025,0.204,7.38,27550000,None,None,106120000,79.23,69.17,27.7778,248059000,146538000,22037000,23263000,101521000,1226000,134338000,224796000,1116.83,None,97.43,62.0
2025-12-28,CSGP,0.06,3056500000.0,1116.83,None,0.839,20.34,9428000,None,28065000,28065000,-2285000,-8828000,41338000,-251000,900000,None,None,-1217000,187000,190070000,None,44286000,44286000,1484000,None,None,5673000,None,None,11714000,20212000,0,0,None,-0.789,0.05,9559000,21273000,0.18,2014-09-30,45.25,43563000,2422300000.0,90052000,10797000,4340000,22847000,22847000,None,0,None,None,None,None,None,None,None,12957000,None,None,None,-0.0613,52702000,82710000,7342000,6680000,12915000,None,None,None,None,None,None,None,0.867,3.296,9.29,None,None,None,None,None,-243000,None,0.0066,None,15144000,2025-10-28,quarterly,0.23,USD,pre-market,10123000,-69947000,-0.004,0.0025,0.204,7.38,27550000,None,None,106120000,79.23,69.17,27.7778,248059000,146538000,22037000,23263000,101521000,1226000,134338000,224796000,1116.83,None,97.43,62.0
2025-12-28,CSGP,0.06,3056500000.0,1116.83,None,0.839,20.34,7288000,None,28065000,28065000,762377000,-590956000,221414000,104000,-1697000,None,None,2141000,187000,190070000,None,44286000,44286000,1484000,None,None,5673000,None,None,11714000,20670000,0,0,None,-0.789,0.05,9559000,21273000,0.18,2014-06-30,45.25,43563000,2422300000.0,90052000,10797000,4340000,22847000,22847000,None,0,None,None,None,None,None,None,None,8249000,None,None,None,-0.0613,49889000,82710000,7342000,6680000,12915000,None,None,None,None,None,None,None,0.867,3.296,9.29,None,None,None,None,None,-7200000,None,0.0066,None,15144000,2025-10-28,quarterly,0.23,USD,pre-market,10123000,-69947000,-0.004,0.0025,0.204,7.38,27550000,None,None,106120000,79.23,69.17,27.7778,248059000,146538000,22037000,23263000,101521000,1226000,134338000,224796000,1116.83,None,97.43,62.0
2025-12-28,CSGP,0.06,3056500000.0,1116.83,None,0.839,20.34,4149000,None,28065000,28065000,-21844000,-4149000,-32510000,38000,-1509000,None,None,-12499000,187000,190070000,None,44286000,44286000,1484000,None,None,5673000,None,None,11714000,9851000,0,0,None,-0.789,0.05,9559000,21273000,0.18,2014-03-31,45.25,43563000,2422300000.0,90052000,10797000,4340000,22847000,22847000,None,0,None,None,None,None,None,None,None,9740000,None,None,None,-0.0613,-6555000,82710000,7342000,6680000,12915000,None,None,None,None,None,None,None,0.867,3.296,9.29,None,None,None,None,None,-42555000,None,0.0066,None,15144000,2025-10-28,quarterly,0.23,USD,pre-market,10123000,-69947000,-0.004,0.0025,0.204,7.38,27550000,None,None,106120000,79.23,69.17,27.7778,248059000,146538000,22037000,23263000,101521000,1226000,134338000,224796000,1116.83,None,97.43,62.0
2025-12-28,CSGP,0.06,3056500000.0,1116.83,None,0.839,20.34,3711000,None,28065000,28065000,1186000,-3722000,33015000,81000,32762000,None,None,1698000,187000,190070000,None,44286000,44286000,1484000,None,None,5673000,None,None,11714000,9821000,7581000,7581000,None,-0.789,0.05,9559000,21273000,0.18,2013-12-31,45.25,43563000,2422300000.0,90052000,10797000,4340000,22847000,22847000,None,0,None,None,None,None,None,None,None,12799000,None,None,None,-0.0613,35470000,82710000,7342000,6680000,12915000,None,None,None,None,None,None,None,0.867,3.296,9.29,None,None,None,None,None,-906000,None,0.0066,None,15144000,2025-10-28,quarterly,0.23,USD,pre-market,10123000,-69947000,-0.004,0.0025,0.204,7.38,27550000,None,None,106120000,79.23,69.17,27.7778,248059000,146538000,22037000,23263000,101521000,1226000,134338000,224796000,1116.83,None,97.43,62.0
2025-12-28,CSGP,0.06,3056500000.0,1116.83,None,0.839,20.34,6419000,None,28065000,28065000,7858000,-6410000,32837000,128000,-1523000,None,None,1180000,187000,190070000,None,44286000,44286000,1484000,None,None,5673000,None,None,11714000,10022000,0,0,None,-0.789,0.05,9559000,21273000,0.18,2013-09-30,45.25,43563000,2422300000.0,90052000,10797000,4340000,22847000,22847000,None,0,None,None,None,None,None,None,None,11052000,None,None,None,-0.0613,31261000,82710000,7342000,6680000,12915000,None,None,None,None,None,None,None,0.867,3.296,9.29,None,None,None,None,None,-359000,None,0.0066,None,15144000,2025-10-28,quarterly,0.23,USD,pre-market,10123000,-69947000,-0.004,0.0025,0.204,7.38,27550000,None,None,106120000,79.23,69.17,27.7778,248059000,146538000,22037000,23263000,101521000,1226000,134338000,224796000,1116.83,None,97.43,62.0
2025-12-28,CSGP,0.06,3056500000.0,1116.83,None,0.839,20.34,4269000,None,28065000,28065000,-3888000,-4274000,22707000,10000,1315000,None,None,-1105000,187000,190070000,None,44286000,44286000,1484000,None,None,5673000,None,None,11714000,10049000,0,0,None,-0.789,0.05,9559000,21273000,0.18,2013-06-30,45.25,43563000,2422300000.0,90052000,10797000,4340000,22847000,22847000,None,0,None,None,None,None,None,None,None,8293000,None,None,None,-0.0613,30859000,82710000,7342000,6680000,12915000,None,None,None,None,None,None,None,0.867,3.296,9.29,None,None,None,None,None,-4060000,None,0.0066,None,15144000,2025-10-28,quarterly,0.23,USD,pre-market,10123000,-69947000,-0.004,0.0025,0.204,7.38,27550000,None,None,106120000,79.23,69.17,27.7778,248059000,146538000,22037000,23263000,101521000,1226000,134338000,224796000,1116.83,None,97.43,62.0
2025-12-28,CSGP,0.06,3056500000.0,1116.83,None,0.839,20.34,4643000,None,28065000,28065000,5249000,-4560000,11367000,-30000,-325000,None,None,-8380000,187000,190070000,None,44286000,44286000,1484000,None,None,5673000,None,None,11714000,10166000,0,0,None,-0.789,0.05,9559000,21273000,0.18,2013-03-31,45.25,43563000,2422300000.0,90052000,10797000,4340000,22847000,22847000,None,0,None,None,None,None,None,None,None,-2410000,None,None,None,-0.0613,10708000,82710000,7342000,6680000,12915000,None,None,None,None,None,None,None,0.867,3.296,9.29,None,None,None,None,None,-3144000,None,0.0066,None,15144000,2025-10-28,quarterly,0.23,USD,pre-market,10123000,-69947000,-0.004,0.0025,0.204,7.38,27550000,None,None,106120000,79.23,69.17,27.7778,248059000,146538000,22037000,23263000,101521000,1226000,134338000,224796000,1116.83,None,97.43,62.0
2025-12-28,CSGP,0.06,3056500000.0,1116.83,None,0.839,20.34,5832000,None,28065000,28065000,2069000,-5087000,26565000,15000,-273000,None,None,4940000,187000,190070000,None,44286000,44286000,1484000,None,None,5673000,None,None,11714000,10553000,2233000,2233000,None,-0.789,0.05,9559000,21273000,0.18,2012-12-31,45.25,43563000,2422300000.0,90052000,10797000,4340000,22847000,22847000,None,0,None,None,None,None,None,None,None,4714000,None,None,None,-0.0613,29568000,82710000,7342000,6680000,12915000,None,None,None,None,None,None,None,0.867,3.296,9.29,None,None,None,None,None,-387000,None,0.0066,None,15144000,2025-10-28,quarterly,0.23,USD,pre-market,10123000,-69947000,-0.004,0.0025,0.204,7.38,27550000,None,None,106120000,79.23,69.17,27.7778,248059000,146538000,22037000,23263000,101521000,1226000,134338000,224796000,1116.83,None,97.43,62.0
2025-12-28,CSGP,0.06,3056500000.0,1116.83,None,0.839,20.34,2885000,None,28065000,28065000,-1187000,1267000,26124000,64000,-3231000,None,None,-2283000,187000,190070000,None,44286000,44286000,1484000,None,None,5673000,None,None,11714000,10695000,0,0,None,-0.789,0.05,9559000,21273000,0.18,2012-09-30,45.25,43563000,2422300000.0,90052000,10797000,4340000,22847000,22847000,None,0,None,None,None,None,None,None,None,6779000,None,None,None,-0.0613,25980000,82710000,7342000,6680000,12915000,None,None,None,None,None,None,None,0.867,3.296,9.29,None,None,None,None,None,-1577000,None,0.0066,None,15144000,2025-10-28,quarterly,0.23,USD,pre-market,10123000,-69947000,-0.004,0.0025,0.204,7.38,27550000,None,None,106120000,79.23,69.17,27.7778,248059000,146538000,22037000,23263000,101521000,1226000,134338000,224796000,1116.83,None,97.43,62.0
2025-12-28,CSGP,0.06,3056500000.0,1116.83,None,0.839,20.34,3105000,None,28065000,28065000,164873000,-634811000,-445758000,-17000,6607000,None,None,-1242000,187000,190070000,None,44286000,44286000,1484000,None,None,5673000,None,None,11714000,8184000,0,0,None,-0.789,0.05,9559000,21273000,0.18,2012-06-30,45.25,43563000,2422300000.0,90052000,10797000,4340000,22847000,22847000,None,0,None,None,None,None,None,None,None,-6710000,None,None,None,-0.0613,24197000,82710000,7342000,6680000,12915000,None,None,None,None,None,None,None,0.867,3.296,9.29,None,None,None,None,None,-629000,None,0.0066,None,15144000,2025-10-28,quarterly,0.23,USD,pre-market,10123000,-69947000,-0.004,0.0025,0.204,7.38,27550000,None,None,106120000,79.23,69.17,27.7778,248059000,146538000,22037000,23263000,101521000,1226000,134338000,224796000,1116.83,None,97.43,62.0
2025-12-28,CSGP,0.06,3056500000.0,1116.83,None,0.839,20.34,3012000,None,28065000,28065000,-814000,-1767000,3816000,16000,981000,None,None,-87000,187000,190070000,None,44286000,44286000,1484000,None,None,5673000,None,None,11714000,3320000,0,0,None,-0.789,0.05,9559000,21273000,0.18,2012-03-31,45.25,43563000,2422300000.0,90052000,10797000,4340000,22847000,22847000,None,0,None,None,None,None,None,None,None,5132000,None,None,None,-0.0613,6381000,82710000,7342000,6680000,12915000,None,None,None,None,None,None,None,0.867,3.296,9.29,None,None,None,None,None,-1611000,None,0.0066,None,15144000,2025-10-28,quarterly,0.23,USD,pre-market,10123000,-69947000,-0.004,0.0025,0.204,7.38,27550000,None,None,106120000,79.23,69.17,27.7778,248059000,146538000,22037000,23263000,101521000,1226000,134338000,224796000,1116.83,None,97.43,62.0
2025-12-28,CSGP,0.06,3056500000.0,1116.83,None,0.839,20.34,2841000,None,28065000,28065000,2413000,-13830000,None,None,8510000,None,None,None,187000,190070000,None,44286000,44286000,1484000,None,None,5673000,None,None,11714000,3209000,0,0,None,-0.789,0.05,9559000,21273000,0.18,2011-12-31,45.25,43563000,2422300000.0,90052000,10797000,4340000,22847000,22847000,None,0,None,None,None,None,None,None,None,5176000,None,None,None,-0.0613,5978000,82710000,7342000,6680000,12915000,None,None,None,None,None,None,None,0.867,3.296,9.29,None,None,None,None,None,-335000,None,0.0066,None,15144000,2025-10-28,quarterly,0.23,USD,pre-market,10123000,-69947000,-0.004,0.0025,0.204,7.38,27550000,None,None,106120000,79.23,69.17,27.7778,248059000,146538000,22037000,23263000,101521000,1226000,134338000,224796000,1116.83,None,97.43,62.0
2025-12-28,CSGP,0.06,3056500000.0,1116.83,None,0.839,20.34,2285000,None,28065000,28065000,433000,-1703000,None,None,354000,None,None,None,187000,190070000,None,44286000,44286000,1484000,None,None,5673000,None,None,11714000,3003000,0,0,None,-0.789,0.05,9559000,21273000,0.18,2011-09-30,45.25,43563000,2422300000.0,90052000,10797000,4340000,22847000,22847000,None,0,None,None,None,None,None,None,None,2311000,None,None,None,-0.0613,4423000,82710000,7342000,6680000,12915000,None,None,None,None,None,None,None,0.867,3.296,9.29,None,None,None,None,None,-195000,None,0.0066,None,15144000,2025-10-28,quarterly,0.23,USD,pre-market,10123000,-69947000,-0.004,0.0025,0.204,7.38,27550000,None,None,106120000,79.23,69.17,27.7778,248059000,146538000,22037000,23263000,101521000,1226000,134338000,224796000,1116.83,None,97.43,62.0
2025-12-28,CSGP,0.06,3056500000.0,1116.83,None,0.839,20.34,4115000,None,28065000,28065000,251659000,-3915000,None,None,-2886000,None,None,None,187000,190070000,None,44286000,44286000,1484000,None,None,5673000,None,None,11714000,3208000,0,0,None,-0.789,0.05,9559000,21273000,0.18,2011-06-30,45.25,43563000,2422300000.0,90052000,10797000,4340000,22847000,22847000,None,0,None,None,None,None,None,None,None,2637000,None,None,None,-0.0613,7598000,82710000,7342000,6680000,12915000,None,None,None,None,None,None,None,0.867,3.296,9.29,None,None,None,None,None,-301000,None,0.0066,None,15144000,2025-10-28,quarterly,0.23,USD,pre-market,10123000,-69947000,-0.004,0.0025,0.204,7.38,27550000,None,None,106120000,79.23,69.17,27.7778,248059000,146538000,22037000,23263000,101521000,1226000,134338000,224796000,1116.83,None,97.43,62.0
2025-12-28,CSGP,0.06,3056500000.0,1116.83,None,0.839,20.34,5772000,None,28065000,28065000,275000,77814000,None,None,3492000,None,None,None,187000,190070000,None,44286000,44286000,1484000,None,None,5673000,None,None,11714000,3432000,None,None,None,-0.789,0.05,9559000,21273000,0.18,2011-03-31,45.25,43563000,2422300000.0,90052000,10797000,4340000,22847000,22847000,None,0,None,None,None,None,None,None,None,4532000,None,None,None,-0.0613,7686000,82710000,7342000,6680000,12915000,None,None,None,None,None,None,None,0.867,3.296,9.29,None,None,None,None,None,-1476000,None,0.0066,None,15144000,2025-10-28,quarterly,0.23,USD,pre-market,10123000,-69947000,-0.004,0.0025,0.204,7.38,27550000,None,None,106120000,79.23,69.17,27.7778,248059000,146538000,22037000,23263000,101521000,1226000,134338000,224796000,1116.83,None,97.43,62.0
2025-12-28,CSGP,0.06,3056500000.0,1116.83,None,0.839,20.34,4246000,None,28065000,28065000,-498000,-614000,None,None,-2834000,None,None,None,187000,190070000,None,44286000,44286000,1484000,None,None,5673000,None,None,11714000,3388000,None,None,None,-0.789,0.05,9559000,21273000,0.18,2010-12-31,45.25,43563000,2422300000.0,90052000,10797000,4340000,22847000,22847000,None,0,None,None,None,None,None,None,None,3767000,None,None,None,-0.0613,12174000,82710000,7342000,6680000,12915000,None,None,None,None,None,None,None,0.867,3.296,9.29,None,None,None,None,None,-1691000,None,0.0066,None,15144000,2025-10-28,quarterly,0.23,USD,pre-market,10123000,-69947000,-0.004,0.0025,0.204,7.38,27550000,None,None,106120000,79.23,69.17,27.7778,248059000,146538000,22037000,23263000,101521000,1226000,134338000,224796000,1116.83,None,97.43,62.0
2025-12-28,CSGP,0.06,3056500000.0,1116.83,None,0.839,20.34,6546000,None,28065000,28065000,2018000,-1465000,None,None,-1581000,None,None,None,187000,190070000,None,44286000,44286000,1484000,None,None,5673000,None,None,11714000,3307000,None,None,None,-0.789,0.05,9559000,21273000,0.18,2010-09-30,45.25,43563000,2422300000.0,90052000,10797000,4340000,22847000,22847000,None,0,None,None,None,None,None,None,None,3382000,None,None,None,-0.0613,6396000,82710000,7342000,6680000,12915000,None,None,None,None,None,None,None,0.867,3.296,9.29,None,None,None,None,None,-201000,None,0.0066,None,15144000,2025-10-28,quarterly,0.23,USD,pre-market,10123000,-69947000,-0.004,0.0025,0.204,7.38,27550000,None,None,106120000,79.23,69.17,27.7778,248059000,146538000,22037000,23263000,101521000,1226000,134338000,224796000,1116.83,None,97.43,62.0
2025-12-28,CSGP,0.06,3056500000.0,1116.83,None,0.839,20.34,2620000,None,28065000,28065000,249000,3845000,None,None,3498000,None,None,None,187000,190070000,None,44286000,44286000,1484000,None,None,5673000,None,None,11714000,3306000,None,None,None,-0.789,0.05,9559000,21273000,0.18,2010-06-30,45.25,43563000,2422300000.0,90052000,10797000,4340000,22847000,22847000,None,0,None,None,None,None,None,None,None,3251000,None,None,None,-0.0613,14059000,82710000,7342000,6680000,12915000,None,None,None,None,None,None,None,0.867,3.296,9.29,None,None,None,None,None,-161000,None,0.0066,None,15144000,2025-10-28,quarterly,0.23,USD,pre-market,10123000,-69947000,-0.004,0.0025,0.204,7.38,27550000,None,None,106120000,79.23,69.17,27.7778,248059000,146538000,22037000,23263000,101521000,1226000,134338000,224796000,1116.83,None,97.43,62.0
2025-12-28,CSGP,0.06,3056500000.0,1116.83,None,0.839,20.34,43946000,None,28065000,28065000,273000,-42270000,None,None,-2505000,None,None,None,187000,190070000,None,44286000,44286000,1484000,None,None,5673000,None,None,11714000,3648000,None,None,None,-0.789,0.05,9559000,21273000,0.18,2010-03-31,45.25,43563000,2422300000.0,90052000,10797000,4340000,22847000,22847000,None,0,None,None,None,None,None,None,None,2889000,None,None,None,-0.0613,6640000,82710000,7342000,6680000,12915000,None,None,None,None,None,None,None,0.867,3.296,9.29,None,None,None,None,None,-851000,None,0.0066,None,15144000,2025-10-28,quarterly,0.23,USD,pre-market,10123000,-69947000,-0.004,0.0025,0.204,7.38,27550000,None,None,106120000,79.23,69.17,27.7778,248059000,146538000,22037000,23263000,101521000,1226000,134338000,224796000,1116.83,None,97.43,62.0
2025-12-28,CSGP,0.06,3056500000.0,1116.83,None,0.839,20.34,4709000,None,28065000,28065000,1666000,-4416000,None,None,-667000,None,None,None,187000,190070000,None,44286000,44286000,1484000,None,None,5673000,None,None,11714000,3934000,None,None,None,-0.789,0.05,9559000,21273000,0.18,2009-12-31,45.25,43563000,2422300000.0,90052000,10797000,4340000,22847000,22847000,None,0,None,None,None,None,None,None,None,3646000,None,None,None,-0.0613,7755000,82710000,7342000,6680000,12915000,None,None,None,None,None,None,None,0.867,3.296,9.29,None,None,None,None,None,-171000,None,0.0066,None,15144000,2025-10-28,quarterly,0.23,USD,pre-market,10123000,-69947000,-0.004,0.0025,0.204,7.38,27550000,None,None,106120000,79.23,69.17,27.7778,248059000,146538000,22037000,23263000,101521000,1226000,134338000,224796000,1116.83,None,97.43,62.0
2025-12-28,CSGP,0.06,3056500000.0,1116.83,None,0.839,20.34,2753000,None,28065000,28065000,575000,4171000,None,None,None,None,None,None,187000,190070000,None,44286000,44286000,1484000,None,None,5673000,None,None,11714000,3608000,None,None,None,-0.789,0.05,9559000,21273000,0.18,2009-09-30,45.25,43563000,2422300000.0,90052000,10797000,4340000,22847000,22847000,None,0,None,None,None,None,None,None,None,4325000,None,None,None,-0.0613,12937000,82710000,7342000,6680000,12915000,None,None,None,None,None,None,None,0.867,3.296,9.29,None,None,None,None,None,-146000,None,0.0066,None,15144000,2025-10-28,quarterly,0.23,USD,pre-market,10123000,-69947000,-0.004,0.0025,0.204,7.38,27550000,None,None,106120000,79.23,69.17,27.7778,248059000,146538000,22037000,23263000,101521000,1226000,134338000,224796000,1116.83,None,97.43,62.0
2025-12-28,CSGP,0.06,3056500000.0,1116.83,None,0.839,20.34,2045000,None,28065000,28065000,65000,2061000,None,None,None,None,None,None,187000,190070000,None,44286000,44286000,1484000,None,None,5673000,None,None,11714000,3458000,None,None,None,-0.789,0.05,9559000,21273000,0.18,2009-06-30,45.25,43563000,2422300000.0,90052000,10797000,4340000,22847000,22847000,None,0,None,None,None,None,None,None,None,4616000,None,None,None,-0.0613,9556000,82710000,7342000,6680000,12915000,None,None,None,None,None,None,None,0.867,3.296,9.29,None,None,None,None,None,-140000,None,0.0066,None,15144000,2025-10-28,quarterly,0.23,USD,pre-market,10123000,-69947000,-0.004,0.0025,0.204,7.38,27550000,None,None,106120000,79.23,69.17,27.7778,248059000,146538000,22037000,23263000,101521000,1226000,134338000,224796000,1116.83,None,97.43,62.0
2025-12-28,CSGP,0.06,3056500000.0,1116.83,None,0.839,20.34,1037000,None,28065000,28065000,-134000,1592000,None,None,-96000,None,None,None,187000,190070000,None,44286000,44286000,1484000,None,None,5673000,None,None,11714000,3676000,None,None,None,-0.789,0.05,9559000,21273000,0.18,2009-03-31,45.25,43563000,2422300000.0,90052000,10797000,4340000,22847000,22847000,None,0,None,None,None,None,None,None,None,6106000,None,None,None,-0.0613,9321000,82710000,7342000,6680000,12915000,None,None,None,None,None,None,None,0.867,3.296,9.29,None,None,None,None,None,-215000,None,0.0066,None,15144000,2025-10-28,quarterly,0.23,USD,pre-market,10123000,-69947000,-0.004,0.0025,0.204,7.38,27550000,None,None,106120000,79.23,69.17,27.7778,248059000,146538000,22037000,23263000,101521000,1226000,134338000,224796000,1116.83,None,97.43,62.0
2025-12-28,CSGP,0.06,3056500000.0,1116.83,None,0.839,20.34,424000,None,28065000,28065000,5248000,6762000,None,None,-16428000,None,None,None,187000,190070000,None,44286000,44286000,1484000,None,None,5673000,None,None,11714000,3932000,None,None,None,-0.789,0.05,9559000,21273000,0.18,2008-12-31,45.25,43563000,2422300000.0,90052000,10797000,4340000,22847000,22847000,None,0,None,None,None,None,None,None,None,7501000,None,None,None,-0.0613,10527000,82710000,7342000,6680000,12915000,None,None,None,None,None,None,None,0.867,3.296,9.29,None,None,None,None,None,None,None,0.0066,None,15144000,2025-10-28,quarterly,0.23,USD,pre-market,10123000,-69947000,-0.004,0.0025,0.204,7.38,27550000,None,None,106120000,79.23,69.17,27.7778,248059000,146538000,22037000,23263000,101521000,1226000,134338000,224796000,1116.83,None,97.43,62.0
2025-12-28,CSGP,0.06,3056500000.0,1116.83,None,0.839,20.34,810000,None,28065000,28065000,3456000,19461000,None,None,None,None,None,None,187000,190070000,None,44286000,44286000,1484000,None,None,5673000,None,None,11714000,4253000,None,None,None,-0.789,0.05,9559000,21273000,0.18,2008-09-30,45.25,43563000,2422300000.0,90052000,10797000,4340000,22847000,22847000,None,0,None,None,None,None,None,None,None,6645000,None,None,None,-0.0613,14545000,82710000,7342000,6680000,12915000,None,None,None,None,None,None,None,0.867,3.296,9.29,None,None,None,None,None,None,None,0.0066,None,15144000,2025-10-28,quarterly,0.23,USD,pre-market,10123000,-69947000,-0.004,0.0025,0.204,7.38,27550000,None,None,106120000,79.23,69.17,27.7778,248059000,146538000,22037000,23263000,101521000,1226000,134338000,224796000,1116.83,None,97.43,62.0
2025-12-28,CSGP,0.06,3056500000.0,1116.83,None,0.839,20.34,1233000,None,28065000,28065000,2359000,-2286000,None,None,None,None,None,None,187000,190070000,None,44286000,44286000,1484000,None,None,5673000,None,None,11714000,4334000,None,None,None,-0.789,0.05,9559000,21273000,0.18,2008-06-30,45.25,43563000,2422300000.0,90052000,10797000,4340000,22847000,22847000,None,0,None,None,None,None,None,None,None,5435000,None,None,None,-0.0613,7754000,82710000,7342000,6680000,12915000,None,None,None,None,None,None,None,0.867,3.296,9.29,None,None,None,None,None,None,None,0.0066,None,15144000,2025-10-28,quarterly,0.23,USD,pre-market,10123000,-69947000,-0.004,0.0025,0.204,7.38,27550000,None,None,106120000,79.23,69.17,27.7778,248059000,146538000,22037000,23263000,101521000,1226000,134338000,224796000,1116.83,None,97.43,62.0
2025-12-28,CSGP,0.06,3056500000.0,1116.83,None,0.839,20.34,1189000,None,28065000,28065000,412000,28493000,None,None,None,None,None,None,187000,190070000,None,44286000,44286000,1484000,None,None,5673000,None,None,11714000,4282000,None,None,None,-0.789,0.05,9559000,21273000,0.18,2008-03-31,45.25,43563000,2422300000.0,90052000,10797000,4340000,22847000,22847000,None,0,None,None,None,None,None,None,None,5042000,None,None,None,-0.0613,8082000,82710000,7342000,6680000,12915000,None,None,None,None,None,None,None,0.867,3.296,9.29,None,None,None,None,None,None,None,0.0066,None,15144000,2025-10-28,quarterly,0.23,USD,pre-market,10123000,-69947000,-0.004,0.0025,0.204,7.38,27550000,None,None,106120000,79.23,69.17,27.7778,248059000,146538000,22037000,23263000,101521000,1226000,134338000,224796000,1116.83,None,97.43,62.0
2025-12-28,CSGP,0.06,3056500000.0,1116.83,None,0.839,20.34,5852000,None,28065000,28065000,5215000,-14288000,None,None,521000,None,None,None,187000,190070000,None,44286000,44286000,1484000,None,None,5673000,None,None,11714000,4440000,None,None,None,-0.789,0.05,9559000,21273000,0.18,2007-12-31,45.25,43563000,2422300000.0,90052000,10797000,4340000,22847000,22847000,None,0,None,None,None,None,None,None,None,9712000,None,None,None,-0.0613,23841000,82710000,7342000,6680000,12915000,None,None,None,None,None,None,None,0.867,3.296,9.29,None,None,None,None,None,None,None,0.0066,None,15144000,2025-10-28,quarterly,0.23,USD,pre-market,10123000,-69947000,-0.004,0.0025,0.204,7.38,27550000,None,None,106120000,79.23,69.17,27.7778,248059000,146538000,22037000,23263000,101521000,1226000,134338000,224796000,1116.83,None,97.43,62.0
2025-12-28,CSGP,0.06,3056500000.0,1116.83,None,0.839,20.34,3492000,None,28065000,28065000,1734000,-6294000,None,None,None,None,None,None,187000,190070000,None,44286000,44286000,1484000,None,None,5673000,None,None,11714000,4116000,None,None,None,-0.789,0.05,9559000,21273000,0.18,2007-09-30,45.25,43563000,2422300000.0,90052000,10797000,4340000,22847000,22847000,None,0,None,None,None,None,None,None,None,3250000,None,None,None,-0.0613,11174000,82710000,7342000,6680000,12915000,None,None,None,None,None,None,None,0.867,3.296,9.29,None,None,None,None,None,None,None,0.0066,None,15144000,2025-10-28,quarterly,0.23,USD,pre-market,10123000,-69947000,-0.004,0.0025,0.204,7.38,27550000,None,None,106120000,79.23,69.17,27.7778,248059000,146538000,22037000,23263000,101521000,1226000,134338000,224796000,1116.83,None,97.43,62.0
2025-12-28,CSGP,0.06,3056500000.0,1116.83,None,0.839,20.34,2346000,None,28065000,28065000,850000,-13341000,None,None,None,None,None,None,187000,190070000,None,44286000,44286000,1484000,None,None,5673000,None,None,11714000,3981000,None,None,None,-0.789,0.05,9559000,21273000,0.18,2007-06-30,45.25,43563000,2422300000.0,90052000,10797000,4340000,22847000,22847000,None,0,None,None,None,None,None,None,None,1175000,None,None,None,-0.0613,5641000,82710000,7342000,6680000,12915000,None,None,None,None,None,None,None,0.867,3.296,9.29,None,None,None,None,None,None,None,0.0066,None,15144000,2025-10-28,quarterly,0.23,USD,pre-market,10123000,-69947000,-0.004,0.0025,0.204,7.38,27550000,None,None,106120000,79.23,69.17,27.7778,248059000,146538000,22037000,23263000,101521000,1226000,134338000,224796000,1116.83,None,97.43,62.0
2025-12-28,CSGP,0.06,3056500000.0,1116.83,None,0.839,20.34,2581000,None,28065000,28065000,362000,-6475000,None,None,None,None,None,None,187000,190070000,None,44286000,44286000,1484000,None,None,5673000,None,None,11714000,3610000,None,None,None,-0.789,0.05,9559000,21273000,0.18,2007-03-31,45.25,43563000,2422300000.0,90052000,10797000,4340000,22847000,22847000,None,0,None,None,None,None,None,None,None,1814000,None,None,None,-0.0613,11143000,82710000,7342000,6680000,12915000,None,None,None,None,None,None,None,0.867,3.296,9.29,None,None,None,None,None,None,None,0.0066,None,15144000,2025-10-28,quarterly,0.23,USD,pre-market,10123000,-69947000,-0.004,0.0025,0.204,7.38,27550000,None,None,106120000,79.23,69.17,27.7778,248059000,146538000,22037000,23263000,101521000,1226000,134338000,224796000,1116.83,None,97.43,62.0
2025-12-28,CSGP,0.06,3056500000.0,1116.83,None,0.839,20.34,4000000,None,28065000,28065000,608000,-3672000,None,None,-7511000,None,None,None,187000,190070000,None,44286000,44286000,1484000,None,None,5673000,None,None,11714000,3183000,None,None,None,-0.789,0.05,9559000,21273000,0.18,2006-12-31,45.25,43563000,2422300000.0,90052000,10797000,4340000,22847000,22847000,None,0,None,None,None,None,None,None,None,3548000,None,None,None,-0.0613,8328000,82710000,7342000,6680000,12915000,None,None,None,None,None,None,None,0.867,3.296,9.29,None,None,None,None,None,None,None,0.0066,None,15144000,2025-10-28,quarterly,0.23,USD,pre-market,10123000,-69947000,-0.004,0.0025,0.204,7.38,27550000,None,None,106120000,79.23,69.17,27.7778,248059000,146538000,22037000,23263000,101521000,1226000,134338000,224796000,1116.83,None,97.43,62.0
2025-12-28,CSGP,0.06,3056500000.0,1116.83,None,0.839,20.34,5010000,None,28065000,28065000,633000,-13792000,None,None,None,None,None,None,187000,190070000,None,44286000,44286000,1484000,None,None,5673000,None,None,11714000,2953000,None,None,None,-0.789,0.05,9559000,21273000,0.18,2006-09-30,45.25,43563000,2422300000.0,90052000,10797000,4340000,22847000,22847000,None,0,None,None,None,None,None,None,None,4698000,None,None,None,-0.0613,8622000,82710000,7342000,6680000,12915000,None,None,None,None,None,None,None,0.867,3.296,9.29,None,None,None,None,None,None,None,0.0066,None,15144000,2025-10-28,quarterly,0.23,USD,pre-market,10123000,-69947000,-0.004,0.0025,0.204,7.38,27550000,None,None,106120000,79.23,69.17,27.7778,248059000,146538000,22037000,23263000,101521000,1226000,134338000,224796000,1116.83,None,97.43,62.0
2025-12-28,CSGP,0.06,3056500000.0,1116.83,None,0.839,20.34,2724000,None,28065000,28065000,1712000,-18615000,None,None,None,None,None,None,187000,190070000,None,44286000,44286000,1484000,None,None,5673000,None,None,11714000,2861000,None,None,None,-0.789,0.05,9559000,21273000,0.18,2006-06-30,45.25,43563000,2422300000.0,90052000,10797000,4340000,22847000,22847000,None,0,None,None,None,None,None,None,None,2304000,None,None,None,-0.0613,9003000,82710000,7342000,6680000,12915000,None,None,None,None,None,None,None,0.867,3.296,9.29,None,None,None,None,None,None,None,0.0066,None,15144000,2025-10-28,quarterly,0.23,USD,pre-market,10123000,-69947000,-0.004,0.0025,0.204,7.38,27550000,None,None,106120000,79.23,69.17,27.7778,248059000,146538000,22037000,23263000,101521000,1226000,134338000,224796000,1116.83,None,97.43,62.0
2025-12-28,CSGP,0.06,3056500000.0,1116.83,None,0.839,20.34,1225000,None,28065000,28065000,2629000,7586000,None,None,None,None,None,None,187000,190070000,None,44286000,44286000,1484000,None,None,5673000,None,None,11714000,2813000,None,None,None,-0.789,0.05,9559000,21273000,0.18,2006-03-31,45.25,43563000,2422300000.0,90052000,10797000,4340000,22847000,22847000,None,0,None,None,None,None,None,None,None,1860000,None,None,None,-0.0613,6798000,82710000,7342000,6680000,12915000,None,None,None,None,None,None,None,0.867,3.296,9.29,None,None,None,None,None,None,None,0.0066,None,15144000,2025-10-28,quarterly,0.23,USD,pre-market,10123000,-69947000,-0.004,0.0025,0.204,7.38,27550000,None,None,106120000,79.23,69.17,27.7778,248059000,146538000,22037000,23263000,101521000,1226000,134338000,224796000,1116.83,None,97.43,62.0
2025-12-28,CSGP,0.06,3056500000.0,1116.83,None,0.839,20.34,996000,None,28065000,28065000,1568000,-10237000,None,None,-128132000,None,None,None,187000,190070000,None,44286000,44286000,1484000,None,None,5673000,None,None,11714000,2824000,None,None,None,-0.789,0.05,9559000,21273000,0.18,2005-12-31,45.25,43563000,2422300000.0,90052000,10797000,4340000,22847000,22847000,None,0,None,None,None,None,None,None,None,3203000,None,None,None,-0.0613,8751000,82710000,7342000,6680000,12915000,None,None,None,None,None,None,None,0.867,3.296,9.29,None,None,None,None,None,None,None,0.0066,None,15144000,2025-10-28,quarterly,0.23,USD,pre-market,10123000,-69947000,-0.004,0.0025,0.204,7.38,27550000,None,None,106120000,79.23,69.17,27.7778,248059000,146538000,22037000,23263000,101521000,1226000,134338000,224796000,1116.83,None,97.43,62.0
2025-12-28,CSGP,0.06,3056500000.0,1116.83,None,0.839,20.34,1739000,None,28065000,28065000,4665000,-16272000,None,None,None,None,None,None,187000,190070000,None,44286000,44286000,1484000,None,None,5673000,None,None,11714000,2759000,None,None,None,-0.789,0.05,9559000,21273000,0.18,2005-09-30,45.25,43563000,2422300000.0,90052000,10797000,4340000,22847000,22847000,None,0,None,None,None,None,None,None,None,1137000,None,None,None,-0.0613,8819000,82710000,7342000,6680000,12915000,None,None,None,None,None,None,None,0.867,3.296,9.29,None,None,None,None,None,None,None,0.0066,None,15144000,2025-10-28,quarterly,0.23,USD,pre-market,10123000,-69947000,-0.004,0.0025,0.204,7.38,27550000,None,None,106120000,79.23,69.17,27.7778,248059000,146538000,22037000,23263000,101521000,1226000,134338000,224796000,1116.83,None,97.43,62.0
2025-12-28,CSGP,0.06,3056500000.0,1116.83,None,0.839,20.34,637900000,None,28065000,28065000,-13700000,-912900000,None,None,None,None,None,None,187000,190070000,None,44286000,44286000,1484000,None,None,5673000,None,None,11714000,146900000,None,None,None,-0.789,0.05,9559000,21273000,0.18,2024-12-31,45.25,43563000,2422300000.0,90052000,10797000,4340000,22847000,22847000,None,0,None,None,None,None,None,None,None,138700000,None,None,None,-0.0613,392600000,82710000,7342000,6680000,12915000,None,None,None,None,None,None,None,0.867,3.296,9.29,None,None,None,None,None,-29500000,None,0.0066,None,15144000,2025-10-28,annual,0.23,USD,pre-market,10123000,-69947000,-0.004,0.0025,0.204,7.38,27550000,None,None,106120000,79.23,69.17,27.7778,248059000,146538000,22037000,23263000,101521000,1226000,134338000,224796000,1116.83,None,97.43,62.0
2025-12-28,CSGP,0.06,3056500000.0,1116.83,None,0.839,20.34,25300000,None,28065000,28065000,-3700000,-238600000,None,None,-45700000,None,None,None,187000,190070000,None,44286000,44286000,1484000,None,None,5673000,None,None,11714000,107500000,None,None,None,-0.789,0.05,9559000,21273000,0.18,2023-12-31,45.25,43563000,2422300000.0,90052000,10797000,4340000,22847000,22847000,None,0,None,None,None,None,None,None,None,374700000,None,None,None,-0.0613,489500000,82710000,7342000,6680000,12915000,None,None,None,None,None,None,None,0.867,3.296,9.29,None,None,None,None,None,-26400000,None,0.0066,None,15144000,2025-10-28,annual,0.23,USD,pre-market,10123000,-69947000,-0.004,0.0025,0.204,7.38,27550000,None,None,106120000,79.23,69.17,27.7778,248059000,146538000,22037000,23263000,101521000,1226000,134338000,224796000,1116.83,None,97.43,62.0
2025-12-28,CSGP,0.06,3056500000.0,1116.83,None,0.839,20.34,58574000,None,28065000,28065000,733977000,-69100000,1143542000,None,None,None,None,-46403000,187000,190070000,None,44286000,44286000,1484000,None,None,5673000,None,None,11714000,137900000,23108000,23108000,None,-0.789,0.05,9559000,21273000,0.18,2022-12-31,45.25,43563000,2422300000.0,90052000,10797000,4340000,22847000,22847000,None,0,None,None,None,None,None,None,None,369500000,None,None,None,-0.0613,478700000,82710000,7342000,6680000,12915000,None,None,None,None,None,None,None,0.867,3.296,9.29,None,None,None,None,None,-23108000,None,0.0066,None,15144000,2025-10-28,annual,0.23,USD,pre-market,10123000,-69947000,-0.004,0.0025,0.204,7.38,27550000,None,None,106120000,79.23,69.17,27.7778,248059000,146538000,22037000,23263000,101521000,1226000,134338000,224796000,1116.83,None,97.43,62.0
2025-12-28,CSGP,0.06,3056500000.0,1116.83,None,0.839,20.34,65220000,None,28065000,28065000,-15679000,-381343000,72709000,None,-40419000,None,None,-29630000,187000,190070000,None,44286000,44286000,1484000,None,None,5673000,None,None,11714000,139558000,None,None,None,-0.789,0.05,9559000,21273000,0.18,2021-12-31,45.25,43563000,2422300000.0,90052000,10797000,4340000,22847000,22847000,None,0,None,None,None,None,None,None,None,292564000,None,None,None,-0.0613,469731000,82710000,7342000,6680000,12915000,None,None,None,None,None,None,None,0.867,3.296,9.29,None,None,None,None,None,-33314000,None,0.0066,None,15144000,2025-10-28,annual,0.23,USD,pre-market,10123000,-69947000,-0.004,0.0025,0.204,7.38,27550000,None,None,106120000,79.23,69.17,27.7778,248059000,146538000,22037000,23263000,101521000,1226000,134338000,224796000,1116.83,None,97.43,62.0
2025-12-28,CSGP,0.06,3056500000.0,1116.83,None,0.839,20.34,48347000,None,28065000,28065000,2662297000,-464163000,2684240000,None,-16447000,None,None,-36118000,187000,190070000,None,44286000,44286000,1484000,None,None,5673000,None,None,11714000,116944000,1774490000,1774490000,None,-0.789,0.05,9559000,21273000,0.18,2020-12-31,45.25,43563000,2422300000.0,90052000,10797000,4340000,22847000,22847000,None,0,None,None,None,None,None,None,None,227128000,None,None,None,-0.0613,486106000,82710000,7342000,6680000,12915000,None,None,None,None,None,None,None,0.867,3.296,9.29,None,None,None,None,None,-38867000,None,0.0066,None,15144000,2025-10-28,annual,0.23,USD,pre-market,10123000,-69947000,-0.004,0.0025,0.204,7.38,27550000,None,None,106120000,79.23,69.17,27.7778,248059000,146538000,22037000,23263000,101521000,1226000,134338000,224796000,1116.83,None,97.43,62.0
2025-12-28,CSGP,0.06,3056500000.0,1116.83,None,0.839,20.34,46197000,None,28065000,28065000,-4154000,-483753000,-30127000,None,-40911000,None,None,-5014000,187000,190070000,None,44286000,44286000,1484000,None,None,5673000,None,None,11714000,81165000,None,None,None,-0.789,0.05,9559000,21273000,0.18,2019-12-31,45.25,43563000,2422300000.0,90052000,10797000,4340000,22847000,22847000,None,0,None,None,None,None,None,None,None,314963000,None,None,None,-0.0613,457780000,82710000,7342000,6680000,12915000,None,None,None,None,None,None,None,0.867,3.296,9.29,None,None,None,None,None,-27577000,None,0.0066,None,15144000,2025-10-28,annual,0.23,USD,pre-market,10123000,-69947000,-0.004,0.0025,0.204,7.38,27550000,None,None,106120000,79.23,69.17,27.7778,248059000,146538000,22037000,23263000,101521000,1226000,134338000,224796000,1116.83,None,97.43,62.0
2025-12-28,CSGP,0.06,3056500000.0,1116.83,None,0.839,20.34,29632000,None,28065000,28065000,2744000,-448001000,-111047000,-1248000,6054000,None,None,-27819000,187000,190070000,None,44286000,44286000,1484000,None,None,5673000,None,None,11714000,77743000,None,None,None,-0.789,0.05,9559000,21273000,0.18,2018-12-31,45.25,43563000,2422300000.0,90052000,10797000,4340000,22847000,22847000,None,0,None,None,None,None,None,None,None,238334000,None,None,None,-0.0613,335458000,82710000,7342000,6680000,12915000,None,None,None,None,None,None,None,0.867,3.296,9.29,None,None,None,None,None,-24327000,None,0.0066,None,15144000,2025-10-28,annual,0.23,USD,pre-market,10123000,-69947000,-0.004,0.0025,0.204,7.38,27550000,None,None,106120000,79.23,69.17,27.7778,248059000,146538000,22037000,23263000,101521000,1226000,134338000,224796000,1116.83,None,97.43,62.0
2025-12-28,CSGP,0.06,3056500000.0,1116.83,None,0.839,20.34,24499000,None,28065000,28065000,480430000,-72267000,644240000,1374000,284000,None,None,-17524000,187000,190070000,None,44286000,44286000,1484000,None,None,5673000,None,None,11714000,63643000,9888000,9888000,None,-0.789,0.05,9559000,21273000,0.18,2017-12-31,45.25,43563000,2422300000.0,90052000,10797000,4340000,22847000,22847000,None,0,None,None,None,None,None,None,None,122695000,None,None,None,-0.0613,234703000,82710000,7342000,6680000,12915000,None,None,None,None,None,None,None,0.867,3.296,9.29,None,None,None,None,None,-14902000,None,0.0066,None,15144000,2025-10-28,annual,0.23,USD,pre-market,10123000,-69947000,-0.004,0.0025,0.204,7.38,27550000,None,None,106120000,79.23,69.17,27.7778,248059000,146538000,22037000,23263000,101521000,1226000,134338000,224796000,1116.83,None,97.43,62.0
2025-12-28,CSGP,0.06,3056500000.0,1116.83,None,0.839,20.34,18766000,None,28065000,28065000,-30563000,-23259000,145405000,-1415000,1659000,None,None,-16044000,187000,190070000,None,44286000,44286000,1484000,None,None,5673000,None,None,11714000,70165000,0,0,None,-0.789,0.05,9559000,21273000,0.18,2016-12-31,45.25,43563000,2422300000.0,90052000,10797000,4340000,22847000,22847000,None,0,None,None,None,None,None,None,None,85071000,None,None,None,-0.0613,200642000,82710000,7342000,6680000,12915000,None,None,None,None,None,None,None,0.867,3.296,9.29,None,None,None,None,None,-16424000,None,0.0066,None,15144000,2025-10-28,annual,0.23,USD,pre-market,10123000,-69947000,-0.004,0.0025,0.204,7.38,27550000,None,None,106120000,79.23,69.17,27.7778,248059000,146538000,22037000,23263000,101521000,1226000,134338000,224796000,1116.83,None,97.43,62.0
2025-12-28,CSGP,0.06,3056500000.0,1116.83,None,0.839,20.34,35061000,None,28065000,28065000,-29032000,-215502000,-105194000,-433000,11747000,None,None,-3999000,187000,190070000,None,44286000,44286000,1484000,None,None,5673000,None,None,11714000,78532000,0,0,None,-0.789,0.05,9559000,21273000,0.18,2015-12-31,45.25,43563000,2422300000.0,90052000,10797000,4340000,22847000,22847000,None,0,None,None,None,None,None,None,None,-3465000,None,None,None,-0.0613,139773000,82710000,7342000,6680000,12915000,None,None,None,None,None,None,None,0.867,3.296,9.29,None,None,None,None,None,-16436000,None,0.0066,None,15144000,2025-10-28,annual,0.23,USD,pre-market,10123000,-69947000,-0.004,0.0025,0.204,7.38,27550000,None,None,106120000,79.23,69.17,27.7778,248059000,146538000,22037000,23263000,101521000,1226000,134338000,224796000,1116.83,None,97.43,62.0
2025-12-28,CSGP,0.06,3056500000.0,1116.83,None,0.839,20.34,27444000,None,28065000,28065000,733513000,-605987000,271059000,-376000,21696000,None,None,-12353000,187000,190070000,None,44286000,44286000,1484000,None,None,5673000,None,None,11714000,70372000,555740000,555740000,None,-0.789,0.05,9559000,21273000,0.18,2014-12-31,45.25,43563000,2422300000.0,90052000,10797000,4340000,22847000,22847000,None,0,None,None,None,None,None,None,None,44869000,None,None,None,-0.0613,143909000,82710000,7342000,6680000,12915000,None,None,None,None,None,None,None,0.867,3.296,9.29,None,None,None,None,None,-50555000,None,0.0066,None,15144000,2025-10-28,annual,0.23,USD,pre-market,10123000,-69947000,-0.004,0.0025,0.204,7.38,27550000,None,None,106120000,79.23,69.17,27.7778,248059000,146538000,22037000,23263000,101521000,1226000,134338000,224796000,1116.83,None,97.43,62.0
2025-12-28,CSGP,0.06,3056500000.0,1116.83,None,0.839,20.34,19042000,None,28065000,28065000,10405000,-18966000,99926000,189000,32229000,None,None,-6607000,187000,190070000,None,44286000,44286000,1484000,None,None,5673000,None,None,11714000,40058000,0,0,None,-0.789,0.05,9559000,21273000,0.18,2013-12-31,45.25,43563000,2422300000.0,90052000,10797000,4340000,22847000,22847000,None,0,None,None,None,None,None,None,None,29734000,None,None,None,-0.0613,108298000,82710000,7342000,6680000,12915000,None,None,None,None,None,None,None,0.867,3.296,9.29,None,None,None,None,None,-8469000,None,0.0066,None,15144000,2025-10-28,annual,0.23,USD,pre-market,10123000,-69947000,-0.004,0.0025,0.204,7.38,27550000,None,None,106120000,79.23,69.17,27.7778,248059000,146538000,22037000,23263000,101521000,1226000,134338000,224796000,1116.83,None,97.43,62.0
2025-12-28,CSGP,0.06,3056500000.0,1116.83,None,0.839,20.34,14834000,None,28065000,28065000,164941000,-640398000,-389253000,78000,4084000,None,None,1328000,187000,190070000,None,44286000,44286000,1484000,None,None,5673000,None,None,11714000,32752000,0,0,None,-0.789,0.05,9559000,21273000,0.18,2012-12-31,45.25,43563000,2422300000.0,90052000,10797000,4340000,22847000,22847000,None,0,None,None,None,None,None,None,None,9915000,None,None,None,-0.0613,86126000,82710000,7342000,6680000,12915000,None,None,None,None,None,None,None,0.867,3.296,9.29,None,None,None,None,None,-4204000,None,0.0066,None,15144000,2025-10-28,annual,0.23,USD,pre-market,10123000,-69947000,-0.004,0.0025,0.204,7.38,27550000,None,None,106120000,79.23,69.17,27.7778,248059000,146538000,22037000,23263000,101521000,1226000,134338000,224796000,1116.83,None,97.43,62.0
2025-12-28,CSGP,0.06,3056500000.0,1116.83,None,0.839,20.34,15013000,None,28065000,28065000,254780000,58366000,338875000,44000,9470000,None,None,-4569000,187000,190070000,None,44286000,44286000,1484000,None,None,5673000,None,None,11714000,12852000,0,0,None,-0.789,0.05,9559000,21273000,0.18,2011-12-31,45.25,43563000,2422300000.0,90052000,10797000,4340000,22847000,22847000,None,0,None,None,None,None,None,None,None,14656000,None,None,None,-0.0613,27785000,82710000,7342000,6680000,12915000,None,None,None,None,None,None,None,0.867,3.296,9.29,None,None,None,None,None,-2307000,None,0.0066,None,15144000,2025-10-28,annual,0.23,USD,pre-market,10123000,-69947000,-0.004,0.0025,0.204,7.38,27550000,None,None,106120000,79.23,69.17,27.7778,248059000,146538000,22037000,23263000,101521000,1226000,134338000,224796000,1116.83,None,97.43,62.0
2025-12-28,CSGP,0.06,3056500000.0,1116.83,None,0.839,20.34,57358000,None,28065000,28065000,2042000,-40504000,None,None,-3422000,None,None,None,187000,190070000,None,44286000,44286000,1484000,None,None,5673000,None,None,11714000,13649000,None,None,None,-0.789,0.05,9559000,21273000,0.18,2010-12-31,45.25,43563000,2422300000.0,90052000,10797000,4340000,22847000,22847000,None,0,None,None,None,None,None,None,None,13289000,None,None,None,-0.0613,39269000,82710000,7342000,6680000,12915000,None,None,None,None,None,None,None,0.867,3.296,9.29,None,None,None,None,None,-2904000,None,0.0066,None,15144000,2025-10-28,annual,0.23,USD,pre-market,10123000,-69947000,-0.004,0.0025,0.204,7.38,27550000,None,None,106120000,79.23,69.17,27.7778,248059000,146538000,22037000,23263000,101521000,1226000,134338000,224796000,1116.83,None,97.43,62.0
2025-12-28,CSGP,0.06,3056500000.0,1116.83,None,0.839,20.34,10544000,None,28065000,28065000,2172000,4532000,None,None,-1424000,None,None,None,187000,190070000,None,44286000,44286000,1484000,None,None,5673000,None,None,11714000,14676000,None,None,None,-0.789,0.05,9559000,21273000,0.18,2009-12-31,45.25,43563000,2422300000.0,90052000,10797000,4340000,22847000,22847000,None,0,None,None,None,None,None,None,None,18693000,None,None,None,-0.0613,38445000,82710000,7342000,6680000,12915000,None,None,None,None,None,None,None,0.867,3.296,9.29,None,None,None,None,None,-672000,None,0.0066,None,15144000,2025-10-28,annual,0.23,USD,pre-market,10123000,-69947000,-0.004,0.0025,0.204,7.38,27550000,None,None,106120000,79.23,69.17,27.7778,248059000,146538000,22037000,23263000,101521000,1226000,134338000,224796000,1116.83,None,97.43,62.0
2025-12-28,CSGP,0.06,3056500000.0,1116.83,None,0.839,20.34,3656000,None,28065000,28065000,11475000,52430000,None,None,1997000,None,None,None,187000,190070000,None,44286000,44286000,1484000,None,None,5673000,None,None,11714000,16801000,None,None,None,-0.789,0.05,9559000,21273000,0.18,2008-12-31,45.25,43563000,2422300000.0,90052000,10797000,4340000,22847000,22847000,None,0,None,None,None,None,None,None,None,24623000,None,None,None,-0.0613,40908000,82710000,7342000,6680000,12915000,None,None,None,None,None,None,None,0.867,3.296,9.29,None,None,None,None,None,-695000,None,0.0066,None,15144000,2025-10-28,annual,0.23,USD,pre-market,10123000,-69947000,-0.004,0.0025,0.204,7.38,27550000,None,None,106120000,79.23,69.17,27.7778,248059000,146538000,22037000,23263000,101521000,1226000,134338000,224796000,1116.83,None,97.43,62.0
2025-12-28,CSGP,0.06,3056500000.0,1116.83,None,0.839,20.34,14271000,None,28065000,28065000,8161000,-40398000,None,None,None,None,None,None,187000,190070000,None,44286000,44286000,1484000,None,None,5673000,None,None,11714000,16147000,None,None,None,-0.789,0.05,9559000,21273000,0.18,2007-12-31,45.25,43563000,2422300000.0,90052000,10797000,4340000,22847000,22847000,None,0,None,None,None,None,None,None,None,15951000,None,None,None,-0.0613,51799000,82710000,7342000,6680000,12915000,None,None,None,None,None,None,None,0.867,3.296,9.29,None,None,None,None,None,None,None,0.0066,None,15144000,2025-10-28,annual,0.23,USD,pre-market,10123000,-69947000,-0.004,0.0025,0.204,7.38,27550000,None,None,106120000,79.23,69.17,27.7778,248059000,146538000,22037000,23263000,101521000,1226000,134338000,224796000,1116.83,None,97.43,62.0
2025-12-28,CSGP,0.06,3056500000.0,1116.83,None,0.839,20.34,12959000,None,28065000,28065000,5582000,-28493000,None,None,None,None,None,None,187000,190070000,None,44286000,44286000,1484000,None,None,5673000,None,None,11714000,11810000,None,None,None,-0.789,0.05,9559000,21273000,0.18,2006-12-31,45.25,43563000,2422300000.0,90052000,10797000,4340000,22847000,22847000,None,0,None,None,None,None,None,None,None,12410000,None,None,None,-0.0613,32751000,82710000,7342000,6680000,12915000,None,None,None,None,None,None,None,0.867,3.296,9.29,None,None,None,None,None,None,None,0.0066,None,15144000,2025-10-28,annual,0.23,USD,pre-market,10123000,-69947000,-0.004,0.0025,0.204,7.38,27550000,None,None,106120000,79.23,69.17,27.7778,248059000,146538000,22037000,23263000,101521000,1226000,134338000,224796000,1116.83,None,97.43,62.0
2025-12-28,CSGP,0.06,3056500000.0,1116.83,None,0.839,20.34,8393000,None,28065000,28065000,7412000,-38732000,None,None,-128018000,None,None,None,187000,190070000,None,44286000,44286000,1484000,None,None,5673000,None,None,11714000,11714000,None,None,None,-0.789,0.05,9559000,21273000,0.18,2005-12-31,45.25,43563000,2422300000.0,90052000,10797000,4340000,22847000,22847000,None,0,None,None,None,None,None,None,None,6457000,None,None,None,-0.0613,22919000,82710000,7342000,6680000,12915000,None,None,None,None,None,None,None,0.867,3.296,9.29,None,None,None,None,None,None,None,0.0066,None,15144000,2025-10-28,annual,0.23,USD,pre-market,10123000,-69947000,-0.004,0.0025,0.204,7.38,27550000,None,None,106120000,79.23,69.17,27.7778,248059000,146538000,22037000,23263000,101521000,1226000,134338000,224796000,1116.83,None,97.43,62.0
