date,symbol,eps,revenue_ttm,pe_ratio,accumulateddepreciationamortizationppe,beta,book_value,capitalexpenditures,capitalleaseobligations,cashandcashequivalentsatcarryingvalue,cashandshortterminvestments,cashflowfromfinancing,cashflowfrominvestment,changeincashandcashequivalents,changeinexchangerate,changeininventory,changeinoperatingassets,changeinoperatingliabilities,changeinreceivables,commonstock,commonstocksharesoutstanding,comprehensiveincomenetoftax,costofgoodsandservicessold,costofrevenue,currentaccountspayable,currentdebt,currentlongtermdebt,currentnetreceivables,deferredrevenue,depreciation,depreciationandamortization,depreciationdepletionandamortization,dividend_per_share,dividend_yield,dividendpayout,dividendpayoutcommonstock,dividendpayoutpreferredstock,earnings_growth_yoy,earnings_surprise,ebit,ebitda,estimated_eps,fiscaldateending,forward_pe,goodwill,gross_profit_ttm,grossprofit,incomebeforetax,incometaxexpense,intangibleassets,intangibleassetsexcludinggoodwill,interestanddebtexpense,interestexpense,interestincome,inventory,investmentincomenet,investments,longtermdebt,longtermdebtnoncurrent,longterminvestments,netincome,netincomefromcontinuingoperations,netinterestincome,noninterestincome,operating_margin_ttm,operatingcashflow,operatingexpenses,operatingincome,othercurrentassets,othercurrentliabilities,othernoncurrentassets,othernoncurrentliabilities,othernonoperatingincome,paymentsforoperatingactivities,paymentsforrepurchaseofcommonstock,paymentsforrepurchaseofequity,paymentsforrepurchaseofpreferredstock,peg_ratio,price_to_book,price_to_sales_ttm,proceedsfromissuanceofcommonstock,proceedsfromissuanceoflongtermdebtandcapitalsecuritiesnet,proceedsfromissuanceofpreferredstock,proceedsfromoperatingactivities,proceedsfromrepaymentsofshorttermdebt,proceedsfromrepurchaseofequity,proceedsfromsaleoftreasurystock,profit_margin,profitloss,propertyplantequipment,report_date,report_type,reported_eps,reportedcurrency,reporttime,researchanddevelopment,retainedearnings,return_on_assets_ttm,return_on_equity_ttm,revenue_growth_yoy,revenue_per_share_ttm,sellinggeneralandadministrative,shortlongtermdebttotal,shorttermdebt,shortterminvestments,sma_200,sma_50,surprise_pct,totalassets,totalcurrentassets,totalcurrentliabilities,totalliabilities,totalnoncurrentassets,totalnoncurrentliabilities,totalrevenue,totalshareholderequity,trailing_pe,treasurystock,week_52_high,week_52_low
1998-06-30,CTSH,,,,,,,,,,,,,,,,,,,,,,,,,,,,,,,,,,,,,,0.0,,,,,,,,,,,,,,,,,,,,,,,,,,,,,,,,,,,,,,,,,,,,,,,,,,,,1998-06-30,,0.0031,,pre-market,,,,,,,,,,,,,,,,,,,,,,,,,
1998-09-30,CTSH,,,,,,,,,,,,,,,,,,,,,,,,,,,,,,,,,,,,,,0.0,,,,,,,,,,,,,,,,,,,,,,,,,,,,,,,,,,,,,,,,,,,,,,,,,,,,1998-10-20,,0.0038,,pre-market,,,,,,,,,,,,,,,,,,,,,,,,,
1998-12-31,CTSH,,,,,,,,,,,,,,,,,,,,,,,,,,,,,,,,,,,,,,0.0,,,,,,,,,,,,,,,,,,,,,,,,,,,,,,,,,,,,,,,,,,,,,,,,,,,,1999-02-10,,0.01,,pre-market,,,,,,,,,,,,,,,,,,,,,,,,,
1999-03-31,CTSH,,,,,,,,,,,,,,,,,,,,,,,,,,,,,,,,,,,,,,0.0,,,0.01,,,,,,,,,,,,,,,,,,,,,,,,,,,,,,,,,,,,,,,,,,,,,,,,,1999-04-20,,0.01,,pre-market,,,,,,,,,,,,,0.0,,,,,,,,,,,,
1999-06-30,CTSH,,,,,,,,,,,,,,,,,,,,,,,,,,,,,,,,,,,,,,0.0,,,0.01,,,,,,,,,,,,,,,,,,,,,,,,,,,,,,,,,,,,,,,,,,,,,,,,,1999-07-20,,0.01,,pre-market,,,,,,,,,,,,,0.0,,,,,,,,,,,,
1999-09-30,CTSH,,,,,,,,,,,,,,,,,,,,,,,,,,,,,,,,,,,,,,0.0,,,0.01,,,,,,,,,,,,,,,,,,,,,,,,,,,,,,,,,,,,,,,,,,,,,,,,,1999-10-19,,0.01,,pre-market,,,,,,,,,,,,,0.0,,,,,,,,,,,,
1999-12-31,CTSH,,,,,,,,,,,,,,,,,,,,,,,,,,,,,,,,,,,,,,0.0,,,0.01,,,,,,,,,,,,,,,,,,,,,,,,,,,,,,,,,,,,,,,,,,,,,,,,,2000-02-08,,0.01,,pre-market,,,,,,,,,,,,,0.0,,,,,,,,,,,,
2000-03-31,CTSH,,,,,,,,,,,,,,,,,,,,,,,,,,,,,,,,,,,,,,0.0,,,0.01,,,,,,,,,,,,,,,,,,,,,,,,,,,,,,,,,,,,,,,,,,,,,,,,,2000-04-18,,0.01,,pre-market,,,,,,,,,,,,,0.0,,,,,,,,,,,,
2000-06-30,CTSH,,,,,,,,,,,,,,,,,,,,,,,,,,,,,,,,,,,,,,0.0,,,0.01,,,,,,,,,,,,,,,,,,,,,,,,,,,,,,,,,,,,,,,,,,,,,,,,,2000-06-30,,0.0083,,pre-market,,,,,,,,,,,,,0.0,,,,,,,,,,,,
2000-09-30,CTSH,,,,,,,,,,,,,,,,,,,,,,,,,,,,,,,,,,,,,,0.0,,,0.01,,,,,,,,,,,,,,,,,,,,,,,,,,,,,,,,,,,,,,,,,,,,,,,,,2000-10-17,,0.01,,pre-market,,,,,,,,,,,,,0.0,,,,,,,,,,,,
2000-12-31,CTSH,,,,,,,,,,,,,,,,,,,,,,,,,,,,,,,,,,,,,,0.0,,,0.01,,,,,,,,,,,,,,,,,,,,,,,,,,,,,,,,,,,,,,,,,,,,,,,,,2001-02-06,,0.01,,pre-market,,,,,,,,,,,,,0.0,,,,,,,,,,,,
2001-03-31,CTSH,,,,,,,,,,,,,,,,,,,,,,,,,,,,,,,,,,,,,,0.0,,,0.01,,,,,,,,,,,,,,,,,,,,,,,,,,,,,,,,,,,,,,,,,,,,,,,,,2001-04-17,,0.01,,pre-market,,,,,,,,,,,,,0.0,,,,,,,,,,,,
2001-06-30,CTSH,,,,,,,,,,,,,,,,,,,,,,,,,,,,,,,,,,,,,,0.0,,,0.01,,,,,,,,,,,,,,,,,,,,,,,,,,,,,,,,,,,,,,,,,,,,,,,,,2001-07-16,,0.01,,pre-market,,,,,,,,,,,,,0.0,,,,,,,,,,,,
2001-09-30,CTSH,,,,,,,,,,,,,,,,,,,,,,,,,,,,,,,,,,,,,,0.0,,,0.01,,,,,,,,,,,,,,,,,,,,,,,,,,,,,,,,,,,,,,,,,,,,,,,,,2001-10-16,,0.01,,pre-market,,,,,,,,,,,,,0.0,,,,,,,,,,,,
2001-12-31,CTSH,,,,,,,,,,,,,,,,,,,,,,,,,,,,,,,,,,,,,,0.0,,,0.01,,,,,,,,,,,,,,,,,,,,,,,,,,,,,,,,,,,,,,,,,,,,,,,,,2002-02-05,,0.01,,pre-market,,,,,,,,,,,,,0.0,,,,,,,,,,,,
2002-03-31,CTSH,,,,,,,,,,,,,,,,,,,,,,,,,,,,,,,,,,,,,,0.0,,,0.01,,,,,,,,,,,,,,,,,,,,,,,,,,,,,,,,,,,,,,,,,,,,,,,,,2002-04-16,,0.01,,pre-market,,,,,,,,,,,,,0.0,,,,,,,,,,,,
2002-06-30,CTSH,,,,,,,,,,,,,,,,,,,,,,,,,,,,,,,,,,,,,,0.0,,,0.02,,,,,,,,,,,,,,,,,,,,,,,,,,,,,,,,,,,,,,,,,,,,,,,,,2002-07-15,,0.02,,pre-market,,,,,,,,,,,,,0.0,,,,,,,,,,,,
2002-09-30,CTSH,,,,,,,,,,,,,,,,,,,,,,,,,,,,,,,,,,,,,,0.0,,,0.02,,,,,,,,,,,,,,,,,,,,,,,,,,,,,,,,,,,,,,,,,,,,,,,,,2002-10-16,,0.02,,pre-market,,,,,,,,,,,,,0.0,,,,,,,,,,,,
2002-12-31,CTSH,,,,,,,,,,,,,,,,,,,,,,,,,,,,,,,,,,,,,,0.0,,,0.02,,,,,,,,,,,,,,,,,,,,,,,,,,,,,,,,,,,,,,,,,,,,,,,,,2003-02-12,,0.02,,pre-market,,,,,,,,,,,,,0.0,,,,,,,,,,,,
2003-03-31,CTSH,,,,,,,,,,,,,,,,,,,,,,,,,,,,,,,,,,,,,,0.0,,,0.02,,,,,,,,,,,,,,,,,,,,,,,,,,,,,,,,,,,,,,,,,,,,,,,,,2003-04-21,,0.02,,pre-market,,,,,,,,,,,,,0.0,,,,,,,,,,,,
2003-06-30,CTSH,,,,,,,,,,,,,,,,,,,,,,,,,,,,,,,,,,,,,,0.01,,,0.02,,,,,,,,,,,,,,,,,,,,,,,,,,,,,,,,,,,,,,,,,,,,,,,,,2003-07-22,,0.03,,pre-market,,,,,,,,,,,,,50.0,,,,,,,,,,,,
2003-09-30,CTSH,,,,,,,,,,,,,,,,,,,,,,,,,,,,,,,,,,,,,,0.0,,,0.03,,,,,,,,,,,,,,,,,,,,,,,,,,,,,,,,,,,,,,,,,,,,,,,,,2003-10-21,,0.03,,pre-market,,,,,,,,,,,,,0.0,,,,,,,,,,,,
2003-12-31,CTSH,,,,,,,,,,,,,,,,,,,,,,,,,,,,,,,,,,,,,,0.0,,,0.03,,,,,,,,,,,,,,,,,,,,,,,,,,,,,,,,,,,,,,,,,,,,,,,,,2004-02-10,,0.03,,pre-market,,,,,,,,,,,,,0.0,,,,,,,,,,,,
2004-03-31,CTSH,,,,,,,,,,,,,,,,,,,,,,,,,,,,,,,,,,,,,,0.01,,,0.03,,,,,,,,,,,,,,,,,,,,,,,,,,,,,,,,,,,,,,,,,,,,,,,,,2004-04-20,,0.04,,pre-market,,,,,,,,,,,,,33.3333,,,,,,,,,,,,
2004-06-30,CTSH,,,,,,,,,,,,,,,,,,,,,,,,,,,,,,,,,,,,,,0.0,,,0.04,,,,,,,,,,,,,,,,,,,,,,,,,,,,,,,,,,,,,,,,,,,,,,,,,2004-07-26,,0.04,,pre-market,,,,,,,,,,,,,0.0,,,,,,,,,,,,
2004-09-30,CTSH,,,,,,,,,,,,,,,,,,,,,,,,,,,,,,,,,,,,,,0.01,,,0.04,,,,,,,,,,,,,,,,,,,,,,,,,,,,,,,,,,,,,,,,,,,,,,,,,2004-10-26,,0.05,,pre-market,,,,,,,,,,,,,25.0,,,,,,,,,,,,
2004-12-31,CTSH,,,,,,,,,,,,,,,,,,,,,,,,,,,,,,,,,,,,,,0.0,,,0.05,,,,,,,,,,,,,,,,,,,,,,,,,,,,,,,,,,,,,,,,,,,,,,,,,2005-02-10,,0.05,,pre-market,,,,,,,,,,,,,0.0,,,,,,,,,,,,
2005-03-31,CTSH,,,,,,,,,,,,,,,,,,,,,,,,,,,,,,,,,,,,,,0.01,,,0.05,,,,,,,,,,,,,,,,,,,,,,,,,,,,,,,,,,,,,,,,,,,,,,,,,2005-04-27,,0.06,,pre-market,,,,,,,,,,,,,20.0,,,,,,,,,,,,
2005-06-30,CTSH,,,,,,,,,,,,,,,,,,,,,,,,,,,,,,,,,,,,,,0.0,,,0.06,,,,,,,,,,,,,,,,,,,,,,,,,,,,,,,,,,,,,,,,,,,,,,,,,2005-07-28,,0.06,,pre-market,,,,,,,,,,,,,0.0,,,,,,,,,,,,
2005-09-30,CTSH,,,,,,,,,,,,,,,,,,,,,,,,,,,,,,,,,,,,,,0.0,,,0.07,,,,,,,,,,,,,,,,,,,,,,,,,,,,,,,,,,,,,,,,,,,,,,,,,2005-10-31,,0.07,,pre-market,,,,,,,,,,,,,0.0,,,,,,,,,,,,
2005-12-31,CTSH,,,,,,,,,,,,,,,,,,,,,,,,,,,,,,,,,,,,,,0.01,,,0.07,,,,,,,,,,,,,,,,,,,,,,,,,,,,,,,,,,,,,,,,,,,,,,,,,2006-02-09,,0.08,,pre-market,,,,,,,,,,,,,14.2857,,,,,,,,,,,,
2006-03-31,CTSH,,,,,,,,,,,,,,,,,,,,,,,,,,,,,,,,,,,,,,0.01,,,0.07,,,,,,,,,,,,,,,,,,,,,,,,,,,,,,,,,,,,,,,,,,,,,,,,,2006-05-03,,0.08,,pre-market,,,,,,,,,,,,,14.2857,,,,,,,,,,,,
2006-06-30,CTSH,,,,,,,,,,,,,,,,,,,,,,,,,,,,,,,,,,,,,,0.01,,,0.08,,,,,,,,,,,,,,,,,,,,,,,,,,,,,,,,,,,,,,,,,,,,,,,,,2006-08-02,,0.09,,pre-market,,,,,,,,,,,,,12.5,,,,,,,,,,,,
2006-09-30,CTSH,,,,,,,,,,,,,,,,,,,,,,,,,,,,,,,,,,,,,,0.0,,,0.1,,,,,,,,,,,,,,,,,,,,,,,,,,,,,,,,,,,,,,,,,,,,,,,,,2006-11-02,,0.1,,pre-market,,,,,,,,,,,,,0.0,,,,,,,,,,,,
2006-12-31,CTSH,,,,,,,,,,,,,,,,,,,,,,,,,,,,,,,,,,,,,,0.01,,,0.11,,,,,,,,,,,,,,,,,,,,,,,,,,,,,,,,,,,,,,,,,,,,,,,,,2007-02-05,,0.12,,pre-market,,,,,,,,,,,,,9.0909,,,,,,,,,,,,
2007-03-31,CTSH,,,,,,,,,,,,,,,,,,,,,,,,,,,,,,,,,,,,,,0.01,,,0.12,,,,,,,,,,,,,,,,,,,,,,,,,,,,,,,,,,,,,,,,,,,,,,,,,2007-05-02,,0.13,,pre-market,,,,,,,,,,,,,8.3333,,,,,,,,,,,,
2007-06-30,CTSH,,,,,,,,,,,,,,,,,,,,,,,,,,,,,,,,,,,,,,0.01,,,0.13,,,,,,,,,,,,,,,,,,,,,,,,,,,,,,,,,,,,,,,,,,,,,,,,,2007-08-01,,0.14,,pre-market,,,,,,,,,,,,,7.6923,,,,,,,,,,,,
2007-09-30,CTSH,,,,,,,,,,,,,,,,,,,,,,,,,,,,,,,,,,,,,,0.02,,,0.14,,,,,,,,,,,,,,,,,,,,,,,,,,,,,,,,,,,,,,,,,,,,,,,,,2007-11-06,,0.16,,pre-market,,,,,,,,,,,,,14.2857,,,,,,,,,,,,
2007-12-31,CTSH,,,,,,,,,,,,,,,,,,,,,,,,,,,,,,,,,,,,,,0.0,,,0.16,,,,,,,,,,,,,,,,,,,,,,,,,,,,,,,,,,,,,,,,,,,,,,,,,2008-02-07,,0.16,,pre-market,,,,,,,,,,,,,0.0,,,,,,,,,,,,
2008-03-31,CTSH,,,,,,,,,,,,,,,,,,,,,,,,,,,,,,,,,,,,,,0.01,,,0.16,,,,,,,,,,,,,,,,,,,,,,,,,,,,,,,,,,,,,,,,,,,,,,,,,2008-05-07,,0.17,,pre-market,,,,,,,,,,,,,6.25,,,,,,,,,,,,
2008-06-30,CTSH,,,,,,,,,,,,,,,,,,,,,,,,,,,,,,,,,,,,,,0.01,,,0.17,,,,,,,,,,,,,,,,,,,,,,,,,,,,,,,,,,,,,,,,,,,,,,,,,2008-07-31,,0.18,,pre-market,,,,,,,,,,,,,5.8824,,,,,,,,,,,,
2008-09-30,CTSH,,,,,,,,,,,,,,,,,,,,,,,,,,,,,,,,,,,,,,0.0,,,0.19,,,,,,,,,,,,,,,,,,,,,,,,,,,,,,,,,,,,,,,,,,,,,,,,,2008-11-05,,0.19,,pre-market,,,,,,,,,,,,,0.0,,,,,,,,,,,,
2008-12-31,CTSH,,,,,,,,,,,,,,,,,,,,,,,,,,,,,,,,,,,,,,0.0,,,0.19,,,,,,,,,,,,,,,,,,,,,,,,,,,,,,,,,,,,,,,,,,,,,,,,,2009-02-13,,0.19,,pre-market,,,,,,,,,,,,,0.0,,,,,,,,,,,,
2009-03-31,CTSH,,,,,,,,,,,,,,,,,,,,,,,,,,,,,,,,,,,,,,0.0,,,0.19,,,,,,,,,,,,,,,,,,,,,,,,,,,,,,,,,,,,,,,,,,,,,,,,,2009-05-05,,0.19,,pre-market,,,,,,,,,,,,,0.0,,,,,,,,,,,,
2009-06-30,CTSH,,,,,,,,,,,,,,,,,,,,,,,,,,,,,,,,,,,,,,0.05,,,0.19,,,,,,,,,,,,,,,,,,,,,,,,,,,,,,,,,,,,,,,,,,,,,,,,,2009-08-04,,0.24,,pre-market,,,,,,,,,,,,,26.3158,,,,,,,,,,,,
2009-09-30,CTSH,,,,,,,,,,,,,,,,,,,,,,,,,,,,,,,,,,,,,,0.02,,,0.21,,,,,,,,,,,,,,,,,,,,,,,,,,,,,,,,,,,,,,,,,,,,,,,,,2009-11-03,,0.23,,pre-market,,,,,,,,,,,,,9.5238,,,,,,,,,,,,
2009-12-31,CTSH,,,,,,,,,,,,,,,,,,,,,,,,,,,,,,,,,,,,,,0.01,,,0.23,,,,,,,,,,,,,,,,,,,,,,,,,,,,,,,,,,,,,,,,,,,,,,,,,2010-02-09,,0.24,,pre-market,,,,,,,,,,,,,4.3478,,,,,,,,,,,,
2010-03-31,CTSH,,,,,,,,,,,,,,,,,,,,,,,,,,,,,,,,,,,,,,0.01,,,0.24,,,,,,,,,,,,,,,,,,,,,,,,,,,,,,,,,,,,,,,,,,,,,,,,,2010-05-04,,0.25,,pre-market,,,,,,,,,,,,,4.1667,,,,,,,,,,,,
2010-06-30,CTSH,,,,,,,,,,,,,,,,,,,,,,,,,,,,,,,,,,,,,,0.02,,,0.26,,,,,,,,,,,,,,,,,,,,,,,,,,,,,,,,,,,,,,,,,,,,,,,,,2010-08-03,,0.28,,pre-market,,,,,,,,,,,,,7.6923,,,,,,,,,,,,
2010-09-30,CTSH,,,,,,,,,,,,,,,,,,,,,,,,,,,,,,,,,,,,,,0.03,,,0.3,,,,,,,,,,,,,,,,,,,,,,,,,,,,,,,,,,,,,,,,,,,,,,,,,2010-11-01,,0.33,,pre-market,,,,,,,,,,,,,10.0,,,,,,,,,,,,
2010-12-31,CTSH,,,,,,,,,,,,,,,,,,,,,,,,,,,,,,,,,,,,,,0.0,,,0.33,,,,,,,,,,,,,,,,,,,,,,,,,,,,,,,,,,,,,,,,,,,,,,,,,2011-02-07,,0.33,,pre-market,,,,,,,,,,,,,0.0,,,,,,,,,,,,
2011-03-31,CTSH,,,,,,,,,,,,,,,,,,,,,,,,,,,,,,,,,,,,,,0.02,,,0.32,,,,,,,,,,,,,,,,,,,,,,,,,,,,,,,,,,,,,,,,,,,,,,,,,2011-05-03,,0.34,,pre-market,,,,,,,,,,,,,6.25,,,,,,,,,,,,
2011-06-30,CTSH,,,,,,,,,,,,,,,,,,,,,,,,,,,,,,,,,,,,,,0.01,,,0.33,,,,,,,,,,,,,,,,,,,,,,,,,,,,,,,,,,,,,,,,,,,,,,,,,2011-08-02,,0.34,,pre-market,,,,,,,,,,,,,3.0303,,,,,,,,,,,,
2011-09-30,CTSH,,,,,,,,,,,,,,,,,,,,,,,,,,,,,,,,,,,,,,0.01,,,0.36,,,,,,,,,,,,,,,,,,,,,,,,,,,,,,,,,,,,,,,,,,,,,,,,,2011-11-02,,0.37,,pre-market,,,,,,,,,,,,,2.7778,,,,,,,,,,,,
2011-12-31,CTSH,,,,,,,,,,,,,,,,,,,,,,,,,,,,,,,,,,,,,,0.01,,,0.38,,,,,,,,,,,,,,,,,,,,,,,,,,,,,,,,,,,,,,,,,,,,,,,,,2012-02-08,,0.39,,pre-market,,,,,,,,,,,,,2.6316,,,,,,,,,,,,
2012-03-31,CTSH,,,,,,,,,,,,,,,,,,,,,,,,,,,,,,,,,,,,,,0.01,,,0.4,,,,,,,,,,,,,,,,,,,,,,,,,,,,,,,,,,,,,,,,,,,,,,,,,2012-05-07,,0.41,,pre-market,,,,,,,,,,,,,2.5,,,,,,,,,,,,
2012-06-30,CTSH,,,,,,,,,,,,,,,,,,,,,,,,,,,,,,,,,,,,,,0.01,,,0.4,,,,,,,,,,,,,,,,,,,,,,,,,,,,,,,,,,,,,,,,,,,,,,,,,2012-08-06,,0.41,,pre-market,,,,,,,,,,,,,2.5,,,,,,,,,,,,
2012-09-30,CTSH,,,,,,,,,,,,,,,,,,,,,,,,,,,,,,,,,,,,,,0.03,,,0.43,,,,,,,,,,,,,,,,,,,,,,,,,,,,,,,,,,,,,,,,,,,,,,,,,2012-11-07,,0.46,,pre-market,,,,,,,,,,,,,6.9767,,,,,,,,,,,,
2012-12-31,CTSH,,,,,,,,,,,,,,,,,,,,,,,,,,,,,,,,,,,,,,0.0,,,0.46,,,,,,,,,,,,,,,,,,,,,,,,,,,,,,,,,,,,,,,,,,,,,,,,,2013-02-07,,0.46,,pre-market,,,,,,,,,,,,,0.0,,,,,,,,,,,,
2013-03-31,CTSH,,,,,,,,,,,,,,,,,,,,,,,,,,,,,,,,,,,,,,0.01,,,0.46,,,,,,,,,,,,,,,,,,,,,,,,,,,,,,,,,,,,,,,,,,,,,,,,,2013-05-08,,0.47,,pre-market,,,,,,,,,,,,,2.1739,,,,,,,,,,,,
2013-06-30,CTSH,,,,,,,,,,,,,,,,,,,,,,,,,,,,,,,,,,,,,,0.01,,,0.49,,,,,,,,,,,,,,,,,,,,,,,,,,,,,,,,,,,,,,,,,,,,,,,,,2013-08-06,,0.5,,pre-market,,,,,,,,,,,,,2.0408,,,,,,,,,,,,
2013-09-30,CTSH,,,,,,,,,,,,,,,,,,,,,,,,,,,,,,,,,,,,,,0.03,,,0.5,,,,,,,,,,,,,,,,,,,,,,,,,,,,,,,,,,,,,,,,,,,,,,,,,2013-11-05,,0.53,,pre-market,,,,,,,,,,,,,6.0,,,,,,,,,,,,
2013-12-31,CTSH,,,,,,,,,,,,,,,,,,,,,,,,,,,,,,,,,,,,,,0.0,,,0.53,,,,,,,,,,,,,,,,,,,,,,,,,,,,,,,,,,,,,,,,,,,,,,,,,2014-02-05,,0.53,,pre-market,,,,,,,,,,,,,0.0,,,,,,,,,,,,
2014-03-31,CTSH,,,,,,,,,,,,,,,,,,,,,,,,,,,,,,,,,,,,,,0.02,,,0.55,,,,,,,,,,,,,,,,,,,,,,,,,,,,,,,,,,,,,,,,,,,,,,,,,2014-05-07,,0.57,,pre-market,,,,,,,,,,,,,3.6364,,,,,,,,,,,,
2014-06-30,CTSH,,,,,,,,,,,,,,,,,,,,,,,,,,,,,,,,,,,,,,0.03,,,0.58,,,,,,,,,,,,,,,,,,,,,,,,,,,,,,,,,,,,,,,,,,,,,,,,,2014-08-06,,0.61,,pre-market,,,,,,,,,,,,,5.1724,,,,,,,,,,,,
2014-09-30,CTSH,,,,,,,,,,,,,,,,,,,,,,,,,,,,,,,,,,,,,,-0.01,,,0.59,,,,,,,,,,,,,,,,,,,,,,,,,,,,,,,,,,,,,,,,,,,,,,,,,2014-11-05,,0.58,,pre-market,,,,,,,,,,,,,-1.6949,,,,,,,,,,,,
2014-12-31,CTSH,,,,,,,,,,,,,,,,,,,,,,,,,,,,,,,,,,,,,,0.02,,,0.65,,,,,,,,,,,,,,,,,,,,,,,,,,,,,,,,,,,,,,,,,,,,,,,,,2015-02-04,,0.67,,pre-market,,,,,,,,,,,,,3.0769,,,,,,,,,,,,
2015-03-31,CTSH,,,,,,,,,,,,,,,,,,,,,,,,,,,,,,,,,,,,,,0.01,,,0.7,,,,,,,,,,,,,,,,,,,,,,,,,,,,,,,,,,,,,,,,,,,,,,,,,2015-05-04,,0.71,,pre-market,,,,,,,,,,,,,1.4286,,,,,,,,,,,,
2015-06-30,CTSH,,,,,,,,,,,,,,,,,,,,,,,,,,,,,,,,,,,,,,0.06,,,0.73,,,,,,,,,,,,,,,,,,,,,,,,,,,,,,,,,,,,,,,,,,,,,,,,,2015-08-05,,0.79,,pre-market,,,,,,,,,,,,,8.2192,,,,,,,,,,,,
2015-09-30,CTSH,,,,,,,,,,,,,,,,,,,,,,,,,,,,,,,,,,,,,,0.0,,,0.76,,,,,,,,,,,,,,,,,,,,,,,,,,,,,,,,,,,,,,,,,,,,,,,,,2015-11-04,,0.76,,pre-market,,,,,,,,,,,,,0.0,,,,,,,,,,,,
2015-12-31,CTSH,,,,,,,,,,,,,,,,,,,,,,,,,,,,,,,,,,,,,,0.02,,,0.78,,,,,,,,,,,,,,,,,,,,,,,,,,,,,,,,,,,,,,,,,,,,,,,,,2016-02-08,,0.8,,pre-market,,,,,,,,,,,,,2.5641,,,,,,,,,,,,
2016-03-31,CTSH,,,,,,,,,,,,,,,,,,,,,,,,,,,,,,,,,,,,,,0.01,,,0.79,,,,,,,,,,,,,,,,,,,,,,,,,,,,,,,,,,,,,,,,,,,,,,,,,2016-05-06,,0.8,,pre-market,,,,,,,,,,,,,1.2658,,,,,,,,,,,,
2016-06-30,CTSH,,,,,,,,,,,,,,,,,,,,,,,,,,,,,,,,,,,,,,0.05,,,0.82,,,,,,,,,,,,,,,,,,,,,,,,,,,,,,,,,,,,,,,,,,,,,,,,,2016-08-05,,0.87,,pre-market,,,,,,,,,,,,,6.0976,,,,,,,,,,,,
2016-09-30,CTSH,,,,,,,,,,,,,,,,,,,,,,,,,,,,,,,,,,,,,,0.02,,,0.84,,,,,,,,,,,,,,,,,,,,,,,,,,,,,,,,,,,,,,,,,,,,,,,,,2016-11-07,,0.86,,pre-market,,,,,,,,,,,,,2.381,,,,,,,,,,,,
2016-12-31,CTSH,,,,,,,,,,,,,,,,,,,,,,,,,,,,,,,,,,,,,,0.01,,,0.86,,,,,,,,,,,,,,,,,,,,,,,,,,,,,,,,,,,,,,,,,,,,,,,,,2017-02-08,,0.87,,pre-market,,,,,,,,,,,,,1.1628,,,,,,,,,,,,
2017-03-31,CTSH,,,,,,,,,,,,,,,,,,,,,,,,,,,,,,,,,,,,,,0.01,,,0.83,,,,,,,,,,,,,,,,,,,,,,,,,,,,,,,,,,,,,,,,,,,,,,,,,2017-05-05,,0.84,,pre-market,,,,,,,,,,,,,1.2048,,,,,,,,,,,,
2017-06-30,CTSH,,,,,,,,,,,,,,,,,,,,,,,,,,,,,,,,,,,,,,0.03,,,0.9,,,,,,,,,,,,,,,,,,,,,,,,,,,,,,,,,,,,,,,,,,,,,,,,,2017-08-03,,0.93,,pre-market,,,,,,,,,,,,,3.3333,,,,,,,,,,,,
2017-09-30,CTSH,,,,,,,,,,,,,,,,,,,,,,,,,,,,,,,,,,,,,,0.03,,,0.95,,,,,,,,,,,,,,,,,,,,,,,,,,,,,,,,,,,,,,,,,,,,,,,,,2017-11-01,,0.98,,pre-market,,,,,,,,,,,,,3.1579,,,,,,,,,,,,
2017-12-31,CTSH,,,,,,,,,,,,,,,,,,,,,,,,,,,,,,,,,,,,,,0.06,,,0.97,,,,,,,,,,,,,,,,,,,,,,,,,,,,,,,,,,,,,,,,,,,,,,,,,2018-02-07,,1.03,,pre-market,,,,,,,,,,,,,6.1856,,,,,,,,,,,,
2018-03-31,CTSH,,,,,,,,,,,,,,,,,,,,,,,,,,,,,,,,,,,,,,0.0,,,1.06,,,,,,,,,,,,,,,,,,,,,,,,,,,,,,,,,,,,,,,,,,,,,,,,,2018-05-07,,1.06,,pre-market,,,,,,,,,,,,,0.0,,,,,,,,,,,,
2018-06-30,CTSH,,,,,,,,,,,,,,,,,,,,,,,,,,,,,,,,,,,,,,0.09,,,1.1,,,,,,,,,,,,,,,,,,,,,,,,,,,,,,,,,,,,,,,,,,,,,,,,,2018-08-02,,1.19,,pre-market,,,,,,,,,,,,,8.1818,,,,,,,,,,,,
2018-09-30,CTSH,,,,,,,,,,,,,,,,,,,,,,,,,,,,,,,,,,,,,,0.06,,,1.13,,,,,,,,,,,,,,,,,,,,,,,,,,,,,,,,,,,,,,,,,,,,,,,,,2018-10-30,,1.19,,pre-market,,,,,,,,,,,,,5.3097,,,,,,,,,,,,
2018-12-31,CTSH,,,,,,,,,,,,,,,,,,,,,,,,,,,,,,,,,,,,,,0.06,,,1.07,,,,,,,,,,,,,,,,,,,,,,,,,,,,,,,,,,,,,,,,,,,,,,,,,2019-02-06,,1.13,,pre-market,,,,,,,,,,,,,5.6075,,,,,,,,,,,,
2019-03-31,CTSH,,,,,,,,,,,,,,,,,,,,,,,,,,,,,,,,,,,,,,-0.13,,,1.04,,,,,,,,,,,,,,,,,,,,,,,,,,,,,,,,,,,,,,,,,,,,,,,,,2019-05-02,,0.91,,post-market,,,,,,,,,,,,,-12.5,,,,,,,,,,,,
2019-06-30,CTSH,,,,,,,,,,,,,,,,,,,,,,,,,,,,,,,,,,,,,,0.02,,,0.92,,,,,,,,,,,,,,,,,,,,,,,,,,,,,,,,,,,,,,,,,,,,,,,,,2019-07-31,,0.94,,post-market,,,,,,,,,,,,,2.1739,,,,,,,,,,,,
2019-09-30,CTSH,,,,,,,,,,,,,,,,,,,,,,,,,,,,,,,,,,,,,,0.03,,,1.05,,,,,,,,,,,,,,,,,,,,,,,,,,,,,,,,,,,,,,,,,,,,,,,,,2019-10-30,,1.08,,post-market,,,,,,,,,,,,,2.8571,,,,,,,,,,,,
2019-12-31,CTSH,,,,,,,,,,,,,,,,,,,,,,,,,,,,,,,,,,,,,,0.03,,,1.04,,,,,,,,,,,,,,,,,,,,,,,,,,,,,,,,,,,,,,,,,,,,,,,,,2020-02-05,,1.07,,post-market,,,,,,,,,,,,,2.8846,,,,,,,,,,,,
2020-03-31,CTSH,,,,,,,,,,,,,,,,,,,,,,,,,,,,,,,,,,,,,,0.04,,,0.92,,,,,,,,,,,,,,,,,,,,,,,,,,,,,,,,,,,,,,,,,,,,,,,,,2020-05-07,,0.96,,post-market,,,,,,,,,,,,,4.3478,,,,,,,,,,,,
2020-06-30,CTSH,,,,,,,,,,,,,,,,,,,,,,,,,,,,,,,,,,,,,,0.13,,,0.69,,,,,,,,,,,,,,,,,,,,,,,,,,,,,,,,,,,,,,,,,,,,,,,,,2020-07-29,,0.82,,post-market,,,,,,,,,,,,,18.8406,,,,,,,,,,,,
2020-09-30,CTSH,,,,,,,,,,,,,,,,,,,,,,,,,,,,,,,,,,,,,,0.06,,,0.91,,,,,,,,,,,,,,,,,,,,,,,,,,,,,,,,,,,,,,,,,,,,,,,,,2020-10-28,,0.97,,post-market,,,,,,,,,,,,,6.5934,,,,,,,,,,,,
2020-12-31,CTSH,,,,,,,,,,,,,,,,,,,,,,,,,,,,,,,,,,,,,,-0.23,,,0.9,,,,,,,,,,,,,,,,,,,,,,,,,,,,,,,,,,,,,,,,,,,,,,,,,2021-02-03,,0.67,,post-market,,,,,,,,,,,,,-25.5556,,,,,,,,,,,,
2021-03-31,CTSH,,,,,,,,,,,,,,,,,,,,,,,,,,,,,,,,,,,,,,0.03,,,0.94,,,,,,,,,,,,,,,,,,,,,,,,,,,,,,,,,,,,,,,,,,,,,,,,,2021-05-05,,0.97,,post-market,,,,,,,,,,,,,3.1915,,,,,,,,,,,,
2021-06-30,CTSH,,,,,,,,,,,,,,,,,,,,,,,,,,,,,,,,,,,,,,0.03,,,0.96,,,,,,,,,,,,,,,,,,,,,,,,,,,,,,,,,,,,,,,,,,,,,,,,,2021-07-28,,0.99,,post-market,,,,,,,,,,,,,3.125,,,,,,,,,,,,
2021-09-30,CTSH,,,,,,,,,,,,,,,,,,,,,,,,,,,,,,,,,,,,,,0.01,,,1.05,,,,,,,,,,,,,,,,,,,,,,,,,,,,,,,,,,,,,,,,,,,,,,,,,2021-10-27,,1.06,,post-market,,,,,,,,,,,,,0.9524,,,,,,,,,,,,
2021-12-31,CTSH,,,,,,,,,,,,,,,,,,,,,,,,,,,,,,,,,,,,,,0.06,,,1.04,,,,,,,,,,,,,,,,,,,,,,,,,,,,,,,,,,,,,,,,,,,,,,,,,2022-02-02,,1.1,,post-market,,,,,,,,,,,,,5.7692,,,,,,,,,,,,
2022-03-31,CTSH,,,,,,,,,,,,,,,,,,,,,,,,,,,,,,,,,,,,,,0.04,,,1.04,,,,,,,,,,,,,,,,,,,,,,,,,,,,,,,,,,,,,,,,,,,,,,,,,2022-05-04,,1.08,,post-market,,,,,,,,,,,,,3.8462,,,,,,,,,,,,
2022-06-30,CTSH,,,,,,,,,,,,,,,,,,,,,,,,,,,,,,,,,,,,,,0.06,,,1.08,,,,,,,,,,,,,,,,,,,,,,,,,,,,,,,,,,,,,,,,,,,,,,,,,2022-07-27,,1.14,,post-market,,,,,,,,,,,,,5.5556,,,,,,,,,,,,
2022-09-30,CTSH,,,,,,,,,,,,,,,,,,,,,,,,,,,,,,,,,,,,,,0.01,,,1.16,,,,,,,,,,,,,,,,,,,,,,,,,,,,,,,,,,,,,,,,,,,,,,,,,2022-11-02,,1.17,,post-market,,,,,,,,,,,,,0.8621,,,,,,,,,,,,
2022-12-31,CTSH,,,,,,,,,,,,,,,,,,,,,,,,,,,,,,,,,,,,,,-0.01,,,1.02,,,,,,,,,,,,,,,,,,,,,,,,,,,,,,,,,,,,,,,,,,,,,,,,,2023-02-02,,1.01,,post-market,,,,,,,,,,,,,-0.9804,,,,,,,,,,,,
2023-03-31,CTSH,,,,,,,,,,,,,,,,,,,,,,,,,,,,,,,,,,,,,,0.07,,,1.04,,,,,,,,,,,,,,,,,,,,,,,,,,,,,,,,,,,,,,,,,,,,,,,,,2023-05-03,,1.11,,post-market,,,,,,,,,,,,,6.7308,,,,,,,,,,,,
2023-06-30,CTSH,,,,,,,,,,,,,,,,,,,,,,,,,,,,,,,,,,,,,,0.11,,,0.99,,,,,,,,,,,,,,,,,,,,,,,,,,,,,,,,,,,,,,,,,,,,,,,,,2023-08-02,,1.1,,post-market,,,,,,,,,,,,,11.1111,,,,,,,,,,,,
2023-09-30,CTSH,,,,,,,,,,,,,,,,,,,,,,,,,,,,,,,,,,,,,,0.07,,,1.09,,,,,,,,,,,,,,,,,,,,,,,,,,,,,,,,,,,,,,,,,,,,,,,,,2023-11-01,,1.16,,post-market,,,,,,,,,,,,,6.422,,,,,,,,,,,,
2023-12-31,CTSH,,,,,,,,,,,,,,,,,,,,,,,,,,,,,,,,,,,,,,0.14,,,1.04,,,,,,,,,,,,,,,,,,,,,,,,,,,,,,,,,,,,,,,,,,,,,,,,,2024-02-06,,1.18,,post-market,,,,,,,,,,,,,13.4615,,,,,,,,,,,,
2024-03-31,CTSH,,,,,,,,,,,,,,,,,,,,,,,,,,,,,,,,,,,,,,0.01,,,1.11,,,,,,,,,,,,,,,,,,,,,,,,,,,,,,,,,,,,,,,,,,,,,,,,,2024-05-01,,1.12,,post-market,,,,,,,,,,,,,0.9009,,,,,,,,,,,,
2024-06-30,CTSH,,,,,,,,,,,,,,,,,,,,,,,,,,,,,,,,,,,,,,0.05,,,1.12,,,,,,,,,,,,,,,,,,,,,,,,,,,,,,,,,,,,,,,,,,,,,,,,,2024-07-31,,1.17,,post-market,,,,,,,,,,,,,4.4643,,,,,,,,,,,,
2024-09-30,CTSH,,,,,,,,,,,,,,,,,,,,,,,,,,,,,,,,,,,,,,0.1,,,1.15,,,,,,,,,,,,,,,,,,,,,,,,,,,,,,,,,,,,,,,,,,,,,,,,,2024-10-30,,1.25,,post-market,,,,,,,,,,,,,8.6957,,,,,,,,,,,,
2024-12-31,CTSH,,,,,,,,,,,,,,,,,,,,,,,,,,,,,,,,,,,,,,0.08,,,1.13,,,,,,,,,,,,,,,,,,,,,,,,,,,,,,,,,,,,,,,,,,,,,,,,,2025-02-05,,1.21,,post-market,,,,,,,,,,,,,7.0796,,,,,,,,,,,,
2025-03-31,CTSH,,,,,,,,,,,,,,,,,,,,,,,,,,,,,,,,,,,,,,0.03,,,1.2,,,,,,,,,,,,,,,,,,,,,,,,,,,,,,,,,,,,,,,,,,,,,,,,,2025-04-30,,1.23,,post-market,,,,,,,,,,,,,2.5,,,,,,,,,,,,
2025-06-30,CTSH,,,,,,,,,,,,,,,,,,,,,,,,,,,,,,,,,,,,,,0.05,,,1.26,,,,,,,,,,,,,,,,,,,,,,,,,,,,,,,,,,,,,,,,,,,,,,,,,2025-07-30,,1.31,,post-market,,,,,,,,,,,,,3.9683,,,,,,,,,,,,
2025-09-30,CTSH,,,,,,,,,,,,,,,,,,,,,,,,,,,,,,,,,,,,,,0.09,,,1.3,,,,,,,,,,,,,,,,,,,,,,,,,,,,,,,,,,,,,,,,,,,,,,,,,2025-10-29,,1.39,,post-market,,,,,,,,,,,,,6.9231,,,,,,,,,,,,
2025-12-28,CTSH,4.32,20857000000.0,19.81,,0.967,30.84,,,,,,,,,,,,,,,,,,,,,,,,,,1.24,0.0145,,,,-0.521,0.09,,,1.3,,15.22,,7103000000.0,,,,,,,,,,,,,,,,,,,0.16,,,,,,,,,,,,,1.506,2.772,2.004,,,,,,,,0.102,,,2025-10-29,,1.39,,post-market,,,0.102,0.145,0.074,42.44,,,,,74.65,75.92,6.9231,,,,,,,,,19.81,,89.37,64.7
2025-12-28,CTSH,4.32,20857000000.0,19.81,,0.967,30.84,,,,,,,,,,,,,,,None,3581000000,3581000000,,,,,,None,135000000,,1.24,0.0145,,,,-0.521,0.09,895000000,1030000000,1.3,2025-09-30,15.22,,7103000000.0,1834000000,887000000,613000000,,,None,8000000,25000000,,None,,,,,274000000,274000000,17000000,None,0.16,,968000000,866000000,,,,,None,,,,,1.506,2.772,2.004,,,,,,,,0.102,,,2025-10-29,quarterly,1.39,USD,post-market,None,,0.102,0.145,0.074,42.44,833000000,,,,74.65,75.92,6.9231,,,,,,,5415000000,,19.81,,89.37,64.7
2025-12-28,CTSH,4.32,20857000000.0,19.81,,0.967,30.84,,,,,,,,,,,,,,,None,3479000000,3479000000,,,,,,None,139000000,,1.24,0.0145,,,,-0.521,0.09,851000000,990000000,1.3,2025-06-30,15.22,,7103000000.0,1766000000,842000000,197000000,,,None,9000000,23000000,,None,,,,,645000000,645000000,14000000,None,0.16,,949000000,817000000,,,,,None,,,,,1.506,2.772,2.004,,,,,,,,0.102,,,2025-10-29,quarterly,1.39,USD,post-market,None,,0.102,0.145,0.074,42.44,810000000,,,,74.65,75.92,6.9231,,,,,,,5245000000,,19.81,,89.37,64.7
2025-12-28,CTSH,4.32,20857000000.0,19.81,,0.967,30.84,,,,,,,,,,,,,,,None,3397000000,3397000000,,,,,,None,136000000,,1.24,0.0145,,,,-0.521,0.09,884000000,1020000000,1.3,2025-03-31,15.22,,7103000000.0,1718000000,876000000,213000000,,,None,12000000,30000000,,None,,,,,663000000,663000000,18000000,None,0.16,,865000000,853000000,,,,,None,,,,,1.506,2.772,2.004,,,,,,,,0.102,,,2025-10-29,quarterly,1.39,USD,post-market,None,,0.102,0.145,0.074,42.44,791000000,,,,74.65,75.92,6.9231,,,,,,,5115000000,,19.81,,89.37,64.7
2025-12-28,CTSH,4.32,20857000000.0,19.81,,0.967,30.84,,,,,,,,,,,,,,,None,3297000000,3297000000,,,,,,None,143000000,,1.24,0.0145,,,,-0.521,0.09,759000000,902000000,1.3,2024-12-31,15.22,,7103000000.0,1785000000,745000000,199000000,,,None,19000000,28000000,,None,,,,,546000000,546000000,9000000,None,0.16,,1034000000,751000000,,,,,None,,,,,1.506,2.772,2.004,,,,,,,,0.102,,,2025-10-29,quarterly,1.39,USD,post-market,None,,0.102,0.145,0.074,42.44,844000000,,,,74.65,75.92,6.9231,,,,,,,5082000000,,19.81,,89.37,64.7
2025-12-28,CTSH,4.32,20857000000.0,19.81,,0.967,30.84,,,,,,,,,,,,,,,None,3311000000,3311000000,,,,,,None,133000000,,1.24,0.0145,,,,-0.521,0.09,762000000,895000000,1.3,2024-09-30,15.22,,7103000000.0,1733000000,752000000,170000000,,,None,14000000,31000000,,None,,,,,582000000,582000000,17000000,None,0.16,,995000000,738000000,,,,,None,,,,,1.506,2.772,2.004,,,,,,,,0.102,,,2025-10-29,quarterly,1.39,USD,post-market,None,,0.102,0.145,0.074,42.44,833000000,,,,74.65,75.92,6.9231,,,,,,,5044000000,,19.81,,89.37,64.7
2025-12-28,CTSH,4.32,20857000000.0,19.81,,0.967,30.84,,,,,,,,,,,,,,,None,3204000000,3204000000,,,,,,None,133000000,,1.24,0.0145,,,,-0.521,0.09,738000000,871000000,1.3,2024-06-30,15.22,,7103000000.0,1646000000,731000000,165000000,,,None,10000000,30000000,,None,,,,,566000000,566000000,20000000,None,0.16,,938000000,708000000,,,,,None,,,,,1.506,2.772,2.004,,,,,,,,0.102,,,2025-10-29,quarterly,1.39,USD,post-market,None,,0.102,0.145,0.074,42.44,781000000,,,,74.65,75.92,6.9231,,,,,,,4850000000,,19.81,,89.37,64.7
2025-12-28,CTSH,4.32,20857000000.0,19.81,,0.967,30.84,,,,,,,,,,,,,,,None,3146000000,3146000000,,,,,,None,133000000,,1.24,0.0145,,,,-0.521,0.09,733000000,866000000,1.3,2024-03-31,15.22,,7103000000.0,1614000000,725000000,179000000,,,None,11000000,30000000,,None,,,,,546000000,546000000,19000000,None,0.16,,919000000,695000000,,,,,None,,,,,1.506,2.772,2.004,,,,,,,,0.102,,,2025-10-29,quarterly,1.39,USD,post-market,None,,0.102,0.145,0.074,42.44,765000000,,,,74.65,75.92,6.9231,,,,,,,4760000000,,19.81,,89.37,64.7
2025-12-28,CTSH,4.32,20857000000.0,19.81,,0.967,30.84,,,,,,,,,,,,,,,None,3081000000,3081000000,,,,,,None,136000000,,1.24,0.0145,,,,-0.521,0.09,760000000,896000000,1.3,2023-12-31,15.22,,7103000000.0,1677000000,753000000,195000000,,,None,11000000,34000000,,None,,,,,558000000,558000000,23000000,None,0.16,,953000000,724000000,,,,,None,,,,,1.506,2.772,2.004,,,,,,,,0.102,,,2025-10-29,quarterly,1.39,USD,post-market,None,,0.102,0.145,0.074,42.44,786000000,,,,74.65,75.92,6.9231,,,,,,,4758000000,,19.81,,89.37,64.7
2025-12-28,CTSH,4.32,20857000000.0,19.81,,0.967,30.84,,,,,,,,,,,,,,,None,3209000000,3209000000,,,,,,None,146000000,,1.24,0.0145,,,,-0.521,0.09,724000000,870000000,1.3,2023-09-30,15.22,,7103000000.0,1688000000,716000000,191000000,,,None,11000000,32000000,,None,,,,,525000000,525000000,21000000,None,0.16,,1002000000,686000000,,,,,None,,,,,1.506,2.772,2.004,,,,,,,,0.102,,,2025-10-29,quarterly,1.39,USD,post-market,None,,0.102,0.145,0.074,42.44,801000000,,,,74.65,75.92,6.9231,,,,,,,4897000000,,19.81,,89.37,64.7
2025-12-28,CTSH,4.32,20857000000.0,19.81,,0.967,30.84,,,,,,,,,,,,,,,None,3231000000,3231000000,,,,,,None,141000000,,1.24,0.0145,,,,-0.521,0.09,597000000,738000000,1.3,2023-06-30,15.22,,7103000000.0,1655000000,587000000,124000000,,,None,10000000,30000000,,None,,,,,463000000,463000000,20000000,None,0.16,,1078000000,577000000,,,,,20000000,,,,,1.506,2.772,2.004,,,,,,,,0.102,,,2025-10-29,quarterly,1.39,USD,post-market,None,,0.102,0.145,0.074,42.44,830000000,,,,74.65,75.92,6.9231,,,,,,,4886000000,,19.81,,89.37,64.7
2025-12-28,CTSH,4.32,20857000000.0,19.81,,0.967,30.84,,,,,,,,,,,,,,,None,3143000000,3143000000,,,,,,None,132000000,,1.24,0.0145,,,,-0.521,0.09,747000000,879000000,1.3,2023-03-31,15.22,,7103000000.0,1669000000,738000000,158000000,,,None,9000000,30000000,,None,,,,,580000000,580000000,21000000,None,0.16,,967000000,702000000,,,,,45000000,,,,,1.506,2.772,2.004,,,,,,,,0.102,,,2025-10-29,quarterly,1.39,USD,post-market,None,,0.102,0.145,0.074,42.44,835000000,,,,74.65,75.92,6.9231,,,,,,,4812000000,,19.81,,89.37,64.7
2025-12-28,CTSH,4.32,20857000000.0,19.81,,0.967,30.84,,,,,,,,,,,,,,,None,3152000000,3152000000,,,,,,None,141000000,,1.24,0.0145,,,,-0.521,0.09,722000000,863000000,1.3,2022-12-31,15.22,,7103000000.0,1687000000,714000000,193000000,,,None,8000000,27000000,,None,,,,,521000000,521000000,19000000,None,0.16,,1001000000,686000000,,,,,36000000,,,,,1.506,2.772,2.004,,,,,,,,0.102,,,2025-10-29,quarterly,1.39,USD,post-market,None,,0.102,0.145,0.074,42.44,860000000,,,,74.65,75.92,6.9231,,,,,,,4839000000,,19.81,,89.37,64.7
2025-12-28,CTSH,4.32,20857000000.0,19.81,,0.967,30.84,,,,,,,,,,,,,,,None,3080000000,3080000000,,,,,,None,141000000,,1.24,0.0145,,,,-0.521,0.09,818000000,959000000,1.3,2022-09-30,15.22,,7103000000.0,1777000000,812000000,183000000,,,None,6000000,17000000,,None,,,,,629000000,629000000,11000000,None,0.16,,979000000,798000000,,,,,20000000,,,,,1.506,2.772,2.004,,,,,,,,0.102,,,2025-10-29,quarterly,1.39,USD,post-market,None,,0.102,0.145,0.074,42.44,838000000,,,,74.65,75.92,6.9231,,,,,,,4857000000,,19.81,,89.37,64.7
2025-12-28,CTSH,4.32,20857000000.0,19.81,,0.967,30.84,,,,,,,,,,,,,,,None,3119000000,3119000000,,,,,,None,144000000,,1.24,0.0145,,,,-0.521,0.09,764000000,908000000,1.3,2022-06-30,15.22,,7103000000.0,1787000000,761000000,184000000,,,None,3000000,9000000,,None,,,,,577000000,577000000,6000000,None,0.16,,1027000000,760000000,,,,,4000000,,,,,1.506,2.772,2.004,,,,,,,,0.102,,,2025-10-29,quarterly,1.39,USD,post-market,None,,0.102,0.145,0.074,42.44,883000000,,,,74.65,75.92,6.9231,,,,,,,4906000000,,19.81,,89.37,64.7
2025-12-28,CTSH,4.32,20857000000.0,19.81,,0.967,30.84,,,,,,,,,,,,,,,None,3097000000,3097000000,,,,,,None,143000000,,1.24,0.0145,,,,-0.521,0.09,731000000,874000000,1.3,2022-03-31,15.22,,7103000000.0,1729000000,733000000,170000000,,,None,2000000,6000000,,None,,,,,563000000,559000000,4000000,None,0.16,,1005000000,724000000,,,,,11000000,,,,,1.506,2.772,2.004,,,,,,,,0.102,,,2025-10-29,quarterly,1.39,USD,post-market,None,,0.102,0.145,0.074,42.44,862000000,,,,74.65,75.92,6.9231,,,,,,,4826000000,,19.81,,89.37,64.7
2025-12-28,CTSH,4.32,20857000000.0,19.81,,0.967,30.84,,,,,,,,,,,,,,,None,3030000000,3030000000,,,,,,None,144000000,,1.24,0.0145,,,,-0.521,0.09,739000000,883000000,1.3,2021-12-31,15.22,,7103000000.0,1747000000,738000000,162000000,,,None,2000000,7000000,,None,,,,,576000000,576000000,5000000,None,0.16,,1015000000,732000000,,,,,8000000,,,,,1.506,2.772,2.004,,,,,,,,0.102,,,2025-10-29,quarterly,1.39,USD,post-market,None,,0.102,0.145,0.074,42.44,871000000,,,,74.65,75.92,6.9231,,,,,,,4777000000,,19.81,,89.37,64.7
2025-12-28,CTSH,4.32,20857000000.0,19.81,,0.967,30.84,,,,,,,,,,,,,,,None,2947000000,2947000000,,,,,,None,144000000,,1.24,0.0145,,,,-0.521,0.09,734000000,878000000,1.3,2021-09-30,15.22,,7103000000.0,1797000000,731000000,187000000,,,None,3000000,7000000,,None,,,,,544000000,544000000,4000000,None,0.16,,1068000000,729000000,,,,,5000000,,,,,1.506,2.772,2.004,,,,,,,,0.102,,,2025-10-29,quarterly,1.39,USD,post-market,None,,0.102,0.145,0.074,42.44,924000000,,,,74.65,75.92,6.9231,,,,,,,4744000000,,19.81,,89.37,64.7
2025-12-28,CTSH,4.32,20857000000.0,19.81,,0.967,30.84,,,,,,,,,,,,,,,None,2863000000,2863000000,,,,,,None,145000000,,1.24,0.0145,,,,-0.521,0.09,696000000,841000000,1.3,2021-06-30,15.22,,7103000000.0,1722000000,696000000,184000000,,,None,2000000,7000000,,None,,,,,512000000,512000000,5000000,None,0.16,,1026000000,696000000,,,,,2000000,,,,,1.506,2.772,2.004,,,,,,,,0.102,,,2025-10-29,quarterly,1.39,USD,post-market,None,,0.102,0.145,0.074,42.44,881000000,,,,74.65,75.92,6.9231,,,,,,,4585000000,,19.81,,89.37,64.7
2025-12-28,CTSH,4.32,20857000000.0,19.81,,0.967,30.84,,,,,,,,,,,,,,,None,2764000000,2764000000,,,,,,None,141000000,,1.24,0.0145,,,,-0.521,0.09,667000000,808000000,1.3,2021-03-31,15.22,,7103000000.0,1637000000,665000000,160000000,,,None,2000000,9000000,,None,,,,,505000000,505000000,7000000,None,0.16,,968000000,669000000,,,,,-2000000,,,,,1.506,2.772,2.004,,,,,,,,0.102,,,2025-10-29,quarterly,1.39,USD,post-market,None,,0.102,0.145,0.074,42.44,827000000,,,,74.65,75.92,6.9231,,,,,,,4401000000,,19.81,,89.37,64.7
2025-12-28,CTSH,4.32,20857000000.0,19.81,,0.967,30.84,,,,,,,,,,,,,,,None,2662000000,2662000000,,,,,,None,148000000,,1.24,0.0145,,,,-0.521,0.09,470000000,618000000,1.3,2020-12-31,15.22,,7103000000.0,1522000000,468000000,152000000,,,None,3000000,14000000,,None,,,,,316000000,315000000,11000000,None,0.16,,1057000000,465000000,,,,,6000000,,,,,1.506,2.772,2.004,,,,,,,,0.102,,,2025-10-29,quarterly,1.39,USD,post-market,None,,0.102,0.145,0.074,42.44,711000000,,,,74.65,75.92,6.9231,,,,,,,4184000000,,19.81,,89.37,64.7
2025-12-28,CTSH,4.32,20857000000.0,19.81,,0.967,30.84,,,,,,,,,,,,,,,None,2647000000,2647000000,,,,,,None,138000000,,1.24,0.0145,,,,-0.521,0.09,630000000,768000000,1.3,2020-09-30,15.22,,7103000000.0,1596000000,624000000,276000000,,,None,6000000,27000000,,None,,,,,348000000,348000000,21000000,None,0.16,,993000000,603000000,,,,,27000000,,,,,1.506,2.772,2.004,,,,,,,,0.102,,,2025-10-29,quarterly,1.39,USD,post-market,None,,0.102,0.145,0.074,42.44,804000000,,,,74.65,75.92,6.9231,,,,,,,4243000000,,19.81,,89.37,64.7
2025-12-28,CTSH,4.32,20857000000.0,19.81,,0.967,30.84,,,,,,,,,,,,,,,None,2615000000,2615000000,,,,,,None,137000000,,1.24,0.0145,,,,-0.521,0.09,504000000,641000000,1.3,2020-06-30,15.22,,7103000000.0,1385000000,495000000,134000000,,,None,9000000,37000000,,None,,,,,361000000,361000000,28000000,None,0.16,,918000000,467000000,,,,,37000000,,,,,1.506,2.772,2.004,,,,,,,,0.102,,,2025-10-29,quarterly,1.39,USD,post-market,None,,0.102,0.145,0.074,42.44,711000000,,,,74.65,75.92,6.9231,,,,,,,4000000000,,19.81,,89.37,64.7
2025-12-28,CTSH,4.32,20857000000.0,19.81,,0.967,30.84,,,,,,,,,,,,,,,None,2747000000,2747000000,,,,,,None,136000000,,1.24,0.0145,,,,-0.521,0.09,516000000,652000000,1.3,2020-03-31,15.22,,7103000000.0,1478000000,509000000,142000000,,,None,6000000,41000000,,None,,,,,367000000,368000000,35000000,None,0.16,,899000000,579000000,,,,,-64000000,,,,,1.506,2.772,2.004,,,,,,,,0.102,,,2025-10-29,quarterly,1.39,USD,post-market,None,,0.102,0.145,0.074,42.44,711000000,,,,74.65,75.92,6.9231,,,,,,,4225000000,,19.81,,89.37,64.7
2025-12-28,CTSH,4.32,20857000000.0,19.81,,0.967,30.84,,,,,,,,,,,,,,,None,2749000000,2749000000,,,,,,None,133000000,,1.24,0.0145,,,,-0.521,0.09,632000000,765000000,1.3,2019-12-31,15.22,,7103000000.0,1535000000,569000000,174000000,,,None,6000000,40000000,,None,,,,,395000000,452000000,34000000,None,0.16,,909000000,626000000,,,,,-51000000,,,,,1.506,2.772,2.004,,,,,,,,0.102,,,2025-10-29,quarterly,1.39,USD,post-market,None,,0.102,0.145,0.074,42.44,560000000,,,,74.65,75.92,6.9231,,,,,,,4284000000,,19.81,,89.37,64.7
2025-12-28,CTSH,4.32,20857000000.0,19.81,,0.967,30.84,,,,,,,,,,,,,,,None,2681000000,2681000000,,,,,,None,127000000,,1.24,0.0145,,,,-0.521,0.09,665000000,792000000,1.3,2019-09-30,15.22,,7103000000.0,1567000000,657000000,160000000,,,None,7000000,43000000,,None,,,,,497000000,498000000,36000000,None,0.16,,898000000,669000000,,,,,-5000000,,,,,1.506,2.772,2.004,,,,,,,,0.102,,,2025-10-29,quarterly,1.39,USD,post-market,None,,0.102,0.145,0.074,42.44,771000000,,,,74.65,75.92,6.9231,,,,,,,4248000000,,19.81,,89.37,64.7
2025-12-28,CTSH,4.32,20857000000.0,19.81,,0.967,30.84,,,,,,,,,,,,,,,None,2629000000,2629000000,,,,,,None,133000000,,1.24,0.0145,,,,-0.521,0.09,682000000,815000000,1.3,2019-06-30,15.22,,7103000000.0,1512000000,676000000,167000000,,,None,6000000,45000000,,None,,,,,509000000,509000000,39000000,None,0.16,,893000000,619000000,,,,,63000000,,,,,1.506,2.772,2.004,,,,,,,,0.102,,,2025-10-29,quarterly,1.39,USD,post-market,None,,0.102,0.145,0.074,42.44,768000000,,,,74.65,75.92,6.9231,,,,,,,4141000000,,19.81,,89.37,64.7
2025-12-28,CTSH,4.32,20857000000.0,19.81,,0.967,30.84,,,,,,,,,,,,,,,None,2575000000,2575000000,,,,,,None,133000000,,1.24,0.0145,,,,-0.521,0.09,590000000,723000000,1.3,2019-03-31,15.22,,7103000000.0,1535000000,583000000,142000000,,,None,7000000,43000000,,None,,,,,441000000,441000000,41000000,None,0.16,,996000000,539000000,,,,,51000000,,,,,1.506,2.772,2.004,,,,,,,,0.102,,,2025-10-29,quarterly,1.39,USD,post-market,None,,0.102,0.145,0.074,42.44,873000000,,,,74.65,75.92,6.9231,,,,,,,4110000000,,19.81,,89.37,64.7
2025-12-28,CTSH,4.32,20857000000.0,19.81,,0.967,30.84,,,,,,,,,,,,,,,None,2540000000,2540000000,,,,,,None,131000000,,1.24,0.0145,,,,-0.521,0.09,823000000,954000000,1.3,2018-12-31,15.22,,7103000000.0,1589000000,816000000,168000000,,,None,8000000,None,,None,,,,,648000000,647000000,None,None,0.16,,896000000,693000000,,,,,131000000,,,,,1.506,2.772,2.004,,,,,,,,0.102,,,2025-10-29,quarterly,1.39,USD,post-market,0,,0.102,0.145,0.074,42.44,776000000,,,,74.65,75.92,6.9231,,,,,,,4129000000,,19.81,,89.37,64.7
2025-12-28,CTSH,4.32,20857000000.0,19.81,,0.967,30.84,,,,,,,,,,,,,,,None,2480000000,2480000000,,,,,,None,127000000,,1.24,0.0145,,,,-0.521,0.09,668000000,795000000,1.3,2018-09-30,15.22,,7103000000.0,1598000000,662000000,185000000,,,None,6000000,None,,None,,,,,477000000,477000000,None,None,0.16,,853000000,745000000,,,,,-77000000,,,,,1.506,2.772,2.004,,,,,,,,0.102,,,2025-10-29,quarterly,1.39,USD,post-market,0,,0.102,0.145,0.074,42.44,734000000,,,,74.65,75.92,6.9231,,,,,,,4078000000,,19.81,,89.37,64.7
2025-12-28,CTSH,4.32,20857000000.0,19.81,,0.967,30.84,,,,,,,,,,,,,,,None,2417000000,2417000000,,,,,,None,123000000,,1.24,0.0145,,,,-0.521,0.09,630000000,753000000,1.3,2018-06-30,15.22,,7103000000.0,1589000000,624000000,168000000,,,None,7000000,None,,None,,,,,456000000,455000000,None,None,0.16,,919000000,670000000,,,,,-39000000,,,,,1.506,2.772,2.004,,,,,,,,0.102,,,2025-10-29,quarterly,1.39,USD,post-market,0,,0.102,0.145,0.074,42.44,805000000,,,,74.65,75.92,6.9231,,,,,,,4006000000,,19.81,,89.37,64.7
2025-12-28,CTSH,4.32,20857000000.0,19.81,,0.967,30.84,,,,,,,,,,,,,,,None,2401000000,2401000000,,,,,,None,117000000,,1.24,0.0145,,,,-0.521,0.09,703000000,820000000,1.3,2018-03-31,15.22,,7103000000.0,1511000000,697000000,177000000,,,None,6000000,None,,None,,,,,520000000,520000000,None,None,0.16,,818000000,693000000,,,,,10000000,,,,,1.506,2.772,2.004,,,,,,,,0.102,,,2025-10-29,quarterly,1.39,USD,post-market,0,,0.102,0.145,0.074,42.44,711000000,,,,74.65,75.92,6.9231,,,,,,,3912000000,,19.81,,89.37,64.7
2025-12-28,CTSH,4.32,20857000000.0,19.81,,0.967,30.84,,,,,,,,,,,,,,,None,2360000000,2360000000,,,,,,None,122000000,,1.24,0.0145,,,,-0.521,0.09,718000000,840000000,1.3,2017-12-31,15.22,,7103000000.0,1468000000,714000000,732000000,,,None,5000000,None,,None,,,,,-18000000,-19000000,None,None,0.16,,811000000,657000000,,,,,62000000,,,,,1.506,2.772,2.004,,,,,,,,0.102,,,2025-10-29,quarterly,1.39,USD,post-market,0,,0.102,0.145,0.074,42.44,700000000,,,,74.65,75.92,6.9231,,,,,,,3828000000,,19.81,,89.37,64.7
2025-12-28,CTSH,4.32,20857000000.0,19.81,,0.967,30.84,,,,,,,,,,,,,,,None,2337000000,2337000000,,,,,,None,114000000,,1.24,0.0145,,,,-0.521,0.09,664000000,778000000,1.3,2017-09-30,15.22,,7103000000.0,1429000000,659000000,164000000,,,None,6000000,None,,None,,,,,495000000,494000000,None,None,0.16,,781000000,648000000,,,,,17000000,,,,,1.506,2.772,2.004,,,,,,,,0.102,,,2025-10-29,quarterly,1.39,USD,post-market,0,,0.102,0.145,0.074,42.44,674000000,,,,74.65,75.92,6.9231,,,,,,,3766000000,,19.81,,89.37,64.7
2025-12-28,CTSH,4.32,20857000000.0,19.81,,0.967,30.84,,,,,,,,,,,,,,,None,2261000000,2261000000,,,,,,None,103000000,,1.24,0.0145,,,,-0.521,0.09,641000000,744000000,1.3,2017-06-30,15.22,,7103000000.0,1409000000,635000000,165000000,,,None,6000000,None,,None,,,,,470000000,470000000,None,None,0.16,,803000000,606000000,,,,,35000000,,,,,1.506,2.772,2.004,,,,,,,,0.102,,,2025-10-29,quarterly,1.39,USD,post-market,0,,0.102,0.145,0.074,42.44,709000000,,,,74.65,75.92,6.9231,,,,,,,3670000000,,19.81,,89.37,64.7
2025-12-28,CTSH,4.32,20857000000.0,19.81,,0.967,30.84,,,,,,,,,,,,,,,None,2194000000,2194000000,,,,,,None,104000000,,1.24,0.0145,,,,-0.521,0.09,655000000,759000000,1.3,2017-03-31,15.22,,7103000000.0,1352000000,649000000,92000000,,,None,6000000,None,,None,,,,,557000000,557000000,None,None,0.16,,782000000,570000000,,,,,85000000,,,,,1.506,2.772,2.004,,,,,,,,0.102,,,2025-10-29,quarterly,1.39,USD,post-market,0,,0.102,0.145,0.074,42.44,686000000,,,,74.65,75.92,6.9231,,,,,,,3546000000,,19.81,,89.37,64.7
2025-12-28,CTSH,4.32,20857000000.0,19.81,,0.967,30.84,,,,,,,,,,,,,,,None,2077500000,2077500000,,,,,,None,100600000,,1.24,0.0145,,,,-0.521,0.09,564800000,665400000,1.3,2016-12-31,15.22,,7103000000.0,1384400000,560000000,144000000,,,None,4400000,None,,None,,,,,416000000,414600000,None,None,0.16,,823700000,561000000,,,,,4500000,,,,,1.506,2.772,2.004,,,,,,,,0.102,,,2025-10-29,quarterly,1.39,USD,post-market,0,,0.102,0.145,0.074,42.44,730400000,,,,74.65,75.92,6.9231,,,,,,,3461900000,,19.81,,89.37,64.7
2025-12-28,CTSH,4.32,20857000000.0,19.81,,0.967,30.84,,,,,,,,,,,,,,,None,2077000000,2077000000,,,,,,None,97000000,,1.24,0.0145,,,,-0.521,0.09,618000000,715000000,1.3,2016-09-30,15.22,,7103000000.0,1376000000,612900000,168900000,,,None,5000000,None,,None,,,,,444400000,444000000,None,None,0.16,,793000000,583400000,,,,,34800000,,,,,1.506,2.772,2.004,,,,,,,,0.102,,,2025-10-29,quarterly,1.39,USD,post-market,0,,0.102,0.145,0.074,42.44,700500000,,,,74.65,75.92,6.9231,,,,,,,3453000000,,19.81,,89.37,64.7
2025-12-28,CTSH,4.32,20857000000.0,19.81,,0.967,30.84,,,,,,,,,,,,,,,None,2038000000,2038000000,,,,,,None,93000000,,1.24,0.0145,,,,-0.521,0.09,600000000,693000000,1.3,2016-06-30,15.22,,7103000000.0,1332000000,594400000,342400000,,,None,5000000,None,,None,,,,,252400000,252200000,None,None,0.16,,741000000,590900000,,,,,8500000,,,,,1.506,2.772,2.004,,,,,,,,0.102,,,2025-10-29,quarterly,1.39,USD,post-market,0,,0.102,0.145,0.074,42.44,653900000,,,,74.65,75.92,6.9231,,,,,,,3370000000,,19.81,,89.37,64.7
2025-12-28,CTSH,4.32,20857000000.0,19.81,,0.967,30.84,,,,,,,,,,,,,,,None,1915000000,1915000000,,,,,,None,88000000,,1.24,0.0145,,,,-0.521,0.09,594000000,682000000,1.3,2016-03-31,15.22,,7103000000.0,1287000000,588900000,147900000,,,None,5000000,None,,None,,,,,441200000,441200000,None,None,0.16,,733000000,554000000,,,,,40200000,,,,,1.506,2.772,2.004,,,,,,,,0.102,,,2025-10-29,quarterly,1.39,USD,post-market,0,,0.102,0.145,0.074,42.44,646200000,,,,74.65,75.92,6.9231,,,,,,,3202000000,,19.81,,89.37,64.7
2025-12-28,CTSH,4.32,20857000000.0,19.81,,0.967,30.84,,,,,,,,,,,,,,,None,1933600000,1933600000,,,,,,None,88000000,,1.24,0.0145,,,,-0.521,0.09,565500000,653500000,1.3,2015-12-31,15.22,,7103000000.0,1298900000,561200000,137800000,,,None,4300000,None,,None,,,,,423400000,423400000,None,None,0.16,,745500000,553400000,,,,,12100000,,,,,1.506,2.772,2.004,,,,,,,,0.102,,,2025-10-29,quarterly,1.39,USD,post-market,0,,0.102,0.145,0.074,42.44,658700000,,,,74.65,75.92,6.9231,,,,,,,3232500000,,19.81,,89.37,64.7
2025-12-28,CTSH,4.32,20857000000.0,19.81,,0.967,30.84,,,,,,,,,,,,,,,None,1934600000,1934600000,,,,,,None,82400000,,1.24,0.0145,,,,-0.521,0.09,547400000,629800000,1.3,2015-09-30,15.22,,7103000000.0,1252400000,543000000,145800000,,,None,4300000,None,,None,,,,,397200000,397200000,None,None,0.16,,709600000,542800000,,,,,4500000,,,,,1.506,2.772,2.004,,,,,,,,0.102,,,2025-10-29,quarterly,1.39,USD,post-market,0,,0.102,0.145,0.074,42.44,627100000,,,,74.65,75.92,6.9231,,,,,,,3187000000,,19.81,,89.37,64.7
2025-12-28,CTSH,4.32,20857000000.0,19.81,,0.967,30.84,,,,,,,,,,,,,,,None,1844800000,1844800000,,,,,,None,84000000,,1.24,0.0145,,,,-0.521,0.09,552900000,636900000,1.3,2015-06-30,15.22,,7103000000.0,1240300000,548800000,128700000,,,None,4100000,None,,None,,,,,420100000,420100000,None,None,0.16,,694800000,545500000,,,,,7400000,,,,,1.506,2.772,2.004,,,,,,,,0.102,,,2025-10-29,quarterly,1.39,USD,post-market,0,,0.102,0.145,0.074,42.44,612000000,,,,74.65,75.92,6.9231,,,,,,,3085100000,,19.81,,89.37,64.7
2025-12-28,CTSH,4.32,20857000000.0,19.81,,0.967,30.84,,,,,,,,,,,,,,,None,1727200000,1727200000,,,,,,None,75600000,,1.24,0.0145,,,,-0.521,0.09,515600000,591200000,1.3,2015-03-31,15.22,,7103000000.0,1184200000,510600000,127700000,,,None,5000000,None,,None,,,,,382900000,382900000,None,None,0.16,,683900000,500300000,,,,,15300000,,,,,1.506,2.772,2.004,,,,,,,,0.102,,,2025-10-29,quarterly,1.39,USD,post-market,0,,0.102,0.145,0.074,42.44,610800000,,,,74.65,75.92,6.9231,,,,,,,2911400000,,19.81,,89.37,64.7
2025-12-28,CTSH,4.32,20857000000.0,19.81,,0.967,30.84,,,,,,,,,,,,,,,None,1639384000,1639384000,,,,,,None,62876000,,1.24,0.0145,,,,-0.521,0.09,521029000,583905000,1.3,2014-12-31,15.22,,7103000000.0,1102846000,485266000,122409000,,,None,2468000,None,,None,,,,,362857000,362857000,None,None,0.16,,623438000,479408000,,,,,8326000,,,,,1.506,2.772,2.004,,,,,,,,0.102,,,2025-10-29,quarterly,1.39,USD,post-market,0,,0.102,0.145,0.074,42.44,562622000,,,,74.65,75.92,6.9231,,,,,,,2742230000,,19.81,,89.37,64.7
2025-12-28,CTSH,4.32,20857000000.0,19.81,,0.967,30.84,,,,,,,,,,,,,,,None,1569800000,1569800000,,,,,,None,49700000,,1.24,0.0145,,,,-0.521,0.09,464000000,513700000,1.3,2014-09-30,15.22,,7103000000.0,1011200000,463715000,108115000,,,None,300000,None,,None,,,,,355624000,355624000,None,None,0.16,,553700000,457513000,,,,,6226000,,,,,1.506,2.772,2.004,,,,,,,,0.102,,,2025-10-29,quarterly,1.39,USD,post-market,0,,0.102,0.145,0.074,42.44,506019000,,,,74.65,75.92,6.9231,,,,,,,2581000000,,19.81,,89.37,64.7
2025-12-28,CTSH,4.32,20857000000.0,19.81,,0.967,30.84,,,,,,,,,,,,,,,None,1499500000,1499500000,,,,,,None,48800000,,1.24,0.0145,,,,-0.521,0.09,501800000,550600000,1.3,2014-06-30,15.22,,7103000000.0,1017600000,501830000,129930000,,,None,0,None,,None,,,,,371908000,371908000,None,None,0.16,,529600000,487921000,,,,,13917000,,,,,1.506,2.772,2.004,,,,,,,,0.102,,,2025-10-29,quarterly,1.39,USD,post-market,0,,0.102,0.145,0.074,42.44,482985000,,,,74.65,75.92,6.9231,,,,,,,2517100000,,19.81,,89.37,64.7
2025-12-28,CTSH,4.32,20857000000.0,19.81,,0.967,30.84,,,,,,,,,,,,,,,None,1432400000,1432400000,,,,,,None,46700000,,1.24,0.0145,,,,-0.521,0.09,473200000,519900000,1.3,2014-03-31,15.22,,7103000000.0,989900000,473210000,124310000,,,None,0,None,,None,,,,,348878000,348878000,None,None,0.16,,529900000,460036000,,,,,13152000,,,,,1.506,2.772,2.004,,,,,,,,0.102,,,2025-10-29,quarterly,1.39,USD,post-market,0,,0.102,0.145,0.074,42.44,485395000,,,,74.65,75.92,6.9231,,,,,,,2422300000,,19.81,,89.37,64.7
2025-12-28,CTSH,4.32,20857000000.0,19.81,,0.967,30.84,,,,,,,,,,,,,,,None,1411155000,1411155000,,,,,,None,47917000,,1.24,0.0145,,,,-0.521,0.09,447841000,495758000,1.3,2013-12-31,15.22,,7103000000.0,944333000,451139000,126807000,,,None,0,None,,None,,,,,324332000,324332000,None,None,0.16,,496492000,447841000,,,,,3298000,,,,,1.506,2.772,2.004,,,,,,,,0.102,,,2025-10-29,quarterly,1.39,USD,post-market,0,,0.102,0.145,0.074,42.44,450503000,,,,74.65,75.92,6.9231,,,,,,,2355488000,,19.81,,89.37,64.7
2025-12-28,CTSH,4.32,20857000000.0,19.81,,0.967,30.84,,,,,,,,,,,,,,,None,1382336000,1382336000,,,,,,None,44578000,,1.24,0.0145,,,,-0.521,0.09,437359000,481937000,1.3,2013-09-30,15.22,,7103000000.0,923387000,439198000,119571000,,,None,0,None,,None,,,,,319627000,319627000,None,None,0.16,,486028000,437359000,,,,,1839000,,,,,1.506,2.772,2.004,,,,,,,,0.102,,,2025-10-29,quarterly,1.39,USD,post-market,0,,0.102,0.145,0.074,42.44,443376000,,,,74.65,75.92,6.9231,,,,,,,2305723000,,19.81,,89.37,64.7
2025-12-28,CTSH,4.32,20857000000.0,19.81,,0.967,30.84,,,,,,,,,,,,,,,None,1272013000,1272013000,,,,,,None,43834000,,1.24,0.0145,,,,-0.521,0.09,426803000,470637000,1.3,2013-06-30,15.22,,7103000000.0,889227000,420397000,119987000,,,None,0,None,,None,,,,,300410000,300410000,None,None,0.16,,462424000,426803000,,,,,-6406000,,,,,1.506,2.772,2.004,,,,,,,,0.102,,,2025-10-29,quarterly,1.39,USD,post-market,0,,0.102,0.145,0.074,42.44,420526000,,,,74.65,75.92,6.9231,,,,,,,2161240000,,19.81,,89.37,64.7
2025-12-28,CTSH,4.32,20857000000.0,19.81,,0.967,30.84,,,,,,,,,,,,,,,None,1199965000,1199965000,,,,,,None,43601000,,1.24,0.0145,,,,-0.521,0.09,365907000,409508000,1.3,2013-03-31,15.22,,7103000000.0,820773000,377183000,92974000,,,None,0,None,,None,,,,,284209000,284209000,None,None,0.16,,454866000,365907000,,,,,11276000,,,,,1.506,2.772,2.004,,,,,,,,0.102,,,2025-10-29,quarterly,1.39,USD,post-market,0,,0.102,0.145,0.074,42.44,413204000,,,,74.65,75.92,6.9231,,,,,,,2020738000,,19.81,,89.37,64.7
2025-12-28,CTSH,4.32,20857000000.0,19.81,,0.967,30.84,,,,,,,,,,,,,,,None,1150934000,1150934000,,,,,,None,41164000,,1.24,0.0145,,,,-0.521,0.09,356253000,397417000,1.3,2012-12-31,15.22,,7103000000.0,797281000,365844000,87065000,,,None,0,None,,None,,,,,278779000,278779000,None,None,0.16,,441028000,356253000,,,,,9591000,,,,,1.506,2.772,2.004,,,,,,,,0.102,,,2025-10-29,quarterly,1.39,USD,post-market,0,,0.102,0.145,0.074,42.44,401746000,,,,74.65,75.92,6.9231,,,,,,,1948215000,,19.81,,89.37,64.7
2025-12-28,CTSH,4.32,20857000000.0,19.81,,0.967,30.84,,,,,,,,,,,,,,,None,1111898000,1111898000,,,,,,None,41366000,,1.24,0.0145,,,,-0.521,0.09,355386000,396752000,1.3,2012-09-30,15.22,,7103000000.0,779790000,364383000,87482000,,,None,0,None,,None,,,,,276901000,276901000,None,None,0.16,,424404000,355386000,,,,,8997000,,,,,1.506,2.772,2.004,,,,,,,,0.102,,,2025-10-29,quarterly,1.39,USD,post-market,0,,0.102,0.145,0.074,42.44,384951000,,,,74.65,75.92,6.9231,,,,,,,1891688000,,19.81,,89.37,64.7
2025-12-28,CTSH,4.32,20857000000.0,19.81,,0.967,30.84,,,,,,,,,,,,,,,None,1030889000,1030889000,,,,,,None,37433000,,1.24,0.0145,,,,-0.521,0.09,331958000,369391000,1.3,2012-06-30,15.22,,7103000000.0,764331000,335092000,83160000,,,None,0,None,,None,,,,,251932000,251932000,None,None,0.16,,432373000,331958000,,,,,3134000,,,,,1.506,2.772,2.004,,,,,,,,0.102,,,2025-10-29,quarterly,1.39,USD,post-market,0,,0.102,0.145,0.074,42.44,396771000,,,,74.65,75.92,6.9231,,,,,,,1795220000,,19.81,,89.37,64.7
2025-12-28,CTSH,4.32,20857000000.0,19.81,,0.967,30.84,,,,,,,,,,,,,,,None,984520000,984520000,,,,,,None,36625000,,1.24,0.0145,,,,-0.521,0.09,317899000,354524000,1.3,2012-03-31,15.22,,7103000000.0,726829000,322277000,78626000,,,None,0,None,,None,,,,,243651000,243651000,None,None,0.16,,408930000,317899000,,,,,4378000,,,,,1.506,2.772,2.004,,,,,,,,0.102,,,2025-10-29,quarterly,1.39,USD,post-market,0,,0.102,0.145,0.074,42.44,374178000,,,,74.65,75.92,6.9231,,,,,,,1711349000,,19.81,,89.37,64.7
2025-12-28,CTSH,4.32,20857000000.0,19.81,,0.967,30.84,,,,,,,,,,,,,,,None,970689000,970689000,,,,,,None,34299000,,1.24,0.0145,,,,-0.521,0.09,308143000,342442000,1.3,2011-12-31,15.22,,7103000000.0,693018000,323080000,82953000,,,None,0,None,,None,,,,,240127000,240127000,None,None,0.16,,384875000,308143000,,,,,14937000,,,,,1.506,2.772,2.004,,,,,,,,0.102,,,2025-10-29,quarterly,1.39,USD,post-market,0,,0.102,0.145,0.074,42.44,352456000,,,,74.65,75.92,6.9231,,,,,,,1663707000,,19.81,,89.37,64.7
2025-12-28,CTSH,4.32,20857000000.0,19.81,,0.967,30.84,,,,,,,,,,,,,,,None,924886000,924886000,,,,,,None,31639000,,1.24,0.0145,,,,-0.521,0.09,293002000,324641000,1.3,2011-09-30,15.22,,7103000000.0,676068000,287964000,60845000,,,None,0,None,,None,,,,,227119000,227119000,None,None,0.16,,383066000,293002000,,,,,-5038000,,,,,1.506,2.772,2.004,,,,,,,,0.102,,,2025-10-29,quarterly,1.39,USD,post-market,0,,0.102,0.145,0.074,42.44,353161000,,,,74.65,75.92,6.9231,,,,,,,1600954000,,19.81,,89.37,64.7
2025-12-28,CTSH,4.32,20857000000.0,19.81,,0.967,30.84,,,,,,,,,,,,,,,None,860871000,860871000,,,,,,None,29273000,,1.24,0.0145,,,,-0.521,0.09,269958000,299231000,1.3,2011-06-30,15.22,,7103000000.0,624371000,277605000,69560000,,,None,0,None,,None,,,,,208045000,208045000,None,None,0.16,,354413000,269958000,,,,,7647000,,,,,1.506,2.772,2.004,,,,,,,,0.102,,,2025-10-29,quarterly,1.39,USD,post-market,0,,0.102,0.145,0.074,42.44,326718000,,,,74.65,75.92,6.9231,,,,,,,1485242000,,19.81,,89.37,64.7
2025-12-28,CTSH,4.32,20857000000.0,19.81,,0.967,30.84,,,,,,,,,,,,,,,None,782176000,782176000,,,,,,None,28964000,,1.24,0.0145,,,,-0.521,0.09,265365000,294329000,1.3,2011-03-31,15.22,,7103000000.0,589077000,280500000,72173000,,,None,0,None,,None,,,,,208327000,208327000,None,None,0.16,,323712000,265365000,,,,,15135000,,,,,1.506,2.772,2.004,,,,,,,,0.102,,,2025-10-29,quarterly,1.39,USD,post-market,0,,0.102,0.145,0.074,42.44,296330000,,,,74.65,75.92,6.9231,,,,,,,1371253000,,19.81,,89.37,64.7
2025-12-28,CTSH,4.32,20857000000.0,19.81,,0.967,30.84,,,,,,,,,,,,,,,None,758023000,758023000,,,,,,None,29614000,,1.24,0.0145,,,,-0.521,0.09,244621000,274235000,1.3,2010-12-31,15.22,,7103000000.0,552579000,248544000,42378000,,,None,0,None,,None,,,,,206166000,206166000,None,None,0.16,,307958000,244621000,,,,,3923000,,,,,1.506,2.772,2.004,,,,,,,,0.102,,,2025-10-29,quarterly,1.39,USD,post-market,0,,0.102,0.145,0.074,42.44,279921000,,,,74.65,75.92,6.9231,,,,,,,1310602000,,19.81,,89.37,64.7
2025-12-28,CTSH,4.32,20857000000.0,19.81,,0.967,30.84,,,,,,,,,,,,,,,None,699623000,699623000,,,,,,None,27929000,,1.24,0.0145,,,,-0.521,0.09,228299000,256228000,1.3,2010-09-30,15.22,,7103000000.0,517290000,243276000,39577000,,,None,0,None,,None,,,,,203699000,203699000,None,None,0.16,,288991000,228299000,,,,,14977000,,,,,1.506,2.772,2.004,,,,,,,,0.102,,,2025-10-29,quarterly,1.39,USD,post-market,0,,0.102,0.145,0.074,42.44,262632000,,,,74.65,75.92,6.9231,,,,,,,1216913000,,19.81,,89.37,64.7
2025-12-28,CTSH,4.32,20857000000.0,19.81,,0.967,30.84,,,,,,,,,,,,,,,None,641019000,641019000,,,,,,None,25248000,,1.24,0.0145,,,,-0.521,0.09,205915000,231163000,1.3,2010-06-30,15.22,,7103000000.0,464135000,208008000,35833000,,,None,0,None,,None,,,,,172175000,172175000,None,None,0.16,,258220000,205915000,,,,,2093000,,,,,1.506,2.772,2.004,,,,,,,,0.102,,,2025-10-29,quarterly,1.39,USD,post-market,0,,0.102,0.145,0.074,42.44,234547000,,,,74.65,75.92,6.9231,,,,,,,1105154000,,19.81,,89.37,64.7
2025-12-28,CTSH,4.32,20857000000.0,19.81,,0.967,30.84,,,,,,,,,,,,,,,None,555904000,555904000,,,,,,None,27381000,,1.24,0.0145,,,,-0.521,0.09,183017000,210398000,1.3,2010-03-31,15.22,,7103000000.0,403816000,178752000,27252000,,,None,0,None,,None,,,,,151500000,151500000,None,None,0.16,,220799000,183017000,,,,,-4265000,,,,,1.506,2.772,2.004,,,,,,,,0.102,,,2025-10-29,quarterly,1.39,USD,post-market,0,,0.102,0.145,0.074,42.44,194993000,,,,74.65,75.92,6.9231,,,,,,,959720000,,19.81,,89.37,64.7
2025-12-28,CTSH,4.32,20857000000.0,19.81,,0.967,30.84,,,,,,,,,,,,,,,None,520796000,520796000,,,,,,None,24339000,,1.24,0.0145,,,,-0.521,0.09,166908000,191247000,1.3,2009-12-31,15.22,,7103000000.0,381925000,168597000,24593000,,,None,0,None,,None,,,,,144004000,0,None,None,0.16,,215017000,166908000,,,,,None,,,,,1.506,2.772,2.004,,,,,,,,0.102,,,2025-10-29,quarterly,1.39,USD,post-market,0,,0.102,0.145,0.074,42.44,190678000,,,,74.65,75.92,6.9231,,,,,,,902721000,,19.81,,89.37,64.7
2025-12-28,CTSH,4.32,20857000000.0,19.81,,0.967,30.84,,,,,,,,,,,,,,,None,475599000,475599000,,,,,,None,22301000,,1.24,0.0145,,,,-0.521,0.09,161782000,184083000,1.3,2009-09-30,15.22,,7103000000.0,377889000,163699000,27127000,,,None,0,None,,None,,,,,136572000,136572000,None,None,0.16,,216107000,161782000,,,,,1917000,,,,,1.506,2.772,2.004,,,,,,,,0.102,,,2025-10-29,quarterly,1.39,USD,post-market,0,,0.102,0.145,0.074,42.44,193806000,,,,74.65,75.92,6.9231,,,,,,,853488000,,19.81,,89.37,64.7
2025-12-28,CTSH,4.32,20857000000.0,19.81,,0.967,30.84,,,,,,,,,,,,,,,None,433340000,433340000,,,,,,None,21579000,,1.24,0.0145,,,,-0.521,0.09,151670000,173249000,1.3,2009-06-30,15.22,,7103000000.0,343252000,169166000,27911000,,,None,0,None,,None,,,,,141255000,141255000,None,None,0.16,,191582000,151670000,,,,,17496000,,,,,1.506,2.772,2.004,,,,,,,,0.102,,,2025-10-29,quarterly,1.39,USD,post-market,0,,0.102,0.145,0.074,42.44,170003000,,,,74.65,75.92,6.9231,,,,,,,776592000,,19.81,,89.37,64.7
2025-12-28,CTSH,4.32,20857000000.0,19.81,,0.967,30.84,,,,,,,,,,,,,,,None,419708000,419708000,,,,,,None,21152000,,1.24,0.0145,,,,-0.521,0.09,138130000,159282000,1.3,2009-03-31,15.22,,7103000000.0,326154000,135489000,22357000,,,None,0,None,,None,,,,,113132000,0,None,None,0.16,,188024000,138130000,,,,,None,,,,,1.506,2.772,2.004,,,,,,,,0.102,,,2025-10-29,quarterly,1.39,USD,post-market,0,,0.102,0.145,0.074,42.44,166872000,,,,74.65,75.92,6.9231,,,,,,,745862000,,19.81,,89.37,64.7
2025-12-28,CTSH,4.32,20857000000.0,19.81,,0.967,30.84,,,,,,,,,,,,,,,None,419748000,419748000,,,,,,None,21253000,,1.24,0.0145,,,,-0.521,0.09,142666000,163919000,1.3,2008-12-31,15.22,,7103000000.0,333297000,136086000,23798000,,,None,0,None,,None,,,,,112288000,0,None,None,0.16,,190631000,142666000,,,,,None,,,,,1.506,2.772,2.004,,,,,,,,0.102,,,2025-10-29,quarterly,1.39,USD,post-market,0,,0.102,0.145,0.074,42.44,169378000,,,,74.65,75.92,6.9231,,,,,,,753045000,,19.81,,89.37,64.7
2025-12-28,CTSH,4.32,20857000000.0,19.81,,0.967,30.84,,,,,,,,,,,,,,,None,405936000,405936000,,,,,,None,19474000,,1.24,0.0145,,,,-0.521,0.09,142631000,162105000,1.3,2008-09-30,15.22,,7103000000.0,328790000,133198000,20370000,,,None,0,None,,None,,,,,112828000,0,None,None,0.16,,186159000,142631000,,,,,None,,,,,1.506,2.772,2.004,,,,,,,,0.102,,,2025-10-29,quarterly,1.39,USD,post-market,0,,0.102,0.145,0.074,42.44,166685000,,,,74.65,75.92,6.9231,,,,,,,734726000,,19.81,,89.37,64.7
2025-12-28,CTSH,4.32,20857000000.0,19.81,,0.967,30.84,,,,,,,,,,,,,,,None,380867000,380867000,,,,,,None,17777000,,1.24,0.0145,,,,-0.521,0.09,119678000,137455000,1.3,2008-06-30,15.22,,7103000000.0,304560000,124057000,20201000,,,None,0,None,,None,,,,,103856000,0,None,None,0.16,,184882000,119678000,,,,,None,,,,,1.506,2.772,2.004,,,,,,,,0.102,,,2025-10-29,quarterly,1.39,USD,post-market,0,,0.102,0.145,0.074,42.44,167105000,,,,74.65,75.92,6.9231,,,,,,,685427000,,19.81,,89.37,64.7
2025-12-28,CTSH,4.32,20857000000.0,19.81,,0.967,30.84,,,,,,,,,,,,,,,None,366265000,366265000,,,,,,None,16293000,,1.24,0.0145,,,,-0.521,0.09,111695000,127988000,1.3,2008-03-31,15.22,,7103000000.0,276841000,121869000,19996000,,,None,0,None,,None,,,,,101873000,0,None,None,0.16,,165146000,111695000,,,,,None,,,,,1.506,2.772,2.004,,,,,,,,0.102,,,2025-10-29,quarterly,1.39,USD,post-market,0,,0.102,0.145,0.074,42.44,148853000,,,,74.65,75.92,6.9231,,,,,,,643106000,,19.81,,89.37,64.7
2025-12-28,CTSH,4.32,20857000000.0,19.81,,0.967,30.84,,,,,,,,,,,,,,,None,341514000,341514000,,,,,,None,14735000,,1.24,0.0145,,,,-0.521,0.09,106119000,120854000,1.3,2007-12-31,15.22,,7103000000.0,258442000,114759000,18503000,,,None,0,None,,None,,,,,96256000,0,None,None,0.16,,152323000,106119000,,,,,None,,,,,1.506,2.772,2.004,,,,,,,,0.102,,,2025-10-29,quarterly,1.39,USD,post-market,0,,0.102,0.145,0.074,42.44,137588000,,,,74.65,75.92,6.9231,,,,,,,599956000,,19.81,,89.37,64.7
2025-12-28,CTSH,4.32,20857000000.0,19.81,,0.967,30.84,,,,,,,,,,,,,,,None,317286000,317286000,,,,,,None,13870000,,1.24,0.0145,,,,-0.521,0.09,101130000,115000000,1.3,2007-09-30,15.22,,7103000000.0,241551000,111691000,15537000,,,None,0,None,,None,,,,,96154000,0,None,None,0.16,,140421000,101130000,,,,,None,,,,,1.506,2.772,2.004,,,,,,,,0.102,,,2025-10-29,quarterly,1.39,USD,post-market,0,,0.102,0.145,0.074,42.44,126551000,,,,74.65,75.92,6.9231,,,,,,,558837000,,19.81,,89.37,64.7
2025-12-28,CTSH,4.32,20857000000.0,19.81,,0.967,30.84,,,,,,,,,,,,,,,None,292326000,292326000,,,,,,None,13053000,,1.24,0.0145,,,,-0.521,0.09,90671000,103724000,1.3,2007-06-30,15.22,,7103000000.0,224188000,97650000,15373000,,,None,0,None,,None,,,,,82277000,0,None,None,0.16,,133517000,90671000,,,,,None,,,,,1.506,2.772,2.004,,,,,,,,0.102,,,2025-10-29,quarterly,1.39,USD,post-market,0,,0.102,0.145,0.074,42.44,120464000,,,,74.65,75.92,6.9231,,,,,,,516514000,,19.81,,89.37,64.7
2025-12-28,CTSH,4.32,20857000000.0,19.81,,0.967,30.84,,,,,,,,,,,,,,,None,254909000,254909000,,,,,,None,12260000,,1.24,0.0145,,,,-0.521,0.09,83602000,95862000,1.3,2007-03-31,15.22,,7103000000.0,205361000,90256000,14810000,,,None,0,None,,None,,,,,75446000,0,None,None,0.16,,121759000,83602000,,,,,None,,,,,1.506,2.772,2.004,,,,,,,,0.102,,,2025-10-29,quarterly,1.39,USD,post-market,0,,0.102,0.145,0.074,42.44,109499000,,,,74.65,75.92,6.9231,,,,,,,460270000,,19.81,,89.37,64.7
2025-12-28,CTSH,4.32,20857000000.0,19.81,,0.967,30.84,,,,,,,,,,,,,,,None,232588000,232588000,,,,,,None,10471000,,1.24,0.0145,,,,-0.521,0.09,76352000,86823000,1.3,2006-12-31,15.22,,7103000000.0,191842000,82287000,12754000,,,None,0,None,,None,,,,,69533000,0,None,None,0.16,,115490000,76352000,,,,,None,,,,,1.506,2.772,2.004,,,,,,,,0.102,,,2025-10-29,quarterly,1.39,USD,post-market,0,,0.102,0.145,0.074,42.44,105019000,,,,74.65,75.92,6.9231,,,,,,,424430000,,19.81,,89.37,64.7
2025-12-28,CTSH,4.32,20857000000.0,19.81,,0.967,30.84,,,,,,,,,,,,,,,None,208427000,208427000,,,,,,None,8861000,,1.24,0.0145,,,,-0.521,0.09,68764000,77625000,1.3,2006-09-30,15.22,,7103000000.0,169095000,72940000,11913000,,,None,0,None,,None,,,,,61027000,0,None,None,0.16,,100331000,68764000,,,,,None,,,,,1.506,2.772,2.004,,,,,,,,0.102,,,2025-10-29,quarterly,1.39,USD,post-market,0,,0.102,0.145,0.074,42.44,91470000,,,,74.65,75.92,6.9231,,,,,,,377522000,,19.81,,89.37,64.7
2025-12-28,CTSH,4.32,20857000000.0,19.81,,0.967,30.84,,,,,,,,,,,,,,,None,188320000,188320000,,,,,,None,7801000,,1.24,0.0145,,,,-0.521,0.09,60671000,68472000,1.3,2006-06-30,15.22,,7103000000.0,148516000,66032000,10961000,,,None,0,None,,None,,,,,55071000,0,None,None,0.16,,87845000,60671000,,,,,None,,,,,1.506,2.772,2.004,,,,,,,,0.102,,,2025-10-29,quarterly,1.39,USD,post-market,0,,0.102,0.145,0.074,42.44,80044000,,,,74.65,75.92,6.9231,,,,,,,336836000,,19.81,,89.37,64.7
2025-12-28,CTSH,4.32,20857000000.0,19.81,,0.967,30.84,,,,,,,,,,,,,,,None,158588000,158588000,,,,,,None,7030000,,1.24,0.0145,,,,-0.521,0.09,53156000,60186000,1.3,2006-03-31,15.22,,7103000000.0,126891000,56552000,9388000,,,None,0,None,,None,,,,,47164000,0,None,None,0.16,,73735000,53156000,,,,,None,,,,,1.506,2.772,2.004,,,,,,,,0.102,,,2025-10-29,quarterly,1.39,USD,post-market,0,,0.102,0.145,0.074,42.44,66705000,,,,74.65,75.92,6.9231,,,,,,,285479000,,19.81,,89.37,64.7
2025-12-28,CTSH,4.32,20857000000.0,19.81,,0.967,30.84,,,,,,,,,,,,,,,None,135978000,135978000,,,,,,None,5280000,,1.24,0.0145,,,,-0.521,0.09,51040000,56320000,1.3,2005-12-31,15.22,,7103000000.0,120924000,53163000,-4510000,,,None,0,None,,None,,,,,57673000,0,None,None,0.16,,69884000,51040000,,,,,None,,,,,1.506,2.772,2.004,,,,,,,,0.102,,,2025-10-29,quarterly,1.39,USD,post-market,0,,0.102,0.145,0.074,42.44,64604000,,,,74.65,75.92,6.9231,,,,,,,256902000,,19.81,,89.37,64.7
2025-12-28,CTSH,4.32,20857000000.0,19.81,,0.967,30.84,,,,,,,,,,,,,,,None,128175000,128175000,,,,,,None,5581000,,1.24,0.0145,,,,-0.521,0.09,47021000,52602000,1.3,2005-09-30,15.22,,7103000000.0,107361000,49372000,8789000,,,None,0,None,,None,,,,,40583000,0,None,None,0.16,,60340000,47021000,,,,,None,,,,,1.506,2.772,2.004,,,,,,,,0.102,,,2025-10-29,quarterly,1.39,USD,post-market,0,,0.102,0.145,0.074,42.44,54759000,,,,74.65,75.92,6.9231,,,,,,,235536000,,19.81,,89.37,64.7
2025-12-28,CTSH,4.32,20857000000.0,19.81,,0.967,30.84,,,,,,,,,,,,,,,None,12958000000,12958000000,,,,,,None,542000000,,1.24,0.0145,,,,-0.521,0.09,2992000000,3534000000,1.3,2024-12-31,15.22,,7103000000.0,6778000000,2953000000,713000000,,,None,54000000,119000000,,None,,,,,2240000000,2240000000,65000000,None,0.16,,3886000000,2892000000,,,,,None,,,,,1.506,2.772,2.004,,,,,,,,0.102,,,2025-10-29,annual,1.39,USD,post-market,None,,0.102,0.145,0.074,42.44,3223000000,,,,74.65,75.92,6.9231,,,,,,,19736000000,,19.81,,89.37,64.7
2025-12-28,CTSH,4.32,20857000000.0,19.81,,0.967,30.84,,,,,,,,,,,,,,,None,12664000000,12664000000,,,,,,None,555000000,,1.24,0.0145,,,,-0.521,0.09,2828000000,3383000000,1.3,2023-12-31,15.22,,7103000000.0,6689000000,2794000000,668000000,,,None,41000000,119000000,,None,,,,,2126000000,2089000000,81000000,None,0.16,,4000000000,2689000000,,,,,None,,,,,1.506,2.772,2.004,,,,,,,,0.102,,,2025-10-29,annual,1.39,USD,post-market,None,,0.102,0.145,0.074,42.44,3326000000,,,,74.65,75.92,6.9231,,,,,,,19353000000,,19.81,,89.37,64.7
2025-12-28,CTSH,4.32,20857000000.0,19.81,,0.967,30.84,,,,,,,,,,,,,,,None,12448000000,12448000000,,,,,,None,569000000,,1.24,0.0145,,,,-0.521,0.09,3035000000,3604000000,1.3,2022-12-31,15.22,,7103000000.0,6980000000,3020000000,730000000,,,None,19000000,59000000,,None,,,,,2290000000,2290000000,40000000,None,0.16,,4012000000,2968000000,,,,,71000000,,,,,1.506,2.772,2.004,,,,,,,,0.102,,,2025-10-29,annual,1.39,USD,post-market,None,,0.102,0.145,0.074,42.44,3443000000,,,,74.65,75.92,6.9231,,,,,,,19428000000,,19.81,,89.37,64.7
2025-12-28,CTSH,4.32,20857000000.0,19.81,,0.967,30.84,,,,,,,,,,,,,,,None,11604000000,11604000000,,,,,,None,574000000,,1.24,0.0145,,,,-0.521,0.09,2836000000,3410000000,1.3,2021-12-31,15.22,,7103000000.0,6903000000,2830000000,693000000,,,None,9000000,30000000,,None,,,,,2137000000,2137000000,21000000,None,0.16,,4077000000,2826000000,,,,,13000000,,,,,1.506,2.772,2.004,,,,,,,,0.102,,,2025-10-29,annual,1.39,USD,post-market,None,,0.102,0.145,0.074,42.44,3503000000,,,,74.65,75.92,6.9231,,,,,,,18507000000,,19.81,,89.37,64.7
2025-12-28,CTSH,4.32,20857000000.0,19.81,,0.967,30.84,,,,,,,,,,,,,,,None,10671000000,10671000000,,,,,,None,559000000,,1.24,0.0145,,,,-0.521,0.09,2120000000,2679000000,1.3,2020-12-31,15.22,,7103000000.0,5981000000,2096000000,704000000,,,None,24000000,119000000,,None,,,,,1392000000,1392000000,95000000,None,0.16,,3867000000,2114000000,,,,,6000000,,,,,1.506,2.772,2.004,,,,,,,,0.102,,,2025-10-29,annual,1.39,USD,post-market,None,,0.102,0.145,0.074,42.44,3100000000,,,,74.65,75.92,6.9231,,,,,,,16652000000,,19.81,,89.37,64.7
2025-12-28,CTSH,4.32,20857000000.0,19.81,,0.967,30.84,,,,,,,,,,,,,,,None,10634000000,10634000000,,,,,,None,526000000,,1.24,0.0145,,,,-0.521,0.09,2569000000,3095000000,1.3,2019-12-31,15.22,,7103000000.0,6149000000,2485000000,643000000,,,None,26000000,176000000,,None,,,,,1842000000,1900000000,150000000,None,0.16,,3696000000,2453000000,,,,,58000000,,,,,1.506,2.772,2.004,,,,,,,,0.102,,,2025-10-29,annual,1.39,USD,post-market,None,,0.102,0.145,0.074,42.44,2972000000,,,,74.65,75.92,6.9231,,,,,,,16783000000,,19.81,,89.37,64.7
2025-12-28,CTSH,4.32,20857000000.0,19.81,,0.967,30.84,,,,,,,,,,,,,,,None,9838000000,9838000000,,,,,,None,498000000,,1.24,0.0145,,,,-0.521,0.09,2824000000,3322000000,1.3,2018-12-31,15.22,,7103000000.0,6287000000,2799000000,698000000,,,None,27000000,177000000,,None,,,,,2101000000,2099000000,150000000,None,0.16,,3486000000,2801000000,,,,,25000000,,,,,1.506,2.772,2.004,,,,,,,,0.102,,,2025-10-29,annual,1.39,USD,post-market,0,,0.102,0.145,0.074,42.44,3026000000,,,,74.65,75.92,6.9231,,,,,,,16125000000,,19.81,,89.37,64.7
2025-12-28,CTSH,4.32,20857000000.0,19.81,,0.967,30.84,,,,,,,,,,,,,,,None,9152000000,9152000000,,,,,,None,443000000,,1.24,0.0145,,,,-0.521,0.09,2678000000,3121000000,1.3,2017-12-31,15.22,,7103000000.0,5658000000,2657000000,1153000000,,,None,23000000,133000000,,None,,,,,1504000000,1502000000,110000000,None,0.16,,3177000000,2481000000,,,,,199000000,,,,,1.506,2.772,2.004,,,,,,,,0.102,,,2025-10-29,annual,1.39,USD,post-market,0,,0.102,0.145,0.074,42.44,2769000000,,,,74.65,75.92,6.9231,,,,,,,14810000000,,19.81,,89.37,64.7
2025-12-28,CTSH,4.32,20857000000.0,19.81,,0.967,30.84,,,,,,,,,,,,,,,None,8108000000,8108000000,,,,,,None,379000000,,1.24,0.0145,,,,-0.521,0.09,2376000000,2755000000,1.3,2016-12-31,15.22,,7103000000.0,5379000000,2358000000,805000000,,,None,19000000,115000000,,None,,,,,1553000000,1552000000,96000000,None,0.16,,3090000000,2289000000,,,,,88000000,,,,,1.506,2.772,2.004,,,,,,,,0.102,,,2025-10-29,annual,1.39,USD,post-market,0,,0.102,0.145,0.074,42.44,2731000000,,,,74.65,75.92,6.9231,,,,,,,13487000000,,19.81,,89.37,64.7
2025-12-28,CTSH,4.32,20857000000.0,19.81,,0.967,30.84,,,,,,,,,,,,,,,None,7440000000,7440000000,,,,,,None,330000000,,1.24,0.0145,,,,-0.521,0.09,2182000000,2512000000,1.3,2015-12-31,15.22,,7103000000.0,4976000000,2164000000,540000000,,,None,18000000,23400000,,None,,,,,1623600000,1623600000,None,None,0.16,,2834000000,2142000000,,,,,39300000,,,,,1.506,2.772,2.004,,,,,,,,0.102,,,2025-10-29,annual,1.39,USD,post-market,0,,0.102,0.145,0.074,42.44,2508600000,,,,74.65,75.92,6.9231,,,,,,,12416000000,,19.81,,89.37,64.7
2025-12-28,CTSH,4.32,20857000000.0,19.81,,0.967,30.84,,,,,,,,,,,,,,,None,6141000000,6141000000,,,,,,None,208000000,,1.24,0.0145,,,,-0.521,0.09,1927000000,2135000000,1.3,2014-12-31,15.22,,7103000000.0,4122000000,1923764000,484764000,,,None,3000000,None,,None,,,,,1439267000,1439267000,None,None,0.16,,2237000000,1884878000,,,,,41621000,,,,,1.506,2.772,2.004,,,,,,,,0.102,,,2025-10-29,annual,1.39,USD,post-market,0,,0.102,0.145,0.074,42.44,2037021000,,,,74.65,75.92,6.9231,,,,,,,10263000000,,19.81,,89.37,64.7
2025-12-28,CTSH,4.32,20857000000.0,19.81,,0.967,30.84,,,,,,,,,,,,,,,None,5265500000,5265500000,,,,,,None,179900000,,1.24,0.0145,,,,-0.521,0.09,1677900000,1857800000,1.3,2013-12-31,15.22,,7103000000.0,3577700000,1687900000,459300000,,,None,0,None,,None,,,,,1228578000,1228578000,None,None,0.16,,1899800000,1677900000,,,,,10007000,,,,,1.506,2.772,2.004,,,,,,,,0.102,,,2025-10-29,annual,1.39,USD,post-market,0,,0.102,0.145,0.074,42.44,1727609000,,,,74.65,75.92,6.9231,,,,,,,8843200000,,19.81,,89.37,64.7
2025-12-28,CTSH,4.32,20857000000.0,19.81,,0.967,30.84,,,,,,,,,,,,,,,None,4278241000,4278241000,,,,,,None,156588000,,1.24,0.0145,,,,-0.521,0.09,1387596000,1544184000,1.3,2012-12-31,15.22,,7103000000.0,3068231000,1387596000,336333000,,,None,0,None,,None,,,,,1051263000,1051263000,None,None,0.16,,1706735000,1361496000,,,,,26100000,,,,,1.506,2.772,2.004,,,,,,,,0.102,,,2025-10-29,annual,1.39,USD,post-market,0,,0.102,0.145,0.074,42.44,1557646000,,,,74.65,75.92,6.9231,,,,,,,7346472000,,19.81,,89.37,64.7
2025-12-28,CTSH,4.32,20857000000.0,19.81,,0.967,30.84,,,,,,,,,,,,,,,None,3538622000,3538622000,,,,,,None,124175000,,1.24,0.0145,,,,-0.521,0.09,1136468000,1260643000,1.3,2011-12-31,15.22,,7103000000.0,2582534000,1169149000,285531000,,,None,0,None,,None,,,,,883618000,883618000,None,None,0.16,,1446066000,1136468000,,,,,32681000,,,,,1.506,2.772,2.004,,,,,,,,0.102,,,2025-10-29,annual,1.39,USD,post-market,0,,0.102,0.145,0.074,42.44,1328665000,,,,74.65,75.92,6.9231,,,,,,,6121156000,,19.81,,89.37,64.7
2025-12-28,CTSH,4.32,20857000000.0,19.81,,0.967,30.84,,,,,,,,,,,,,,,None,2654569000,2654569000,,,,,,None,110172000,,1.24,0.0145,,,,-0.521,0.09,861852000,972024000,1.3,2010-12-31,15.22,,7103000000.0,1937820000,878580000,145040000,,,None,0,None,,None,,,,,733540000,733540000,None,None,0.16,,1075968000,861852000,,,,,16728000,,,,,1.506,2.772,2.004,,,,,,,,0.102,,,2025-10-29,annual,1.39,USD,post-market,0,,0.102,0.145,0.074,42.44,972093000,,,,74.65,75.92,6.9231,,,,,,,4592389000,,19.81,,89.37,64.7
2025-12-28,CTSH,4.32,20857000000.0,19.81,,0.967,30.84,,,,,,,,,,,,,,,None,1849443000,1849443000,,,,,,None,89371000,,1.24,0.0145,,,,-0.521,0.09,618490000,707861000,1.3,2009-12-31,15.22,,7103000000.0,1429220000,636951000,101988000,,,None,0,None,,None,,,,,534963000,534963000,None,None,0.16,,810730000,618490000,,,,,18461000,,,,,1.506,2.772,2.004,,,,,,,,0.102,,,2025-10-29,annual,1.39,USD,post-market,0,,0.102,0.145,0.074,42.44,721359000,,,,74.65,75.92,6.9231,,,,,,,3278663000,,19.81,,89.37,64.7
2025-12-28,CTSH,4.32,20857000000.0,19.81,,0.967,30.84,,,,,,,,,,,,,,,None,1572816000,1572816000,,,,,,None,74797000,,1.24,0.0145,,,,-0.521,0.09,516670000,591467000,1.3,2008-12-31,15.22,,7103000000.0,1243488000,515210000,84365000,,,None,0,None,,None,,,,,430845000,None,None,None,0.16,,726818000,516670000,,,,,None,,,,,1.506,2.772,2.004,,,,,,,,0.102,,,2025-10-29,annual,1.39,USD,post-market,None,,0.102,0.145,0.074,42.44,652021000,,,,74.65,75.92,6.9231,,,,,,,2816304000,,19.81,,89.37,64.7
2025-12-28,CTSH,4.32,20857000000.0,19.81,,0.967,30.84,,,,,,,,,,,,,,,None,1206035000,1206035000,,,,,,None,53918000,,1.24,0.0145,,,,-0.521,0.09,381522000,435440000,1.3,2007-12-31,15.22,,7103000000.0,929542000,414356000,64223000,,,None,0,None,,None,,,,,350133000,None,None,None,0.16,,548020000,381522000,,,,,None,,,,,1.506,2.772,2.004,,,,,,,,0.102,,,2025-10-29,annual,1.39,USD,post-market,None,,0.102,0.145,0.074,42.44,494102000,,,,74.65,75.92,6.9231,,,,,,,2135577000,,19.81,,89.37,64.7
2025-12-28,CTSH,4.32,20857000000.0,19.81,,0.967,30.84,,,,,,,,,,,,,,,None,787923000,787923000,,,,,,None,34163000,,1.24,0.0145,,,,-0.521,0.09,258943000,293106000,1.3,2006-12-31,15.22,,7103000000.0,636344000,277811000,45016000,,,None,0,None,,None,,,,,232795000,None,None,None,0.16,,377401000,258943000,,,,,None,,,,,1.506,2.772,2.004,,,,,,,,0.102,,,2025-10-29,annual,1.39,USD,post-market,None,,0.102,0.145,0.074,42.44,343238000,,,,74.65,75.92,6.9231,,,,,,,1424267000,,19.81,,89.37,64.7
2025-12-28,CTSH,4.32,20857000000.0,19.81,,0.967,30.84,,,,,,,,,,,,,,,None,479915000,479915000,,,,,,None,21400000,,1.24,0.0145,,,,-0.521,0.09,177616000,199016000,1.3,2005-12-31,15.22,,7103000000.0,405915000,185272000,19006000,,,None,0,None,,None,,,,,166266000,None,None,None,0.16,,228299000,177616000,,,,,None,,,,,1.506,2.772,2.004,,,,,,,,0.102,,,2025-10-29,annual,1.39,USD,post-market,None,,0.102,0.145,0.074,42.44,206899000,,,,74.65,75.92,6.9231,,,,,,,885830000,,19.81,,89.37,64.7
2025-12-28,CTSH,4.32,20857000000.0,19.81,None,0.967,30.84,,586000000,2341000000,2341000000,,,,,,,,,5000000,487000000,None,479915000,479915000,284000000,None,33000000,4391000000,None,None,21400000,,1.24,0.0145,,,,-0.521,0.09,177616000,199016000,1.3,2025-09-30,15.22,7100000000,7103000000.0,405915000,185272000,19006000,1472000000,1472000000,None,0,None,None,None,None,551000000,None,107000000,166266000,None,None,None,0.16,,228299000,177616000,1349000000,2578000000,None,618000000,None,,,,,1.506,2.772,2.004,,,,,,,,0.102,,None,2025-10-29,quarterly,1.39,USD,post-market,None,14942000000,0.102,0.145,0.074,42.44,206899000,1170000000,187000000,13000000,74.65,75.92,6.9231,20134000000,8094000000,3433000000,5237000000,12040000000,1804000000,885830000,14897000000,19.81,None,89.37,64.7
2025-12-28,CTSH,4.32,20857000000.0,19.81,None,0.967,30.84,,585000000,1550000000,1550000000,,,,,,,,,5000000,492000000,None,479915000,479915000,279000000,None,33000000,4402000000,None,None,21400000,,1.24,0.0145,,,,-0.521,0.09,177616000,199016000,1.3,2025-06-30,15.22,7120000000,7103000000.0,405915000,185272000,19006000,1523000000,1523000000,None,0,None,None,None,None,559000000,None,110000000,166266000,None,None,None,0.16,,228299000,177616000,1396000000,2249000000,None,528000000,None,,,,,1.506,2.772,2.004,,,,,,,,0.102,,None,2025-10-29,quarterly,1.39,USD,post-market,None,15226000000,0.102,0.145,0.074,42.44,206899000,1177000000,188000000,258000000,74.65,75.92,6.9231,20164000000,7606000000,3156000000,4876000000,12558000000,1720000000,885830000,15288000000,19.81,None,89.37,64.7
2025-12-28,CTSH,4.32,20857000000.0,19.81,None,0.967,30.84,,579000000,1980000000,1980000000,,,,,,,,,5000000,495000000,None,479915000,479915000,326000000,None,33000000,4239000000,None,None,21400000,,1.24,0.0145,,,,-0.521,0.09,177616000,199016000,1.3,2025-03-31,15.22,7006000000,7103000000.0,405915000,185272000,19006000,1555000000,1555000000,None,0,None,None,None,None,567000000,None,94000000,166266000,None,None,None,0.16,,228299000,177616000,1314000000,2245000000,None,467000000,None,,,,,1.506,2.772,2.004,,,,,,,,0.102,,None,2025-10-29,quarterly,1.39,USD,post-market,None,15040000000,0.102,0.145,0.074,42.44,206899000,1179000000,188000000,12000000,74.65,75.92,6.9231,19967000000,7545000000,3406000000,5068000000,12422000000,1662000000,885830000,14899000000,19.81,None,89.37,64.7
2025-12-28,CTSH,4.32,20857000000.0,19.81,None,0.967,30.84,,572000000,2231000000,2231000000,,,,,,,,,5000000,497000000,None,479915000,479915000,340000000,None,33000000,4059000000,None,None,21400000,,1.24,0.0145,,,,-0.521,0.09,177616000,199016000,1.3,2024-12-31,15.22,6953000000,7103000000.0,405915000,185272000,19006000,1599000000,1599000000,None,0,None,None,None,None,875000000,None,90000000,166266000,None,None,None,0.16,,228299000,177616000,1202000000,2502000000,None,494000000,None,,,,,1.506,2.772,2.004,,,,,,,,0.102,,None,2025-10-29,quarterly,1.39,USD,post-market,None,14686000000,0.102,0.145,0.074,42.44,206899000,1503000000,193000000,12000000,74.65,75.92,6.9231,19966000000,7504000000,3585000000,5558000000,12462000000,1973000000,885830000,14408000000,19.81,None,89.37,64.7
2025-12-28,CTSH,4.32,20857000000.0,19.81,None,0.967,30.84,,647000000,2013000000,2013000000,,,,,,,,,5000000,496000000,None,479915000,479915000,304000000,None,33000000,4206000000,None,None,21400000,,1.24,0.0145,,,,-0.521,0.09,177616000,199016000,1.3,2024-09-30,15.22,7132000000,7103000000.0,405915000,185272000,19006000,1681000000,1681000000,None,0,None,None,None,None,1183000000,None,90000000,166266000,None,None,None,0.16,,228299000,177616000,1317000000,2363000000,None,440000000,None,,,,,1.506,2.772,2.004,,,,,,,,0.102,,None,2025-10-29,quarterly,1.39,USD,post-market,None,14347000000,0.102,0.145,0.074,42.44,206899000,1863000000,225000000,12000000,74.65,75.92,6.9231,20164000000,7548000000,3388000000,5712000000,12616000000,2324000000,885830000,14452000000,19.81,None,89.37,64.7
2025-12-28,CTSH,4.32,20857000000.0,19.81,None,0.967,30.84,,614000000,1920000000,1920000000,,,,,,,,,5000000,498000000,None,479915000,479915000,298000000,None,33000000,3973000000,None,None,21400000,,1.24,0.0145,,,,-0.521,0.09,177616000,199016000,1.3,2024-06-30,15.22,6395000000,7103000000.0,405915000,185272000,19006000,1129000000,1129000000,None,0,None,None,None,None,590000000,None,86000000,166266000,None,None,None,0.16,,228299000,177616000,1067000000,2054000000,None,448000000,None,,,,,1.506,2.772,2.004,,,,,,,,0.102,,None,2025-10-29,quarterly,1.39,USD,post-market,None,14028000000,0.102,0.145,0.074,42.44,206899000,1237000000,181000000,285000000,74.65,75.92,6.9231,18580000000,7245000000,2946000000,4682000000,11335000000,1736000000,885830000,13898000000,19.81,None,89.37,64.7
2025-12-28,CTSH,4.32,20857000000.0,19.81,None,0.967,30.84,,646000000,1761000000,1761000000,,,,,,,,,5000000,498000000,None,479915000,479915000,291000000,None,33000000,3822000000,None,None,21400000,,1.24,0.0145,,,,-0.521,0.09,177616000,199016000,1.3,2024-03-31,15.22,6393000000,7103000000.0,405915000,185272000,19006000,1171000000,1171000000,None,0,None,None,None,None,598000000,None,83000000,166266000,None,None,None,0.16,,228299000,177616000,1021000000,2066000000,None,411000000,None,,,,,1.506,2.772,2.004,,,,,,,,0.102,,None,2025-10-29,quarterly,1.39,USD,post-market,None,13621000000,0.102,0.145,0.074,42.44,206899000,1277000000,176000000,482000000,74.65,75.92,6.9231,18408000000,7086000000,3012000000,4918000000,11322000000,1906000000,885830000,13490000000,19.81,None,89.37,64.7
2025-12-28,CTSH,4.32,20857000000.0,19.81,None,0.967,30.84,,676000000,1787000000,1787000000,,,,,,,,,5000000,501000000,None,479915000,479915000,337000000,None,33000000,3849000000,None,None,21400000,,1.24,0.0145,,,,-0.521,0.09,177616000,199016000,1.3,2023-12-31,15.22,6085000000,7103000000.0,405915000,185272000,19006000,1151000000,1151000000,None,0,None,None,None,None,606000000,None,80000000,166266000,None,None,None,0.16,,228299000,177616000,1022000000,2398000000,None,369000000,None,,,,,1.506,2.772,2.004,,,,,,,,0.102,,None,2025-10-29,quarterly,1.39,USD,post-market,None,13301000000,0.102,0.145,0.074,42.44,206899000,1315000000,186000000,848000000,74.65,75.92,6.9231,18483000000,7506000000,3333000000,5256000000,10977000000,1923000000,885830000,13227000000,19.81,None,89.37,64.7
2025-12-28,CTSH,4.32,20857000000.0,19.81,None,0.967,30.84,,798000000,2204000000,2204000000,,,,,,,,,5000000,505000000,None,479915000,479915000,325000000,None,33000000,3807000000,None,None,21400000,,1.24,0.0145,,,,-0.521,0.09,177616000,199016000,1.3,2023-09-30,15.22,6013000000,7103000000.0,405915000,185272000,19006000,1174000000,1174000000,None,0,None,None,None,None,614000000,None,432000000,166266000,None,None,None,0.16,,228299000,177616000,952000000,2210000000,None,347000000,None,,,,,1.506,2.772,2.004,,,,,,,,0.102,,None,2025-10-29,quarterly,1.39,USD,post-market,None,13146000000,0.102,0.145,0.074,42.44,206899000,1445000000,197000000,164000000,74.65,75.92,6.9231,18079000000,7127000000,3191000000,5197000000,10952000000,2006000000,885830000,12882000000,19.81,None,89.37,64.7
2025-12-28,CTSH,4.32,20857000000.0,19.81,None,0.967,30.84,,835000000,2055000000,2055000000,,,,,,,,,5000000,507000000,None,479915000,479915000,318000000,None,24000000,3755000000,None,None,21400000,,1.24,0.0145,,,,-0.521,0.09,177616000,199016000,1.3,2023-06-30,15.22,6065000000,7103000000.0,405915000,185272000,19006000,1228000000,1228000000,None,0,None,None,None,None,622000000,None,425000000,166266000,None,None,None,0.16,,228299000,177616000,1101000000,2006000000,None,315000000,None,,,,,1.506,2.772,2.004,,,,,,,,0.102,,1087000000,2025-10-29,quarterly,1.39,USD,post-market,None,13022000000,0.102,0.145,0.074,42.44,206899000,1481000000,195000000,40000000,74.65,75.92,6.9231,17967000000,6951000000,3056000000,5064000000,11016000000,2008000000,885830000,12903000000,19.81,None,89.37,64.7
2025-12-28,CTSH,4.32,20857000000.0,19.81,None,0.967,30.84,,861000000,2458000000,2458000000,,,,,,,,,5000000,509000000,None,479915000,479915000,332000000,None,16000000,3718000000,None,None,21400000,,1.24,0.0145,,,,-0.521,0.09,177616000,199016000,1.3,2023-03-31,15.22,6040000000,7103000000.0,405915000,185272000,19006000,1262000000,1262000000,None,0,None,None,None,None,630000000,None,424000000,166266000,None,None,None,0.16,,228299000,177616000,1029000000,1983000000,None,1288000000,None,,,,,1.506,2.772,2.004,,,,,,,,0.102,,1102000000,2025-10-29,quarterly,1.39,USD,post-market,None,12856000000,0.102,0.145,0.074,42.44,206899000,1507000000,189000000,23000000,74.65,75.92,6.9231,18147000000,7228000000,3321000000,5486000000,10919000000,2165000000,885830000,12661000000,19.81,None,89.37,64.7
2025-12-28,CTSH,4.32,20857000000.0,19.81,None,0.967,30.84,,888000000,2191000000,2191000000,,,,,,,,,5000000,513000000,None,479915000,479915000,360000000,None,8000000,3796000000,None,None,21400000,,1.24,0.0145,,,,-0.521,0.09,177616000,199016000,1.3,2022-12-31,15.22,5710000000,7103000000.0,405915000,185272000,19006000,1168000000,1168000000,None,0,None,None,None,None,638000000,None,427000000,166266000,None,None,None,0.16,,228299000,177616000,969000000,2190000000,None,362000000,None,,,,,1.506,2.772,2.004,,,,,,,,0.102,,1101000000,2025-10-29,quarterly,1.39,USD,post-market,None,12588000000,0.102,0.145,0.074,42.44,206899000,1534000000,182000000,310000000,74.65,75.92,6.9231,17852000000,7266000000,3347000000,5543000000,10586000000,2196000000,885830000,12309000000,19.81,None,89.37,64.7
2025-12-28,CTSH,4.32,20857000000.0,19.81,None,0.967,30.84,,884000000,2042000000,2042000000,,,,,,,,,5000000,517000000,None,479915000,479915000,367000000,None,None,3686000000,None,None,21400000,,1.24,0.0145,,,,-0.521,0.09,177616000,199016000,1.3,2022-09-30,15.22,5425000000,7103000000.0,405915000,185272000,19006000,1038000000,1038000000,None,0,None,None,None,None,636000000,None,431000000,166266000,None,None,None,0.16,,228299000,177616000,900000000,2195000000,None,1323000000,None,,,,,1.506,2.772,2.004,,,,,,,,0.102,,1105000000,2025-10-29,quarterly,1.39,USD,post-market,None,12447000000,0.102,0.145,0.074,42.44,206899000,1520000000,173000000,689000000,74.65,75.92,6.9231,17347000000,7317000000,3223000000,5389000000,10030000000,2166000000,885830000,11958000000,19.81,None,89.37,64.7
2025-12-28,CTSH,4.32,20857000000.0,19.81,None,0.967,30.84,,925000000,1768000000,1768000000,,,,,,,,,5000000,521000000,None,479915000,479915000,357000000,None,38000000,3785000000,None,None,21400000,,1.24,0.0145,,,,-0.521,0.09,177616000,199016000,1.3,2022-06-30,15.22,5517000000,7103000000.0,405915000,185272000,19006000,1101000000,1101000000,None,0,None,None,None,None,608000000,None,443000000,166266000,None,None,None,0.16,,228299000,177616000,918000000,2046000000,None,1316000000,None,,,,,1.506,2.772,2.004,,,,,,,,0.102,,2028000000,2025-10-29,quarterly,1.39,USD,post-market,None,12193000000,0.102,0.145,0.074,42.44,206899000,1571000000,216000000,552000000,74.65,75.92,6.9231,17258000000,7023000000,3153000000,5308000000,10235000000,2155000000,885830000,11950000000,19.81,None,89.37,64.7
2025-12-28,CTSH,4.32,20857000000.0,19.81,None,0.967,30.84,,952000000,2192000000,2192000000,,,,,,,,,5000000,525000000,None,479915000,479915000,394000000,None,38000000,3663000000,None,None,21400000,,1.24,0.0145,,,,-0.521,0.09,177616000,199016000,1.3,2022-03-31,15.22,5605000000,7103000000.0,405915000,185272000,19006000,1167000000,1167000000,None,0,None,None,None,None,617000000,None,458000000,166266000,None,None,None,0.16,,228299000,177616000,1095000000,2048000000,None,1422000000,None,,,,,1.506,2.772,2.004,,,,,,,,0.102,,1171000000,2025-10-29,quarterly,1.39,USD,post-market,None,11956000000,0.102,0.145,0.074,42.44,206899000,1607000000,232000000,127000000,74.65,75.92,6.9231,17434000000,7077000000,3186000000,5461000000,10357000000,2275000000,885830000,11973000000,19.81,None,89.37,64.7
2025-12-28,CTSH,4.32,20857000000.0,19.81,None,0.967,30.84,,978000000,1792000000,1792000000,,,,,,,,,5000000,526000000,None,479915000,479915000,361000000,None,38000000,3557000000,None,None,21400000,,1.24,0.0145,,,,-0.521,0.09,177616000,199016000,1.3,2021-12-31,15.22,5620000000,7103000000.0,405915000,185272000,19006000,1218000000,1218000000,None,0,None,None,None,None,626000000,None,463000000,166266000,None,None,None,0.16,,228299000,177616000,1066000000,2458000000,None,287000000,None,,,,,1.506,2.772,2.004,,,,,,,,0.102,,2104000000,2025-10-29,quarterly,1.39,USD,post-market,None,11922000000,0.102,0.145,0.074,42.44,206899000,1642000000,233000000,927000000,74.65,75.92,6.9231,17852000000,7342000000,3529000000,5861000000,10510000000,2332000000,885830000,11991000000,19.81,None,89.37,64.7
2025-12-28,CTSH,4.32,20857000000.0,19.81,None,0.967,30.84,,1004000000,1664000000,1664000000,,,,,,,,,5000000,526000000,None,479915000,479915000,351000000,None,38000000,3510000000,None,None,21400000,,1.24,0.0145,,,,-0.521,0.09,177616000,199016000,1.3,2021-09-30,15.22,5451000000,7103000000.0,405915000,185272000,19006000,1198000000,1198000000,None,0,None,None,None,None,636000000,None,466000000,166266000,None,None,None,0.16,,228299000,177616000,1072000000,2383000000,None,298000000,None,,,,,1.506,2.772,2.004,,,,,,,,0.102,,2135000000,2025-10-29,quarterly,1.39,USD,post-market,None,11479000000,0.102,0.145,0.074,42.44,206899000,1678000000,238000000,749000000,74.65,75.92,6.9231,17232000000,6995000000,3319000000,5686000000,10237000000,2367000000,885830000,11546000000,19.81,None,89.37,64.7
2025-12-28,CTSH,4.32,20857000000.0,19.81,None,0.967,30.84,,1046000000,1368000000,1368000000,,,,,,,,,5000000,528000000,None,479915000,479915000,351000000,None,38000000,3419000000,None,None,21400000,,1.24,0.0145,,,,-0.521,0.09,177616000,199016000,1.3,2021-06-30,15.22,5457000000,7103000000.0,405915000,185272000,19006000,1219000000,1219000000,None,0,None,None,None,None,645000000,None,433000000,166266000,None,None,None,0.16,,228299000,177616000,1182000000,2209000000,None,313000000,None,,,,,1.506,2.772,2.004,,,,,,,,0.102,,2229000000,2025-10-29,quarterly,1.39,USD,post-market,None,11086000000,0.102,0.145,0.074,42.44,206899000,1729000000,242000000,482000000,74.65,75.92,6.9231,16829000000,6451000000,3183000000,5624000000,10378000000,2441000000,885830000,11205000000,19.81,None,89.37,64.7
2025-12-28,CTSH,4.32,20857000000.0,19.81,None,0.967,30.84,,1023000000,1973000000,1973000000,,,,,,,,,5000000,531000000,None,479915000,479915000,349000000,None,38000000,3232000000,None,None,21400000,,1.24,0.0145,,,,-0.521,0.09,177616000,199016000,1.3,2021-03-31,15.22,5219000000,7103000000.0,405915000,185272000,19006000,1110000000,1110000000,None,0,None,None,None,None,654000000,None,439000000,166266000,None,None,None,0.16,,228299000,177616000,1205000000,2147000000,None,1583000000,None,,,,,1.506,2.772,2.004,,,,,,,,0.102,,1250000000,2025-10-29,quarterly,1.39,USD,post-market,None,10907000000,0.102,0.145,0.074,42.44,206899000,1715000000,240000000,185000000,74.65,75.92,6.9231,16660000000,6595000000,3150000000,5623000000,10065000000,2473000000,885830000,11037000000,19.81,None,89.37,64.7
2025-12-28,CTSH,4.32,20857000000.0,19.81,None,0.967,30.84,,1057000000,2680000000,2680000000,,,,,,,,,5000000,534000000,None,479915000,479915000,389000000,None,38000000,3087000000,None,None,21400000,,1.24,0.0145,,,,-0.521,0.09,177616000,199016000,1.3,2020-12-31,15.22,5031000000,7103000000.0,405915000,185272000,19006000,1046000000,1046000000,None,0,None,None,None,None,663000000,None,440000000,166266000,None,None,None,0.16,,228299000,177616000,1040000000,2485000000,None,1642000000,None,,,,,1.506,2.772,2.004,,,,,,,,0.102,,1251000000,2025-10-29,quarterly,1.39,USD,post-market,None,10689000000,0.102,0.145,0.074,42.44,206899000,1758000000,249000000,44000000,74.65,75.92,6.9231,16923000000,6851000000,3540000000,6087000000,10072000000,2547000000,885830000,10836000000,19.81,None,89.37,64.7
2025-12-28,CTSH,4.32,20857000000.0,19.81,None,0.967,30.84,,1033000000,4436000000,4436000000,,,,,,,,,5000000,543000000,None,479915000,479915000,420000000,None,38000000,3118000000,None,None,21400000,,1.24,0.0145,,,,-0.521,0.09,177616000,199016000,1.3,2020-09-30,15.22,4931000000,7103000000.0,405915000,185272000,19006000,1087000000,1087000000,None,0,None,None,None,None,2412000000,None,441000000,166266000,None,None,None,0.16,,228299000,177616000,926000000,2218000000,None,1597000000,None,,,,,1.506,2.772,2.004,,,,,,,,0.102,,1313000000,2025-10-29,quarterly,1.39,USD,post-market,None,11142000000,0.102,0.145,0.074,42.44,206899000,3483000000,251000000,139000000,74.65,75.92,6.9231,18787000000,8619000000,3296000000,7647000000,10168000000,4351000000,885830000,11140000000,19.81,None,89.37,64.7
2025-12-28,CTSH,4.32,20857000000.0,19.81,None,0.967,30.84,,1008000000,4422000000,4422000000,,,,,,,,,5000000,541000000,None,479915000,479915000,359000000,None,38000000,3208000000,None,None,21400000,,1.24,0.0145,,,,-0.521,0.09,177616000,199016000,1.3,2020-06-30,15.22,4391000000,7103000000.0,405915000,185272000,19006000,1026000000,1026000000,None,0,None,None,None,None,2421000000,None,429000000,166266000,None,None,None,0.16,,228299000,177616000,741000000,1960000000,None,1537000000,None,,,,,1.506,2.772,2.004,,,,,,,,0.102,,1345000000,2025-10-29,quarterly,1.39,USD,post-market,None,11072000000,0.102,0.145,0.074,42.44,206899000,3467000000,244000000,160000000,74.65,75.92,6.9231,18216000000,8531000000,3212000000,7244000000,9685000000,4032000000,885830000,10972000000,19.81,None,89.37,64.7
2025-12-28,CTSH,4.32,20857000000.0,19.81,None,0.967,30.84,,931000000,3886000000,3886000000,,,,,,,,,5000000,546000000,None,479915000,479915000,289000000,None,38000000,3220000000,None,None,21400000,,1.24,0.0145,,,,-0.521,0.09,177616000,199016000,1.3,2020-03-31,15.22,4014000000,7103000000.0,405915000,185272000,19006000,1005000000,1005000000,None,0,None,None,None,None,2430000000,None,433000000,166266000,None,None,None,0.16,,228299000,177616000,823000000,1797000000,None,1441000000,None,,,,,1.506,2.772,2.004,,,,,,,,0.102,,1322000000,2025-10-29,quarterly,1.39,USD,post-market,None,10831000000,0.102,0.145,0.074,42.44,206899000,3399000000,235000000,396000000,74.65,75.92,6.9231,17429000000,8325000000,2872000000,6816000000,9104000000,3944000000,885830000,10613000000,19.81,None,89.37,64.7
2025-12-28,CTSH,4.32,20857000000.0,19.81,None,0.967,30.84,,947000000,2645000000,2645000000,,,,,,,,,5000000,548000000,None,479915000,479915000,239000000,None,38000000,3256000000,None,None,21400000,,1.24,0.0145,,,,-0.521,0.09,177616000,199016000,1.3,2019-12-31,15.22,3979000000,7103000000.0,405915000,185272000,19006000,1041000000,1041000000,None,0,None,None,None,None,700000000,None,17000000,166266000,None,None,None,0.16,,228299000,177616000,931000000,2039000000,None,1441000000,None,,,,,1.506,2.772,2.004,,,,,,,,0.102,,1309000000,2025-10-29,quarterly,1.39,USD,post-market,None,11022000000,0.102,0.145,0.074,42.44,206899000,1685000000,240000000,779000000,74.65,75.92,6.9231,16204000000,7611000000,2983000000,5182000000,8593000000,2199000000,885830000,11022000000,19.81,None,89.37,64.7
2025-12-28,CTSH,4.32,20857000000.0,19.81,None,0.967,30.84,,929000000,2343000000,2343000000,,,,,,,,,6000000,551000000,None,479915000,479915000,246000000,None,38000000,3438000000,None,None,21400000,,1.24,0.0145,,,,-0.521,0.09,177616000,199016000,1.3,2019-09-30,15.22,3694000000,7103000000.0,405915000,185272000,19006000,1192000000,1192000000,None,0,None,None,None,None,709000000,None,79000000,166266000,None,None,None,0.16,,228299000,177616000,876000000,2064000000,None,1386000000,None,,,,,1.506,2.772,2.004,,,,,,,,0.102,,1318000000,2025-10-29,quarterly,1.39,USD,post-market,None,10820000000,0.102,0.145,0.074,42.44,206899000,1676000000,233000000,734000000,74.65,75.92,6.9231,15844000000,7391000000,2919000000,5142000000,8453000000,2223000000,885830000,10702000000,19.81,None,89.37,64.7
2025-12-28,CTSH,4.32,20857000000.0,19.81,None,0.967,30.84,,880000000,1660000000,1660000000,,,,,,,,,6000000,564000000,None,479915000,479915000,254000000,None,28000000,3386000000,None,None,21400000,,1.24,0.0145,,,,-0.521,0.09,177616000,199016000,1.3,2019-06-30,15.22,3651000000,7103000000.0,405915000,185272000,19006000,1161000000,1161000000,None,0,None,None,None,None,718000000,None,80000000,166266000,None,None,None,0.16,,228299000,177616000,817000000,1948000000,None,1311000000,None,,,,,1.506,2.772,2.004,,,,,,,,0.102,,1337000000,2025-10-29,quarterly,1.39,USD,post-market,None,10583000000,0.102,0.145,0.074,42.44,206899000,1626000000,229000000,1343000000,74.65,75.92,6.9231,15517000000,7206000000,2824000000,4960000000,8311000000,2136000000,885830000,10557000000,19.81,None,89.37,64.7
2025-12-28,CTSH,4.32,20857000000.0,19.81,None,0.967,30.84,,835000000,950000000,950000000,,,,,,,,,6000000,575000000,None,479915000,479915000,262000000,None,19000000,3377000000,None,None,21400000,,1.24,0.0145,,,,-0.521,0.09,177616000,199016000,1.3,2019-03-31,15.22,3638000000,7103000000.0,405915000,185272000,19006000,1185000000,1185000000,None,0,None,None,None,None,727000000,None,79000000,166266000,None,None,None,0.16,,228299000,177616000,838000000,1772000000,None,1272000000,None,,,,,1.506,2.772,2.004,,,,,,,,0.102,,1314000000,2025-10-29,quarterly,1.39,USD,post-market,None,11140000000,0.102,0.145,0.074,42.44,206899000,1594000000,216000000,2718000000,74.65,75.92,6.9231,16096000000,7883000000,2720000000,4960000000,8213000000,2240000000,885830000,11136000000,19.81,None,89.37,64.7
2025-12-28,CTSH,4.32,20857000000.0,19.81,None,0.967,30.84,,None,1161000000,1161000000,,,,,,,,,6000000,579000000,None,479915000,479915000,215000000,None,9000000,3257000000,None,None,21400000,,1.24,0.0145,,,,-0.521,0.09,177616000,199016000,1.3,2018-12-31,15.22,3481000000,7103000000.0,405915000,185272000,19006000,1150000000,1150000000,None,0,None,None,None,None,736000000,None,80000000,166266000,None,None,None,0.16,,228299000,177616000,909000000,2105000000,None,731000000,None,,,,,1.506,2.772,2.004,,,,,,,,0.102,,1394000000,2025-10-29,quarterly,1.39,USD,post-market,None,11485000000,0.102,0.145,0.074,42.44,206899000,745000000,797000000,3350000000,74.65,75.92,6.9231,15913000000,8677000000,2777000000,4489000000,7236000000,1712000000,885830000,11424000000,19.81,None,89.37,64.7
2025-12-28,CTSH,4.32,20857000000.0,19.81,None,0.967,30.84,,None,1339000000,1339000000,,,,,,,,,6000000,580000000,None,479915000,479915000,223000000,None,100000000,3187000000,None,None,21400000,,1.24,0.0145,,,,-0.521,0.09,177616000,199016000,1.3,2018-09-30,15.22,3037000000,7103000000.0,405915000,185272000,19006000,1021000000,1021000000,None,0,None,0,None,None,624000000,None,93000000,166266000,None,None,None,0.16,,228299000,177616000,777000000,1968000000,None,750000000,None,,,,,1.506,2.772,2.004,,,,,,,,0.102,,1362000000,2025-10-29,quarterly,1.39,USD,post-market,None,11041000000,0.102,0.145,0.074,42.44,206899000,724000000,100000000,3424000000,74.65,75.92,6.9231,15274000000,8727000000,2693000000,4296000000,6547000000,1603000000,885830000,10978000000,19.81,0,89.37,64.7
2025-12-28,CTSH,4.32,20857000000.0,19.81,None,0.967,30.84,,None,901000000,901000000,,,,,,,,,6000000,586000000,None,479915000,479915000,217000000,None,100000000,3204000000,None,None,21400000,,1.24,0.0145,,,,-0.521,0.09,177616000,199016000,1.3,2018-06-30,15.22,3036000000,7103000000.0,405915000,185272000,19006000,1060000000,1060000000,None,0,None,0,None,None,649000000,None,80000000,166266000,None,None,None,0.16,,228299000,177616000,852000000,1738000000,None,750000000,None,,,,,1.506,2.772,2.004,,,,,,,,0.102,,1345000000,2025-10-29,quarterly,1.39,USD,post-market,None,10681000000,0.102,0.145,0.074,42.44,206899000,749000000,100000000,3346000000,74.65,75.92,6.9231,14806000000,8303000000,2537000000,4158000000,6503000000,1621000000,885830000,10648000000,19.81,0,89.37,64.7
2025-12-28,CTSH,4.32,20857000000.0,19.81,None,0.967,30.84,,None,1440000000,1440000000,,,,,,,,,6000000,589000000,None,479915000,479915000,293000000,None,100000000,3145000000,None,None,21400000,,1.24,0.0145,,,,-0.521,0.09,177616000,199016000,1.3,2018-03-31,15.22,2713000000,7103000000.0,405915000,185272000,19006000,955000000,955000000,None,0,None,159000000,None,None,673000000,None,83000000,166266000,None,None,None,0.16,,228299000,177616000,1015000000,1642000000,None,732000000,None,,,,,1.506,2.772,2.004,,,,,,,,0.102,,1333000000,2025-10-29,quarterly,1.39,USD,post-market,None,10856000000,0.102,0.145,0.074,42.44,206899000,773000000,-289000000,3390000000,74.65,75.92,6.9231,15045000000,8990000000,2469000000,4057000000,6055000000,1588000000,885830000,10988000000,19.81,0,89.37,64.7
2025-12-28,CTSH,4.32,20857000000.0,19.81,None,0.967,30.84,,None,1925000000,1925000000,,,,,,,,,6000000,589000000,None,479915000,479915000,210000000,None,100000000,3222000000,None,None,21400000,,1.24,0.0145,,,,-0.521,0.09,177616000,199016000,1.3,2017-12-31,15.22,2704000000,7103000000.0,405915000,185272000,19006000,981000000,981000000,None,0,None,0,None,None,698000000,None,235000000,166266000,None,None,None,0.16,,228299000,177616000,833000000,2023000000,None,765000000,None,,,,,1.506,2.772,2.004,,,,,,,,0.102,,1324000000,2025-10-29,quarterly,1.39,USD,post-market,None,10544000000,0.102,0.145,0.074,42.44,206899000,873000000,175000000,3131000000,74.65,75.92,6.9231,15221000000,9111000000,2839000000,4552000000,6110000000,1713000000,885830000,10669000000,19.81,0,89.37,64.7
2025-12-28,CTSH,4.32,20857000000.0,19.81,None,0.967,30.84,,None,1577000000,1577000000,,,,,,,,,6000000,592000000,None,479915000,479915000,186000000,None,100000000,3292000000,None,None,21400000,,1.24,0.0145,,,,-0.521,0.09,177616000,199016000,1.3,2017-09-30,15.22,2608000000,7103000000.0,405915000,185272000,19006000,957000000,957000000,None,0,None,0,None,None,723000000,None,262000000,166266000,None,None,None,0.16,,228299000,177616000,552000000,1958000000,None,159000000,None,,,,,1.506,2.772,2.004,,,,,,,,0.102,,1304000000,2025-10-29,quarterly,1.39,USD,post-market,None,10721000000,0.102,0.145,0.074,42.44,206899000,823000000,100000000,3136000000,74.65,75.92,6.9231,14580000000,8557000000,2600000000,3601000000,6023000000,1001000000,885830000,10979000000,19.81,0,89.37,64.7
2025-12-28,CTSH,4.32,20857000000.0,19.81,None,0.967,30.84,,None,1157000000,1157000000,,,,,,,,,6000000,591000000,None,479915000,479915000,179000000,None,991000000,3089000000,None,None,21400000,,1.24,0.0145,,,,-0.521,0.09,177616000,199016000,1.3,2017-06-30,15.22,2576000000,7103000000.0,405915000,185272000,19006000,894000000,894000000,None,0,None,0,None,None,747000000,None,198000000,166266000,None,None,None,0.16,,228299000,177616000,632000000,1640000000,None,155000000,None,,,,,1.506,2.772,2.004,,,,,,,,0.102,,1284000000,2025-10-29,quarterly,1.39,USD,post-market,None,10316000000,0.102,0.145,0.074,42.44,206899000,991000000,244000000,3221000000,74.65,75.92,6.9231,13938000000,8099000000,2415000000,3455000000,5839000000,1040000000,885830000,10483000000,19.81,0,89.37,64.7
2025-12-28,CTSH,4.32,20857000000.0,19.81,None,0.967,30.84,,None,1308000000,1308000000,,,,,,,,,6000000,607000000,None,479915000,479915000,189000000,None,437000000,3039000000,None,None,21400000,,1.24,0.0145,,,,-0.521,0.09,177616000,199016000,1.3,2017-03-31,15.22,2563000000,7103000000.0,405915000,185272000,19006000,923000000,923000000,None,0,None,0,None,None,772000000,None,110000000,166266000,None,None,None,0.16,,228299000,177616000,529000000,1550000000,None,155000000,None,,,,,1.506,2.772,2.004,,,,,,,,0.102,,1306000000,2025-10-29,quarterly,1.39,USD,post-market,None,9935000000,0.102,0.145,0.074,42.44,206899000,1209000000,437000000,2966000000,74.65,75.92,6.9231,13629000000,7842000000,2585000000,3646000000,5787000000,1061000000,885830000,9983000000,19.81,0,89.37,64.7
2025-12-28,CTSH,4.32,20857000000.0,19.81,None,0.967,30.84,,None,2034000000,2034000000,,,,,,,,,6000000,609000000,None,479915000,479915000,175000000,None,81000000,2905000000,None,None,21400000,,1.24,0.0145,,,,-0.521,0.09,177616000,199016000,1.3,2016-12-31,15.22,2554000000,7103000000.0,405915000,185272000,19006000,951000000,951000000,None,0,None,0,None,None,797000000,None,62000000,166266000,None,None,None,0.16,,228299000,177616000,526000000,1846000000,None,162000000,None,,,,,1.506,2.772,2.004,,,,,,,,0.102,,1311000000,2025-10-29,quarterly,1.39,USD,post-market,None,10478000000,0.102,0.145,0.074,42.44,206899000,878000000,81000000,3135000000,74.65,75.92,6.9231,14262000000,8600000000,2418000000,3534000000,5662000000,1116000000,885830000,10728000000,19.81,0,89.37,64.7
2025-12-28,CTSH,4.32,20857000000.0,19.81,None,0.967,30.84,,None,1550300000,1550300000,,,,,,,,,6100000,609000000,None,479915000,479915000,171500000,None,75000000,2915700000,None,None,21400000,,1.24,0.0145,,,,-0.521,0.09,177616000,199016000,1.3,2016-09-30,15.22,2482000000,7103000000.0,405915000,185272000,19006000,936900000,936900000,None,0,None,0,None,None,821600000,None,60600000,166266000,None,None,None,0.16,,228299000,177616000,425500000,1757800000,None,140100000,None,,,,,1.506,2.772,2.004,,,,,,,,0.102,,1323300000,2025-10-29,quarterly,1.39,USD,post-market,None,10063200000,0.102,0.145,0.074,42.44,206899000,896600000,75000000,3308300000,74.65,75.92,6.9231,13716700000,8199800000,2300700000,3424400000,5516900000,1123700000,885830000,10292300000,19.81,0,89.37,64.7
2025-12-28,CTSH,4.32,20857000000.0,19.81,None,0.967,30.84,,None,1684500000,1684500000,,,,,,,,,6100000,608800000,None,479915000,479915000,164500000,None,68800000,2878500000,None,None,21400000,,1.24,0.0145,,,,-0.521,0.09,177616000,199016000,1.3,2016-06-30,15.22,2457900000,7103000000.0,405915000,185272000,19006000,961400000,961400000,None,0,None,1,None,None,840000000,None,59600000,166266000,None,None,None,0.16,,228299000,177616000,399200000,1530400000,None,138600000,None,,,,,1.506,2.772,2.004,,,,,,,,0.102,,1287400000,2025-10-29,quarterly,1.39,USD,post-market,None,9618800000,0.102,0.145,0.074,42.44,206899000,908800000,68800000,2796700000,74.65,75.92,6.9231,13140100000,7758900000,2120000000,3277200000,5381200000,1157200000,885830000,9862900000,19.81,0,89.37,64.7
2025-12-28,CTSH,4.32,20857000000.0,19.81,None,0.967,30.84,,None,1523800000,1523800000,,,,,,,,,6100000,612000000,None,479915000,479915000,213200000,None,162500000,2751300000,None,None,21400000,,1.24,0.0145,,,,-0.521,0.09,177616000,199016000,1.3,2016-03-31,15.22,2461800000,7103000000.0,405915000,185272000,19006000,862300000,862300000,None,0,None,1,None,None,858400000,None,None,166266000,None,None,None,0.16,,228299000,177616000,367900000,1313500000,None,138100000,None,,,,,1.506,2.772,2.004,,,,,,,,0.102,,1270000000,2025-10-29,quarterly,1.39,USD,post-market,None,9366400000,0.102,0.145,0.074,42.44,206899000,1020900000,162500000,2927900000,74.65,75.92,6.9231,12735900000,7570900000,2050400000,3123600000,5165000000,1073200000,885830000,9612300000,19.81,0,89.37,64.7
2025-12-28,CTSH,4.32,20857000000.0,19.81,None,0.967,30.84,,None,2125200000,2125200000,,,,,,,,,6100000,612600000,None,479915000,479915000,165000000,None,56000000,2252600000,None,None,21400000,,1.24,0.0145,,,,-0.521,0.09,177616000,199016000,1.3,2015-12-31,15.22,2404700000,7103000000.0,405915000,185272000,19006000,864300000,864300000,None,0,None,0,None,None,881200000,None,None,166266000,None,None,None,0.16,,228299000,177616000,706500000,2125600000,None,139800000,None,,,,,1.506,2.772,2.004,,,,,,,,0.102,,1271400000,2025-10-29,quarterly,1.39,USD,post-market,None,8925200000,0.102,0.145,0.074,42.44,206899000,1287500000,406000000,2824300000,74.65,75.92,6.9231,13065400000,7908600000,2713700000,3787300000,5156800000,1073600000,885830000,9278100000,19.81,0,89.37,64.7
2025-12-28,CTSH,4.32,20857000000.0,19.81,None,0.967,30.84,,None,1476700000,1476700000,,,,,,,,,6100000,612700000,None,479915000,479915000,160100000,None,None,2556600000,None,None,21400000,,1.24,0.0145,,,,-0.521,0.09,177616000,199016000,1.3,2015-09-30,15.22,2403600000,7103000000.0,405915000,185272000,19006000,881400000,881400000,None,0,None,365900000,None,None,900000000,None,None,166266000,None,None,None,0.16,,228299000,177616000,630600000,1592200000,None,129200000,None,,,,,1.506,2.772,2.004,,,,,,,,0.102,,1278900000,2025-10-29,quarterly,1.39,USD,post-market,None,8501800000,0.102,0.145,0.074,42.44,206899000,950000000,50000000,2574000000,74.65,75.92,6.9231,12267600000,7237900000,2128400000,3440600000,5029700000,1312200000,885830000,8827000000,19.81,0,89.37,64.7
2025-12-28,CTSH,4.32,20857000000.0,19.81,None,0.967,30.84,,None,1089300000,1089300000,,,,,,,,,6100000,613900000,None,479915000,479915000,169000000,None,None,2548700000,None,None,21400000,,1.24,0.0145,,,,-0.521,0.09,177616000,199016000,1.3,2015-06-30,15.22,2405300000,7103000000.0,405915000,185272000,19006000,906100000,906100000,None,0,None,333500000,None,None,912500000,None,None,166266000,None,None,None,0.16,,228299000,177616000,656200000,1315500000,None,103900000,None,,,,,1.506,2.772,2.004,,,,,,,,0.102,,1277300000,2025-10-29,quarterly,1.39,USD,post-market,None,8104600000,0.102,0.145,0.074,42.44,206899000,1062500000,150000000,2477200000,74.65,75.92,6.9231,11797600000,6771400000,1956500000,3256800000,5026200000,1300300000,885830000,8540800000,19.81,0,89.37,64.7
2025-12-28,CTSH,4.32,20857000000.0,19.81,None,0.967,30.84,,None,1271400000,1271400000,,,,,,,,,6100000,613900000,None,479915000,479915000,181400000,None,None,2448100000,None,None,21400000,,1.24,0.0145,,,,-0.521,0.09,177616000,199016000,1.3,2015-03-31,15.22,2403600000,7103000000.0,405915000,185272000,19006000,928400000,928400000,None,0,None,271700000,None,None,925000000,None,None,166266000,None,None,None,0.16,,228299000,177616000,608600000,1191700000,None,111200000,None,,,,,1.506,2.772,2.004,,,,,,,,0.102,,1268000000,2025-10-29,quarterly,1.39,USD,post-market,None,7684500000,0.102,0.145,0.074,42.44,206899000,1075000000,150000000,2078400000,74.65,75.92,6.9231,11383400000,6406500000,1884100000,3204900000,4976900000,1320800000,885830000,8178500000,19.81,0,89.37,64.7
2025-12-28,CTSH,4.32,20857000000.0,19.81,None,0.967,30.84,,None,2010149000,2010149000,,,,,,,,,6094000,612772000,None,479915000,479915000,145700000,None,50000000,1968680000,None,None,21400000,,1.24,0.0145,,,,-0.521,0.09,177616000,199016000,1.3,2014-12-31,15.22,2413564000,7103000000.0,405915000,185272000,19006000,953749000,953749000,None,0,None,329694000,None,None,937500000,None,None,166266000,None,None,None,0.16,,228299000,177616000,1006891000,1722548000,None,116424000,None,,,,,1.506,2.772,2.004,,,,,,,,0.102,,1247205000,2025-10-29,quarterly,1.39,USD,post-market,None,7301634000,0.102,0.145,0.074,42.44,206899000,1637502000,700000000,1764577000,74.65,75.92,6.9231,11718916000,6750297000,2592094000,3978698000,4968619000,1386604000,885830000,7740218000,19.81,0,89.37,64.7
2025-12-28,CTSH,4.32,20857000000.0,19.81,None,0.967,30.84,,None,2617619000,2617619000,,,,,,,,,6089000,612123000,None,479915000,479915000,130040000,None,None,2147131000,None,None,21400000,,1.24,0.0145,,,,-0.521,0.09,177616000,199016000,1.3,2014-09-30,15.22,437776000,7103000000.0,405915000,185272000,19006000,109692000,109692000,None,0,None,259474000,None,None,0,None,None,166266000,None,None,None,0.16,,228299000,177616000,494416000,1426916000,None,85828000,None,,,,,1.506,2.772,2.004,,,,,,,,0.102,,1101468000,2025-10-29,quarterly,1.39,USD,post-market,None,6938777000,0.102,0.145,0.074,42.44,206899000,None,1178907000,2000860000,74.65,75.92,6.9231,9227043000,7260026000,1741464000,1845333000,1967017000,103869000,885830000,7381710000,19.81,0,89.37,64.7
2025-12-28,CTSH,4.32,20857000000.0,19.81,None,0.967,30.84,,None,1992442000,1992442000,,,,,,,,,6079000,612162000,None,479915000,479915000,119145000,None,None,2120580000,None,None,21400000,,1.24,0.0145,,,,-0.521,0.09,177616000,199016000,1.3,2014-06-30,15.22,449541000,7103000000.0,405915000,185272000,19006000,120952000,120952000,None,0,None,233841000,None,None,0,None,None,166266000,None,None,None,0.16,,228299000,177616000,490889000,1250034000,None,108941000,None,,,,,1.506,2.772,2.004,,,,,,,,0.102,,1086116000,2025-10-29,quarterly,1.39,USD,post-market,None,6583153000,0.102,0.145,0.074,42.44,206899000,None,1005626000,2136779000,74.65,75.92,6.9231,8687294000,6740690000,1567662000,1696465000,1946604000,128803000,885830000,6990829000,19.81,0,89.37,64.7
2025-12-28,CTSH,4.32,20857000000.0,19.81,None,0.967,30.84,,None,1935991000,1935991000,,,,,,,,,6084000,612897000,None,479915000,479915000,176374000,None,None,1970954000,None,None,21400000,,1.24,0.0145,,,,-0.521,0.09,177616000,199016000,1.3,2014-03-31,15.22,445182000,7103000000.0,405915000,185272000,19006000,124735000,124735000,None,0,None,200430000,None,None,0,None,None,166266000,None,None,None,0.16,,228299000,177616000,454802000,1128750000,None,133201000,None,,,,,1.506,2.772,2.004,,,,,,,,0.102,,1090885000,2025-10-29,quarterly,1.39,USD,post-market,None,6211245000,0.102,0.145,0.074,42.44,206899000,None,882856000,1928993000,74.65,75.92,6.9231,8279299000,6290740000,1502866000,1656342000,1988559000,153476000,885830000,6622957000,19.81,0,89.37,64.7
2025-12-28,CTSH,4.32,20857000000.0,19.81,None,0.967,30.84,,None,2213006000,2213006000,,,,,,,,,3039000,610856000,None,479915000,479915000,113394000,None,None,1875272000,None,None,21400000,,1.24,0.0145,,,,-0.521,0.09,177616000,199016000,1.3,2013-12-31,15.22,444236000,7103000000.0,405915000,185272000,19006000,131274000,131274000,None,0,None,256230000,None,None,0,None,None,166266000,None,None,None,0.16,,228299000,177616000,525137000,1636802000,None,277445000,None,,,,,1.506,2.772,2.004,,,,,,,,0.102,,1081164000,2025-10-29,quarterly,1.39,USD,post-market,None,5862367000,0.102,0.145,0.074,42.44,206899000,None,1165065000,1534467000,74.65,75.92,6.9231,8208914000,6147882000,1774508000,2073123000,2061032000,298615000,885830000,6135791000,19.81,0,89.37,64.7
2025-12-28,CTSH,4.32,20857000000.0,19.81,None,0.967,30.84,,None,2031119000,2031119000,,,,,,,,,3024000,608550000,None,479915000,479915000,114825000,None,None,1891186000,None,None,21400000,,1.24,0.0145,,,,-0.521,0.09,177616000,199016000,1.3,2013-09-30,15.22,417959000,7103000000.0,405915000,185272000,19006000,118141000,118141000,None,0,None,268635000,None,None,0,None,None,166266000,None,None,None,0.16,,228299000,177616000,487420000,1310891000,None,352041000,None,,,,,1.506,2.772,2.004,,,,,,,,0.102,,1011803000,2025-10-29,quarterly,1.39,USD,post-market,None,5538035000,0.102,0.145,0.074,42.44,206899000,None,1010302000,1329480000,74.65,75.92,6.9231,7617149000,5739205000,1602038000,1968873000,1877944000,366835000,885830000,5648276000,19.81,0,89.37,64.7
2025-12-28,CTSH,4.32,20857000000.0,19.81,None,0.967,30.84,,None,1678205000,1678205000,,,,,,,,,3013000,608892000,None,479915000,479915000,94069000,None,None,1785227000,None,None,21400000,,1.24,0.0145,,,,-0.521,0.09,177616000,199016000,1.3,2013-06-30,15.22,412647000,7103000000.0,405915000,185272000,19006000,121991000,121991000,None,0,None,228131000,None,None,0,None,None,166266000,None,None,None,0.16,,228299000,177616000,448165000,1094009000,None,316727000,None,,,,,1.506,2.772,2.004,,,,,,,,0.102,,1017705000,2025-10-29,quarterly,1.39,USD,post-market,None,5218408000,0.102,0.145,0.074,42.44,206899000,None,846622000,1222364000,74.65,75.92,6.9231,7012320000,5133961000,1357297000,1688572000,1878359000,331275000,885830000,5323748000,19.81,0,89.37,64.7
2025-12-28,CTSH,4.32,20857000000.0,19.81,None,0.967,30.84,,None,1474860000,1474860000,,,,,,,,,3025000,610352000,None,479915000,479915000,132501000,None,None,1702334000,None,None,21400000,,1.24,0.0145,,,,-0.521,0.09,177616000,199016000,1.3,2013-03-31,15.22,407349000,7103000000.0,405915000,185272000,19006000,122501000,122501000,None,0,None,183496000,None,None,0,None,None,166266000,None,None,None,0.16,,228299000,177616000,389860000,925857000,None,252684000,None,,,,,1.506,2.772,2.004,,,,,,,,0.102,,1008198000,2025-10-29,quarterly,1.39,USD,post-market,None,4917998000,0.102,0.145,0.074,42.44,206899000,None,750432000,1269586000,74.65,75.92,6.9231,6709302000,4836640000,1225843000,1493368000,1872662000,267525000,885830000,5215934000,19.81,0,89.37,64.7
2025-12-28,CTSH,4.32,20857000000.0,19.81,None,0.967,30.84,,None,1570077000,1570077000,,,,,,,,,3017000,607554000,None,479915000,479915000,108707000,None,None,1528746000,None,None,21400000,,1.24,0.0145,,,,-0.521,0.09,177616000,199016000,1.3,2012-12-31,15.22,309185000,7103000000.0,405915000,185272000,19006000,87475000,87475000,None,0,None,1,None,None,0,None,None,166266000,None,None,None,0.16,,228299000,177616000,421789999,1502921000,None,287081000,None,,,,,1.506,2.772,2.004,,,,,,,,0.102,,971486000,2025-10-29,quarterly,1.39,USD,post-market,None,4633789000,0.102,0.145,0.074,42.44,206899000,None,896568000,1293681000,74.65,75.92,6.9231,6521571000,4814294000,1377330000,1667188000,1368146000,289858000,885830000,4854383000,19.81,0,89.37,64.7
2025-12-28,CTSH,4.32,20857000000.0,19.81,None,0.967,30.84,,None,1324739000,1324739000,,,,,,,,,2999000,606264000,None,479915000,479915000,111420000,None,None,1577195000,None,None,21400000,,1.24,0.0145,,,,-0.521,0.09,177616000,199016000,1.3,2012-09-30,15.22,301403000,7103000000.0,405915000,185272000,19006000,87583000,87583000,None,0,None,166164000,None,None,0,None,None,166266000,None,None,None,0.16,,228299000,177616000,166424000,1000829000,None,254488000,None,,,,,1.506,2.772,2.004,,,,,,,,0.102,,878561000,2025-10-29,quarterly,1.39,USD,post-market,None,4355010000,0.102,0.145,0.074,42.44,206899000,None,941346000,1307009000,74.65,75.92,6.9231,6107039000,4541531000,1275588000,1534669000,1565508000,259081000,885830000,4572370000,19.81,0,89.37,64.7
2025-12-28,CTSH,4.32,20857000000.0,19.81,None,0.967,30.84,,None,1050245000,1050245000,,,,,,,,,2993000,614652000,None,479915000,479915000,104411000,None,None,1503887000,None,None,21400000,,1.24,0.0145,,,,-0.521,0.09,177616000,199016000,1.3,2012-06-30,15.22,289211000,7103000000.0,405915000,185272000,19006000,86530000,86530000,None,0,None,104151000,None,None,0,None,None,166266000,None,None,None,0.16,,228299000,177616000,198172000,906689000,None,407718000,None,,,,,1.506,2.772,2.004,,,,,,,,0.102,,837683000,2025-10-29,quarterly,1.39,USD,post-market,None,4078109000,0.102,0.145,0.074,42.44,206899000,None,775330000,1295897000,74.65,75.92,6.9231,5654219000,4152352000,1151095000,1561886000,1501867000,410791000,885830000,4092333000,19.81,0,89.37,64.7
2025-12-28,CTSH,4.32,20857000000.0,19.81,None,0.967,30.84,,None,1328535000,1328535000,,,,,,,,,3044000,618416000,None,479915000,479915000,109983000,None,None,1421258000,None,None,21400000,,1.24,0.0145,,,,-0.521,0.09,177616000,199016000,1.3,2012-03-31,15.22,289904000,7103000000.0,405915000,185272000,19006000,93421000,93421000,None,0,None,94641000,None,None,0,None,None,166266000,None,None,None,0.16,,228299000,177616000,189648000,755584000,None,276653000,None,,,,,1.506,2.772,2.004,,,,,,,,0.102,,784975000,2025-10-29,quarterly,1.39,USD,post-market,None,3826177000,0.102,0.145,0.074,42.44,206899000,None,727487000,1162660000,74.65,75.92,6.9231,5668125000,4196742000,1021245000,1300876000,1471383000,279631000,885830000,4367249000,19.81,0,89.37,64.7
2025-12-28,CTSH,4.32,20857000000.0,19.81,None,0.967,30.84,,None,1310906000,1310906000,,,,,,,,,3031000,606856000,None,479915000,479915000,72205000,None,None,1318670000,None,None,21400000,,1.24,0.0145,,,,-0.521,0.09,177616000,199016000,1.3,2011-12-31,15.22,288772000,7103000000.0,405915000,185272000,19006000,97616000,97616000,None,0,None,109042000,None,None,0,None,None,166266000,None,None,None,0.16,,228299000,177616000,365157000,1004111000,None,342003000,None,,,,,1.506,2.772,2.004,,,,,,,,0.102,,758034000,2025-10-29,quarterly,1.39,USD,post-market,None,3582526000,0.102,0.145,0.074,42.44,206899000,None,905056000,1121358000,74.65,75.92,6.9231,5507933000,4085506000,1209705000,1555047000,1422427000,345342000,885830000,3952886000,19.81,0,89.37,64.7
2025-12-28,CTSH,4.32,20857000000.0,19.81,None,0.967,30.84,,None,1181219000,1181219000,,,,,,,,,3021000,618594000,None,479915000,479915000,78183000,None,None,1268076000,None,None,21400000,,1.24,0.0145,,,,-0.521,0.09,177616000,199016000,1.3,2011-09-30,15.22,289056000,7103000000.0,405915000,185272000,19006000,102567000,102567000,None,0,None,108075000,None,None,0,None,None,166266000,None,None,None,0.16,,228299000,177616000,144770000,874654000,None,120258000,None,,,,,1.506,2.772,2.004,,,,,,,,0.102,,664609000,2025-10-29,quarterly,1.39,USD,post-market,None,3342399000,0.102,0.145,0.074,42.44,206899000,None,None,1110057000,74.65,75.92,6.9231,5104115000,3812197000,1040730000,1164593000,1291918000,123863000,885830000,3939522000,19.81,0,89.37,64.7
2025-12-28,CTSH,4.32,20857000000.0,19.81,None,0.967,30.84,,None,1193040000,1193040000,,,,,,,,,3036000,622954000,None,479915000,479915000,89057000,None,None,1227592000,None,None,21400000,,1.24,0.0145,,,,-0.521,0.09,177616000,199016000,1.3,2011-06-30,15.22,224136000,7103000000.0,405915000,185272000,19006000,87850000,87850000,None,0,None,80756000,None,None,0,None,None,166266000,None,None,None,0.16,,228299000,177616000,180138000,683674000,None,73944000,None,,,,,1.506,2.772,2.004,,,,,,,,0.102,,614494000,2025-10-29,quarterly,1.39,USD,post-market,None,3115280000,0.102,0.145,0.074,42.44,206899000,None,705446000,1076371000,74.65,75.92,6.9231,4916702000,3757897000,887351000,964853000,1158805000,77502000,885830000,3951849000,19.81,0,89.37,64.7
2025-12-28,CTSH,4.32,20857000000.0,19.81,None,0.967,30.84,,None,1293499000,1293499000,,,,,,,,,3042000,623606000,None,479915000,479915000,117595000,None,None,1123150000,None,None,21400000,,1.24,0.0145,,,,-0.521,0.09,177616000,199016000,1.3,2011-03-31,15.22,224009000,7103000000.0,405915000,185272000,19006000,81790000,81790000,None,0,None,68120000,None,None,0,None,None,166266000,None,None,None,0.16,,228299000,177616000,176415000,602097000,None,68101000,None,,,,,1.506,2.772,2.004,,,,,,,,0.102,,601699000,2025-10-29,quarterly,1.39,USD,post-market,None,2907235000,0.102,0.145,0.074,42.44,206899000,None,None,874616000,74.65,75.92,6.9231,4637873000,3535800000,801713000,873684000,1102073000,71971000,885830000,3764189000,19.81,0,89.37,64.7
2025-12-28,CTSH,4.32,20857000000.0,19.81,None,0.967,30.84,,None,1540969000,1540969000,,,,,,,,,3039000,608082000,None,479915000,479915000,75373000,None,None,901308000,None,None,21400000,,1.24,0.0145,,,,-0.521,0.09,177616000,199016000,1.3,2010-12-31,15.22,223963000,7103000000.0,405915000,185272000,19006000,85136000,85136000,None,0,None,96164000,None,None,0,None,None,166266000,None,None,None,0.16,,228299000,177616000,294374000,770763000,None,62971000,None,,,,,1.506,2.772,2.004,,,,,,,,0.102,,570448000,2025-10-29,quarterly,1.39,USD,post-market,None,2698908000,0.102,0.145,0.074,42.44,206899000,None,None,685419000,74.65,75.92,6.9231,4583074000,3518234000,930726000,998643000,1064840000,67917000,885830000,3584431000,19.81,0,89.37,64.7
2025-12-28,CTSH,4.32,20857000000.0,19.81,None,0.967,30.84,,None,1317077000,1317077000,,,,,,,,,3034000,619238000,None,479915000,479915000,93945000,None,None,1065136000,None,None,21400000,,1.24,0.0145,,,,-0.521,0.09,177616000,199016000,1.3,2010-09-30,15.22,222844000,7103000000.0,405915000,185272000,19006000,89517000,89517000,None,0,None,69159000,None,None,0,None,None,166266000,None,None,None,0.16,,228299000,177616000,171569000,652272000,None,68850000,None,,,,,1.506,2.772,2.004,,,,,,,,0.102,,521497000,2025-10-29,quarterly,1.39,USD,post-market,None,2492742000,0.102,0.145,0.074,42.44,206899000,None,None,611739000,74.65,75.92,6.9231,4246279000,3234680000,804169000,879095000,1011599000,74926000,885830000,3367184000,19.81,0,89.37,64.7
2025-12-28,CTSH,4.32,20857000000.0,19.81,None,0.967,30.84,,None,1039686000,1039686000,,,,,,,,,3008000,616974000,None,479915000,479915000,80986000,None,None,933691000,None,None,21400000,,1.24,0.0145,,,,-0.521,0.09,177616000,199016000,1.3,2010-06-30,15.22,214814000,7103000000.0,405915000,185272000,19006000,92972000,92972000,None,0,None,59162000,None,None,0,None,None,166266000,None,None,None,0.16,,228299000,177616000,160072000,507791000,None,71598000,None,,,,,1.506,2.772,2.004,,,,,,,,0.102,,504769000,2025-10-29,quarterly,1.39,USD,post-market,None,2289043000,0.102,0.145,0.074,42.44,206899000,None,None,612313000,74.65,75.92,6.9231,3764154000,2804924000,645598000,723267000,959230000,77669000,885830000,3040887000,19.81,0,89.37,64.7
2025-12-28,CTSH,4.32,20857000000.0,19.81,None,0.967,30.84,,None,1080942000,1080942000,,,,,,,,,2994000,613328000,None,479915000,479915000,85630000,None,None,812325000,None,None,21400000,,1.24,0.0145,,,,-0.521,0.09,177616000,199016000,1.3,2010-03-31,15.22,193898000,7103000000.0,405915000,185272000,19006000,76745000,76745000,None,0,None,60807000,None,None,0,None,137447000,166266000,None,None,None,0.16,,228299000,177616000,162220000,438941000,None,45231000,None,,,,,1.506,2.772,2.004,,,,,,,,0.102,,478363000,2025-10-29,quarterly,1.39,USD,post-market,None,2116868000,0.102,0.145,0.074,42.44,206899000,None,None,352939000,74.65,75.92,6.9231,3509747000,2469233000,578147000,623378000,1040514000,45231000,885830000,2886369000,19.81,0,89.37,64.7
2025-12-28,CTSH,4.32,20857000000.0,19.81,None,0.967,30.84,,None,1100930000,1100930000,,,,,,,,,2972000,595770000,None,479915000,479915000,54640000,None,None,626288000,None,None,21400000,,1.24,0.0145,,,,-0.521,0.09,177616000,199016000,1.3,2009-12-31,15.22,192372000,7103000000.0,405915000,185272000,19006000,75757000,75757000,None,0,None,73791000,None,None,0,None,151131000,166266000,None,None,None,0.16,,228299000,177616000,208157000,540363000,None,38455000,None,,,,,1.506,2.772,2.004,,,,,,,,0.102,,481516000,2025-10-29,quarterly,1.39,USD,post-market,None,1965368000,0.102,0.145,0.074,42.44,206899000,None,None,298402000,74.65,75.92,6.9231,3338240000,2307568000,646608000,685063000,1030672000,38455000,885830000,2653177000,19.81,0,89.37,64.7
2025-12-28,CTSH,4.32,20857000000.0,19.81,None,0.967,30.84,,None,992926000,992926000,,,,,,,,,2946000,605164000,None,479915000,479915000,53403000,None,None,684770000,None,None,21400000,,1.24,0.0145,,,,-0.521,0.09,177616000,199016000,1.3,2009-09-30,15.22,160881000,7103000000.0,405915000,185272000,19006000,65474000,65474000,None,0,None,51936000,None,None,0,None,157032000,166266000,None,None,None,0.16,,228299000,177616000,97419000,418194000,None,31890000,None,,,,,1.506,2.772,2.004,,,,,,,,0.102,,460237000,2025-10-29,quarterly,1.39,USD,post-market,None,1821364000,0.102,0.145,0.074,42.44,206899000,None,None,189775000,74.65,75.92,6.9231,2976482000,2016826000,508374000,540264000,959656000,31890000,885830000,2436218000,19.81,0,89.37,64.7
2025-12-28,CTSH,4.32,20857000000.0,19.81,None,0.967,30.84,,None,860377000,860377000,,,,,,,,,2931000,598544000,None,479915000,479915000,45739000,None,None,635916000,None,None,21400000,,1.24,0.0145,,,,-0.521,0.09,177616000,199016000,1.3,2009-06-30,15.22,154196000,7103000000.0,405915000,185272000,19006000,45858000,45858000,None,0,None,45362000,None,None,0,None,160782000,166266000,None,None,None,0.16,,228299000,177616000,99224000,312012000,None,15108000,None,,,,,1.506,2.772,2.004,,,,,,,,0.102,,446926000,2025-10-29,quarterly,1.39,USD,post-market,None,1684792000,0.102,0.145,0.074,42.44,206899000,None,None,122795000,74.65,75.92,6.9231,2673287000,1763674000,389858000,405590000,909613000,15732000,885830000,2267697000,19.81,0,89.37,64.7
2025-12-28,CTSH,4.32,20857000000.0,19.81,None,0.967,30.84,,None,758568000,758568000,,,,,,,,,2920000,595986000,None,479915000,479915000,55713000,None,None,600707000,None,None,21400000,,1.24,0.0145,,,,-0.521,0.09,177616000,199016000,1.3,2009-03-31,15.22,155006000,7103000000.0,405915000,185272000,19006000,47037000,47037000,None,0,None,44478000,None,None,None,None,None,166266000,None,None,None,0.16,,228299000,177616000,71831000,253101000,None,None,None,,,,,1.506,2.772,2.004,,,,,,,,0.102,,456301000,2025-10-29,quarterly,1.39,USD,post-market,None,1543533000,0.102,0.145,0.074,42.44,206899000,None,None,50072000,74.65,75.92,6.9231,2429045000,1525656000,340520000,356334000,903389000,15814000,885830000,2072711000,19.81,None,89.37,64.7
2025-12-28,CTSH,4.32,20857000000.0,19.81,None,0.967,30.84,,None,735066000,735066000,,,,,,,,,2917000,583226000,None,479915000,479915000,39970000,None,None,517481000,None,None,21400000,,1.24,0.0145,,,,-0.521,0.09,177616000,199016000,1.3,2008-12-31,15.22,154035000,7103000000.0,405915000,185272000,19006000,47790000,47790000,None,0,None,48315000,None,None,None,None,None,166266000,None,None,None,0.16,,228299000,177616000,139744000,309484000,None,None,None,,,,,1.506,2.772,2.004,,,,,,,,0.102,,455254000,2025-10-29,quarterly,1.39,USD,post-market,None,1430405000,0.102,0.145,0.074,42.44,206899000,None,None,27513000,74.65,75.92,6.9231,2374560000,1468119000,387577000,408982000,906441000,21405000,885830000,1965578000,19.81,None,89.37,64.7
2025-12-28,CTSH,4.32,20857000000.0,19.81,None,0.967,30.84,,None,569262000,569262000,,,,,,,,,2912000,599610000,None,479915000,479915000,45753000,None,None,599950000,None,None,21400000,,1.24,0.0145,,,,-0.521,0.09,177616000,199016000,1.3,2008-09-30,15.22,156298000,7103000000.0,405915000,185272000,19006000,44855000,44855000,None,0,None,50989000,None,None,None,None,None,166266000,None,None,None,0.16,,228299000,177616000,74873000,271573000,None,None,None,,,,,1.506,2.772,2.004,,,,,,,,0.102,,453350000,2025-10-29,quarterly,1.39,USD,post-market,None,1318117000,0.102,0.145,0.074,42.44,206899000,None,None,26134000,74.65,75.92,6.9231,2212228000,1321208000,345898000,369199000,891020000,23301000,885830000,1843029000,19.81,None,89.37,64.7
2025-12-28,CTSH,4.32,20857000000.0,19.81,None,0.967,30.84,,None,521193000,521193000,,,,,,,,,2916000,598664000,None,479915000,479915000,50809000,None,None,583132000,None,None,21400000,,1.24,0.0145,,,,-0.521,0.09,177616000,199016000,1.3,2008-06-30,15.22,157737000,7103000000.0,405915000,185272000,19006000,47165000,47165000,None,0,None,65363000,None,None,None,None,None,166266000,None,None,None,0.16,,228299000,177616000,68953000,253389000,None,None,None,,,,,1.506,2.772,2.004,,,,,,,,0.102,,409810000,2025-10-29,quarterly,1.39,USD,post-market,None,1205289000,0.102,0.145,0.074,42.44,206899000,None,None,29979000,74.65,75.92,6.9231,2109781000,1268620000,328447000,355407000,841161000,26960000,885830000,1754374000,19.81,None,89.37,64.7
2025-12-28,CTSH,4.32,20857000000.0,19.81,None,0.967,30.84,,None,449739000,449739000,,,,,,,,,2888000,598104000,None,479915000,479915000,47450000,None,None,519396000,None,None,21400000,,1.24,0.0145,,,,-0.521,0.09,177616000,199016000,1.3,2008-03-31,15.22,151380000,7103000000.0,405915000,185272000,19006000,44580000,44580000,None,0,None,67443000,None,None,None,None,None,166266000,None,None,None,0.16,,228299000,177616000,54635000,238838000,None,None,None,,,,,1.506,2.772,2.004,,,,,,,,0.102,,393251000,2025-10-29,quarterly,1.39,USD,post-market,None,1101433000,0.102,0.145,0.074,42.44,206899000,None,None,25208000,74.65,75.92,6.9231,1941657000,1116421000,312660000,340631000,825236000,27971000,885830000,1601026000,19.81,None,89.37,64.7
2025-12-28,CTSH,4.32,20857000000.0,19.81,None,0.967,30.84,,None,339845000,339845000,,,,,,,,,2880000,576342000,None,479915000,479915000,36176000,None,None,382960000,None,None,21400000,,1.24,0.0145,,,,-0.521,0.09,177616000,199016000,1.3,2007-12-31,15.22,148789000,7103000000.0,405915000,185272000,19006000,45565000,45565000,None,0,None,75470000,None,None,None,None,None,166266000,None,None,None,0.16,,228299000,177616000,113324000,275488000,None,None,None,,,,,1.506,2.772,2.004,,,,,,,,0.102,,356047000,2025-10-29,quarterly,1.39,USD,post-market,None,999560000,0.102,0.145,0.074,42.44,206899000,None,223251000,330580000,74.65,75.92,6.9231,1838306000,1242179000,340684000,370096000,596127000,29412000,885830000,1468210000,19.81,None,89.37,64.7
2025-12-28,CTSH,4.32,20857000000.0,19.81,None,0.967,30.84,,None,296488000,296488000,,,,,,,,,2903000,609128000,None,479915000,479915000,29775000,None,None,428501000,None,None,21400000,,1.24,0.0145,,,,-0.521,0.09,177616000,199016000,1.3,2007-09-30,15.22,43596000,7103000000.0,405915000,185272000,19006000,14156000,14156000,None,0,None,69175000,None,None,None,None,None,166266000,None,None,None,0.16,,228299000,177616000,46662000,237510000,None,None,None,,,,,1.506,2.772,2.004,,,,,,,,0.102,,291629000,2025-10-29,quarterly,1.39,USD,post-market,None,903304000,0.102,0.145,0.074,42.44,206899000,None,None,512768000,74.65,75.92,6.9231,1739013000,1353594000,286354000,295506000,385419000,9152000,885830000,1443507000,19.81,None,89.37,64.7
2025-12-28,CTSH,4.32,20857000000.0,19.81,None,0.967,30.84,,None,268985000,268985000,,,,,,,,,1446000,608192000,None,479915000,479915000,24619000,None,None,403599000,None,None,21400000,,1.24,0.0145,,,,-0.521,0.09,177616000,199016000,1.3,2007-06-30,15.22,43351000,7103000000.0,405915000,185272000,19006000,14755000,14755000,None,0,None,78728000,None,None,None,None,None,166266000,None,None,None,0.16,,228299000,177616000,37007000,219496000,None,None,None,,,,,1.506,2.772,2.004,,,,,,,,0.102,,265749000,2025-10-29,quarterly,1.39,USD,post-market,None,807150000,0.102,0.145,0.074,42.44,206899000,None,None,441251000,74.65,75.92,6.9231,1584354000,1229570000,259119000,267111000,354784000,7992000,885830000,1317243000,19.81,None,89.37,64.7
2025-12-28,CTSH,4.32,20857000000.0,19.81,None,0.967,30.84,,None,273038000,273038000,,,,,,,,,1437000,607032000,None,479915000,479915000,36935000,None,None,347763000,None,None,21400000,,1.24,0.0145,,,,-0.521,0.09,177616000,199016000,1.3,2007-03-31,15.22,27262000,7103000000.0,405915000,185272000,19006000,19367000,19367000,None,0,None,73124000,None,None,None,None,None,166266000,None,None,None,0.16,,228299000,177616000,43605000,186761000,None,None,None,,,,,1.506,2.772,2.004,,,,,,,,0.102,,235937000,2025-10-29,quarterly,1.39,USD,post-market,None,724873000,0.102,0.145,0.074,42.44,206899000,None,None,400063000,74.65,75.92,6.9231,1444690000,1137593000,239334000,247361000,307097000,8027000,885830000,1197329000,19.81,None,89.37,64.7
2025-12-28,CTSH,4.32,20857000000.0,19.81,None,0.967,30.84,,None,265937000,265937000,,,,,,,,,1425000,571608000,None,479915000,479915000,27839000,None,None,259210000,None,None,21400000,,1.24,0.0145,,,,-0.521,0.09,177616000,199016000,1.3,2006-12-31,15.22,27190000,7103000000.0,405915000,185272000,19006000,20463000,20463000,None,0,None,61257000,None,None,None,None,None,166266000,None,None,None,0.16,,228299000,177616000,71765000,202263000,None,None,None,,,,,1.506,2.772,2.004,,,,,,,,0.102,,220154000,2025-10-29,quarterly,1.39,USD,post-market,None,650277000,0.102,0.145,0.074,42.44,206899000,None,None,382222000,74.65,75.92,6.9231,1325981000,1040391000,249503000,252482000,285590000,2979000,885830000,1073499000,19.81,None,89.37,64.7
2025-12-28,CTSH,4.32,20857000000.0,19.81,None,0.967,30.84,,None,197700000,197700000,,,,,,,,,1418000,603342000,None,479915000,479915000,27648000,None,None,296722000,None,None,21400000,,1.24,0.0145,,,,-0.521,0.09,177616000,199016000,1.3,2006-09-30,15.22,26775000,7103000000.0,405915000,185272000,19006000,21467000,21467000,None,0,None,58542000,None,None,None,None,None,166266000,None,None,None,0.16,,228299000,177616000,30355000,185633000,None,None,None,,,,,1.506,2.772,2.004,,,,,,,,0.102,,198108000,2025-10-29,quarterly,1.39,USD,post-market,None,580744000,0.102,0.145,0.074,42.44,206899000,None,None,337898000,74.65,75.92,6.9231,1182512000,921217000,213281000,215954000,261295000,2673000,885830000,966558000,19.81,None,89.37,64.7
2025-12-28,CTSH,4.32,20857000000.0,19.81,None,0.967,30.84,,None,203105000,203105000,,,,,,,,,1409000,601972000,None,479915000,479915000,24871000,None,None,266259000,None,None,21400000,,1.24,0.0145,,,,-0.521,0.09,177616000,199016000,1.3,2006-06-30,15.22,18430000,7103000000.0,405915000,185272000,19006000,15414000,15414000,None,0,None,50833000,None,None,None,None,None,166266000,None,None,None,0.16,,228299000,177616000,26298000,144449000,None,None,None,,,,,1.506,2.772,2.004,,,,,,,,0.102,,179277000,2025-10-29,quarterly,1.39,USD,post-market,None,519717000,0.102,0.145,0.074,42.44,206899000,None,None,265095000,74.65,75.92,6.9231,1046066000,811590000,169320000,171873000,234476000,2553000,885830000,874193000,19.81,None,89.37,64.7
2025-12-28,CTSH,4.32,20857000000.0,19.81,None,0.967,30.84,,None,165362000,165362000,,,,,,,,,1403000,597416000,None,479915000,479915000,21439000,None,None,217683000,None,None,21400000,,1.24,0.0145,,,,-0.521,0.09,177616000,199016000,1.3,2006-03-31,15.22,18270000,7103000000.0,405915000,185272000,19006000,15803000,15803000,None,0,None,43847000,None,None,None,None,None,166266000,None,None,None,0.16,,228299000,177616000,25055000,117435000,None,None,None,,,,,1.506,2.772,2.004,,,,,,,,0.102,,161577000,2025-10-29,quarterly,1.39,USD,post-market,None,464646000,0.102,0.145,0.074,42.44,206899000,None,None,257186000,74.65,75.92,6.9231,934327000,709133000,138874000,141176000,225194000,2302000,885830000,793151000,19.81,None,89.37,64.7
2025-12-28,CTSH,4.32,20857000000.0,19.81,None,0.967,30.84,,None,196938000,196938000,,,,,,,,,1393000,558660000,None,479915000,479915000,16420000,None,None,153971000,None,None,21400000,,1.24,0.0145,,,,-0.521,0.09,177616000,199016000,1.3,2005-12-31,15.22,18223000,7103000000.0,405915000,185272000,19006000,16277000,16277000,None,0,None,42752000,None,None,None,None,None,166266000,None,None,None,0.16,,228299000,177616000,42699000,119461000,None,None,None,,,,,1.506,2.772,2.004,,,,,,,,0.102,,146982000,2025-10-29,quarterly,1.39,USD,post-market,None,417482000,0.102,0.145,0.074,42.44,206899000,None,None,227063000,74.65,75.92,6.9231,869893000,663423000,155748000,155748000,206470000,2000000,885830000,714145000,19.81,None,89.37,64.7
2025-12-28,CTSH,4.32,20857000000.0,19.81,None,0.967,30.84,,None,214909000,214909000,,,,,,,,,1382000,589124000,None,479915000,479915000,15004000,None,None,171588000,None,None,21400000,,1.24,0.0145,,,,-0.521,0.09,177616000,199016000,1.3,2005-09-30,15.22,18289000,7103000000.0,405915000,185272000,19006000,35166000,35166000,None,0,None,30043000,None,None,None,None,None,166266000,None,None,None,0.16,,228299000,177616000,21733000,115085000,None,None,None,,,,,1.506,2.772,2.004,,,,,,,,0.102,,126515000,2025-10-29,quarterly,1.39,USD,post-market,None,359809000,0.102,0.145,0.074,42.44,206899000,None,None,153587000,74.65,75.92,6.9231,771736000,591860000,130089000,130089000,179876000,None,885830000,641647000,19.81,None,89.37,64.7
2025-12-28,CTSH,4.32,20857000000.0,19.81,None,0.967,30.84,,572000000,2231000000,2231000000,,,,,,,,,5000000,497000000,None,479915000,479915000,340000000,None,33000000,4059000000,None,None,21400000,,1.24,0.0145,,,,-0.521,0.09,177616000,199016000,1.3,2024-12-31,15.22,6953000000,7103000000.0,405915000,185272000,19006000,1599000000,1599000000,None,0,None,None,None,None,875000000,None,90000000,166266000,None,None,None,0.16,,228299000,177616000,1202000000,2502000000,None,494000000,None,,,,,1.506,2.772,2.004,,,,,,,,0.102,,None,2025-10-29,annual,1.39,USD,post-market,None,14686000000,0.102,0.145,0.074,42.44,206899000,1503000000,193000000,12000000,74.65,75.92,6.9231,19966000000,7504000000,3585000000,5558000000,12462000000,1973000000,885830000,14408000000,19.81,None,89.37,64.7
2025-12-28,CTSH,4.32,20857000000.0,19.81,None,0.967,30.84,,676000000,2621000000,2621000000,,,,,,,,,5000000,505000000,None,479915000,479915000,337000000,None,33000000,3849000000,None,None,21400000,,1.24,0.0145,,,,-0.521,0.09,177616000,199016000,1.3,2023-12-31,15.22,6085000000,7103000000.0,405915000,185272000,19006000,1149000000,1149000000,None,0,None,None,None,None,606000000,None,80000000,166266000,None,None,None,0.16,,228299000,177616000,1022000000,2398000000,None,369000000,None,,,,,1.506,2.772,2.004,,,,,,,,0.102,,None,2025-10-29,annual,1.39,USD,post-market,None,13301000000,0.102,0.145,0.074,42.44,206899000,1315000000,186000000,14000000,74.65,75.92,6.9231,18483000000,7506000000,3333000000,5256000000,10977000000,1923000000,885830000,13227000000,19.81,None,89.37,64.7
2025-12-28,CTSH,4.32,20857000000.0,19.81,None,0.967,30.84,,888000000,2191000000,2191000000,,,,,,,,,5000000,519000000,None,479915000,479915000,360000000,None,8000000,3796000000,None,None,21400000,,1.24,0.0145,,,,-0.521,0.09,177616000,199016000,1.3,2022-12-31,15.22,5710000000,7103000000.0,405915000,185272000,19006000,1168000000,1168000000,None,0,None,None,None,None,638000000,None,427000000,166266000,None,None,None,0.16,,228299000,177616000,969000000,2190000000,None,362000000,None,,,,,1.506,2.772,2.004,,,,,,,,0.102,,1101000000,2025-10-29,annual,1.39,USD,post-market,None,12588000000,0.102,0.145,0.074,42.44,206899000,1534000000,182000000,310000000,74.65,75.92,6.9231,17852000000,7266000000,3347000000,5543000000,10586000000,2196000000,885830000,12309000000,19.81,None,89.37,64.7
2025-12-28,CTSH,4.32,20857000000.0,19.81,None,0.967,30.84,,978000000,1792000000,1792000000,,,,,,,,,5000000,528000000,None,479915000,479915000,361000000,None,38000000,3557000000,None,None,21400000,,1.24,0.0145,,,,-0.521,0.09,177616000,199016000,1.3,2021-12-31,15.22,5620000000,7103000000.0,405915000,185272000,19006000,1218000000,1218000000,None,0,None,None,None,None,626000000,None,463000000,166266000,None,None,None,0.16,,228299000,177616000,1066000000,2458000000,None,287000000,None,,,,,1.506,2.772,2.004,,,,,,,,0.102,,2104000000,2025-10-29,annual,1.39,USD,post-market,None,11922000000,0.102,0.145,0.074,42.44,206899000,1642000000,233000000,927000000,74.65,75.92,6.9231,17852000000,7342000000,3529000000,5861000000,10510000000,2332000000,885830000,11991000000,19.81,None,89.37,64.7
2025-12-28,CTSH,4.32,20857000000.0,19.81,None,0.967,30.84,,1057000000,2680000000,2680000000,,,,,,,,,5000000,541000000,None,479915000,479915000,389000000,None,38000000,3087000000,None,None,21400000,,1.24,0.0145,,,,-0.521,0.09,177616000,199016000,1.3,2020-12-31,15.22,5031000000,7103000000.0,405915000,185272000,19006000,1046000000,1046000000,None,0,None,None,None,None,663000000,None,440000000,166266000,None,None,None,0.16,,228299000,177616000,1040000000,2485000000,None,1642000000,None,,,,,1.506,2.772,2.004,,,,,,,,0.102,,1251000000,2025-10-29,annual,1.39,USD,post-market,None,10689000000,0.102,0.145,0.074,42.44,206899000,1758000000,249000000,44000000,74.65,75.92,6.9231,16923000000,6851000000,3540000000,6087000000,10072000000,2547000000,885830000,10836000000,19.81,None,89.37,64.7
2025-12-28,CTSH,4.32,20857000000.0,19.81,None,0.967,30.84,,947000000,2645000000,2645000000,,,,,,,,,5000000,560000000,None,479915000,479915000,239000000,None,38000000,3256000000,None,None,21400000,,1.24,0.0145,,,,-0.521,0.09,177616000,199016000,1.3,2019-12-31,15.22,3979000000,7103000000.0,405915000,185272000,19006000,1041000000,1041000000,None,0,None,None,None,None,700000000,None,17000000,166266000,None,None,None,0.16,,228299000,177616000,931000000,2039000000,None,1441000000,None,,,,,1.506,2.772,2.004,,,,,,,,0.102,,1309000000,2025-10-29,annual,1.39,USD,post-market,None,11022000000,0.102,0.145,0.074,42.44,206899000,1685000000,240000000,779000000,74.65,75.92,6.9231,16204000000,7611000000,2983000000,5182000000,8593000000,2199000000,885830000,11022000000,19.81,None,89.37,64.7
2025-12-28,CTSH,4.32,20857000000.0,19.81,None,0.967,30.84,,None,1161000000,1161000000,,,,,,,,,6000000,584000000,None,479915000,479915000,215000000,None,9000000,3190000000,None,None,21400000,,1.24,0.0145,,,,-0.521,0.09,177616000,199016000,1.3,2018-12-31,15.22,3481000000,7103000000.0,405915000,185272000,19006000,1150000000,1150000000,None,0,None,None,None,None,736000000,None,80000000,166266000,None,None,None,0.16,,228299000,177616000,909000000,2038000000,None,731000000,None,,,,,1.506,2.772,2.004,,,,,,,,0.102,,1394000000,2025-10-29,annual,1.39,USD,post-market,None,11485000000,0.102,0.145,0.074,42.44,206899000,745000000,9000000,3350000000,74.65,75.92,6.9231,15913000000,8677000000,2777000000,4489000000,7236000000,1712000000,885830000,11424000000,19.81,None,89.37,64.7
2025-12-28,CTSH,4.32,20857000000.0,19.81,None,0.967,30.84,,None,1925000000,1925000000,,,,,,,,,6000000,595000000,None,479915000,479915000,210000000,None,175000000,3222000000,None,None,21400000,,1.24,0.0145,,,,-0.521,0.09,177616000,199016000,1.3,2017-12-31,15.22,2704000000,7103000000.0,405915000,185272000,19006000,981000000,981000000,None,0,None,0,None,None,698000000,None,235000000,166266000,None,None,None,0.16,,228299000,177616000,833000000,2023000000,None,765000000,None,,,,,1.506,2.772,2.004,,,,,,,,0.102,,1324000000,2025-10-29,annual,1.39,USD,post-market,None,10544000000,0.102,0.145,0.074,42.44,206899000,873000000,175000000,3131000000,74.65,75.92,6.9231,15221000000,9111000000,2839000000,4552000000,6110000000,1713000000,885830000,10669000000,19.81,0,89.37,64.7
2025-12-28,CTSH,4.32,20857000000.0,19.81,None,0.967,30.84,,None,2034000000,2034000000,,,,,,,,,6000000,610000000,None,479915000,479915000,175000000,None,81000000,2905000000,None,None,21400000,,1.24,0.0145,,,,-0.521,0.09,177616000,199016000,1.3,2016-12-31,15.22,2554000000,7103000000.0,405915000,185272000,19006000,951000000,951000000,None,0,None,0,None,None,797000000,None,62000000,166266000,None,None,None,0.16,,228299000,177616000,526000000,1846000000,None,162000000,None,,,,,1.506,2.772,2.004,,,,,,,,0.102,,1311000000,2025-10-29,annual,1.39,USD,post-market,None,10478000000,0.102,0.145,0.074,42.44,206899000,878000000,81000000,3135000000,74.65,75.92,6.9231,14262000000,8600000000,2418000000,3534000000,5662000000,1116000000,885830000,10728000000,19.81,0,89.37,64.7
2025-12-28,CTSH,4.32,20857000000.0,19.81,None,0.967,30.84,,None,2125200000,2125200000,,,,,,,,,6100000,613300000,None,479915000,479915000,165000000,None,56000000,2622000000,None,None,21400000,,1.24,0.0145,,,,-0.521,0.09,177616000,199016000,1.3,2015-12-31,15.22,2404700000,7103000000.0,405915000,185272000,19006000,864300000,864300000,None,0,None,0,None,None,881200000,None,None,166266000,None,None,None,0.16,,228299000,177616000,338000000,2125900000,None,139800000,None,,,,,1.506,2.772,2.004,,,,,,,,0.102,,1271400000,2025-10-29,annual,1.39,USD,post-market,None,8925200000,0.102,0.145,0.074,42.44,206899000,1287500000,406000000,2824300000,74.65,75.92,6.9231,13065400000,7908600000,2713700000,3787300000,5156800000,1073600000,885830000,9278100000,19.81,0,89.37,64.7
2025-12-28,CTSH,4.32,20857000000.0,19.81,None,0.967,30.84,,None,2010149000,2010149000,,,,,,,,,6094000,612489000,None,479915000,479915000,145700000,None,50000000,2293300000,None,None,21400000,,1.24,0.0145,,,,-0.521,0.09,177616000,199016000,1.3,2014-12-31,15.22,2413564000,7103000000.0,405915000,185272000,19006000,953749000,953749000,None,0,None,329694000,None,None,937500000,None,None,166266000,None,None,None,0.16,,228299000,177616000,352600000,1722554000,None,116424000,None,,,,,1.506,2.772,2.004,,,,,,,,0.102,,1247205000,2025-10-29,annual,1.39,USD,post-market,None,7301634000,0.102,0.145,0.074,42.44,206899000,1637502000,700000000,1764577000,74.65,75.92,6.9231,11718916000,6750297000,2592094000,3978698000,4968619000,1386604000,885830000,7740218000,19.81,0,89.37,64.7
2025-12-28,CTSH,4.32,20857000000.0,19.81,None,0.967,30.84,,None,2213006000,2213006000,,,,,,,,,3039000,609662000,None,479915000,479915000,113394000,None,None,1875272000,None,None,21400000,,1.24,0.0145,,,,-0.521,0.09,177616000,199016000,1.3,2013-12-31,15.22,444236000,7103000000.0,405915000,185272000,19006000,131274000,131274000,None,0,None,256230000,None,None,0,None,None,166266000,None,None,None,0.16,,228299000,177616000,525137000,1453909000,None,277445000,None,,,,,1.506,2.772,2.004,,,,,,,,0.102,,1081164000,2025-10-29,annual,1.39,USD,post-market,None,5862367000,0.102,0.145,0.074,42.44,206899000,None,1165065000,1534467000,74.65,75.92,6.9231,8208914000,6147882000,1774508000,2073123000,2061032000,298615000,885830000,6135791000,19.81,0,89.37,64.7
2025-12-28,CTSH,4.32,20857000000.0,19.81,None,0.967,30.84,,None,1570077000,1570077000,,,,,,,,,3017000,611722000,None,479915000,479915000,108707000,None,None,1528746000,None,None,21400000,,1.24,0.0145,,,,-0.521,0.09,177616000,199016000,1.3,2012-12-31,15.22,309185000,7103000000.0,405915000,185272000,19006000,87475000,87475000,None,0,None,1,None,None,0,None,None,166266000,None,None,None,0.16,,228299000,177616000,421789999,1960463000,None,287081000,None,,,,,1.506,2.772,2.004,,,,,,,,0.102,,971486000,2025-10-29,annual,1.39,USD,post-market,None,4633789000,0.102,0.145,0.074,42.44,206899000,None,896568000,1293681000,74.65,75.92,6.9231,6521571000,4814294000,1377330000,1667188000,1368146000,289858000,885830000,4854383000,19.81,0,89.37,64.7
2025-12-28,CTSH,4.32,20857000000.0,19.81,None,0.967,30.84,,None,1310906000,1310906000,,,,,,,,,3031000,620702000,None,479915000,479915000,72205000,None,None,1318670000,None,None,21400000,,1.24,0.0145,,,,-0.521,0.09,177616000,199016000,1.3,2011-12-31,15.22,288772000,7103000000.0,405915000,185272000,19006000,97616000,97616000,None,0,None,109042000,None,None,0,None,None,166266000,None,None,None,0.16,,228299000,177616000,334572000,1004111000,None,342003000,None,,,,,1.506,2.772,2.004,,,,,,,,0.102,,758034000,2025-10-29,annual,1.39,USD,post-market,None,3582526000,0.102,0.145,0.074,42.44,206899000,None,905056000,1121358000,74.65,75.92,6.9231,5507933000,4085506000,1209705000,1555047000,1422427000,345342000,885830000,3952886000,19.81,0,89.37,64.7
2025-12-28,CTSH,4.32,20857000000.0,19.81,None,0.967,30.84,,None,1540969000,1540969000,,,,,,,,,3039000,618274000,None,479915000,479915000,75373000,None,None,901308000,None,None,21400000,,1.24,0.0145,,,,-0.521,0.09,177616000,199016000,1.3,2010-12-31,15.22,223963000,7103000000.0,405915000,185272000,19006000,85136000,85136000,None,0,None,96164000,None,None,0,None,None,166266000,None,None,None,0.16,,228299000,177616000,294374000,770763000,None,62971000,None,,,,,1.506,2.772,2.004,,,,,,,,0.102,,570448000,2025-10-29,annual,1.39,USD,post-market,None,2698908000,0.102,0.145,0.074,42.44,206899000,None,None,685419000,74.65,75.92,6.9231,4583074000,3518234000,930726000,998643000,1064840000,67917000,885830000,3584431000,19.81,0,89.37,64.7
2025-12-28,CTSH,4.32,20857000000.0,19.81,None,0.967,30.84,,None,1100930000,1100930000,,,,,,,,,2972000,602230000,None,479915000,479915000,54640000,None,None,709240000,None,None,21400000,,1.24,0.0145,,,,-0.521,0.09,177616000,199016000,1.3,2009-12-31,15.22,192372000,7103000000.0,405915000,185272000,19006000,75757000,75757000,None,0,None,73791000,None,None,0,None,151131000,166266000,None,None,None,0.16,,228299000,177616000,198996000,540363000,None,38455000,None,,,,,1.506,2.772,2.004,,,,,,,,0.102,,481516000,2025-10-29,annual,1.39,USD,post-market,None,1965368000,0.102,0.145,0.074,42.44,206899000,None,None,298402000,74.65,75.92,6.9231,3338240000,2307568000,646608000,685063000,1030672000,38455000,885830000,2653177000,19.81,0,89.37,64.7
2025-12-28,CTSH,4.32,20857000000.0,19.81,None,0.967,30.84,,None,735066000,735066000,,,,,,,,,2917000,597880000,None,479915000,479915000,39970000,None,None,517481000,None,None,21400000,,1.24,0.0145,,,,-0.521,0.09,177616000,199016000,1.3,2008-12-31,15.22,154035000,7103000000.0,405915000,185272000,19006000,47790000,47790000,None,0,None,48315000,None,None,None,None,None,166266000,None,None,None,0.16,,228299000,177616000,139744000,309484000,None,None,None,,,,,1.506,2.772,2.004,,,,,,,,0.102,,455254000,2025-10-29,annual,1.39,USD,post-market,None,1430405000,0.102,0.145,0.074,42.44,206899000,None,None,27513000,74.65,75.92,6.9231,2374560000,1468119000,387577000,408982000,906441000,21405000,885830000,1965578000,19.81,None,89.37,64.7
2025-12-28,CTSH,4.32,20857000000.0,19.81,None,0.967,30.84,,None,339845000,339845000,,,,,,,,,2880000,607186000,None,479915000,479915000,36176000,None,None,382960000,None,None,21400000,,1.24,0.0145,,,,-0.521,0.09,177616000,199016000,1.3,2007-12-31,15.22,148789000,7103000000.0,405915000,185272000,19006000,45565000,45565000,None,0,None,75470000,None,None,None,None,None,166266000,None,None,None,0.16,,228299000,177616000,113324000,275488000,None,None,None,,,,,1.506,2.772,2.004,,,,,,,,0.102,,356047000,2025-10-29,annual,1.39,USD,post-market,None,999560000,0.102,0.145,0.074,42.44,206899000,None,223251000,330580000,74.65,75.92,6.9231,1838306000,1242179000,340684000,370096000,596127000,29412000,885830000,1468210000,19.81,None,89.37,64.7
2025-12-28,CTSH,4.32,20857000000.0,19.81,None,0.967,30.84,,None,265937000,265937000,,,,,,,,,1425000,602248000,None,479915000,479915000,27839000,None,None,259210000,None,None,21400000,,1.24,0.0145,,,,-0.521,0.09,177616000,199016000,1.3,2006-12-31,15.22,27190000,7103000000.0,405915000,185272000,19006000,20463000,20463000,None,0,None,61257000,None,None,None,None,None,166266000,None,None,None,0.16,,228299000,177616000,71765000,202263000,None,None,None,,,,,1.506,2.772,2.004,,,,,,,,0.102,,220154000,2025-10-29,annual,1.39,USD,post-market,None,650277000,0.102,0.145,0.074,42.44,206899000,None,None,382222000,74.65,75.92,6.9231,1325981000,1040391000,249503000,252482000,285590000,2979000,885830000,1073499000,19.81,None,89.37,64.7
2025-12-28,CTSH,4.32,20857000000.0,19.81,None,0.967,30.84,,None,196938000,196938000,,,,,,,,,1393000,587580000,None,479915000,479915000,16420000,None,None,176696000,None,None,21400000,,1.24,0.0145,,,,-0.521,0.09,177616000,199016000,1.3,2005-12-31,15.22,18223000,7103000000.0,405915000,185272000,19006000,16277000,16277000,None,0,None,42752000,None,None,None,None,None,166266000,None,None,None,0.16,,228299000,177616000,62726000,119461000,None,None,None,,,,,1.506,2.772,2.004,,,,,,,,0.102,,146982000,2025-10-29,annual,1.39,USD,post-market,None,417482000,0.102,0.145,0.074,42.44,206899000,None,None,227063000,74.65,75.92,6.9231,869893000,663423000,155748000,155748000,206470000,None,885830000,714145000,19.81,None,89.37,64.7
2025-12-28,CTSH,4.32,20857000000.0,19.81,None,0.967,30.84,67000000,None,196938000,196938000,-612000000,-66000000,None,None,None,None,None,None,1393000,587580000,None,479915000,479915000,16420000,None,None,176696000,None,None,21400000,135000000,1.24,0.0145,151000000,151000000,None,-0.521,0.09,177616000,199016000,1.3,2025-09-30,15.22,18223000,7103000000.0,405915000,185272000,19006000,16277000,16277000,None,0,None,42752000,None,None,None,None,None,274000000,None,None,None,0.16,1227000000,228299000,177616000,62726000,119461000,None,None,None,None,None,None,None,1.506,2.772,2.004,None,None,None,None,None,-463000000,None,0.102,None,146982000,2025-10-29,quarterly,1.39,USD,post-market,None,417482000,0.102,0.145,0.074,42.44,206899000,None,None,227063000,74.65,75.92,6.9231,869893000,663423000,155748000,155748000,206470000,None,885830000,714145000,19.81,None,89.37,64.7
2025-12-28,CTSH,4.32,20857000000.0,19.81,None,0.967,30.84,67000000,None,196938000,196938000,-516000000,-82000000,None,None,None,None,None,None,1393000,587580000,None,479915000,479915000,16420000,None,None,176696000,None,None,21400000,139000000,1.24,0.0145,153000000,153000000,None,-0.521,0.09,177616000,199016000,1.3,2025-06-30,15.22,18223000,7103000000.0,405915000,185272000,19006000,16277000,16277000,None,0,None,42752000,None,None,None,None,None,645000000,None,None,None,0.16,398000000,228299000,177616000,62726000,119461000,None,None,None,None,None,None,None,1.506,2.772,2.004,None,None,None,None,None,-368000000,None,0.102,None,146982000,2025-10-29,quarterly,1.39,USD,post-market,None,417482000,0.102,0.145,0.074,42.44,206899000,None,None,227063000,74.65,75.92,6.9231,869893000,663423000,155748000,155748000,206470000,None,885830000,714145000,19.81,None,89.37,64.7
2025-12-28,CTSH,4.32,20857000000.0,19.81,None,0.967,30.84,77000000,None,196938000,196938000,-657000000,-7000000,None,None,None,None,None,None,1393000,587580000,None,479915000,479915000,16420000,None,None,176696000,None,None,21400000,136000000,1.24,0.0145,155000000,155000000,None,-0.521,0.09,177616000,199016000,1.3,2025-03-31,15.22,18223000,7103000000.0,405915000,185272000,19006000,16277000,16277000,None,0,None,42752000,None,None,None,None,None,663000000,None,None,None,0.16,400000000,228299000,177616000,62726000,119461000,None,None,None,None,None,None,None,1.506,2.772,2.004,None,None,None,None,None,-209000000,None,0.102,None,146982000,2025-10-29,quarterly,1.39,USD,post-market,None,417482000,0.102,0.145,0.074,42.44,206899000,None,None,227063000,74.65,75.92,6.9231,869893000,663423000,155748000,155748000,206470000,None,885830000,714145000,19.81,None,89.37,64.7
2025-12-28,CTSH,4.32,20857000000.0,19.81,None,0.967,30.84,83000000,None,196938000,196938000,-602000000,-79000000,None,None,None,None,None,None,1393000,587580000,None,479915000,479915000,16420000,None,None,176696000,None,None,21400000,141000000,1.24,0.0145,150000000,150000000,None,-0.521,0.09,177616000,199016000,1.3,2024-12-31,15.22,18223000,7103000000.0,405915000,185272000,19006000,16277000,16277000,None,0,None,42752000,None,None,None,None,None,546000000,None,None,None,0.16,920000000,228299000,177616000,62726000,119461000,None,None,None,None,None,None,None,1.506,2.772,2.004,None,None,None,None,None,-154000000,None,0.102,None,146982000,2025-10-29,quarterly,1.39,USD,post-market,None,417482000,0.102,0.145,0.074,42.44,206899000,None,None,227063000,74.65,75.92,6.9231,869893000,663423000,155748000,155748000,206470000,None,885830000,714145000,19.81,None,89.37,64.7
2025-12-28,CTSH,4.32,20857000000.0,19.81,None,0.967,30.84,56000000,None,196938000,196938000,212000000,-1250000000,None,None,None,None,None,None,1393000,587580000,None,479915000,479915000,16420000,None,None,176696000,None,None,21400000,133000000,1.24,0.0145,149000000,149000000,None,-0.521,0.09,177616000,199016000,1.3,2024-09-30,15.22,18223000,7103000000.0,405915000,185272000,19006000,16277000,16277000,None,0,None,42752000,None,None,None,None,None,582000000,None,None,None,0.16,847000000,228299000,177616000,62726000,119461000,None,None,None,None,None,None,None,1.506,2.772,2.004,None,None,None,None,None,-242000000,None,0.102,None,146982000,2025-10-29,quarterly,1.39,USD,post-market,None,417482000,0.102,0.145,0.074,42.44,206899000,None,None,227063000,74.65,75.92,6.9231,869893000,663423000,155748000,155748000,206470000,None,885830000,714145000,19.81,None,89.37,64.7
2025-12-28,CTSH,4.32,20857000000.0,19.81,None,0.967,30.84,79000000,None,196938000,196938000,-221000000,-79000000,None,None,None,None,None,None,1393000,587580000,None,479915000,479915000,16420000,None,None,176696000,None,None,21400000,133000000,1.24,0.0145,150000000,150000000,None,-0.521,0.09,177616000,199016000,1.3,2024-06-30,15.22,18223000,7103000000.0,405915000,185272000,19006000,16277000,16277000,None,0,None,42752000,None,None,None,None,None,566000000,None,None,None,0.16,262000000,228299000,177616000,62726000,119461000,None,None,None,None,None,None,None,1.506,2.772,2.004,None,None,None,None,None,-76000000,None,0.102,None,146982000,2025-10-29,quarterly,1.39,USD,post-market,None,417482000,0.102,0.145,0.074,42.44,206899000,None,None,227063000,74.65,75.92,6.9231,869893000,663423000,155748000,155748000,206470000,None,885830000,714145000,19.81,None,89.37,64.7
2025-12-28,CTSH,4.32,20857000000.0,19.81,None,0.967,30.84,79000000,None,196938000,196938000,-304000000,-238000000,None,None,None,None,None,None,1393000,587580000,None,479915000,479915000,16420000,None,None,176696000,None,None,21400000,133000000,1.24,0.0145,151000000,151000000,None,-0.521,0.09,177616000,199016000,1.3,2024-03-31,15.22,18223000,7103000000.0,405915000,185272000,19006000,16277000,16277000,None,0,None,42752000,None,None,None,None,None,546000000,None,None,None,0.16,95000000,228299000,177616000,62726000,119461000,None,None,None,None,None,None,None,1.506,2.772,2.004,None,None,None,None,None,-133000000,None,0.102,None,146982000,2025-10-29,quarterly,1.39,USD,post-market,None,417482000,0.102,0.145,0.074,42.44,206899000,None,None,227063000,74.65,75.92,6.9231,869893000,663423000,155748000,155748000,206470000,None,885830000,714145000,19.81,None,89.37,64.7
2025-12-28,CTSH,4.32,20857000000.0,19.81,None,0.967,30.84,78000000,None,196938000,196938000,-455000000,168000000,None,None,-17000000,None,None,None,1393000,587580000,None,479915000,479915000,16420000,None,None,176696000,None,None,21400000,127000000,1.24,0.0145,146000000,146000000,None,-0.521,0.09,177616000,199016000,1.3,2023-12-31,15.22,18223000,7103000000.0,405915000,185272000,19006000,16277000,16277000,None,0,None,42752000,None,None,None,None,None,558000000,None,None,None,0.16,737000000,228299000,177616000,62726000,119461000,None,None,None,None,None,None,None,1.506,2.772,2.004,None,None,None,None,None,-313000000,None,0.102,None,146982000,2025-10-29,quarterly,1.39,USD,post-market,None,417482000,0.102,0.145,0.074,42.44,206899000,None,None,227063000,74.65,75.92,6.9231,869893000,663423000,155748000,155748000,206470000,None,885830000,714145000,19.81,None,89.37,64.7
2025-12-28,CTSH,4.32,20857000000.0,19.81,None,0.967,30.84,73000000,None,196938000,196938000,-450000000,-199000000,None,None,388000000,None,None,None,1393000,587580000,None,479915000,479915000,16420000,None,None,176696000,None,None,21400000,146000000,1.24,0.0145,147000000,147000000,None,-0.521,0.09,177616000,199016000,1.3,2023-09-30,15.22,18223000,7103000000.0,405915000,185272000,19006000,16277000,16277000,None,0,None,42752000,None,None,None,None,None,525000000,None,None,None,0.16,828000000,228299000,177616000,62726000,119461000,None,None,None,None,None,None,None,1.506,2.772,2.004,None,None,None,None,None,-315000000,None,0.102,None,146982000,2025-10-29,quarterly,1.39,USD,post-market,None,417482000,0.102,0.145,0.074,42.44,206899000,None,None,227063000,74.65,75.92,6.9231,869893000,663423000,155748000,155748000,206470000,None,885830000,714145000,19.81,None,89.37,64.7
2025-12-28,CTSH,4.32,20857000000.0,19.81,None,0.967,30.84,68000000,None,196938000,196938000,-354000000,-85000000,-403000000,None,-371000000,None,None,-39000000,1393000,587580000,None,479915000,479915000,16420000,None,None,176696000,None,None,21400000,141000000,1.24,0.0145,148000000,148000000,None,-0.521,0.09,177616000,199016000,1.3,2023-06-30,15.22,18223000,7103000000.0,405915000,185272000,19006000,16277000,16277000,None,0,None,42752000,None,None,None,None,None,463000000,None,None,None,0.16,36000000,228299000,177616000,62726000,119461000,None,None,None,None,None,None,None,1.506,2.772,2.004,None,None,None,None,None,-214000000,None,0.102,None,146982000,2025-10-29,quarterly,1.39,USD,post-market,None,417482000,0.102,0.145,0.074,42.44,206899000,None,None,227063000,74.65,75.92,6.9231,869893000,663423000,155748000,155748000,206470000,None,885830000,714145000,19.81,None,89.37,64.7
2025-12-28,CTSH,4.32,20857000000.0,19.81,None,0.967,30.84,98000000,None,196938000,196938000,-350000000,-215000000,164000000,None,None,None,None,89000000,1393000,587580000,None,479915000,479915000,16420000,None,None,176696000,None,None,21400000,132000000,1.24,0.0145,150000000,150000000,None,-0.521,0.09,177616000,199016000,1.3,2023-03-31,15.22,18223000,7103000000.0,405915000,185272000,19006000,16277000,16277000,None,0,None,42752000,None,None,None,None,None,580000000,None,None,None,0.16,729000000,228299000,177616000,62726000,119461000,None,None,None,None,None,None,None,1.506,2.772,2.004,None,None,None,None,None,-222000000,None,0.102,None,146982000,2025-10-29,quarterly,1.39,USD,post-market,None,417482000,0.102,0.145,0.074,42.44,206899000,None,None,227063000,74.65,75.92,6.9231,869893000,663423000,155748000,155748000,206470000,None,885830000,714145000,19.81,None,89.37,64.7
2025-12-28,CTSH,4.32,20857000000.0,19.81,None,0.967,30.84,90000000,None,196938000,196938000,-431000000,-78000000,193000000,None,None,None,None,-65000000,1393000,587580000,None,479915000,479915000,16420000,None,None,176696000,None,None,21400000,141000000,1.24,0.0145,139000000,139000000,None,-0.521,0.09,177616000,199016000,1.3,2022-12-31,15.22,18223000,7103000000.0,405915000,185272000,19006000,16277000,16277000,None,0,None,42752000,None,None,None,None,None,521000000,None,None,None,0.16,702000000,228299000,177616000,62726000,119461000,None,None,None,None,None,None,None,1.506,2.772,2.004,None,None,None,None,None,-315000000,None,0.102,None,146982000,2025-10-29,quarterly,1.39,USD,post-market,None,417482000,0.102,0.145,0.074,42.44,206899000,None,None,227063000,74.65,75.92,6.9231,869893000,663423000,155748000,155748000,206470000,None,885830000,714145000,19.81,None,89.37,64.7
2025-12-28,CTSH,4.32,20857000000.0,19.81,None,0.967,30.84,79000000,None,196938000,196938000,-458000000,-257000000,317000000,None,None,None,None,78000000,1393000,587580000,None,479915000,479915000,16420000,None,None,176696000,None,None,21400000,141000000,1.24,0.0145,141000000,141000000,None,-0.521,0.09,177616000,199016000,1.3,2022-09-30,15.22,18223000,7103000000.0,405915000,185272000,19006000,16277000,16277000,None,0,None,42752000,None,None,None,None,None,629000000,None,None,None,0.16,1032000000,228299000,177616000,62726000,119461000,None,None,None,None,None,None,None,1.506,2.772,2.004,None,None,None,None,None,-315000000,None,0.102,None,146982000,2025-10-29,quarterly,1.39,USD,post-market,None,417482000,0.102,0.145,0.074,42.44,206899000,None,None,227063000,74.65,75.92,6.9231,869893000,663423000,155748000,155748000,206470000,None,885830000,714145000,19.81,None,89.37,64.7
2025-12-28,CTSH,4.32,20857000000.0,19.81,None,0.967,30.84,43000000,None,196938000,196938000,-450000000,-471000000,-387000000,None,None,None,None,-134000000,1393000,587580000,None,479915000,479915000,16420000,None,None,176696000,None,None,21400000,144000000,1.24,0.0145,141000000,141000000,None,-0.521,0.09,177616000,199016000,1.3,2022-06-30,15.22,18223000,7103000000.0,405915000,185272000,19006000,16277000,16277000,None,0,None,42752000,None,None,None,None,None,577000000,None,None,None,0.16,528000000,228299000,177616000,62726000,119461000,None,None,None,None,None,None,None,1.506,2.772,2.004,None,None,None,None,None,-318000000,None,0.102,None,146982000,2025-10-29,quarterly,1.39,USD,post-market,None,417482000,0.102,0.145,0.074,42.44,206899000,None,None,227063000,74.65,75.92,6.9231,869893000,663423000,155748000,155748000,206470000,None,885830000,714145000,19.81,None,89.37,64.7
2025-12-28,CTSH,4.32,20857000000.0,19.81,None,0.967,30.84,120000000,None,196938000,196938000,-600000000,700000000,400000000,-6000000,None,None,None,-117000000,1393000,587580000,None,479915000,479915000,16420000,None,None,176696000,None,None,21400000,143000000,1.24,0.0145,143000000,143000000,None,-0.521,0.09,177616000,199016000,1.3,2022-03-31,15.22,18223000,7103000000.0,405915000,185272000,19006000,16277000,16277000,None,0,None,42752000,None,None,None,None,None,563000000,None,None,None,0.16,306000000,228299000,177616000,62726000,119461000,None,None,None,None,None,None,None,1.506,2.772,2.004,None,None,None,None,None,-474000000,None,0.102,None,146982000,2025-10-29,quarterly,1.39,USD,post-market,None,417482000,0.102,0.145,0.074,42.44,206899000,None,None,227063000,74.65,75.92,6.9231,869893000,663423000,155748000,155748000,206470000,None,885830000,714145000,19.81,None,89.37,64.7
2025-12-28,CTSH,4.32,20857000000.0,19.81,None,0.967,30.84,65000000,None,196938000,196938000,-196000000,-498000000,128000000,-3000000,110000000,None,None,-36000000,1393000,587580000,None,479915000,479915000,16420000,None,None,176696000,None,None,21400000,144000000,1.24,0.0145,127000000,127000000,None,-0.521,0.09,177616000,199016000,1.3,2021-12-31,15.22,18223000,7103000000.0,405915000,185272000,19006000,16277000,16277000,None,0,None,42752000,None,None,None,None,None,576000000,None,None,None,0.16,825000000,228299000,177616000,62726000,119461000,None,None,None,None,None,None,None,1.506,2.772,2.004,None,None,None,None,None,-82000000,None,0.102,None,146982000,2025-10-29,quarterly,1.39,USD,post-market,None,417482000,0.102,0.145,0.074,42.44,206899000,None,None,227063000,74.65,75.92,6.9231,869893000,663423000,155748000,155748000,206470000,None,885830000,714145000,19.81,None,89.37,64.7
2025-12-28,CTSH,4.32,20857000000.0,19.81,None,0.967,30.84,51000000,None,196938000,196938000,-239000000,-407000000,296000000,-6000000,356000000,None,None,-92000000,1393000,587580000,None,479915000,479915000,16420000,None,None,176696000,None,None,21400000,144000000,1.24,0.0145,127000000,127000000,None,-0.521,0.09,177616000,199016000,1.3,2021-09-30,15.22,18223000,7103000000.0,405915000,185272000,19006000,16277000,16277000,None,0,None,42752000,None,None,None,None,None,544000000,None,None,None,0.16,948000000,228299000,177616000,62726000,119461000,None,None,None,None,None,None,None,1.506,2.772,2.004,None,None,None,None,None,-129000000,None,0.102,None,146982000,2025-10-29,quarterly,1.39,USD,post-market,None,417482000,0.102,0.145,0.074,42.44,206899000,None,None,227063000,74.65,75.92,6.9231,869893000,663423000,155748000,155748000,206470000,None,885830000,714145000,19.81,None,89.37,64.7
2025-12-28,CTSH,4.32,20857000000.0,19.81,None,0.967,30.84,75000000,None,196938000,196938000,-428000000,-721000000,-605000000,3000000,63000000,None,None,-148000000,1393000,587580000,None,479915000,479915000,16420000,None,None,176696000,None,None,21400000,145000000,1.24,0.0145,127000000,127000000,None,-0.521,0.09,177616000,199016000,1.3,2021-06-30,15.22,18223000,7103000000.0,405915000,185272000,19006000,16277000,16277000,None,0,None,42752000,None,None,None,None,None,512000000,None,None,None,0.16,541000000,228299000,177616000,62726000,119461000,None,None,None,None,None,None,None,1.506,2.772,2.004,None,None,None,None,None,-320000000,None,0.102,None,146982000,2025-10-29,quarterly,1.39,USD,post-market,None,417482000,0.102,0.145,0.074,42.44,206899000,None,None,227063000,74.65,75.92,6.9231,869893000,663423000,155748000,155748000,206470000,None,885830000,714145000,19.81,None,89.37,64.7
2025-12-28,CTSH,4.32,20857000000.0,19.81,None,0.967,30.84,88000000,None,196938000,196938000,-340000000,-538000000,-707000000,-10000000,-594000000,None,None,-131000000,1393000,587580000,None,479915000,479915000,16420000,None,None,176696000,None,None,21400000,141000000,1.24,0.0145,128000000,128000000,None,-0.521,0.09,177616000,199016000,1.3,2021-03-31,15.22,18223000,7103000000.0,405915000,185272000,19006000,16277000,16277000,None,0,None,42752000,None,None,None,None,None,505000000,None,None,None,0.16,181000000,228299000,177616000,62726000,119461000,None,None,None,None,None,None,None,1.506,2.772,2.004,None,None,None,None,None,-240000000,None,0.102,None,146982000,2025-10-29,quarterly,1.39,USD,post-market,None,417482000,0.102,0.145,0.074,42.44,206899000,None,None,227063000,74.65,75.92,6.9231,869893000,663423000,155748000,155748000,206470000,None,885830000,714145000,19.81,None,89.37,64.7
2025-12-28,CTSH,4.32,20857000000.0,19.81,None,0.967,30.84,89000000,None,196938000,196938000,-2626000000,-49000000,-1756000000,21000000,295000000,None,None,52000000,1393000,587580000,None,479915000,479915000,16420000,None,None,176696000,None,None,21400000,152000000,1.24,0.0145,118000000,118000000,None,-0.521,0.09,177616000,199016000,1.3,2020-12-31,15.22,18223000,7103000000.0,405915000,185272000,19006000,16277000,16277000,None,0,None,42752000,None,None,None,None,None,316000000,None,None,None,0.16,898000000,228299000,177616000,62726000,119461000,None,None,None,None,None,None,None,1.506,2.772,2.004,None,None,None,None,None,-788000000,None,0.102,None,146982000,2025-10-29,quarterly,1.39,USD,post-market,None,417482000,0.102,0.145,0.074,42.44,206899000,None,None,227063000,74.65,75.92,6.9231,869893000,663423000,155748000,155748000,206470000,None,885830000,714145000,19.81,None,89.37,64.7
2025-12-28,CTSH,4.32,20857000000.0,19.81,None,0.967,30.84,104000000,None,196938000,196938000,-347000000,-658000000,14000000,94000000,19000000,None,None,134000000,1393000,587580000,None,479915000,479915000,16420000,None,None,176696000,None,None,21400000,138000000,1.24,0.0145,120000000,120000000,None,-0.521,0.09,177616000,199016000,1.3,2020-09-30,15.22,18223000,7103000000.0,405915000,185272000,19006000,16277000,16277000,None,0,None,42752000,None,None,None,None,None,348000000,None,None,None,0.16,925000000,228299000,177616000,62726000,119461000,None,None,None,None,None,None,None,1.506,2.772,2.004,None,None,None,None,None,-248000000,None,0.102,None,146982000,2025-10-29,quarterly,1.39,USD,post-market,None,417482000,0.102,0.145,0.074,42.44,206899000,None,None,227063000,74.65,75.92,6.9231,869893000,663423000,155748000,155748000,206470000,None,885830000,714145000,19.81,None,89.37,64.7
2025-12-28,CTSH,4.32,20857000000.0,19.81,None,0.967,30.84,93000000,None,196938000,196938000,-171000000,-259000000,536000000,-13000000,363000000,None,None,65000000,1393000,587580000,None,479915000,479915000,16420000,None,None,176696000,None,None,21400000,136000000,1.24,0.0145,121000000,121000000,None,-0.521,0.09,177616000,199016000,1.3,2020-06-30,15.22,18223000,7103000000.0,405915000,185272000,19006000,16277000,16277000,None,0,None,42752000,None,None,None,None,None,361000000,None,None,None,0.16,979000000,228299000,177616000,62726000,119461000,None,None,None,None,None,None,None,1.506,2.772,2.004,None,None,None,None,None,-74000000,None,0.102,None,146982000,2025-10-29,quarterly,1.39,USD,post-market,None,417482000,0.102,0.145,0.074,42.44,206899000,None,None,227063000,74.65,75.92,6.9231,869893000,663423000,155748000,155748000,206470000,None,885830000,714145000,19.81,None,89.37,64.7
2025-12-28,CTSH,4.32,20857000000.0,19.81,None,0.967,30.84,112000000,None,196938000,196938000,1135000000,-272000000,1241000000,-119000000,-302000000,None,None,13000000,1393000,587580000,None,479915000,479915000,16420000,None,None,176696000,None,None,21400000,133000000,1.24,0.0145,121000000,121000000,None,-0.521,0.09,177616000,199016000,1.3,2020-03-31,15.22,18223000,7103000000.0,405915000,185272000,19006000,16277000,16277000,None,0,None,42752000,None,None,None,None,None,367000000,None,None,None,0.16,497000000,228299000,177616000,62726000,119461000,None,None,None,None,None,None,None,1.506,2.772,2.004,None,None,None,None,None,-511000000,None,0.102,None,146982000,2025-10-29,quarterly,1.39,USD,post-market,None,417482000,0.102,0.145,0.074,42.44,206899000,None,None,227063000,74.65,75.92,6.9231,869893000,663423000,155748000,155748000,206470000,None,885830000,714145000,19.81,None,89.37,64.7
2025-12-28,CTSH,4.32,20857000000.0,19.81,None,0.967,30.84,93000000,None,196938000,196938000,-253000000,-375000000,302000000,-8000000,118000000,None,None,213000000,1393000,587580000,None,479915000,479915000,16420000,None,None,176696000,None,None,21400000,151000000,1.24,0.0145,110000000,110000000,None,-0.521,0.09,177616000,199016000,1.3,2019-12-31,15.22,18223000,7103000000.0,405915000,185272000,19006000,16277000,16277000,None,0,None,42752000,None,None,None,None,None,395000000,None,None,None,0.16,938000000,228299000,177616000,62726000,119461000,None,None,None,None,None,None,None,1.506,2.772,2.004,None,None,None,None,None,-163000000,None,0.102,None,146982000,2025-10-29,quarterly,1.39,USD,post-market,None,417482000,0.102,0.145,0.074,42.44,206899000,None,None,227063000,74.65,75.92,6.9231,869893000,663423000,155748000,155748000,206470000,None,885830000,714145000,19.81,None,89.37,64.7
2025-12-28,CTSH,4.32,20857000000.0,19.81,None,0.967,30.84,97000000,None,196938000,196938000,-340000000,340000000,683000000,-34000000,39000000,None,None,-47000000,1393000,587580000,None,479915000,479915000,16420000,None,None,176696000,None,None,21400000,127000000,1.24,0.0145,111000000,111000000,None,-0.521,0.09,177616000,199016000,1.3,2019-09-30,15.22,18223000,7103000000.0,405915000,185272000,19006000,16277000,16277000,None,0,None,42752000,None,None,None,None,None,497000000,None,None,None,0.16,717000000,228299000,177616000,62726000,119461000,None,None,None,None,None,None,None,1.506,2.772,2.004,None,None,None,None,None,-259000000,None,0.102,None,146982000,2025-10-29,quarterly,1.39,USD,post-market,None,417482000,0.102,0.145,0.074,42.44,206899000,None,None,227063000,74.65,75.92,6.9231,869893000,663423000,155748000,155748000,206470000,None,885830000,714145000,19.81,None,89.37,64.7
2025-12-28,CTSH,4.32,20857000000.0,19.81,None,0.967,30.84,96000000,None,196938000,196938000,-1137000000,1267000000,710000000,5000000,139000000,None,None,2000000,1393000,587580000,None,479915000,479915000,16420000,None,None,176696000,None,None,21400000,125000000,1.24,0.0145,116000000,116000000,None,-0.521,0.09,177616000,199016000,1.3,2019-06-30,15.22,18223000,7103000000.0,405915000,185272000,19006000,16277000,16277000,None,0,None,42752000,None,None,None,None,None,509000000,None,None,None,0.16,575000000,228299000,177616000,62726000,119461000,None,None,None,None,None,None,None,1.506,2.772,2.004,None,None,None,None,None,-1054000000,None,0.102,None,146982000,2025-10-29,quarterly,1.39,USD,post-market,None,417482000,0.102,0.145,0.074,42.44,206899000,None,None,227063000,74.65,75.92,6.9231,869893000,663423000,155748000,155748000,206470000,None,885830000,714145000,19.81,None,89.37,64.7
2025-12-28,CTSH,4.32,20857000000.0,19.81,None,0.967,30.84,106000000,None,196938000,196938000,-839000000,356000000,-211000000,3000000,-296000000,None,None,-131000000,1393000,587580000,None,479915000,479915000,16420000,None,None,176696000,None,None,21400000,123000000,1.24,0.0145,116000000,116000000,None,-0.521,0.09,177616000,199016000,1.3,2019-03-31,15.22,18223000,7103000000.0,405915000,185272000,19006000,16277000,16277000,None,0,None,42752000,None,None,None,None,None,441000000,None,None,None,0.16,269000000,228299000,177616000,62726000,119461000,None,None,None,None,None,None,None,1.506,2.772,2.004,None,None,None,None,None,-771000000,None,0.102,None,146982000,2025-10-29,quarterly,1.39,USD,post-market,None,417482000,0.102,0.145,0.074,42.44,206899000,None,None,227063000,74.65,75.92,6.9231,869893000,663423000,155748000,155748000,206470000,None,885830000,714145000,19.81,None,89.37,64.7
2025-12-28,CTSH,4.32,20857000000.0,19.81,None,0.967,30.84,96000000,None,196938000,196938000,-325000000,-550000000,-178000000,-5000000,-5880000000,None,None,-52000000,1393000,587580000,None,479915000,479915000,16420000,None,None,176696000,None,None,21400000,120000000,1.24,0.0145,116000000,116000000,None,-0.521,0.09,177616000,199016000,1.3,2018-12-31,15.22,18223000,7103000000.0,405915000,185272000,19006000,16277000,16277000,None,0,None,42752000,None,None,None,None,None,648000000,None,None,None,0.16,702000000,228299000,177616000,62726000,119461000,None,None,None,None,None,None,None,1.506,2.772,2.004,None,None,None,None,None,-267000000,None,0.102,None,146982000,2025-10-29,quarterly,1.39,USD,post-market,None,417482000,0.102,0.145,0.074,42.44,206899000,None,None,227063000,74.65,75.92,6.9231,869893000,663423000,155748000,155748000,206470000,None,885830000,714145000,19.81,None,89.37,64.7
2025-12-28,CTSH,4.32,20857000000.0,19.81,None,0.967,30.84,94000000,None,196938000,196938000,-146000000,-266000000,438000000,-12000000,186000000,None,None,17000000,1393000,587580000,None,479915000,479915000,16420000,None,None,176696000,None,None,21400000,119000000,1.24,0.0145,116000000,116000000,None,-0.521,0.09,177616000,199016000,1.3,2018-09-30,15.22,18223000,7103000000.0,405915000,185272000,19006000,16277000,16277000,None,0,None,42752000,None,None,None,None,None,477000000,None,None,None,0.16,862000000,228299000,177616000,62726000,119461000,None,None,None,None,None,None,None,1.506,2.772,2.004,None,None,None,None,None,-45000000,None,0.102,None,146982000,2025-10-29,quarterly,1.39,USD,post-market,None,417482000,0.102,0.145,0.074,42.44,206899000,None,None,227063000,74.65,75.92,6.9231,869893000,663423000,155748000,155748000,206470000,None,885830000,714145000,19.81,None,89.37,64.7
2025-12-28,CTSH,4.32,20857000000.0,19.81,None,0.967,30.84,91000000,None,196938000,196938000,-734000000,-584000000,-698000000,-20000000,107000000,None,None,-57000000,1393000,587580000,None,479915000,479915000,16420000,None,None,176696000,None,None,21400000,114000000,1.24,0.0145,118000000,118000000,None,-0.521,0.09,177616000,199016000,1.3,2018-06-30,15.22,18223000,7103000000.0,405915000,185272000,19006000,16277000,16277000,None,0,None,42752000,None,None,None,None,None,456000000,None,None,None,0.16,640000000,228299000,177616000,62726000,119461000,None,None,None,None,None,None,None,1.506,2.772,2.004,None,None,None,None,None,-633000000,None,0.102,None,146982000,2025-10-29,quarterly,1.39,USD,post-market,None,417482000,0.102,0.145,0.074,42.44,206899000,None,None,227063000,74.65,75.92,6.9231,869893000,663423000,155748000,155748000,206470000,None,885830000,714145000,19.81,None,89.37,64.7
2025-12-28,CTSH,4.32,20857000000.0,19.81,None,0.967,30.84,96000000,None,196938000,196938000,-488000000,-227000000,-326000000,1000000,-41000000,None,None,-273000000,1393000,587580000,None,479915000,479915000,16420000,None,None,176696000,None,None,21400000,107000000,1.24,0.0145,118000000,118000000,None,-0.521,0.09,177616000,199016000,1.3,2018-03-31,15.22,18223000,7103000000.0,405915000,185272000,19006000,16277000,16277000,None,0,None,42752000,None,None,None,None,None,520000000,None,None,None,0.16,388000000,228299000,177616000,62726000,119461000,None,None,None,None,None,None,None,1.506,2.772,2.004,None,None,None,None,None,-316000000,None,0.102,None,146982000,2025-10-29,quarterly,1.39,USD,post-market,None,417482000,0.102,0.145,0.074,42.44,206899000,None,None,227063000,74.65,75.92,6.9231,869893000,663423000,155748000,155748000,206470000,None,885830000,714145000,19.81,None,89.37,64.7
2025-12-28,CTSH,4.32,20857000000.0,19.81,None,0.967,30.84,80000000,None,196938000,196938000,-333000000,-160000000,348000000,5000000,465000000,None,None,35000000,1393000,587580000,None,479915000,479915000,16420000,None,None,176696000,None,None,21400000,111000000,1.24,0.0145,86000000,86000000,None,-0.521,0.09,177616000,199016000,1.3,2017-12-31,15.22,18223000,7103000000.0,405915000,185272000,19006000,16277000,16277000,None,0,None,42752000,None,None,None,None,None,-18000000,None,None,None,0.16,836000000,228299000,177616000,62726000,119461000,None,None,None,None,None,None,None,1.506,2.772,2.004,None,None,None,None,None,-332000000,None,0.102,None,146982000,2025-10-29,quarterly,1.39,USD,post-market,None,417482000,0.102,0.145,0.074,42.44,206899000,None,None,227063000,74.65,75.92,6.9231,869893000,663423000,155748000,155748000,206470000,None,885830000,714145000,19.81,None,89.37,64.7
2025-12-28,CTSH,4.32,20857000000.0,19.81,None,0.967,30.84,78000000,None,196938000,196938000,-231000000,-124000000,420000000,2000000,395000000,None,None,-181000000,1393000,587580000,None,479915000,479915000,16420000,None,None,176696000,None,None,21400000,107000000,1.24,0.0145,90000000,90000000,None,-0.521,0.09,177616000,199016000,1.3,2017-09-30,15.22,18223000,7103000000.0,405915000,185272000,19006000,16277000,16277000,None,0,None,42752000,None,None,None,None,None,495000000,None,None,None,0.16,773000000,228299000,177616000,62726000,119461000,None,None,None,None,None,None,None,1.506,2.772,2.004,None,None,None,None,None,-13000000,None,0.102,None,146982000,2025-10-29,quarterly,1.39,USD,post-market,None,417482000,0.102,0.145,0.074,42.44,206899000,None,None,227063000,74.65,75.92,6.9231,869893000,663423000,155748000,155748000,206470000,None,885830000,714145000,19.81,None,89.37,64.7
2025-12-28,CTSH,4.32,20857000000.0,19.81,None,0.967,30.84,60000000,None,196938000,196938000,-297000000,-389000000,-151000000,14000000,-6000000,None,None,-17000000,1393000,587580000,None,479915000,479915000,16420000,None,None,176696000,None,None,21400000,94000000,1.24,0.0145,89000000,89000000,None,-0.521,0.09,177616000,199016000,1.3,2017-06-30,15.22,18223000,7103000000.0,405915000,185272000,19006000,16277000,16277000,None,0,None,42752000,None,None,None,None,None,470000000,None,None,None,0.16,521000000,228299000,177616000,62726000,119461000,None,None,None,None,None,None,None,1.506,2.772,2.004,None,None,None,None,None,-30000000,None,0.102,None,146982000,2025-10-29,quarterly,1.39,USD,post-market,None,417482000,0.102,0.145,0.074,42.44,206899000,None,None,227063000,74.65,75.92,6.9231,869893000,663423000,155748000,155748000,206470000,None,885830000,714145000,19.81,None,89.37,64.7
2025-12-28,CTSH,4.32,20857000000.0,19.81,None,0.967,30.84,66000000,None,196938000,196938000,-1124000000,91000000,-726000000,30000000,-364000000,None,None,-86000000,1393000,587580000,None,479915000,479915000,16420000,None,None,176696000,None,None,21400000,96000000,1.24,0.0145,61000000,61000000,None,-0.521,0.09,177616000,199016000,1.3,2017-03-31,15.22,18223000,7103000000.0,405915000,185272000,19006000,16277000,16277000,None,0,None,42752000,None,None,None,None,None,557000000,None,None,None,0.16,277000000,228299000,177616000,62726000,119461000,None,None,None,None,None,None,None,1.506,2.772,2.004,None,None,None,None,None,-1514000000,None,0.102,None,146982000,2025-10-29,quarterly,1.39,USD,post-market,None,417482000,0.102,0.145,0.074,42.44,206899000,None,None,227063000,74.65,75.92,6.9231,869893000,663423000,155748000,155748000,206470000,None,885830000,714145000,19.81,None,89.37,64.7
2025-12-28,CTSH,4.32,20857000000.0,19.81,None,0.967,30.84,87200000,None,196938000,196938000,10600000,-90300000,483900000,-35000000,107100000,None,None,-68800000,1393000,587580000,None,479915000,479915000,16420000,None,None,176696000,None,None,21400000,100600000,1.24,0.0145,134600000,134600000,None,-0.521,0.09,177616000,199016000,1.3,2016-12-31,15.22,18223000,7103000000.0,405915000,185272000,19006000,16277000,16277000,None,0,None,42752000,None,None,None,None,None,416000000,None,None,None,0.16,598600000,228299000,177616000,62726000,119461000,None,None,None,None,None,None,None,1.506,2.772,2.004,None,None,None,None,None,-19800000,None,0.102,None,146982000,2025-10-29,quarterly,1.39,USD,post-market,None,417482000,0.102,0.145,0.074,42.44,206899000,None,None,227063000,74.65,75.92,6.9231,869893000,663423000,155748000,155748000,206470000,None,885830000,714145000,19.81,None,89.37,64.7
2025-12-28,CTSH,4.32,20857000000.0,19.81,None,0.967,30.84,74200000,None,196938000,196938000,-118500000,-612400000,-134200000,2700000,249600000,None,None,-74000000,1393000,587580000,None,479915000,479915000,16420000,None,None,176696000,None,None,21400000,97800000,1.24,0.0145,0,0,None,-0.521,0.09,177616000,199016000,1.3,2016-09-30,15.22,18223000,7103000000.0,405915000,185272000,19006000,16277000,16277000,None,0,None,42752000,None,None,None,None,None,444400000,None,None,None,0.16,594000000,228299000,177616000,62726000,119461000,None,None,None,None,None,None,None,1.506,2.772,2.004,None,None,None,None,None,-157000000,None,0.102,None,146982000,2025-10-29,quarterly,1.39,USD,post-market,None,417482000,0.102,0.145,0.074,42.44,206899000,None,None,227063000,74.65,75.92,6.9231,869893000,663423000,155748000,155748000,206470000,None,885830000,714145000,19.81,None,89.37,64.7
2025-12-28,CTSH,4.32,20857000000.0,19.81,None,0.967,30.84,74900000,None,196938000,196938000,-143300000,-31900000,160700000,-23700000,196900000,None,None,-132000000,1393000,587580000,None,479915000,479915000,16420000,None,None,176696000,None,None,21400000,92900000,1.24,0.0145,0,0,None,-0.521,0.09,177616000,199016000,1.3,2016-06-30,15.22,18223000,7103000000.0,405915000,185272000,19006000,16277000,16277000,None,0,None,42752000,None,None,None,None,None,252400000,None,None,None,0.16,359600000,228299000,177616000,62726000,119461000,None,None,None,None,None,None,None,1.506,2.772,2.004,None,None,None,None,None,-78000000,None,0.102,None,146982000,2025-10-29,quarterly,1.39,USD,post-market,None,417482000,0.102,0.145,0.074,42.44,206899000,None,None,227063000,74.65,75.92,6.9231,869893000,663423000,155748000,155748000,206470000,None,885830000,714145000,19.81,None,89.37,64.7
2025-12-28,CTSH,4.32,20857000000.0,19.81,None,0.967,30.84,63700000,None,196938000,196938000,-467800000,-228400000,-601400000,26000000,-603600000,None,None,-55200000,1393000,587580000,None,479915000,479915000,16420000,None,None,176696000,None,None,21400000,87700000,1.24,0.0145,250000000,250000000,None,-0.521,0.09,177616000,199016000,1.3,2016-03-31,15.22,18223000,7103000000.0,405915000,185272000,19006000,16277000,16277000,None,0,None,42752000,None,None,None,None,None,441200000,None,None,None,0.16,68800000,228299000,177616000,62726000,119461000,None,None,None,None,None,None,None,1.506,2.772,2.004,None,None,None,None,None,-257400000,None,0.102,None,146982000,2025-10-29,quarterly,1.39,USD,post-market,None,417482000,0.102,0.145,0.074,42.44,206899000,None,None,227063000,74.65,75.92,6.9231,869893000,663423000,155748000,155748000,206470000,None,885830000,714145000,19.81,None,89.37,64.7
2025-12-28,CTSH,4.32,20857000000.0,19.81,None,0.967,30.84,74100000,None,196938000,196938000,306800000,-340200000,648500000,-8100000,217200000,None,None,-131800000,1393000,587580000,None,479915000,479915000,16420000,None,None,176696000,None,None,21400000,88000000,1.24,0.0145,251100000,251100000,None,-0.521,0.09,177616000,199016000,1.3,2015-12-31,15.22,18223000,7103000000.0,405915000,185272000,19006000,16277000,16277000,None,0,None,42752000,None,None,None,None,None,423400000,None,None,None,0.16,690000000,228299000,177616000,62726000,119461000,None,None,None,None,None,None,None,1.506,2.772,2.004,None,None,None,None,None,-76800000,None,0.102,None,146982000,2025-10-29,quarterly,1.39,USD,post-market,None,417482000,0.102,0.145,0.074,42.44,206899000,None,None,227063000,74.65,75.92,6.9231,869893000,663423000,155748000,155748000,206470000,None,885830000,714145000,19.81,None,89.37,64.7
2025-12-28,CTSH,4.32,20857000000.0,19.81,None,0.967,30.84,65100000,None,196938000,196938000,-248500000,-176900000,387400000,-5100000,334300000,None,None,-4900000,1393000,587580000,None,479915000,479915000,16420000,None,None,176696000,None,None,21400000,82400000,1.24,0.0145,0,0,None,-0.521,0.09,177616000,199016000,1.3,2015-09-30,15.22,18223000,7103000000.0,405915000,185272000,19006000,16277000,16277000,None,0,None,42752000,None,None,None,None,None,397200000,None,None,None,0.16,817900000,228299000,177616000,62726000,119461000,None,None,None,None,None,None,None,1.506,2.772,2.004,None,None,None,None,None,-169200000,None,0.102,None,146982000,2025-10-29,quarterly,1.39,USD,post-market,None,417482000,0.102,0.145,0.074,42.44,206899000,None,None,227063000,74.65,75.92,6.9231,869893000,663423000,155748000,155748000,206470000,None,885830000,714145000,19.81,None,89.37,64.7
2025-12-28,CTSH,4.32,20857000000.0,19.81,None,0.967,30.84,75600000,None,196938000,196938000,-149100000,-489500000,-182100000,400000,92200000,None,None,-75000000,1393000,587580000,None,479915000,479915000,16420000,None,None,176696000,None,None,21400000,84000000,1.24,0.0145,0,0,None,-0.521,0.09,177616000,199016000,1.3,2015-06-30,15.22,18223000,7103000000.0,405915000,185272000,19006000,16277000,16277000,None,0,None,42752000,None,None,None,None,None,420100000,None,None,None,0.16,456100000,228299000,177616000,62726000,119461000,None,None,None,None,None,None,None,1.506,2.772,2.004,None,None,None,None,None,-175600000,None,0.102,None,146982000,2025-10-29,quarterly,1.39,USD,post-market,None,417482000,0.102,0.145,0.074,42.44,206899000,None,None,227063000,74.65,75.92,6.9231,869893000,663423000,155748000,155748000,206470000,None,885830000,714145000,19.81,None,89.37,64.7
2025-12-28,CTSH,4.32,20857000000.0,19.81,None,0.967,30.84,58000000,None,196938000,196938000,-557300000,-364000000,-738700000,-6700000,-243100000,None,None,-110700000,1393000,587580000,None,479915000,479915000,16420000,None,None,176696000,None,None,21400000,75600000,1.24,0.0145,0,0,None,-0.521,0.09,177616000,199016000,1.3,2015-03-31,15.22,18223000,7103000000.0,405915000,185272000,19006000,16277000,16277000,None,0,None,42752000,None,None,None,None,None,382900000,None,None,None,0.16,189300000,228299000,177616000,62726000,119461000,None,None,None,None,None,None,None,1.506,2.772,2.004,None,None,None,None,None,-38400000,None,0.102,None,146982000,2025-10-29,quarterly,1.39,USD,post-market,None,417482000,0.102,0.145,0.074,42.44,206899000,None,None,227063000,74.65,75.92,6.9231,869893000,663423000,155748000,155748000,206470000,None,885830000,714145000,19.81,None,89.37,64.7
2025-12-28,CTSH,4.32,20857000000.0,19.81,None,0.967,30.84,74656000,None,196938000,196938000,1611798000,-2534058000,-607470000,-9406000,24549000,None,None,-91677000,1393000,587580000,None,479915000,479915000,16420000,None,None,176696000,None,None,21400000,62876000,1.24,0.0145,265000000,265000000,None,-0.521,0.09,177616000,199016000,1.3,2014-12-31,15.22,18223000,7103000000.0,405915000,185272000,19006000,16277000,16277000,None,0,None,42752000,None,None,None,None,None,362857000,None,None,None,0.16,324196000,228299000,177616000,62726000,119461000,None,None,None,None,None,None,None,1.506,2.772,2.004,None,None,None,None,None,-77029000,None,0.102,None,146982000,2025-10-29,quarterly,1.39,USD,post-market,None,417482000,0.102,0.145,0.074,42.44,206899000,None,None,227063000,74.65,75.92,6.9231,869893000,663423000,155748000,155748000,206470000,None,885830000,714145000,19.81,None,89.37,64.7
2025-12-28,CTSH,4.32,20857000000.0,19.81,None,0.967,30.84,55590000,None,196938000,196938000,-8400000,64552000,625177000,-14156000,148660000,None,None,-6464000,1393000,587580000,None,479915000,479915000,16420000,None,None,176696000,None,None,21400000,49717000,1.24,0.0145,0,0,None,-0.521,0.09,177616000,199016000,1.3,2014-09-30,15.22,18223000,7103000000.0,405915000,185272000,19006000,16277000,16277000,None,0,None,42752000,None,None,None,None,None,355624000,None,None,None,0.16,583181000,228299000,177616000,62726000,119461000,None,None,None,None,None,None,None,1.506,2.772,2.004,None,None,None,None,None,-9500000,None,0.102,None,146982000,2025-10-29,quarterly,1.39,USD,post-market,None,417482000,0.102,0.145,0.074,42.44,206899000,None,None,227063000,74.65,75.92,6.9231,869893000,663423000,155748000,155748000,206470000,None,885830000,714145000,19.81,None,89.37,64.7
2025-12-28,CTSH,4.32,20857000000.0,19.81,None,0.967,30.84,38701000,None,196938000,196938000,-93415000,-257534000,56451000,-913000,126297000,None,None,-108529000,1393000,587580000,None,479915000,479915000,16420000,None,None,176696000,None,None,21400000,48794000,1.24,0.0145,0,0,None,-0.521,0.09,177616000,199016000,1.3,2014-06-30,15.22,18223000,7103000000.0,405915000,185272000,19006000,16277000,16277000,None,0,None,42752000,None,None,None,None,None,371908000,None,None,None,0.16,408313000,228299000,177616000,62726000,119461000,None,None,None,None,None,None,None,1.506,2.772,2.004,None,None,None,None,None,-122700000,None,0.102,None,146982000,2025-10-29,quarterly,1.39,USD,post-market,None,417482000,0.102,0.145,0.074,42.44,206899000,None,None,227063000,74.65,75.92,6.9231,869893000,663423000,155748000,155748000,206470000,None,885830000,714145000,19.81,None,89.37,64.7
2025-12-28,CTSH,4.32,20857000000.0,19.81,None,0.967,30.84,43256000,None,196938000,196938000,-6573000,-433654000,-277015000,5892000,-305946000,None,None,-52662000,1393000,587580000,None,479915000,479915000,16420000,None,None,176696000,None,None,21400000,46680000,1.24,0.0145,0,0,None,-0.521,0.09,177616000,199016000,1.3,2014-03-31,15.22,18223000,7103000000.0,405915000,185272000,19006000,16277000,16277000,None,0,None,42752000,None,None,None,None,None,348878000,None,None,None,0.16,157320000,228299000,177616000,62726000,119461000,None,None,None,None,None,None,None,1.506,2.772,2.004,None,None,None,None,None,-39103000,None,0.102,None,146982000,2025-10-29,quarterly,1.39,USD,post-market,None,417482000,0.102,0.145,0.074,42.44,206899000,None,None,227063000,74.65,75.92,6.9231,869893000,663423000,155748000,155748000,206470000,None,885830000,714145000,19.81,None,89.37,64.7
2025-12-28,CTSH,4.32,20857000000.0,19.81,None,0.967,30.84,107280000,None,196938000,196938000,30182000,-352387000,181887000,-1781000,197774000,None,None,15033000,1393000,587580000,None,479915000,479915000,16420000,None,None,176696000,None,None,21400000,47917000,1.24,0.0145,0,0,None,-0.521,0.09,177616000,199016000,1.3,2013-12-31,15.22,18223000,7103000000.0,405915000,185272000,19006000,16277000,16277000,None,0,None,42752000,None,None,None,None,None,324332000,None,None,None,0.16,505873000,228299000,177616000,62726000,119461000,None,None,None,None,None,None,None,1.506,2.772,2.004,None,None,None,None,None,-24668000,None,0.102,None,146982000,2025-10-29,quarterly,1.39,USD,post-market,None,417482000,0.102,0.145,0.074,42.44,206899000,None,None,227063000,74.65,75.92,6.9231,869893000,663423000,155748000,155748000,206470000,None,885830000,714145000,19.81,None,89.37,64.7
2025-12-28,CTSH,4.32,20857000000.0,19.81,None,0.967,30.84,31836000,None,196938000,196938000,28332000,-152602000,352914000,-1694000,136028000,None,None,-56208000,1393000,587580000,None,479915000,479915000,16420000,None,None,176696000,None,None,21400000,44578000,1.24,0.0145,0,0,None,-0.521,0.09,177616000,199016000,1.3,2013-09-30,15.22,18223000,7103000000.0,405915000,185272000,19006000,16277000,16277000,None,0,None,42752000,None,None,None,None,None,319627000,None,None,None,0.16,478878000,228299000,177616000,62726000,119461000,None,None,None,None,None,None,None,1.506,2.772,2.004,None,None,None,None,None,-6927000,None,0.102,None,146982000,2025-10-29,quarterly,1.39,USD,post-market,None,417482000,0.102,0.145,0.074,42.44,206899000,None,None,227063000,74.65,75.92,6.9231,869893000,663423000,155748000,155748000,206470000,None,885830000,714145000,19.81,None,89.37,64.7
2025-12-28,CTSH,4.32,20857000000.0,19.81,None,0.967,30.84,50325000,None,196938000,196938000,-106313000,-39900000,203345000,-15999000,68902000,None,None,-67873000,1393000,587580000,None,479915000,479915000,16420000,None,None,176696000,None,None,21400000,43834000,1.24,0.0145,0,0,None,-0.521,0.09,177616000,199016000,1.3,2013-06-30,15.22,18223000,7103000000.0,405915000,185272000,19006000,16277000,16277000,None,0,None,42752000,None,None,None,None,None,300410000,None,None,None,0.16,365557000,228299000,177616000,62726000,119461000,None,None,None,None,None,None,None,1.506,2.772,2.004,None,None,None,None,None,-124855000,None,0.102,None,146982000,2025-10-29,quarterly,1.39,USD,post-market,None,417482000,0.102,0.145,0.074,42.44,206899000,None,None,227063000,74.65,75.92,6.9231,869893000,663423000,155748000,155748000,206470000,None,885830000,714145000,19.81,None,89.37,64.7
2025-12-28,CTSH,4.32,20857000000.0,19.81,None,0.967,30.84,72185000,None,196938000,196938000,16932000,-185874000,-95217000,257000,-148646000,None,None,-149421000,1393000,587580000,None,479915000,479915000,16420000,None,None,176696000,None,None,21400000,43601000,1.24,0.0145,0,0,None,-0.521,0.09,177616000,199016000,1.3,2013-03-31,15.22,18223000,7103000000.0,405915000,185272000,19006000,16277000,16277000,None,0,None,42752000,None,None,None,None,None,284209000,None,None,None,0.16,73468000,228299000,177616000,62726000,119461000,None,None,None,None,None,None,None,1.506,2.772,2.004,None,None,None,None,None,-22554000,None,0.102,None,146982000,2025-10-29,quarterly,1.39,USD,post-market,None,417482000,0.102,0.145,0.074,42.44,206899000,None,None,227063000,74.65,75.92,6.9231,869893000,663423000,155748000,155748000,206470000,None,885830000,714145000,19.81,None,89.37,64.7
2025-12-28,CTSH,4.32,20857000000.0,19.81,None,0.967,30.84,125749000,None,196938000,196938000,24064000,-140712000,245338000,126000,186674000,None,None,25934000,1393000,587580000,None,479915000,479915000,16420000,None,None,176696000,None,None,21400000,41164000,1.24,0.0145,0,0,None,-0.521,0.09,177616000,199016000,1.3,2012-12-31,15.22,18223000,7103000000.0,405915000,185272000,19006000,16277000,16277000,None,0,None,42752000,None,None,None,None,None,278779000,None,None,None,0.16,361860000,228299000,177616000,62726000,119461000,None,None,None,None,None,None,None,1.506,2.772,2.004,None,None,None,None,None,-36950000,None,0.102,None,146982000,2025-10-29,quarterly,1.39,USD,post-market,None,417482000,0.102,0.145,0.074,42.44,206899000,None,None,227063000,74.65,75.92,6.9231,869893000,663423000,155748000,155748000,206470000,None,885830000,714145000,19.81,None,89.37,64.7
2025-12-28,CTSH,4.32,20857000000.0,19.81,None,0.967,30.84,69944000,None,196938000,196938000,-25649000,-86531000,274494000,1814000,31109000,None,None,-64588000,1393000,587580000,None,479915000,479915000,16420000,None,None,176696000,None,None,21400000,41366000,1.24,0.0145,0,0,None,-0.521,0.09,177616000,199016000,1.3,2012-09-30,15.22,18223000,7103000000.0,405915000,185272000,19006000,16277000,16277000,None,0,None,42752000,None,None,None,None,None,276901000,None,None,None,0.16,384860000,228299000,177616000,62726000,119461000,None,None,None,None,None,None,None,1.506,2.772,2.004,None,None,None,None,None,-65112000,None,0.102,None,146982000,2025-10-29,quarterly,1.39,USD,post-market,None,417482000,0.102,0.145,0.074,42.44,206899000,None,None,227063000,74.65,75.92,6.9231,869893000,663423000,155748000,155748000,206470000,None,885830000,714145000,19.81,None,89.37,64.7
2025-12-28,CTSH,4.32,20857000000.0,19.81,None,0.967,30.84,78321000,None,196938000,196938000,-348520000,-247316000,-278290000,-6554000,-9933000,None,None,-70085000,1393000,587580000,None,479915000,479915000,16420000,None,None,176696000,None,None,21400000,37433000,1.24,0.0145,0,0,None,-0.521,0.09,177616000,199016000,1.3,2012-06-30,15.22,18223000,7103000000.0,405915000,185272000,19006000,16277000,16277000,None,0,None,42752000,None,None,None,None,None,251932000,None,None,None,0.16,324100000,228299000,177616000,62726000,119461000,None,None,None,None,None,None,None,1.506,2.772,2.004,None,None,None,None,None,-369801000,None,0.102,None,146982000,2025-10-29,quarterly,1.39,USD,post-market,None,417482000,0.102,0.145,0.074,42.44,206899000,None,None,227063000,74.65,75.92,6.9231,869893000,663423000,155748000,155748000,206470000,None,885830000,714145000,19.81,None,89.37,64.7
2025-12-28,CTSH,4.32,20857000000.0,19.81,None,0.967,30.84,60451000,None,196938000,196938000,7117000,-95487000,17629000,4236000,-29245000,None,None,-49864000,1393000,587580000,None,479915000,479915000,16420000,None,None,176696000,None,None,21400000,36625000,1.24,0.0145,0,0,None,-0.521,0.09,177616000,199016000,1.3,2012-03-31,15.22,18223000,7103000000.0,405915000,185272000,19006000,16277000,16277000,None,0,None,42752000,None,None,None,None,None,243651000,None,None,None,0.16,101763000,228299000,177616000,62726000,119461000,None,None,None,None,None,None,None,1.506,2.772,2.004,None,None,None,None,None,-48982000,None,0.102,None,146982000,2025-10-29,quarterly,1.39,USD,post-market,None,417482000,0.102,0.145,0.074,42.44,206899000,None,None,227063000,74.65,75.92,6.9231,869893000,663423000,155748000,155748000,206470000,None,885830000,714145000,19.81,None,89.37,64.7
2025-12-28,CTSH,4.32,20857000000.0,19.81,None,0.967,30.84,124561000,None,196938000,196938000,21276000,-173232000,129687000,-3423000,-57544000,None,None,-76925000,1393000,587580000,None,479915000,479915000,16420000,None,None,176696000,None,None,21400000,34299000,1.24,0.0145,0,0,None,-0.521,0.09,177616000,199016000,1.3,2011-12-31,15.22,18223000,7103000000.0,405915000,185272000,19006000,16277000,16277000,None,0,None,42752000,None,None,None,None,None,240127000,None,None,None,0.16,285066000,228299000,177616000,62726000,119461000,None,None,None,None,None,None,None,1.506,2.772,2.004,None,None,None,None,None,-9173000,None,0.102,None,146982000,2025-10-29,quarterly,1.39,USD,post-market,None,417482000,0.102,0.145,0.074,42.44,206899000,None,None,227063000,74.65,75.92,6.9231,869893000,663423000,155748000,155748000,206470000,None,885830000,714145000,19.81,None,89.37,64.7
2025-12-28,CTSH,4.32,20857000000.0,19.81,None,0.967,30.84,74110000,None,196938000,196938000,-146924000,-180646000,-11821000,-13595000,12994000,None,None,-36823000,1393000,587580000,None,479915000,479915000,16420000,None,None,176696000,None,None,21400000,31639000,1.24,0.0145,0,0,None,-0.521,0.09,177616000,199016000,1.3,2011-09-30,15.22,18223000,7103000000.0,405915000,185272000,19006000,16277000,16277000,None,0,None,42752000,None,None,None,None,None,227119000,None,None,None,0.16,329344000,228299000,177616000,62726000,119461000,None,None,None,None,None,None,None,1.506,2.772,2.004,None,None,None,None,None,-172844000,None,0.102,None,146982000,2025-10-29,quarterly,1.39,USD,post-market,None,417482000,0.102,0.145,0.074,42.44,206899000,None,None,227063000,74.65,75.92,6.9231,869893000,663423000,155748000,155748000,206470000,None,885830000,714145000,19.81,None,89.37,64.7
2025-12-28,CTSH,4.32,20857000000.0,19.81,None,0.967,30.84,33735000,None,196938000,196938000,-80763000,-243746000,-100459000,8937000,-41192000,None,None,-81390000,1393000,587580000,None,479915000,479915000,16420000,None,None,176696000,None,None,21400000,29273000,1.24,0.0145,0,0,None,-0.521,0.09,177616000,199016000,1.3,2011-06-30,15.22,18223000,7103000000.0,405915000,185272000,19006000,16277000,16277000,None,0,None,42752000,None,None,None,None,None,208045000,None,None,None,0.16,215113000,228299000,177616000,62726000,119461000,None,None,None,None,None,None,None,1.506,2.772,2.004,None,None,None,None,None,-103864000,None,0.102,None,146982000,2025-10-29,quarterly,1.39,USD,post-market,None,417482000,0.102,0.145,0.074,42.44,206899000,None,None,227063000,74.65,75.92,6.9231,869893000,663423000,155748000,155748000,206470000,None,885830000,714145000,19.81,None,89.37,64.7
2025-12-28,CTSH,4.32,20857000000.0,19.81,None,0.967,30.84,55815000,None,196938000,196938000,-49044000,-252657000,-247470000,8602000,-13482000,None,None,-89029000,1393000,587580000,None,479915000,479915000,16420000,None,None,176696000,None,None,21400000,28964000,1.24,0.0145,0,0,None,-0.521,0.09,177616000,199016000,1.3,2011-03-31,15.22,18223000,7103000000.0,405915000,185272000,19006000,16277000,16277000,None,0,None,42752000,None,None,None,None,None,208327000,None,None,None,0.16,45629000,228299000,177616000,62726000,119461000,None,None,None,None,None,None,None,1.506,2.772,2.004,None,None,None,None,None,-88266000,None,0.102,None,146982000,2025-10-29,quarterly,1.39,USD,post-market,None,417482000,0.102,0.145,0.074,42.44,206899000,None,None,227063000,74.65,75.92,6.9231,869893000,663423000,155748000,155748000,206470000,None,885830000,714145000,19.81,None,89.37,64.7
2025-12-28,CTSH,4.32,20857000000.0,19.81,None,0.967,30.84,74551000,None,196938000,196938000,-14468000,-154305000,223892000,371000,21093000,None,None,13399000,1393000,587580000,None,479915000,479915000,16420000,None,None,176696000,None,None,21400000,29614000,1.24,0.0145,0,0,None,-0.521,0.09,177616000,199016000,1.3,2010-12-31,15.22,18223000,7103000000.0,405915000,185272000,19006000,16277000,16277000,None,0,None,42752000,None,None,None,None,None,206166000,None,None,None,0.16,392294000,228299000,177616000,62726000,119461000,None,None,None,None,None,None,None,1.506,2.772,2.004,None,None,None,None,None,-46904000,None,0.102,None,146982000,2025-10-29,quarterly,1.39,USD,post-market,None,417482000,0.102,0.145,0.074,42.44,206899000,None,None,227063000,74.65,75.92,6.9231,869893000,663423000,155748000,155748000,206470000,None,885830000,714145000,19.81,None,89.37,64.7
2025-12-28,CTSH,4.32,20857000000.0,19.81,None,0.967,30.84,44796000,None,196938000,196938000,61026000,-34600000,277391000,16227000,-29188000,None,None,-99508000,1393000,587580000,None,479915000,479915000,16420000,None,None,176696000,None,None,21400000,27929000,1.24,0.0145,0,0,None,-0.521,0.09,177616000,199016000,1.3,2010-09-30,15.22,18223000,7103000000.0,405915000,185272000,19006000,16277000,16277000,None,0,None,42752000,None,None,None,None,None,203699000,None,None,None,0.16,234738000,228299000,177616000,62726000,119461000,None,None,None,None,None,None,None,1.506,2.772,2.004,None,None,None,None,None,-7195000,None,0.102,None,146982000,2025-10-29,quarterly,1.39,USD,post-market,None,417482000,0.102,0.145,0.074,42.44,206899000,None,None,227063000,74.65,75.92,6.9231,869893000,663423000,155748000,155748000,206470000,None,885830000,714145000,19.81,None,89.37,64.7
2025-12-28,CTSH,4.32,20857000000.0,19.81,None,0.967,30.84,41946000,None,196938000,196938000,29904000,-200844000,-41256000,-5610000,-40252000,None,None,-100089000,1393000,587580000,None,479915000,479915000,16420000,None,None,176696000,None,None,21400000,25248000,1.24,0.0145,0,0,None,-0.521,0.09,177616000,199016000,1.3,2010-06-30,15.22,18223000,7103000000.0,405915000,185272000,19006000,16277000,16277000,None,0,None,42752000,None,None,None,None,None,172175000,None,None,None,0.16,135294000,228299000,177616000,62726000,119461000,None,None,None,None,None,None,None,1.506,2.772,2.004,None,None,None,None,None,-2586000,None,0.102,None,146982000,2025-10-29,quarterly,1.39,USD,post-market,None,417482000,0.102,0.145,0.074,42.44,206899000,None,None,227063000,74.65,75.92,6.9231,869893000,663423000,155748000,155748000,206470000,None,885830000,714145000,19.81,None,89.37,64.7
2025-12-28,CTSH,4.32,20857000000.0,19.81,None,0.967,30.84,24219000,None,196938000,196938000,43541000,-57141000,-19988000,-8716000,-51296000,None,None,-92220000,1393000,587580000,None,479915000,479915000,16420000,None,None,176696000,None,None,21400000,27381000,1.24,0.0145,0,0,None,-0.521,0.09,177616000,199016000,1.3,2010-03-31,15.22,18223000,7103000000.0,405915000,185272000,19006000,16277000,16277000,None,0,None,42752000,None,None,None,None,None,151500000,None,None,None,0.16,2328000,228299000,177616000,62726000,119461000,None,None,None,None,None,None,None,1.506,2.772,2.004,None,None,None,None,None,-2315000,None,0.102,None,146982000,2025-10-29,quarterly,1.39,USD,post-market,None,417482000,0.102,0.145,0.074,42.44,206899000,None,None,227063000,74.65,75.92,6.9231,869893000,663423000,155748000,155748000,206470000,None,885830000,714145000,19.81,None,89.37,64.7
2025-12-28,CTSH,4.32,20857000000.0,19.81,None,0.967,30.84,14626000,None,196938000,196938000,45351000,-175085000,None,None,-818000,None,None,None,1393000,587580000,None,479915000,479915000,16420000,None,None,176696000,None,None,21400000,24339000,1.24,0.0145,0,0,None,-0.521,0.09,177616000,199016000,1.3,2009-12-31,15.22,18223000,7103000000.0,405915000,185272000,19006000,16277000,16277000,None,0,None,42752000,None,None,None,None,None,144004000,None,None,None,0.16,237522000,228299000,177616000,62726000,119461000,None,None,None,None,None,None,None,1.506,2.772,2.004,None,None,None,None,None,-1695000,None,0.102,None,146982000,2025-10-29,quarterly,1.39,USD,post-market,None,417482000,0.102,0.145,0.074,42.44,206899000,None,None,227063000,74.65,75.92,6.9231,869893000,663423000,155748000,155748000,206470000,None,885830000,714145000,19.81,None,89.37,64.7
2025-12-28,CTSH,4.32,20857000000.0,19.81,None,0.967,30.84,31988000,None,196938000,196938000,21464000,-99245000,None,None,-21464000,None,None,None,1393000,587580000,None,479915000,479915000,16420000,None,None,176696000,None,None,21400000,22301000,1.24,0.0145,0,0,None,-0.521,0.09,177616000,199016000,1.3,2009-09-30,15.22,18223000,7103000000.0,405915000,185272000,19006000,16277000,16277000,None,0,None,42752000,None,None,None,None,None,136572000,None,None,None,0.16,208455000,228299000,177616000,62726000,119461000,None,None,None,None,None,None,None,1.506,2.772,2.004,None,None,None,None,None,-1099000,None,0.102,None,146982000,2025-10-29,quarterly,1.39,USD,post-market,None,417482000,0.102,0.145,0.074,42.44,206899000,None,None,227063000,74.65,75.92,6.9231,869893000,663423000,155748000,155748000,206470000,None,885830000,714145000,19.81,None,89.37,64.7
2025-12-28,CTSH,4.32,20857000000.0,19.81,None,0.967,30.84,9553000,None,196938000,196938000,12432000,-76889000,None,None,-22089000,None,None,None,1393000,587580000,None,479915000,479915000,16420000,None,None,176696000,None,None,21400000,21579000,1.24,0.0145,0,0,None,-0.521,0.09,177616000,199016000,1.3,2009-06-30,15.22,18223000,7103000000.0,405915000,185272000,19006000,16277000,16277000,None,0,None,42752000,None,None,None,None,None,141255000,None,None,None,0.16,151258000,228299000,177616000,62726000,119461000,None,None,None,None,None,None,None,1.506,2.772,2.004,None,None,None,None,None,-583000,None,0.102,None,146982000,2025-10-29,quarterly,1.39,USD,post-market,None,417482000,0.102,0.145,0.074,42.44,206899000,None,None,227063000,74.65,75.92,6.9231,869893000,663423000,155748000,155748000,206470000,None,885830000,714145000,19.81,None,89.37,64.7
2025-12-28,CTSH,4.32,20857000000.0,19.81,None,0.967,30.84,20472000,None,196938000,196938000,-2299000,-43545000,None,None,-7662000,None,None,None,1393000,587580000,None,479915000,479915000,16420000,None,None,176696000,None,None,21400000,21152000,1.24,0.0145,None,None,None,-0.521,0.09,177616000,199016000,1.3,2009-03-31,15.22,18223000,7103000000.0,405915000,185272000,19006000,16277000,16277000,None,0,None,42752000,None,None,None,None,None,113132000,None,None,None,0.16,75090000,228299000,177616000,62726000,119461000,None,None,None,None,None,None,None,1.506,2.772,2.004,None,None,None,None,None,-12882000,None,0.102,None,146982000,2025-10-29,quarterly,1.39,USD,post-market,None,417482000,0.102,0.145,0.074,42.44,206899000,None,None,227063000,74.65,75.92,6.9231,869893000,663423000,155748000,155748000,206470000,None,885830000,714145000,19.81,None,89.37,64.7
2025-12-28,CTSH,4.32,20857000000.0,19.81,None,0.967,30.84,23085000,None,196938000,196938000,6797000,-21553000,None,None,135362000,None,None,None,1393000,587580000,None,479915000,479915000,16420000,None,None,176696000,None,None,21400000,21253000,1.24,0.0145,None,None,None,-0.521,0.09,177616000,199016000,1.3,2008-12-31,15.22,18223000,7103000000.0,405915000,185272000,19006000,16277000,16277000,None,0,None,42752000,None,None,None,None,None,112288000,None,None,None,0.16,192913000,228299000,177616000,62726000,119461000,None,None,None,None,None,None,None,1.506,2.772,2.004,None,None,None,None,None,-27835000,None,0.102,None,146982000,2025-10-29,quarterly,1.39,USD,post-market,None,417482000,0.102,0.145,0.074,42.44,206899000,None,None,227063000,74.65,75.92,6.9231,869893000,663423000,155748000,155748000,206470000,None,885830000,714145000,19.81,None,89.37,64.7
2025-12-28,CTSH,4.32,20857000000.0,19.81,None,0.967,30.84,61115000,None,196938000,196938000,-18212000,-59143000,None,None,None,None,None,None,1393000,587580000,None,479915000,479915000,16420000,None,None,176696000,None,None,21400000,19474000,1.24,0.0145,None,None,None,-0.521,0.09,177616000,199016000,1.3,2008-09-30,15.22,18223000,7103000000.0,405915000,185272000,19006000,16277000,16277000,None,0,None,42752000,None,None,None,None,None,112828000,None,None,None,0.16,139766000,228299000,177616000,62726000,119461000,None,None,None,None,None,None,None,1.506,2.772,2.004,None,None,None,None,None,None,None,0.102,None,146982000,2025-10-29,quarterly,1.39,USD,post-market,None,417482000,0.102,0.145,0.074,42.44,206899000,None,None,227063000,74.65,75.92,6.9231,869893000,663423000,155748000,155748000,206470000,None,885830000,714145000,19.81,None,89.37,64.7
2025-12-28,CTSH,4.32,20857000000.0,19.81,None,0.967,30.84,31787000,None,196938000,196938000,38573000,-40466000,None,None,None,None,None,None,1393000,587580000,None,479915000,479915000,16420000,None,None,176696000,None,None,21400000,17777000,1.24,0.0145,None,None,None,-0.521,0.09,177616000,199016000,1.3,2008-06-30,15.22,18223000,7103000000.0,405915000,185272000,19006000,16277000,16277000,None,0,None,42752000,None,None,None,None,None,103856000,None,None,None,0.16,74765000,228299000,177616000,62726000,119461000,None,None,None,None,None,None,None,1.506,2.772,2.004,None,None,None,None,None,None,None,0.102,None,146982000,2025-10-29,quarterly,1.39,USD,post-market,None,417482000,0.102,0.145,0.074,42.44,206899000,None,None,227063000,74.65,75.92,6.9231,869893000,663423000,155748000,155748000,206470000,None,885830000,714145000,19.81,None,89.37,64.7
2025-12-28,CTSH,4.32,20857000000.0,19.81,None,0.967,30.84,53423000,None,196938000,196938000,16876000,66156000,None,None,6859000,None,None,None,1393000,587580000,None,479915000,479915000,16420000,None,None,176696000,None,None,21400000,16293000,1.24,0.0145,None,None,None,-0.521,0.09,177616000,199016000,1.3,2008-03-31,15.22,18223000,7103000000.0,405915000,185272000,19006000,16277000,16277000,None,0,None,42752000,None,None,None,None,None,101873000,None,None,None,0.16,22261000,228299000,177616000,62726000,119461000,None,None,None,None,None,None,None,1.506,2.772,2.004,None,None,None,None,None,None,None,0.102,None,146982000,2025-10-29,quarterly,1.39,USD,post-market,None,417482000,0.102,0.145,0.074,42.44,206899000,None,None,227063000,74.65,75.92,6.9231,869893000,663423000,155748000,155748000,206470000,None,885830000,714145000,19.81,None,89.37,64.7
2025-12-28,CTSH,4.32,20857000000.0,19.81,None,0.967,30.84,72034000,None,196938000,196938000,-80317000,-26133000,None,None,70236000,None,None,None,1393000,587580000,None,479915000,479915000,16420000,None,None,176696000,None,None,21400000,14735000,1.24,0.0145,None,None,None,-0.521,0.09,177616000,199016000,1.3,2007-12-31,15.22,18223000,7103000000.0,405915000,185272000,19006000,16277000,16277000,None,0,None,42752000,None,None,None,None,None,96256000,None,None,None,0.16,149896000,228299000,177616000,62726000,119461000,None,None,None,None,None,None,None,1.506,2.772,2.004,None,None,None,None,None,-105360000,None,0.102,None,146982000,2025-10-29,quarterly,1.39,USD,post-market,None,417482000,0.102,0.145,0.074,42.44,206899000,None,None,227063000,74.65,75.92,6.9231,869893000,663423000,155748000,155748000,206470000,None,885830000,714145000,19.81,None,89.37,64.7
2025-12-28,CTSH,4.32,20857000000.0,19.81,None,0.967,30.84,39562000,None,196938000,196938000,17936000,-122312000,None,None,None,None,None,None,1393000,587580000,None,479915000,479915000,16420000,None,None,176696000,None,None,21400000,13870000,1.24,0.0145,None,None,None,-0.521,0.09,177616000,199016000,1.3,2007-09-30,15.22,18223000,7103000000.0,405915000,185272000,19006000,16277000,16277000,None,0,None,42752000,None,None,None,None,None,96154000,None,None,None,0.16,129903000,228299000,177616000,62726000,119461000,None,None,None,None,None,None,None,1.506,2.772,2.004,None,None,None,None,None,None,None,0.102,None,146982000,2025-10-29,quarterly,1.39,USD,post-market,None,417482000,0.102,0.145,0.074,42.44,206899000,None,None,227063000,74.65,75.92,6.9231,869893000,663423000,155748000,155748000,206470000,None,885830000,714145000,19.81,None,89.37,64.7
2025-12-28,CTSH,4.32,20857000000.0,19.81,None,0.967,30.84,42196000,None,196938000,196938000,25789000,-82549000,None,None,None,None,None,None,1393000,587580000,None,479915000,479915000,16420000,None,None,176696000,None,None,21400000,13053000,1.24,0.0145,None,None,None,-0.521,0.09,177616000,199016000,1.3,2007-06-30,15.22,18223000,7103000000.0,405915000,185272000,19006000,16277000,16277000,None,0,None,42752000,None,None,None,None,None,82277000,None,None,None,0.16,52038000,228299000,177616000,62726000,119461000,None,None,None,None,None,None,None,1.506,2.772,2.004,None,None,None,None,None,None,None,0.102,None,146982000,2025-10-29,quarterly,1.39,USD,post-market,None,417482000,0.102,0.145,0.074,42.44,206899000,None,None,227063000,74.65,75.92,6.9231,869893000,663423000,155748000,155748000,206470000,None,885830000,714145000,19.81,None,89.37,64.7
2025-12-28,CTSH,4.32,20857000000.0,19.81,None,0.967,30.84,28675000,None,196938000,196938000,40600000,-46345000,None,None,-41992000,None,None,None,1393000,587580000,None,479915000,479915000,16420000,None,None,176696000,None,None,21400000,12260000,1.24,0.0145,None,None,None,-0.521,0.09,177616000,199016000,1.3,2007-03-31,15.22,18223000,7103000000.0,405915000,185272000,19006000,16277000,16277000,None,0,None,42752000,None,None,None,None,None,75446000,None,None,None,0.16,12483000,228299000,177616000,62726000,119461000,None,None,None,None,None,None,None,1.506,2.772,2.004,None,None,None,None,None,None,None,0.102,None,146982000,2025-10-29,quarterly,1.39,USD,post-market,None,417482000,0.102,0.145,0.074,42.44,206899000,None,None,227063000,74.65,75.92,6.9231,869893000,663423000,155748000,155748000,206470000,None,885830000,714145000,19.81,None,89.37,64.7
2025-12-28,CTSH,4.32,20857000000.0,19.81,None,0.967,30.84,33522000,None,196938000,196938000,24500000,-76102000,None,None,126053000,None,None,None,1393000,587580000,None,479915000,479915000,16420000,None,None,176696000,None,None,21400000,10471000,1.24,0.0145,None,None,None,-0.521,0.09,177616000,199016000,1.3,2006-12-31,15.22,18223000,7103000000.0,405915000,185272000,19006000,16277000,16277000,None,0,None,42752000,None,None,None,None,None,69533000,None,None,None,0.16,118458000,228299000,177616000,62726000,119461000,None,None,None,None,None,None,None,1.506,2.772,2.004,None,None,None,None,None,None,None,0.102,None,146982000,2025-10-29,quarterly,1.39,USD,post-market,None,417482000,0.102,0.145,0.074,42.44,206899000,None,None,227063000,74.65,75.92,6.9231,869893000,663423000,155748000,155748000,206470000,None,885830000,714145000,19.81,None,89.37,64.7
2025-12-28,CTSH,4.32,20857000000.0,19.81,None,0.967,30.84,26223000,None,196938000,196938000,20960000,-113215000,None,None,None,None,None,None,1393000,587580000,None,479915000,479915000,16420000,None,None,176696000,None,None,21400000,8861000,1.24,0.0145,None,None,None,-0.521,0.09,177616000,199016000,1.3,2006-09-30,15.22,18223000,7103000000.0,405915000,185272000,19006000,16277000,16277000,None,0,None,42752000,None,None,None,None,None,61027000,None,None,None,0.16,86746000,228299000,177616000,62726000,119461000,None,None,None,None,None,None,None,1.506,2.772,2.004,None,None,None,None,None,None,None,0.102,None,146982000,2025-10-29,quarterly,1.39,USD,post-market,None,417482000,0.102,0.145,0.074,42.44,206899000,None,None,227063000,74.65,75.92,6.9231,869893000,663423000,155748000,155748000,206470000,None,885830000,714145000,19.81,None,89.37,64.7
2025-12-28,CTSH,4.32,20857000000.0,19.81,None,0.967,30.84,24402000,None,196938000,196938000,14768000,-32312000,None,None,None,None,None,None,1393000,587580000,None,479915000,479915000,16420000,None,None,176696000,None,None,21400000,7801000,1.24,0.0145,None,None,None,-0.521,0.09,177616000,199016000,1.3,2006-06-30,15.22,18223000,7103000000.0,405915000,185272000,19006000,16277000,16277000,None,0,None,42752000,None,None,None,None,None,55071000,None,None,None,0.16,51599000,228299000,177616000,62726000,119461000,None,None,None,None,None,None,None,1.506,2.772,2.004,None,None,None,None,None,None,None,0.102,None,146982000,2025-10-29,quarterly,1.39,USD,post-market,None,417482000,0.102,0.145,0.074,42.44,206899000,None,None,227063000,74.65,75.92,6.9231,869893000,663423000,155748000,155748000,206470000,None,885830000,714145000,19.81,None,89.37,64.7
2025-12-28,CTSH,4.32,20857000000.0,19.81,None,0.967,30.84,20587000,None,196938000,196938000,22667000,-50709000,None,None,-34251000,None,None,None,1393000,587580000,None,479915000,479915000,16420000,None,None,176696000,None,None,21400000,7030000,1.24,0.0145,None,None,None,-0.521,0.09,177616000,199016000,1.3,2006-03-31,15.22,18223000,7103000000.0,405915000,185272000,19006000,16277000,16277000,None,0,None,42752000,None,None,None,None,None,47164000,None,None,None,0.16,-3927000,228299000,177616000,62726000,119461000,None,None,None,None,None,None,None,1.506,2.772,2.004,None,None,None,None,None,None,None,0.102,None,146982000,2025-10-29,quarterly,1.39,USD,post-market,None,417482000,0.102,0.145,0.074,42.44,206899000,None,None,227063000,74.65,75.92,6.9231,869893000,663423000,155748000,155748000,206470000,None,885830000,714145000,19.81,None,89.37,64.7
2025-12-28,CTSH,4.32,20857000000.0,19.81,None,0.967,30.84,22197000,None,196938000,196938000,12964000,-95673000,None,None,-436949000,None,None,None,1393000,587580000,None,479915000,479915000,16420000,None,None,176696000,None,None,21400000,5280000,1.24,0.0145,None,None,None,-0.521,0.09,177616000,199016000,1.3,2005-12-31,15.22,18223000,7103000000.0,405915000,185272000,19006000,16277000,16277000,None,0,None,42752000,None,None,None,None,None,57673000,None,None,None,0.16,66200000,228299000,177616000,62726000,119461000,None,None,None,None,None,None,None,1.506,2.772,2.004,None,None,None,None,None,None,None,0.102,None,146982000,2025-10-29,quarterly,1.39,USD,post-market,None,417482000,0.102,0.145,0.074,42.44,206899000,None,None,227063000,74.65,75.92,6.9231,869893000,663423000,155748000,155748000,206470000,None,885830000,714145000,19.81,None,89.37,64.7
2025-12-28,CTSH,4.32,20857000000.0,19.81,None,0.967,30.84,27221000,None,196938000,196938000,11476000,-38564000,None,None,None,None,None,None,1393000,587580000,None,479915000,479915000,16420000,None,None,176696000,None,None,21400000,5581000,1.24,0.0145,None,None,None,-0.521,0.09,177616000,199016000,1.3,2005-09-30,15.22,18223000,7103000000.0,405915000,185272000,19006000,16277000,16277000,None,0,None,42752000,None,None,None,None,None,40583000,None,None,None,0.16,62899000,228299000,177616000,62726000,119461000,None,None,None,None,None,None,None,1.506,2.772,2.004,None,None,None,None,None,None,None,0.102,None,146982000,2025-10-29,quarterly,1.39,USD,post-market,None,417482000,0.102,0.145,0.074,42.44,206899000,None,None,227063000,74.65,75.92,6.9231,869893000,663423000,155748000,155748000,206470000,None,885830000,714145000,19.81,None,89.37,64.7
2025-12-28,CTSH,4.32,20857000000.0,19.81,None,0.967,30.84,297000000,None,196938000,196938000,-915000000,-1646000000,None,None,None,None,None,None,1393000,587580000,None,479915000,479915000,16420000,None,None,176696000,None,None,21400000,529000000,1.24,0.0145,600000000,600000000,None,-0.521,0.09,177616000,199016000,1.3,2024-12-31,15.22,18223000,7103000000.0,405915000,185272000,19006000,16277000,16277000,None,0,None,42752000,None,None,None,None,None,2240000000,None,None,None,0.16,2124000000,228299000,177616000,62726000,119461000,None,None,None,None,None,None,None,1.506,2.772,2.004,None,None,None,None,None,-605000000,None,0.102,None,146982000,2025-10-29,annual,1.39,USD,post-market,None,417482000,0.102,0.145,0.074,42.44,206899000,None,None,227063000,74.65,75.92,6.9231,869893000,663423000,155748000,155748000,206470000,None,885830000,714145000,19.81,None,89.37,64.7
2025-12-28,CTSH,4.32,20857000000.0,19.81,None,0.967,30.84,317000000,None,196938000,196938000,-1609000000,-331000000,None,None,16000000,None,None,None,1393000,587580000,None,479915000,479915000,16420000,None,None,176696000,None,None,21400000,519000000,1.24,0.0145,591000000,591000000,None,-0.521,0.09,177616000,199016000,1.3,2023-12-31,15.22,18223000,7103000000.0,405915000,185272000,19006000,16277000,16277000,None,0,None,42752000,None,None,None,None,None,2126000000,None,None,None,0.16,2330000000,228299000,177616000,62726000,119461000,None,None,None,None,None,None,None,1.506,2.772,2.004,None,None,None,None,None,-1064000000,None,0.102,None,146982000,2025-10-29,annual,1.39,USD,post-market,None,417482000,0.102,0.145,0.074,42.44,206899000,None,None,227063000,74.65,75.92,6.9231,869893000,663423000,155748000,155748000,206470000,None,885830000,714145000,19.81,None,89.37,64.7
2025-12-28,CTSH,4.32,20857000000.0,19.81,None,0.967,30.84,332000000,None,196938000,196938000,-1939000000,-106000000,523000000,None,None,None,None,-238000000,1393000,587580000,None,479915000,479915000,16420000,None,None,176696000,None,None,21400000,569000000,1.24,0.0145,564000000,564000000,None,-0.521,0.09,177616000,199016000,1.3,2022-12-31,15.22,18223000,7103000000.0,405915000,185272000,19006000,16277000,16277000,None,0,None,42752000,None,None,None,None,None,2290000000,None,None,None,0.16,2568000000,228299000,177616000,62726000,119461000,None,None,None,None,None,None,None,1.506,2.772,2.004,None,None,None,None,None,-1422000000,None,0.102,None,146982000,2025-10-29,annual,1.39,USD,post-market,None,417482000,0.102,0.145,0.074,42.44,206899000,None,None,227063000,74.65,75.92,6.9231,869893000,663423000,155748000,155748000,206470000,None,885830000,714145000,19.81,None,89.37,64.7
2025-12-28,CTSH,4.32,20857000000.0,19.81,None,0.967,30.84,279000000,None,196938000,196938000,-1203000000,-2164000000,-888000000,-16000000,-65000000,None,None,-407000000,1393000,587580000,None,479915000,479915000,16420000,None,None,176696000,None,None,21400000,574000000,1.24,0.0145,509000000,509000000,None,-0.521,0.09,177616000,199016000,1.3,2021-12-31,15.22,18223000,7103000000.0,405915000,185272000,19006000,16277000,16277000,None,0,None,42752000,None,None,None,None,None,2137000000,None,None,None,0.16,2495000000,228299000,177616000,62726000,119461000,None,None,None,None,None,None,None,1.506,2.772,2.004,None,None,None,None,None,-771000000,None,0.102,None,146982000,2025-10-29,annual,1.39,USD,post-market,None,417482000,0.102,0.145,0.074,42.44,206899000,None,None,227063000,74.65,75.92,6.9231,869893000,663423000,155748000,155748000,206470000,None,885830000,714145000,19.81,None,89.37,64.7
2025-12-28,CTSH,4.32,20857000000.0,19.81,None,0.967,30.84,398000000,None,196938000,196938000,-2009000000,-1238000000,35000000,-17000000,375000000,None,None,264000000,1393000,587580000,None,479915000,479915000,16420000,None,None,176696000,None,None,21400000,559000000,1.24,0.0145,480000000,480000000,None,-0.521,0.09,177616000,199016000,1.3,2020-12-31,15.22,18223000,7103000000.0,405915000,185272000,19006000,16277000,16277000,None,0,None,42752000,None,None,None,None,None,1392000000,None,None,None,0.16,3299000000,228299000,177616000,62726000,119461000,None,None,None,None,None,None,None,1.506,2.772,2.004,None,None,None,None,None,-1621000000,None,0.102,None,146982000,2025-10-29,annual,1.39,USD,post-market,None,417482000,0.102,0.145,0.074,42.44,206899000,None,None,227063000,74.65,75.92,6.9231,869893000,663423000,155748000,155748000,206470000,None,885830000,714145000,19.81,None,89.37,64.7
2025-12-28,CTSH,4.32,20857000000.0,19.81,None,0.967,30.84,392000000,None,196938000,196938000,-2569000000,1588000000,1484000000,-34000000,None,None,None,37000000,1393000,587580000,None,479915000,479915000,16420000,None,None,176696000,None,None,21400000,526000000,1.24,0.0145,453000000,453000000,None,-0.521,0.09,177616000,199016000,1.3,2019-12-31,15.22,18223000,7103000000.0,405915000,185272000,19006000,16277000,16277000,None,0,None,42752000,None,None,None,None,None,1842000000,None,None,None,0.16,2499000000,228299000,177616000,62726000,119461000,None,None,None,None,None,None,None,1.506,2.772,2.004,None,None,None,None,None,-2247000000,None,0.102,None,146982000,2025-10-29,annual,1.39,USD,post-market,None,417482000,0.102,0.145,0.074,42.44,206899000,None,None,227063000,74.65,75.92,6.9231,869893000,663423000,155748000,155748000,206470000,None,885830000,714145000,19.81,None,89.37,64.7
2025-12-28,CTSH,4.32,20857000000.0,19.81,None,0.967,30.84,377000000,None,196938000,196938000,-1693000000,-1627000000,-764000000,-36000000,272000000,None,None,-365000000,1393000,587580000,None,479915000,479915000,16420000,None,None,176696000,None,None,21400000,498000000,1.24,0.0145,468000000,468000000,None,-0.521,0.09,177616000,199016000,1.3,2018-12-31,15.22,18223000,7103000000.0,405915000,185272000,19006000,16277000,16277000,None,0,None,42752000,None,None,None,None,None,2101000000,None,None,None,0.16,2592000000,228299000,177616000,62726000,119461000,None,None,None,None,None,None,None,1.506,2.772,2.004,None,None,None,None,None,-1261000000,None,0.102,None,146982000,2025-10-29,annual,1.39,USD,post-market,None,417482000,0.102,0.145,0.074,42.44,206899000,None,None,227063000,74.65,75.92,6.9231,869893000,663423000,155748000,155748000,206470000,None,885830000,714145000,19.81,None,89.37,64.7
2025-12-28,CTSH,4.32,20857000000.0,19.81,None,0.967,30.84,284000000,None,196938000,196938000,-1985000000,-582000000,-109000000,51000000,490000000,None,None,-249000000,1393000,587580000,None,479915000,479915000,16420000,None,None,176696000,None,None,21400000,443000000,1.24,0.0145,265000000,265000000,None,-0.521,0.09,177616000,199016000,1.3,2017-12-31,15.22,18223000,7103000000.0,405915000,185272000,19006000,16277000,16277000,None,0,None,42752000,None,None,None,None,None,1504000000,None,None,None,0.16,2407000000,228299000,177616000,62726000,119461000,None,None,None,None,None,None,None,1.506,2.772,2.004,None,None,None,None,None,-1889000000,None,0.102,None,146982000,2025-10-29,annual,1.39,USD,post-market,None,417482000,0.102,0.145,0.074,42.44,206899000,None,None,227063000,74.65,75.92,6.9231,869893000,663423000,155748000,155748000,206470000,None,885830000,714145000,19.81,None,89.37,64.7
2025-12-28,CTSH,4.32,20857000000.0,19.81,None,0.967,30.84,300000000,None,196938000,196938000,-719000000,-963000000,-91000000,-30000000,-50000000,None,None,-330000000,1393000,587580000,None,479915000,479915000,16420000,None,None,176696000,None,None,21400000,379000000,1.24,0.0145,350000000,350000000,None,-0.521,0.09,177616000,199016000,1.3,2016-12-31,15.22,18223000,7103000000.0,405915000,185272000,19006000,16277000,16277000,None,0,None,42752000,None,None,None,None,None,1553000000,None,None,None,0.16,1621000000,228299000,177616000,62726000,119461000,None,None,None,None,None,None,None,1.506,2.772,2.004,None,None,None,None,None,-512000000,None,0.102,None,146982000,2025-10-29,annual,1.39,USD,post-market,None,417482000,0.102,0.145,0.074,42.44,206899000,None,None,227063000,74.65,75.92,6.9231,869893000,663423000,155748000,155748000,206470000,None,885830000,714145000,19.81,None,89.37,64.7
2025-12-28,CTSH,4.32,20857000000.0,19.81,None,0.967,30.84,272800000,None,196938000,196938000,-648100000,-1371000000,115100000,-19500000,400600000,None,None,-322400000,1393000,587580000,None,479915000,479915000,16420000,None,None,176696000,None,None,21400000,330000000,1.24,0.0145,300000000,300000000,None,-0.521,0.09,177616000,199016000,1.3,2015-12-31,15.22,18223000,7103000000.0,405915000,185272000,19006000,16277000,16277000,None,0,None,42752000,None,None,None,None,None,1624000000,None,None,None,0.16,2153300000,228299000,177616000,62726000,119461000,None,None,None,None,None,None,None,1.506,2.772,2.004,None,None,None,None,None,-460000000,None,0.102,None,146982000,2025-10-29,annual,1.39,USD,post-market,None,417482000,0.102,0.145,0.074,42.44,206899000,None,None,227063000,74.65,75.92,6.9231,869893000,663423000,155748000,155748000,206470000,None,885830000,714145000,19.81,None,89.37,64.7
2025-12-28,CTSH,4.32,20857000000.0,19.81,None,0.967,30.84,212203000,None,196938000,196938000,1503410000,-3160700000,-202857000,-18583000,-6440000,None,None,-259332000,1393000,587580000,None,479915000,479915000,16420000,None,None,176696000,None,None,21400000,208100000,1.24,0.0145,1650000000,1650000000,None,-0.521,0.09,177616000,199016000,1.3,2014-12-31,15.22,18223000,7103000000.0,405915000,185272000,19006000,16277000,16277000,None,0,None,42752000,None,None,None,None,None,1439300000,None,None,None,0.16,1473010000,228299000,177616000,62726000,119461000,None,None,None,None,None,None,None,1.506,2.772,2.004,None,None,None,None,None,-248317000,None,0.102,None,146982000,2025-10-29,annual,1.39,USD,post-market,None,417482000,0.102,0.145,0.074,42.44,206899000,None,None,227063000,74.65,75.92,6.9231,869893000,663423000,155748000,155748000,206470000,None,885830000,714145000,19.81,None,89.37,64.7
2025-12-28,CTSH,4.32,20857000000.0,19.81,None,0.967,30.84,261626000,None,196938000,196938000,-30867000,-730763000,642929000,-19217000,254058000,None,None,-258469000,1393000,587580000,None,479915000,479915000,16420000,None,None,176696000,None,None,21400000,179930000,1.24,0.0145,0,0,None,-0.521,0.09,177616000,199016000,1.3,2013-12-31,15.22,18223000,7103000000.0,405915000,185272000,19006000,16277000,16277000,None,0,None,42752000,None,None,None,None,None,1228578000,None,None,None,0.16,1423776000,228299000,177616000,62726000,119461000,None,None,None,None,None,None,None,1.506,2.772,2.004,None,None,None,None,None,-179004000,None,0.102,None,146982000,2025-10-29,annual,1.39,USD,post-market,None,417482000,0.102,0.145,0.074,42.44,206899000,None,None,227063000,74.65,75.92,6.9231,869893000,663423000,155748000,155748000,206470000,None,885830000,714145000,19.81,None,89.37,64.7
2025-12-28,CTSH,4.32,20857000000.0,19.81,None,0.967,30.84,334465000,None,196938000,196938000,-342988000,-570046000,259171000,-378000,178605000,None,None,-158603000,1393000,587580000,None,479915000,479915000,16420000,None,None,176696000,None,None,21400000,156588000,1.24,0.0145,0,0,None,-0.521,0.09,177616000,199016000,1.3,2012-12-31,15.22,18223000,7103000000.0,405915000,185272000,19006000,16277000,16277000,None,0,None,42752000,None,None,None,None,None,1051262999,None,None,None,0.16,1172583000,228299000,177616000,62726000,119461000,None,None,None,None,None,None,None,1.506,2.772,2.004,None,None,None,None,None,-520845000,None,0.102,None,146982000,2025-10-29,annual,1.39,USD,post-market,None,417482000,0.102,0.145,0.074,42.44,206899000,None,None,227063000,74.65,75.92,6.9231,869893000,663423000,155748000,155748000,206470000,None,885830000,714145000,19.81,None,89.37,64.7
2025-12-28,CTSH,4.32,20857000000.0,19.81,None,0.967,30.84,288221000,None,196938000,196938000,-255455000,-850281000,-230063000,521000,-99224000,None,None,-284167000,1393000,587580000,None,479915000,479915000,16420000,None,None,176696000,None,None,21400000,124175000,1.24,0.0145,0,0,None,-0.521,0.09,177616000,199016000,1.3,2011-12-31,15.22,18223000,7103000000.0,405915000,185272000,19006000,16277000,16277000,None,0,None,42752000,None,None,None,None,None,883618000,None,None,None,0.16,875152000,228299000,177616000,62726000,119461000,None,None,None,None,None,None,None,1.506,2.772,2.004,None,None,None,None,None,-374147000,None,0.102,None,146982000,2025-10-29,annual,1.39,USD,post-market,None,417482000,0.102,0.145,0.074,42.44,206899000,None,None,227063000,74.65,75.92,6.9231,869893000,663423000,155748000,155748000,206470000,None,885830000,714145000,19.81,None,89.37,64.7
2025-12-28,CTSH,4.32,20857000000.0,19.81,None,0.967,30.84,185512000,None,196938000,196938000,120003000,-446890000,440039000,2272000,-99643000,None,None,-278418000,1393000,587580000,None,479915000,479915000,16420000,None,None,176696000,None,None,21400000,110172000,1.24,0.0145,0,0,None,-0.521,0.09,177616000,199016000,1.3,2010-12-31,15.22,18223000,7103000000.0,405915000,185272000,19006000,16277000,16277000,None,0,None,42752000,None,None,None,None,None,733540000,None,None,None,0.16,764654000,228299000,177616000,62726000,119461000,None,None,None,None,None,None,None,1.506,2.772,2.004,None,None,None,None,None,-59000000,None,0.102,None,146982000,2025-10-29,annual,1.39,USD,post-market,None,417482000,0.102,0.145,0.074,42.44,206899000,None,None,227063000,74.65,75.92,6.9231,869893000,663423000,155748000,155748000,206470000,None,885830000,714145000,19.81,None,89.37,64.7
2025-12-28,CTSH,4.32,20857000000.0,19.81,None,0.967,30.84,76639000,None,196938000,196938000,76948000,-394764000,365864000,11355000,-52033000,None,None,-98451000,1393000,587580000,None,479915000,479915000,16420000,None,None,176696000,None,None,21400000,89371000,1.24,0.0145,0,0,None,-0.521,0.09,177616000,199016000,1.3,2009-12-31,15.22,18223000,7103000000.0,405915000,185272000,19006000,16277000,16277000,None,0,None,42752000,None,None,None,None,None,534962999,None,None,None,0.16,672325000,228299000,177616000,62726000,119461000,None,None,None,None,None,None,None,1.506,2.772,2.004,None,None,None,None,None,-16259000,None,0.102,None,146982000,2025-10-29,annual,1.39,USD,post-market,None,417482000,0.102,0.145,0.074,42.44,206899000,None,None,227063000,74.65,75.92,6.9231,869893000,663423000,155748000,155748000,206470000,None,885830000,714145000,19.81,None,89.37,64.7
2025-12-28,CTSH,4.32,20857000000.0,19.81,None,0.967,30.84,169410000,None,196938000,196938000,44034000,-55006000,None,None,-31151000,None,None,None,1393000,587580000,None,479915000,479915000,16420000,None,None,176696000,None,None,21400000,74797000,1.24,0.0145,None,None,None,-0.521,0.09,177616000,199016000,1.3,2008-12-31,15.22,18223000,7103000000.0,405915000,185272000,19006000,16277000,16277000,None,0,None,42752000,None,None,None,None,None,430845000,None,None,None,0.16,429705000,228299000,177616000,62726000,119461000,None,None,None,None,None,None,None,1.506,2.772,2.004,None,None,None,None,None,-27835000,None,0.102,None,146982000,2025-10-29,annual,1.39,USD,post-market,None,417482000,0.102,0.145,0.074,42.44,206899000,None,None,227063000,74.65,75.92,6.9231,869893000,663423000,155748000,155748000,206470000,None,885830000,714145000,19.81,None,89.37,64.7
2025-12-28,CTSH,4.32,20857000000.0,19.81,None,0.967,30.84,182467000,None,196938000,196938000,4008000,-277339000,None,None,-34232000,None,None,None,1393000,587580000,None,479915000,479915000,16420000,None,None,176696000,None,None,21400000,53918000,1.24,0.0145,None,None,None,-0.521,0.09,177616000,199016000,1.3,2007-12-31,15.22,18223000,7103000000.0,405915000,185272000,19006000,16277000,16277000,None,0,None,42752000,None,None,None,None,None,350133000,None,None,None,0.16,344320000,228299000,177616000,62726000,119461000,None,None,None,None,None,None,None,1.506,2.772,2.004,None,None,None,None,None,-105360000,None,0.102,None,146982000,2025-10-29,annual,1.39,USD,post-market,None,417482000,0.102,0.145,0.074,42.44,206899000,None,None,227063000,74.65,75.92,6.9231,869893000,663423000,155748000,155748000,206470000,None,885830000,714145000,19.81,None,89.37,64.7
2025-12-28,CTSH,4.32,20857000000.0,19.81,None,0.967,30.84,104734000,None,196938000,196938000,82895000,-272338000,None,None,54376000,None,None,None,1393000,587580000,None,479915000,479915000,16420000,None,None,176696000,None,None,21400000,34163000,1.24,0.0145,None,None,None,-0.521,0.09,177616000,199016000,1.3,2006-12-31,15.22,18223000,7103000000.0,405915000,185272000,19006000,16277000,16277000,None,0,None,42752000,None,None,None,None,None,232795000,None,None,None,0.16,252876000,228299000,177616000,62726000,119461000,None,None,None,None,None,None,None,1.506,2.772,2.004,None,None,None,None,None,None,None,0.102,None,146982000,2025-10-29,annual,1.39,USD,post-market,None,417482000,0.102,0.145,0.074,42.44,206899000,None,None,227063000,74.65,75.92,6.9231,869893000,663423000,155748000,155748000,206470000,None,885830000,714145000,19.81,None,89.37,64.7
2025-12-28,CTSH,4.32,20857000000.0,19.81,None,0.967,30.84,71770000,None,196938000,196938000,47451000,-204546000,None,None,-485953000,None,None,None,1393000,587580000,None,479915000,479915000,16420000,None,None,176696000,None,None,21400000,21400000,1.24,0.0145,None,None,None,-0.521,0.09,177616000,199016000,1.3,2005-12-31,15.22,18223000,7103000000.0,405915000,185272000,19006000,16277000,16277000,None,0,None,42752000,None,None,None,None,None,166266000,None,None,None,0.16,159760000,228299000,177616000,62726000,119461000,None,None,None,None,None,None,None,1.506,2.772,2.004,None,None,None,None,None,None,None,0.102,None,146982000,2025-10-29,annual,1.39,USD,post-market,None,417482000,0.102,0.145,0.074,42.44,206899000,None,None,227063000,74.65,75.92,6.9231,869893000,663423000,155748000,155748000,206470000,None,885830000,714145000,19.81,None,89.37,64.7
