date,symbol,eps,revenue_ttm,pe_ratio,accumulateddepreciationamortizationppe,beta,book_value,capitalexpenditures,capitalleaseobligations,cashandcashequivalentsatcarryingvalue,cashandshortterminvestments,cashflowfromfinancing,cashflowfrominvestment,changeincashandcashequivalents,changeinexchangerate,changeininventory,changeinoperatingassets,changeinoperatingliabilities,changeinreceivables,commonstock,commonstocksharesoutstanding,comprehensiveincomenetoftax,costofgoodsandservicessold,costofrevenue,currentaccountspayable,currentdebt,currentlongtermdebt,currentnetreceivables,deferredrevenue,depreciation,depreciationandamortization,depreciationdepletionandamortization,dividendpayout,dividendpayoutcommonstock,dividendpayoutpreferredstock,earnings_growth_yoy,earnings_surprise,ebit,ebitda,estimated_eps,fiscaldateending,forward_pe,goodwill,gross_profit_ttm,grossprofit,incomebeforetax,incometaxexpense,intangibleassets,intangibleassetsexcludinggoodwill,interestanddebtexpense,interestexpense,interestincome,inventory,investmentincomenet,investments,longtermdebt,longtermdebtnoncurrent,longterminvestments,netincome,netincomefromcontinuingoperations,netinterestincome,noninterestincome,operating_margin_ttm,operatingcashflow,operatingexpenses,operatingincome,othercurrentassets,othercurrentliabilities,othernoncurrentassets,othernoncurrentliabilities,othernonoperatingincome,paymentsforoperatingactivities,paymentsforrepurchaseofcommonstock,paymentsforrepurchaseofequity,paymentsforrepurchaseofpreferredstock,peg_ratio,price_to_book,price_to_sales_ttm,proceedsfromissuanceofcommonstock,proceedsfromissuanceoflongtermdebtandcapitalsecuritiesnet,proceedsfromissuanceofpreferredstock,proceedsfromoperatingactivities,proceedsfromrepaymentsofshorttermdebt,proceedsfromrepurchaseofequity,proceedsfromsaleoftreasurystock,profit_margin,profitloss,propertyplantequipment,report_date,report_type,reported_eps,reportedcurrency,reporttime,researchanddevelopment,retainedearnings,return_on_assets_ttm,return_on_equity_ttm,revenue_growth_yoy,revenue_per_share_ttm,sellinggeneralandadministrative,shortlongtermdebttotal,shorttermdebt,shortterminvestments,sma_200,sma_50,surprise_pct,totalassets,totalcurrentassets,totalcurrentliabilities,totalliabilities,totalnoncurrentassets,totalnoncurrentliabilities,totalrevenue,totalshareholderequity,trailing_pe,treasurystock,week_52_high,week_52_low
2016-12-31,CVNA,,,,,,,,,,,,,,,,,,,,,,,,,,,,,,,,,,,,-0.26,,,0.0,,,,,,,,,,,,,,,,,,,,,,,,,,,,,,,,,,,,,,,,,,,,,,,,,2017-03-01,,-0.26,,pre-market,,,,,,,,,,,,,,,,,,,,,,,,,
2017-03-31,CVNA,,,,,,,,,,,,,,,,,,,,,,,,,,,,,,,,,,,,0.01,,,-0.29,,,,,,,,,,,,,,,,,,,,,,,,,,,,,,,,,,,,,,,,,,,,,,,,,2017-06-07,,-0.28,,pre-market,,,,,,,,,,,,,3.4483,,,,,,,,,,,,
2017-06-30,CVNA,,,,,,,,,,,,,,,,,,,,,,,,,,,,,,,,,,,,0.02,,,-0.3,,,,,,,,,,,,,,,,,,,,,,,,,,,,,,,,,,,,,,,,,,,,,,,,,2017-08-08,,-0.28,,post-market,,,,,,,,,,,,,6.6667,,,,,,,,,,,,
2017-09-30,CVNA,,,,,,,,,,,,,,,,,,,,,,,,,,,,,,,,,,,,0.01,,,-0.3,,,,,,,,,,,,,,,,,,,,,,,,,,,,,,,,,,,,,,,,,,,,,,,,,2017-11-07,,-0.29,,post-market,,,,,,,,,,,,,3.3333,,,,,,,,,,,,
2017-12-31,CVNA,,,,,,,,,,,,,,,,,,,,,,,,,,,,,,,,,,,,-0.02,,,-0.34,,,,,,,,,,,,,,,,,,,,,,,,,,,,,,,,,,,,,,,,,,,,,,,,,2018-03-06,,-0.36,,post-market,,,,,,,,,,,,,-5.8824,,,,,,,,,,,,
2018-03-31,CVNA,,,,,,,,,,,,,,,,,,,,,,,,,,,,,,,,,,,,0.0,,,-0.4,,,,,,,,,,,,,,,,,,,,,,,,,,,,,,,,,,,,,,,,,,,,,,,,,2018-05-09,,-0.4,,post-market,,,,,,,,,,,,,0.0,,,,,,,,,,,,
2018-06-30,CVNA,,,,,,,,,,,,,,,,,,,,,,,,,,,,,,,,,,,,-0.02,,,-0.35,,,,,,,,,,,,,,,,,,,,,,,,,,,,,,,,,,,,,,,,,,,,,,,,,2018-08-08,,-0.37,,post-market,,,,,,,,,,,,,-5.7143,,,,,,,,,,,,
2018-09-30,CVNA,,,,,,,,,,,,,,,,,,,,,,,,,,,,,,,,,,,,-0.03,,,-0.37,,,,,,,,,,,,,,,,,,,,,,,,,,,,,,,,,,,,,,,,,,,,,,,,,2018-11-07,,-0.4,,post-market,,,,,,,,,,,,,-8.1081,,,,,,,,,,,,
2018-12-31,CVNA,,,,,,,,,,,,,,,,,,,,,,,,,,,,,,,,,,,,-0.06,,,-0.49,,,,,,,,,,,,,,,,,,,,,,,,,,,,,,,,,,,,,,,,,,,,,,,,,2019-02-27,,-0.55,,post-market,,,,,,,,,,,,,-12.2449,,,,,,,,,,,,
2019-03-31,CVNA,,,,,,,,,,,,,,,,,,,,,,,,,,,,,,,,,,,,-0.06,,,-0.47,,,,,,,,,,,,,,,,,,,,,,,,,,,,,,,,,,,,,,,,,,,,,,,,,2019-05-08,,-0.53,,post-market,,,,,,,,,,,,,-12.766,,,,,,,,,,,,
2019-06-30,CVNA,,,,,,,,,,,,,,,,,,,,,,,,,,,,,,,,,,,,0.02,,,-0.42,,,,,,,,,,,,,,,,,,,,,,,,,,,,,,,,,,,,,,,,,,,,,,,,,2019-08-07,,-0.4,,post-market,,,,,,,,,,,,,4.7619,,,,,,,,,,,,
2019-09-30,CVNA,,,,,,,,,,,,,,,,,,,,,,,,,,,,,,,,,,,,-0.16,,,-0.4,,,,,,,,,,,,,,,,,,,,,,,,,,,,,,,,,,,,,,,,,,,,,,,,,2019-11-06,,-0.56,,post-market,,,,,,,,,,,,,-40.0,,,,,,,,,,,,
2019-12-31,CVNA,,,,,,,,,,,,,,,,,,,,,,,,,,,,,,,,,,,,-0.16,,,-0.63,,,,,,,,,,,,,,,,,,,,,,,,,,,,,,,,,,,,,,,,,,,,,,,,,2020-02-26,,-0.79,,post-market,,,,,,,,,,,,,-25.3968,,,,,,,,,,,,
2020-03-31,CVNA,,,,,,,,,,,,,,,,,,,,,,,,,,,,,,,,,,,,-0.56,,,-0.62,,,,,,,,,,,,,,,,,,,,,,,,,,,,,,,,,,,,,,,,,,,,,,,,,2020-05-06,,-1.18,,post-market,,,,,,,,,,,,,-90.3226,,,,,,,,,,,,
2020-06-30,CVNA,,,,,,,,,,,,,,,,,,,,,,,,,,,,,,,,,,,,0.21,,,-0.83,,,,,,,,,,,,,,,,,,,,,,,,,,,,,,,,,,,,,,,,,,,,,,,,,2020-08-05,,-0.62,,post-market,,,,,,,,,,,,,25.3012,,,,,,,,,,,,
2020-09-30,CVNA,,,,,,,,,,,,,,,,,,,,,,,,,,,,,,,,,,,,0.07,,,-0.32,,,,,,,,,,,,,,,,,,,,,,,,,,,,,,,,,,,,,,,,,,,,,,,,,2020-10-29,,-0.25,,post-market,,,,,,,,,,,,,21.875,,,,,,,,,,,,
2020-12-31,CVNA,,,,,,,,,,,,,,,,,,,,,,,,,,,,,,,,,,,,-0.4,,,-0.47,,,,,,,,,,,,,,,,,,,,,,,,,,,,,,,,,,,,,,,,,,,,,,,,,2021-02-25,,-0.87,,post-market,,,,,,,,,,,,,-85.1064,,,,,,,,,,,,
2021-03-31,CVNA,,,,,,,,,,,,,,,,,,,,,,,,,,,,,,,,,,,,0.21,,,-0.67,,,,,,,,,,,,,,,,,,,,,,,,,,,,,,,,,,,,,,,,,,,,,,,,,2021-05-06,,-0.46,,post-market,,,,,,,,,,,,,31.3433,,,,,,,,,,,,
2021-06-30,CVNA,,,,,,,,,,,,,,,,,,,,,,,,,,,,,,,,,,,,0.65,,,-0.39,,,,,,,,,,,,,,,,,,,,,,,,,,,,,,,,,,,,,,,,,,,,,,,,,2021-08-05,,0.26,,post-market,,,,,,,,,,,,,166.6667,,,,,,,,,,,,
2021-09-30,CVNA,,,,,,,,,,,,,,,,,,,,,,,,,,,,,,,,,,,,-0.1,,,-0.28,,,,,,,,,,,,,,,,,,,,,,,,,,,,,,,,,,,,,,,,,,,,,,,,,2021-11-04,,-0.38,,post-market,,,,,,,,,,,,,-35.7143,,,,,,,,,,,,
2021-12-31,CVNA,,,,,,,,,,,,,,,,,,,,,,,,,,,,,,,,,,,,-0.2,,,-0.82,,,,,,,,,,,,,,,,,,,,,,,,,,,,,,,,,,,,,,,,,,,,,,,,,2022-02-24,,-1.02,,post-market,,,,,,,,,,,,,-24.3902,,,,,,,,,,,,
2022-03-31,CVNA,,,,,,,,,,,,,,,,,,,,,,,,,,,,,,,,,,,,-1.43,,,-1.46,,,,,,,,,,,,,,,,,,,,,,,,,,,,,,,,,,,,,,,,,,,,,,,,,2022-04-20,,-2.89,,post-market,,,,,,,,,,,,,-97.9452,,,,,,,,,,,,
2022-06-30,CVNA,,,,,,,,,,,,,,,,,,,,,,,,,,,,,,,,,,,,-0.56,,,-1.79,,,,,,,,,,,,,,,,,,,,,,,,,,,,,,,,,,,,,,,,,,,,,,,,,2022-08-04,,-2.35,,post-market,,,,,,,,,,,,,-31.2849,,,,,,,,,,,,
2022-09-30,CVNA,,,,,,,,,,,,,,,,,,,,,,,,,,,,,,,,,,,,-0.73,,,-1.94,,,,,,,,,,,,,,,,,,,,,,,,,,,,,,,,,,,,,,,,,,,,,,,,,2022-11-03,,-2.67,,post-market,,,,,,,,,,,,,-37.6289,,,,,,,,,,,,
2022-12-31,CVNA,,,,,,,,,,,,,,,,,,,,,,,,,,,,,,,,,,,,2.66,,,-2.27,,,,,,,,,,,,,,,,,,,,,,,,,,,,,,,,,,,,,,,,,,,,,,,,,2023-02-23,,0.39,,post-market,,,,,,,,,,,,,117.1806,,,,,,,,,,,,
2023-03-31,CVNA,,,,,,,,,,,,,,,,,,,,,,,,,,,,,,,,,,,,0.49,,,-2.0,,,,,,,,,,,,,,,,,,,,,,,,,,,,,,,,,,,,,,,,,,,,,,,,,2023-05-04,,-1.51,,post-market,,,,,,,,,,,,,24.5,,,,,,,,,,,,
2023-06-30,CVNA,,,,,,,,,,,,,,,,,,,,,,,,,,,,,,,,,,,,0.6,,,-1.15,,,,,,,,,,,,,,,,,,,,,,,,,,,,,,,,,,,,,,,,,,,,,,,,,2023-07-19,,-0.55,,pre-market,,,,,,,,,,,,,52.1739,,,,,,,,,,,,
2023-09-30,CVNA,,,,,,,,,,,,,,,,,,,,,,,,,,,,,,,,,,,,0.33,,,-0.79,,,,,,,,,,,,,,,,,,,,,,,,,,,,,,,,,,,,,,,,,,,,,,,,,2023-11-02,,-0.46,,post-market,,,,,,,,,,,,,41.7722,,,,,,,,,,,,
2023-12-31,CVNA,,,,,,,,,,,,,,,,,,,,,,,,,,,,,,,,,,,,-0.11,,,-0.89,,,,,,,,,,,,,,,,,,,,,,,,,,,,,,,,,,,,,,,,,,,,,,,,,2024-02-22,,-1.0,,post-market,,,,,,,,,,,,,-12.3596,,,,,,,,,,,,
2024-03-31,CVNA,,,,,,,,,,,,,,,,,,,,,,,,,,,,,,,,,,,,0.97,,,-0.74,,,,,,,,,,,,,,,,,,,,,,,,,,,,,,,,,,,,,,,,,,,,,,,,,2024-05-01,,0.23,,post-market,,,,,,,,,,,,,131.0811,,,,,,,,,,,,
2024-06-30,CVNA,,,,,,,,,,,,,,,,,,,,,,,,,,,,,,,,,,,,0.21,,,-0.07,,,,,,,,,,,,,,,,,,,,,,,,,,,,,,,,,,,,,,,,,,,,,,,,,2024-07-31,,0.14,,post-market,,,,,,,,,,,,,300.0,,,,,,,,,,,,
2024-09-30,CVNA,,,,,,,,,,,,,,,,,,,,,,,,,,,,,,,,,,,,0.39,,,0.25,,,,,,,,,,,,,,,,,,,,,,,,,,,,,,,,,,,,,,,,,,,,,,,,,2024-10-30,,0.64,,post-market,,,,,,,,,,,,,156.0,,,,,,,,,,,,
2024-12-31,CVNA,,,,,,,,,,,,,,,,,,,,,,,,,,,,,,,,,,,,0.438,,,0.17,,,,,,,,,,,,,,,,,,,,,,,,,,,,,,,,,,,,,,,,,,,,,,,,,2025-02-20,,0.608,,post-market,,,,,,,,,,,,,257.6471,,,,,,,,,,,,
2025-03-31,CVNA,,,,,,,,,,,,,,,,,,,,,,,,,,,,,,,,,,,,0.9991,,,0.5297,,,,,,,,,,,,,,,,,,,,,,,,,,,,,,,,,,,,,,,,,,,,,,,,,2025-05-07,,1.5288,,pre-market,,,,,,,,,,,,,188.6162,,,,,,,,,,,,
2025-06-30,CVNA,,,,,,,,,,,,,,,,,,,,,,,,,,,,,,,,,,,,0.14,,,1.14,,,,,,,,,,,,,,,,,,,,,,,,,,,,,,,,,,,,,,,,,,,,,,,,,2025-07-30,,1.28,,post-market,,,,,,,,,,,,,12.2807,,,,,,,,,,,,
2025-09-30,CVNA,,,,,,,,,,,,,,,,,,,,,,,,,,,,,,,,,,,,-0.29,,,1.32,,,,,,,,,,,,,,,,,,,,,,,,,,,,,,,,,,,,,,,,,,,,,,,,,2025-10-29,,1.03,,post-market,,,,,,,,,,,,,-21.9697,,,,,,,,,,,,
2025-12-28,CVNA,4.38,18265999000.0,100.11,,3.52,16.14,,,,,,,,,,,,,,,,,,,,,,,,,,,,,0.609,-0.29,,,1.32,,64.94,,3904000000.0,,,,,,,,,,,,,,,,,,,0.0979,,,,,,,,,,,,,-0.13,27.21,5.2,,,,,,,,0.0344,,,2025-10-29,,1.03,,post-market,,,0.125,0.681,0.545,135.56,,,,,323.22,368.54,-21.9697,,,,,,,,,100.11,,485.33,148.25
2025-12-28,CVNA,4.38,18265999000.0,100.11,,3.52,16.14,,,,,,,,,,,,,,,None,4499000000,4499000000,,,,,,None,65000000,,,,,0.609,-0.29,384000000,449000000,1.32,2025-09-30,64.94,,3904000000.0,1148000000,259000000,-4000000,,,None,125000000,None,,None,,,,,151000000,263000000,-125000000,None,0.0979,,596000000,552000000,,,,,None,,,,,-0.13,27.21,5.2,,,,,,,,0.0344,,,2025-10-29,quarterly,1.03,USD,post-market,None,,0.125,0.681,0.545,135.56,493000000,,,,323.22,368.54,-21.9697,,,,,,,5647000000,,100.11,,485.33,148.25
2025-12-28,CVNA,4.38,18265999000.0,100.11,,3.52,16.14,,,,,,,,,,,,,,,None,3813000000,3813000000,,,,,,None,68000000,,,,,0.609,-0.29,451000000,519000000,1.32,2025-06-30,64.94,,3904000000.0,1027000000,308000000,125000000,,,None,143000000,None,,None,,,,,183000000,308000000,-143000000,None,0.0979,,514000000,513000000,,,,,None,,,,,-0.13,27.21,5.2,,,,,,,,0.0344,,,2025-10-29,quarterly,1.03,USD,post-market,None,,0.125,0.681,0.545,135.56,467000000,,,,323.22,368.54,-21.9697,,,,,,,4840000000,,100.11,,485.33,148.25
2025-12-28,CVNA,4.38,18265999000.0,100.11,,3.52,16.14,,,,,,,,,,,,,,,None,3345000000,3345000000,,,,,,None,73000000,,,,,0.609,-0.29,514000000,587000000,1.32,2025-03-31,64.94,,3904000000.0,887000000,375000000,2000000,,,None,139000000,None,,None,,,,,216000000,373000000,-139000000,None,0.0979,,493000000,394000000,,,,,None,,,,,-0.13,27.21,5.2,,,,,,,,0.0344,,,2025-10-29,quarterly,1.03,USD,post-market,None,,0.125,0.681,0.545,135.56,463000000,,,,323.22,368.54,-21.9697,,,,,,,4232000000,,100.11,,485.33,148.25
2025-12-28,CVNA,4.38,18265999000.0,100.11,,3.52,16.14,,,,,,,,,,,,,,,None,2825000000,2825000000,,,,,,None,74000000,,,,,0.609,-0.29,304000000,378000000,1.32,2024-12-31,64.94,,3904000000.0,722000000,156000000,-3000000,,,None,148000000,None,,None,,,,,79000000,159000000,-148000000,None,0.0979,,453000000,269000000,,,,,None,,,,,-0.13,27.21,5.2,,,,,,,,0.0344,,,2025-10-29,quarterly,1.03,USD,post-market,None,,0.125,0.681,0.545,135.56,265000000,,,,323.22,368.54,-21.9697,,,,,,,3547000000,,100.11,,485.33,148.25
2025-12-28,CVNA,4.38,18265999000.0,100.11,,3.52,16.14,,,,,,,,,,,,,,,None,2888000000,2888000000,,,,,,None,73000000,,,,,0.609,-0.29,304000000,377000000,1.32,2024-09-30,64.94,,3904000000.0,767000000,147000000,-1000000,,,None,157000000,None,,None,,,,,85000000,148000000,-157000000,None,0.0979,,429000000,338000000,,,,,None,,,,,-0.13,27.21,5.2,,,,,,,,0.0344,,,2025-10-29,quarterly,1.03,USD,post-market,None,,0.125,0.681,0.545,135.56,413000000,,,,323.22,368.54,-21.9697,,,,,,,3655000000,,100.11,,485.33,148.25
2025-12-28,CVNA,4.38,18265999000.0,100.11,,3.52,16.14,,,,,,,,,,,,,,,None,2736000000,2736000000,,,,,,None,76000000,,,,,0.609,-0.29,222000000,298000000,1.32,2024-06-30,64.94,,3904000000.0,674000000,49000000,1000000,,,None,173000000,None,,None,,,,,18000000,48000000,-173000000,None,0.0979,,414000000,260000000,,,,,None,,,,,-0.13,27.21,5.2,,,,,,,,0.0344,,,2025-10-29,quarterly,1.03,USD,post-market,None,,0.125,0.681,0.545,135.56,400000000,,,,323.22,368.54,-21.9697,,,,,,,3410000000,,100.11,,485.33,148.25
2025-12-28,CVNA,4.38,18265999000.0,100.11,,3.52,16.14,,,,,,,,,,,,,,,None,2513000000,2513000000,,,,,,None,82000000,,,,,0.609,-0.29,221000000,303000000,1.32,2024-03-31,64.94,,3904000000.0,548000000,48000000,-1000000,,,None,173000000,None,,None,,,,,28000000,49000000,-173000000,None,0.0979,,413000000,135000000,,,,,None,,,,,-0.13,27.21,5.2,,,,,,,,0.0344,,,2025-10-29,quarterly,1.03,USD,post-market,None,,0.125,0.681,0.545,135.56,402000000,,,,323.22,368.54,-21.9697,,,,,,,3061000000,,100.11,,485.33,148.25
2025-12-28,CVNA,4.38,18265999000.0,100.11,,3.52,16.14,,,,,,,,,,,,,,,None,2065000000,2065000000,,,,,,None,82000000,,,,,0.609,-0.29,-37000000,45000000,1.32,2023-12-31,64.94,,3904000000.0,359000000,-202000000,-2000000,,,None,165000000,None,,None,,,,,-114000000,-200000000,-165000000,None,0.0979,,396000000,-37000000,,,,,None,,,,,-0.13,27.21,5.2,,,,,,,,0.0344,,,2025-10-29,quarterly,1.03,USD,post-market,None,,0.125,0.681,0.545,135.56,380000000,,,,323.22,368.54,-21.9697,,,,,,,2424000000,,100.11,,485.33,148.25
2025-12-28,CVNA,4.38,18265999000.0,100.11,,3.52,16.14,,,,,,,,,,,,,,,None,2336000000,2336000000,,,,,,None,87000000,,,,,0.609,-0.29,923000000,1010000000,1.32,2023-09-30,64.94,,3904000000.0,437000000,770000000,29000000,,,None,153000000,None,,None,,,,,782000000,741000000,-153000000,None,0.0979,,388000000,49000000,,,,,None,,,,,-0.13,27.21,5.2,,,,,,,,0.0344,,,2025-10-29,quarterly,1.03,USD,post-market,None,,0.125,0.681,0.545,135.56,377000000,,,,323.22,368.54,-21.9697,,,,,,,2773000000,,100.11,,485.33,148.25
2025-12-28,CVNA,4.38,18265999000.0,100.11,,3.52,16.14,,,,,,,,,,,,,,,None,2515000000,2515000000,,,,,,None,90000000,,,,,0.609,-0.29,50000000,140000000,1.32,2023-06-30,64.94,,3904000000.0,453000000,-105000000,-47000000,,,None,155000000,None,,None,,,,,-58000000,-105000000,-155000000,None,0.0979,,403000000,50000000,,,,,3000000,,,,,-0.13,27.21,5.2,,,,,,,,0.0344,,,2025-10-29,quarterly,1.03,USD,post-market,None,,0.125,0.681,0.545,135.56,395000000,,,,323.22,368.54,-21.9697,,,,,,,2968000000,,100.11,,485.33,148.25
2025-12-28,CVNA,4.38,18265999000.0,100.11,,3.52,16.14,,,,,,,,,,,,,,,None,2353000000,2353000000,,,,,,None,93000000,,,,,0.609,-0.29,-129000000,-36000000,1.32,2023-03-31,64.94,,3904000000.0,253000000,-288000000,-2000000,,,None,159000000,None,,None,,,,,-160000000,-286000000,-159000000,None,0.0979,,384000000,-131000000,,,,,2000000,,,,,-0.13,27.21,5.2,,,,,,,,0.0344,,,2025-10-29,quarterly,1.03,USD,post-market,None,,0.125,0.681,0.545,135.56,416000000,,,,323.22,368.54,-21.9697,,,,,,,2606000000,,100.11,,485.33,148.25
2025-12-28,CVNA,4.38,18265999000.0,100.11,,3.52,16.14,,,,,,,,,,,,,,,None,2720000000,2720000000,,,,,,None,82000000,,,,,0.609,-0.29,-1288000000,-1206000000,1.32,2022-12-31,64.94,,3904000000.0,117000000,-1441000000,153000000,,,None,153000000,None,,None,,,,,-806000000,-1441000000,-153000000,None,0.0979,,556000000,-439000000,,,,,-2000000,,,,,-0.13,27.21,5.2,,,,,,,,0.0344,,,2025-10-29,quarterly,1.03,USD,post-market,None,,0.125,0.681,0.545,135.56,545000000,,,,323.22,368.54,-21.9697,,,,,,,2837000000,,100.11,,485.33,148.25
2025-12-28,CVNA,4.38,18265999000.0,100.11,,3.52,16.14,,,,,,,,,,,,,,,None,3099000000,3099000000,,,,,,None,78000000,,,,,0.609,-0.29,-355000000,-277000000,1.32,2022-09-30,64.94,,3904000000.0,287000000,-508000000,-225000000,,,None,153000000,None,,None,,,,,-283000000,-508000000,-153000000,None,0.0979,,584000000,-297000000,,,,,-58000000,,,,,-0.13,27.21,5.2,,,,,,,,0.0344,,,2025-10-29,quarterly,1.03,USD,post-market,None,,0.125,0.681,0.545,135.56,539000000,,,,323.22,368.54,-21.9697,,,,,,,3386000000,,100.11,,485.33,148.25
2025-12-28,CVNA,4.38,18265999000.0,100.11,,3.52,16.14,,,,,,,,,,,,,,,None,3549000000,3549000000,,,,,,None,65000000,,,,,0.609,-0.29,-322000000,-257000000,1.32,2022-06-30,64.94,,3904000000.0,335000000,-438000000,1000000,,,None,116000000,None,,None,,,,,-238000000,-439000000,-116000000,None,0.0979,,660000000,-325000000,,,,,3000000,,,,,-0.13,27.21,5.2,,,,,,,,0.0344,,,2025-10-29,quarterly,1.03,USD,post-market,None,,0.125,0.681,0.545,135.56,590000000,,,,323.22,368.54,-21.9697,,,,,,,3884000000,,100.11,,485.33,148.25
2025-12-28,CVNA,4.38,18265999000.0,100.11,,3.52,16.14,,,,,,,,,,,,,,,None,3199000000,3199000000,,,,,,None,37000000,,,,,0.609,-0.29,-196000000,-159000000,1.32,2022-03-31,64.94,,3904000000.0,298000000,-506000000,-246000000,,,None,64000000,None,,None,,,,,-260000000,-506000000,-64000000,None,0.0979,,727000000,-429000000,,,,,-13000000,,,,,-0.13,27.21,5.2,,,,,,,,0.0344,,,2025-10-29,quarterly,1.03,USD,post-market,None,,0.125,0.681,0.545,135.56,572000000,,,,323.22,368.54,-21.9697,,,,,,,3497000000,,100.11,,485.33,148.25
2025-12-28,CVNA,4.38,18265999000.0,100.11,,3.52,16.14,,,,,,,,,,,,,,,None,3268000000,3268000000,,,,,,None,32000000,,,,,0.609,-0.29,-126000000,-94000000,1.32,2021-12-31,64.94,,3904000000.0,485000000,-181000000,1000000,,,None,55000000,None,,None,,,,,-89000000,-182000000,-55000000,None,0.0979,,589000000,-104000000,,,,,-22000000,,,,,-0.13,27.21,5.2,,,,,,,,0.0344,,,2025-10-29,quarterly,1.03,USD,post-market,None,,0.125,0.681,0.545,135.56,486000000,,,,323.22,368.54,-21.9697,,,,,,,3753000000,,100.11,,485.33,148.25
2025-12-28,CVNA,4.38,18265999000.0,100.11,,3.52,16.14,,,,,,,,,,,,,,,None,2984000000,2984000000,,,,,,None,28000000,,,,,0.609,-0.29,-20000000,8000000,1.32,2021-09-30,64.94,,3904000000.0,496000000,-68000000,-36000000,,,None,48000000,None,,None,,,,,-32000000,-68000000,-48000000,None,0.0979,,519000000,-23000000,,,,,3000000,,,,,-0.13,27.21,5.2,,,,,,,,0.0344,,,2025-10-29,quarterly,1.03,USD,post-market,None,,0.125,0.681,0.545,135.56,420000000,,,,323.22,368.54,-21.9697,,,,,,,3480000000,,100.11,,485.33,148.25
2025-12-28,CVNA,4.38,18265999000.0,100.11,,3.52,16.14,,,,,,,,,,,,,,,None,2784000000,2784000000,,,,,,None,24000000,,,,,0.609,-0.29,65000000,89000000,1.32,2021-06-30,64.94,,3904000000.0,552000000,45000000,23000000,,,None,43000000,None,,None,,,,,22000000,45000000,-43000000,None,0.0979,,470000000,82000000,,,,,6000000,,,,,-0.13,27.21,5.2,,,,,,,,0.0344,,,2025-10-29,quarterly,1.03,USD,post-market,None,,0.125,0.681,0.545,135.56,351000000,,,,323.22,368.54,-21.9697,,,,,,,3336000000,,100.11,,485.33,148.25
2025-12-28,CVNA,4.38,18265999000.0,100.11,,3.52,16.14,,,,,,,,,,,,,,,None,1929000000,1929000000,,,,,,None,22000000,,,,,0.609,-0.29,-52000000,-30000000,1.32,2021-03-31,64.94,,3904000000.0,316000000,-82000000,-46000000,,,None,30000000,None,,None,,,,,-36000000,-82000000,-30000000,None,0.0979,,375000000,-59000000,,,,,7000000,,,,,-0.13,27.21,5.2,,,,,,,,0.0344,,,2025-10-29,quarterly,1.03,USD,post-market,None,,0.125,0.681,0.545,135.56,297000000,,,,323.22,368.54,-21.9697,,,,,,,2245000000,,100.11,,485.33,148.25
2025-12-28,CVNA,4.38,18265999000.0,100.11,,3.52,16.14,,,,,,,,,,,,,,,None,1603857000,1603857000,,,,,,None,21715000,,,,,0.609,-0.29,-92237000,-70522000,1.32,2020-12-31,64.94,,3904000000.0,222549000,-154712000,-93000,,,None,62475000,None,,None,,,,,-63338000,-154619000,-62475000,None,0.0979,,321359000,-98810000,,,,,6573000,,,,,-0.13,27.21,5.2,,,,,,,,0.0344,,,2025-10-29,quarterly,1.03,USD,post-market,None,,0.125,0.681,0.545,135.56,258507000,,,,323.22,368.54,-21.9697,,,,,,,1826406000,,100.11,,485.33,148.25
2025-12-28,CVNA,4.38,18265999000.0,100.11,,3.52,16.14,,,,,,,,,,,,,,,None,1300672000,1300672000,,,,,,None,18636000,,,,,0.609,-0.29,2632000,21268000,1.32,2020-09-30,64.94,,3904000000.0,242937000,-17644000,76000,,,None,20276000,None,,None,,,,,-7085000,-17720000,-20276000,None,0.0979,,249506000,-6569000,,,,,9201000,,,,,-0.13,27.21,5.2,,,,,,,,0.0344,,,2025-10-29,quarterly,1.03,USD,post-market,None,,0.125,0.681,0.545,135.56,202694000,,,,323.22,368.54,-21.9697,,,,,,,1543609000,,100.11,,485.33,148.25
2025-12-28,CVNA,4.38,18265999000.0,100.11,,3.52,16.14,,,,,,,,,,,,,,,None,968128000,968128000,,,,,,None,17629000,,,,,0.609,-0.29,-21153000,-3524000,1.32,2020-06-30,64.94,,3904000000.0,150206000,-106564000,-238000,,,None,19915000,None,,None,,,,,-40830000,-106326000,-19915000,None,0.0979,,239934000,-89728000,,,,,3079000,,,,,-0.13,27.21,5.2,,,,,,,,0.0344,,,2025-10-29,quarterly,1.03,USD,post-market,None,,0.125,0.681,0.545,135.56,177604000,,,,323.22,368.54,-21.9697,,,,,,,1118334000,,100.11,,485.33,148.25
2025-12-28,CVNA,4.38,18265999000.0,100.11,,3.52,16.14,,,,,,,,,,,,,,,None,959794000,959794000,,,,,,None,15811000,,,,,0.609,-0.29,-31025000,-15214000,1.32,2020-03-31,64.94,,3904000000.0,138422000,-183557000,-123670000,,,None,28862000,None,,None,,,,,-59887000,-183557000,-28862000,None,0.0979,,275711000,-137289000,,,,,-17406000,,,,,-0.13,27.21,5.2,,,,,,,,0.0344,,,2025-10-29,quarterly,1.03,USD,post-market,None,,0.125,0.681,0.545,135.56,200923000,,,,323.22,368.54,-21.9697,,,,,,,1098216000,,100.11,,485.33,148.25
2025-12-28,CVNA,4.38,18265999000.0,100.11,,3.52,16.14,,,,,,,,,,,,,,,None,974401000,974401000,,,,,,None,13760000,,,,,0.609,-0.29,-101087000,-87327000,1.32,2019-12-31,64.94,,3904000000.0,129187000,-125740000,-105257000,,,None,24653000,None,,None,,,,,-41133000,-125740000,-24653000,None,0.0979,,228303000,-99116000,,,,,None,,,,,-0.13,27.21,5.2,,,,,,,,0.0344,,,2025-10-29,quarterly,1.03,USD,post-market,None,,0.125,0.681,0.545,135.56,182796000,,,,323.22,368.54,-21.9697,,,,,,,1103588000,,100.11,,485.33,148.25
2025-12-28,CVNA,4.38,18265999000.0,100.11,,3.52,16.14,,,,,,,,,,,,,,,None,957311000,957311000,,,,,,None,10675000,,,,,0.609,-0.29,-18027000,-7352000,1.32,2019-09-30,64.94,,3904000000.0,137543000,-92244000,-53227000,,,None,20990000,None,,None,,,,,-39017000,-92244000,-20990000,None,0.0979,,207970000,-70427000,,,,,-827000,,,,,-0.13,27.21,5.2,,,,,,,,0.0344,,,2025-10-29,quarterly,1.03,USD,post-market,None,,0.125,0.681,0.545,135.56,152706000,,,,323.22,368.54,-21.9697,,,,,,,1094854000,,100.11,,485.33,148.25
2025-12-28,CVNA,4.38,18265999000.0,100.11,,3.52,16.14,,,,,,,,,,,,,,,None,848428000,848428000,,,,,,None,8887000,,,,,0.609,-0.29,-7295000,1592000,1.32,2019-06-30,64.94,,3904000000.0,137793000,-64059000,-37449000,,,None,19315000,None,,None,,,,,-26610000,-64059000,-19315000,None,0.0979,,181843000,-44050000,,,,,-694000,,,,,-0.13,27.21,5.2,,,,,,,,0.0344,,,2025-10-29,quarterly,1.03,USD,post-market,None,,0.125,0.681,0.545,135.56,131476000,,,,323.22,368.54,-21.9697,,,,,,,986221000,,100.11,,485.33,148.25
2025-12-28,CVNA,4.38,18265999000.0,100.11,,3.52,16.14,,,,,,,,,,,,,,,None,666702000,666702000,,,,,,None,7943000,,,,,0.609,-0.29,-12901000,-4958000,1.32,2019-03-31,64.94,,3904000000.0,88532000,-82596000,-54047000,,,None,15648000,None,,None,,,,,-28549000,-82596000,-15648000,None,0.0979,,155241000,-66709000,,,,,-239000,,,,,-0.13,27.21,5.2,,,,,,,,0.0344,,,2025-10-29,quarterly,1.03,USD,post-market,None,,0.125,0.681,0.545,135.56,115719000,,,,323.22,368.54,-21.9697,,,,,,,755234000,,100.11,,485.33,148.25
2025-12-28,CVNA,4.38,18265999000.0,100.11,,3.52,16.14,,,,,,,,,,,,,,,None,535542000,535542000,,,,,,None,7238000,,,,,0.609,-0.29,-74741000,-67503000,1.32,2018-12-31,64.94,,3904000000.0,49296000,-86404000,-57700000,,,None,11663000,None,,None,,,,,-22426000,-86404000,None,None,0.0979,,123814000,-74518000,,,,,None,,,,,-0.13,27.21,5.2,,,,,,,,0.0344,,,2025-10-29,quarterly,1.03,USD,post-market,0,,0.125,0.681,0.545,135.56,98682000,,,,323.22,368.54,-21.9697,,,,,,,584838000,,100.11,,485.33,148.25
2025-12-28,CVNA,4.38,18265999000.0,100.11,,3.52,16.14,,,,,,,,,,,,,,,None,484054000,484054000,,,,,,None,6439000,,,,,0.609,-0.29,-58770000,-52331000,1.32,2018-09-30,64.94,,3904000000.0,50867000,-64419000,-48377000,,,None,5649000,None,,None,,,,,-16042000,-64419000,None,None,0.0979,,109329000,-58462000,,,,,-308000,,,,,-0.13,27.21,5.2,,,,,,,,0.0344,,,2025-10-29,quarterly,1.03,USD,post-market,0,,0.125,0.681,0.545,135.56,88301000,,,,323.22,368.54,-21.9697,,,,,,,534921000,,100.11,,485.33,148.25
2025-12-28,CVNA,4.38,18265999000.0,100.11,,3.52,16.14,,,,,,,,,,,,,,,None,431508000,431508000,,,,,,None,5257000,,,,,0.609,-0.29,-47085000,-41828000,1.32,2018-06-30,64.94,,3904000000.0,43778000,-51250000,-41285000,,,None,4165000,None,,None,,,,,-9965000,-51250000,None,None,0.0979,,90395000,-46617000,,,,,-468000,,,,,-0.13,27.21,5.2,,,,,,,,0.0344,,,2025-10-29,quarterly,1.03,USD,post-market,0,,0.125,0.681,0.545,135.56,68870000,,,,323.22,368.54,-21.9697,,,,,,,475286000,,100.11,,485.33,148.25
2025-12-28,CVNA,4.38,18265999000.0,100.11,,3.52,16.14,,,,,,,,,,,,,,,None,330793000,330793000,,,,,,None,4605000,,,,,0.609,-0.29,-49131000,-44526000,1.32,2018-03-31,64.94,,3904000000.0,29629000,-52672000,-45629000,,,None,3541000,None,,None,,,,,-7043000,-52672000,None,None,0.0979,,78581000,-48952000,,,,,-179000,,,,,-0.13,27.21,5.2,,,,,,,,0.0344,,,2025-10-29,quarterly,1.03,USD,post-market,0,,0.125,0.681,0.545,135.56,58177000,,,,323.22,368.54,-21.9697,,,,,,,360422000,,100.11,,485.33,148.25
2025-12-28,CVNA,4.38,18265999000.0,100.11,,3.52,16.14,,,,,,,,,,,,,,,None,246985000,246985000,,,,,,None,3822000,,,,,0.609,-0.29,-44983000,-41161000,1.32,2017-12-31,64.94,,3904000000.0,18068000,-47238000,-86286000,,,None,2255000,None,,None,,,,,-5480000,-125840000,None,None,0.0979,,62983000,-44915000,,,,,None,,,,,-0.13,27.21,5.2,,,,,,,,0.0344,,,2025-10-29,quarterly,1.03,USD,post-market,0,,0.125,0.681,0.545,135.56,50407000,,,,323.22,368.54,-21.9697,,,,,,,265053000,,100.11,,485.33,148.25
2025-12-28,CVNA,4.38,18265999000.0,100.11,,3.52,16.14,,,,,,,,,,,,,,,None,208063000,208063000,,,,,,None,3100000,,,,,0.609,-0.29,-38931000,-35831000,1.32,2017-09-30,64.94,,3904000000.0,17316000,-39769000,-35389000,,,None,838000,None,,None,,,,,-4380000,-39769000,None,None,0.0979,,55576000,-38260000,,,,,-671000,,,,,-0.13,27.21,5.2,,,,,,,,0.0344,,,2025-10-29,quarterly,1.03,USD,post-market,0,,0.125,0.681,0.545,135.56,43201000,,,,323.22,368.54,-21.9697,,,,,,,225379000,,100.11,,485.33,148.25
2025-12-28,CVNA,4.38,18265999000.0,100.11,,3.52,16.14,,,,,,,,,,,,,,,None,195910000,195910000,,,,,,None,2584000,,,,,0.609,-0.29,-36363000,-33779000,1.32,2017-06-30,64.94,,3904000000.0,13455000,-38870000,-24328000,,,None,2507000,None,,None,,,,,-4276000,-38870000,None,None,0.0979,,49427000,-35972000,,,,,-391000,,,,,-0.13,27.21,5.2,,,,,,,,0.0344,,,2025-10-29,quarterly,1.03,USD,post-market,0,,0.125,0.681,0.545,135.56,39626000,,,,323.22,368.54,-21.9697,,,,,,,209365000,,100.11,,485.33,148.25
2025-12-28,CVNA,4.38,18265999000.0,100.11,,3.52,16.14,,,,,,,,,,,,,,,None,151388000,151388000,,,,,,None,2061000,,,,,0.609,-0.29,-36380000,-34319000,1.32,2017-03-31,64.94,,3904000000.0,7685000,-38439000,1841000,,,None,2059000,None,,None,,,,,-38439000,-38439000,None,None,0.0979,,43847000,-36162000,,,,,None,,,,,-0.13,27.21,5.2,,,,,,,,0.0344,,,2025-10-29,quarterly,1.03,USD,post-market,0,,0.125,0.681,0.545,135.56,34469000,,,,323.22,368.54,-21.9697,,,,,,,159073000,,100.11,,485.33,148.25
2025-12-28,CVNA,4.38,18265999000.0,100.11,,3.52,16.14,,,,,,,,,,,,,,,None,104390000,104390000,,,,,,None,1638000,,,,,0.609,-0.29,-34338000,-32700000,1.32,2016-12-31,64.94,,3904000000.0,2437000,-35694000,1286000,,,None,1356000,None,,None,,,,,-35694000,-93112000,None,None,0.0979,,36705000,-34268000,,,,,None,,,,,-0.13,27.21,5.2,,,,,,,,0.0344,,,2025-10-29,quarterly,1.03,USD,post-market,0,,0.125,0.681,0.545,135.56,27645000,,,,323.22,368.54,-21.9697,,,,,,,106827000,,100.11,,485.33,148.25
2025-12-28,CVNA,4.38,18265999000.0,100.11,,3.52,16.14,,,,,,,,,,,,,,,None,92078000,92078000,,,,,,None,1196000,,,,,0.609,-0.29,-21260000,-20064000,1.32,2016-09-30,64.94,,3904000000.0,6766000,-21985000,694000,,,None,725000,None,,None,,,,,-21985000,0,None,None,0.0979,,27995000,-21229000,,,,,None,,,,,-0.13,27.21,5.2,,,,,,,,0.0344,,,2025-10-29,quarterly,1.03,USD,post-market,0,,0.125,0.681,0.545,135.56,21318000,,,,323.22,368.54,-21.9697,,,,,,,98844000,,100.11,,485.33,148.25
2025-12-28,CVNA,4.38,18265999000.0,100.11,,3.52,16.14,,,,,,,,,,,,,,,None,80489000,80489000,,,,,,None,958000,,,,,0.609,-0.29,-17312000,-16354000,1.32,2016-06-30,64.94,,3904000000.0,6037000,-18108000,791000,,,None,796000,None,,None,,,,,-18108000,0,None,None,0.0979,,23344000,-17307000,,,,,None,,,,,-0.13,27.21,5.2,,,,,,,,0.0344,,,2025-10-29,quarterly,1.03,USD,post-market,0,,0.125,0.681,0.545,135.56,17753000,,,,323.22,368.54,-21.9697,,,,,,,86526000,,100.11,,485.33,148.25
2025-12-28,CVNA,4.38,18265999000.0,100.11,,3.52,16.14,,,,,,,,,,,,,,,None,68994000,68994000,,,,,,None,866000,,,,,0.609,-0.29,-16615000,-15749000,1.32,2016-03-31,64.94,,3904000000.0,3957000,-17325000,770000,,,None,710000,None,,None,,,,,-17325000,0,None,None,0.0979,,20632000,-16675000,,,,,None,,,,,-0.13,27.21,5.2,,,,,,,,0.0344,,,2025-10-29,quarterly,1.03,USD,post-market,0,,0.125,0.681,0.545,135.56,14972000,,,,323.22,368.54,-21.9697,,,,,,,72951000,,100.11,,485.33,148.25
2025-12-28,CVNA,4.38,18265999000.0,100.11,,3.52,16.14,,,,,,,,,,,,,,,None,41454000,41454000,,,,,,None,897000,,,,,0.609,-0.29,-12642000,-11745000,1.32,2015-12-31,64.94,,3904000000.0,1060000,-13091000,3495000,,,None,394000,None,,None,,,,,-16586000,-36780000,None,None,0.0979,,13757000,-12642000,,,,,None,,,,,-0.13,27.21,5.2,,,,,,,,0.0344,,,2025-10-29,quarterly,1.03,USD,post-market,0,,0.125,0.681,0.545,135.56,9970000,,,,323.22,368.54,-21.9697,,,,,,,42514000,,100.11,,485.33,148.25
2025-12-28,CVNA,4.38,18265999000.0,100.11,,3.52,16.14,,,,,,,,,,,,,,,None,35438000,35438000,,,,,,None,None,,,,,0.609,-0.29,0,None,1.32,2015-09-30,64.94,,3904000000.0,0,0,0,,,None,310000,None,,None,,,,,0,0,None,None,0.0979,,0,0,,,,,None,,,,,-0.13,27.21,5.2,,,,,,,,0.0344,,,2025-10-29,quarterly,1.03,USD,post-market,0,,0.125,0.681,0.545,135.56,9218000,,,,323.22,368.54,-21.9697,,,,,,,35668000,,100.11,,485.33,148.25
2025-12-28,CVNA,4.38,18265999000.0,100.11,,3.52,16.14,,,,,,,,,,,,,,,None,28193000,28193000,,,,,,None,None,,,,,0.609,-0.29,0,None,1.32,2015-06-30,64.94,,3904000000.0,0,0,0,,,None,439000,None,,None,,,,,0,0,None,None,0.0979,,0,0,,,,,None,,,,,-0.13,27.21,5.2,,,,,,,,0.0344,,,2025-10-29,quarterly,1.03,USD,post-market,0,,0.125,0.681,0.545,135.56,7621000,,,,323.22,368.54,-21.9697,,,,,,,28607000,,100.11,,485.33,148.25
2025-12-28,CVNA,4.38,18265999000.0,100.11,,3.52,16.14,,,,,,,,,,,,,,,None,23461000,23461000,,,,,,None,None,,,,,0.609,-0.29,0,None,1.32,2015-03-31,64.94,,3904000000.0,0,0,0,,,None,269000,None,,None,,,,,0,0,None,None,0.0979,,0,0,,,,,None,,,,,-0.13,27.21,5.2,,,,,,,,0.0344,,,2025-10-29,quarterly,1.03,USD,post-market,0,,0.125,0.681,0.545,135.56,6637000,,,,323.22,368.54,-21.9697,,,,,,,23603000,,100.11,,485.33,148.25
2025-12-28,CVNA,4.38,18265999000.0,100.11,,3.52,16.14,,,,,,,,,,,,,,,None,10962000000,10962000000,,,,,,None,305000000,,,,,0.609,-0.29,1051000000,1356000000,1.32,2024-12-31,64.94,,3904000000.0,2711000000,400000000,-4000000,,,None,651000000,None,,None,,,,,210000000,404000000,-651000000,None,0.0979,,1709000000,1002000000,,,,,None,,,,,-0.13,27.21,5.2,,,,,,,,0.0344,,,2025-10-29,annual,1.03,USD,post-market,None,,0.125,0.681,0.545,135.56,1480000000,,,,323.22,368.54,-21.9697,,,,,,,13673000000,,100.11,,485.33,148.25
2025-12-28,CVNA,4.38,18265999000.0,100.11,,3.52,16.14,,,,,,,,,,,,,,,None,9047000000,9047000000,,,,,,None,352000000,,,,,0.609,-0.29,807000000,1159000000,1.32,2023-12-31,64.94,,3904000000.0,1724000000,175000000,25000000,,,None,632000000,None,,None,,,,,450000000,150000000,-632000000,None,0.0979,,1804000000,-80000000,,,,,None,,,,,-0.13,27.21,5.2,,,,,,,,0.0344,,,2025-10-29,annual,1.03,USD,post-market,None,,0.125,0.681,0.545,135.56,1378000000,,,,323.22,368.54,-21.9697,,,,,,,10771000000,,100.11,,485.33,148.25
2025-12-28,CVNA,4.38,18265999000.0,100.11,,3.52,16.14,,,,,,,,,,,,,,,None,12603000000,12603000000,,,,,,None,261000000,,,,,0.609,-0.29,-2407000000,-2146000000,1.32,2022-12-31,64.94,,3904000000.0,1001000000,-2893000000,1000000,,,None,486000000,None,,None,,,,,-1587000000,-2894000000,-486000000,None,0.0979,,2491000000,-1490000000,,,,,-70000000,,,,,-0.13,27.21,5.2,,,,,,,,0.0344,,,2025-10-29,annual,1.03,USD,post-market,None,,0.125,0.681,0.545,135.56,1996000000,,,,323.22,368.54,-21.9697,,,,,,,13604000000,,100.11,,485.33,148.25
2025-12-28,CVNA,4.38,18265999000.0,100.11,,3.52,16.14,,,,,,,,,,,,,,,None,10988000000,10988000000,,,,,,None,105000000,,,,,0.609,-0.29,-110000000,-5000000,1.32,2021-12-31,64.94,,3904000000.0,1826000000,-286000000,1000000,,,None,176000000,None,,None,,,,,-135000000,-287000000,-176000000,None,0.0979,,1930000000,-104000000,,,,,-6000000,,,,,-0.13,27.21,5.2,,,,,,,,0.0344,,,2025-10-29,annual,1.03,USD,post-market,None,,0.125,0.681,0.545,135.56,1449000000,,,,323.22,368.54,-21.9697,,,,,,,12814000000,,100.11,,485.33,148.25
2025-12-28,CVNA,4.38,18265999000.0,100.11,,3.52,16.14,,,,,,,,,,,,,,,None,4864991000,4864991000,,,,,,None,73791000,,,,,0.609,-0.29,-330949000,-257158000,1.32,2020-12-31,64.94,,3904000000.0,721574000,-462477000,-255000,,,None,131527999,None,,None,,,,,-171140000,-462222000,-131528000,None,0.0979,,1053970000,-332396000,,,,,1447000,,,,,-0.13,27.21,5.2,,,,,,,,0.0344,,,2025-10-29,annual,1.03,USD,post-market,None,,0.125,0.681,0.545,135.56,839728000,,,,323.22,368.54,-21.9697,,,,,,,5586565000,,100.11,,485.33,148.25
2025-12-28,CVNA,4.38,18265999000.0,100.11,,3.52,16.14,,,,,,,,,,,,,,,None,3433482000,3433482000,,,,,,None,41265000,,,,,0.609,-0.29,-34053000,7212000,1.32,2019-12-31,64.94,,3904000000.0,506414000,-364639000,-249980000,,,None,80606000,None,,None,,,,,-114659000,-364639000,-80606000,None,0.0979,,786717000,-280303000,,,,,-3730000,,,,,-0.13,27.21,5.2,,,,,,,,0.0344,,,2025-10-29,annual,1.03,USD,post-market,None,,0.125,0.681,0.545,135.56,582697000,,,,323.22,368.54,-21.9697,,,,,,,3939896000,,100.11,,485.33,148.25
2025-12-28,CVNA,4.38,18265999000.0,100.11,,3.52,16.14,,,,,,,,,,,,,,,None,1758758000,1758758000,,,,,,None,23539000,,,,,0.609,-0.29,-36736000,-13197000,1.32,2018-12-31,64.94,,3904000000.0,196709000,-254745000,-192991000,,,None,25018000,None,,None,,,,,-61754000,-254745000,-25018000,None,0.0979,,425258000,-228549000,,,,,-1178000,,,,,-0.13,27.21,5.2,,,,,,,,0.0344,,,2025-10-29,annual,1.03,USD,post-market,None,,0.125,0.681,0.545,135.56,314029000,,,,323.22,368.54,-21.9697,,,,,,,1955467000,,100.11,,485.33,148.25
2025-12-28,CVNA,4.38,18265999000.0,100.11,,3.52,16.14,,,,,,,,,,,,,,,None,790779000,790779000,,,,,,None,11568000,,,,,0.609,-0.29,-10654000,914000,1.32,2017-12-31,64.94,,3904000000.0,68091000,-164316000,-146003000,,,None,7659000,None,,None,,,,,-18313000,-164316000,-7659000,None,0.0979,,223400000,-155309000,,,,,-1348000,,,,,-0.13,27.21,5.2,,,,,,,,0.0344,,,2025-10-29,annual,1.03,USD,post-market,0,,0.125,0.681,0.545,135.56,167703000,,,,323.22,368.54,-21.9697,,,,,,,858870000,,100.11,,485.33,148.25
2025-12-28,CVNA,4.38,18265999000.0,100.11,,3.52,16.14,,,,,,,,,,,,,,,None,345951000,345951000,,,,,,None,4658000,,,,,0.609,-0.29,-89525000,-84867000,1.32,2016-12-31,64.94,,3904000000.0,19197000,-93112000,3541000,,,None,3587000,None,,None,,,,,-93112000,-93112000,-3587000,None,0.0979,,108676000,-89479000,,,,,None,,,,,-0.13,27.21,5.2,,,,,,,,0.0344,,,2025-10-29,annual,1.03,USD,post-market,None,,0.125,0.681,0.545,135.56,81688000,,,,323.22,368.54,-21.9697,,,,,,,365148000,,100.11,,485.33,148.25
2025-12-28,CVNA,4.38,18265999000.0,100.11,,3.52,16.14,,,,,,,,,,,,,,,None,129046000,129046000,,,,,,None,2800000,,,,,0.609,-0.29,-2597000,203000,1.32,2015-12-31,64.94,,3904000000.0,1346000,-36780000,-32771000,,,None,1412000,None,,None,,,,,-4009000,-36780000,None,None,0.0979,,36678000,-35332000,,,,,None,,,,,-0.13,27.21,5.2,,,,,,,,0.0344,,,2025-10-29,annual,1.03,USD,post-market,None,,0.125,0.681,0.545,135.56,25899000,,,,323.22,368.54,-21.9697,,,,,,,130392000,,100.11,,485.33,148.25
2025-12-28,CVNA,4.38,18265999000.0,100.11,,3.52,16.14,,,,,,,,,,,,,,,None,42103000,42103000,,,,,,None,1705000,,,,,0.609,-0.29,-15130000,-13425000,1.32,2014-12-31,64.94,,3904000000.0,-424000,-15238000,86000,,,None,108000,None,,None,,,,,-15238000,-15238000,None,None,0.0979,,14684000,-15108000,,,,,None,,,,,-0.13,27.21,5.2,,,,,,,,0.0344,,,2025-10-29,annual,1.03,USD,post-market,None,,0.125,0.681,0.545,135.56,10606000,,,,323.22,368.54,-21.9697,,,,,,,41679000,,100.11,,485.33,148.25
2025-12-28,CVNA,4.38,18265999000.0,100.11,None,3.52,16.14,,402000000,2221000000,2221000000,,,,,,,,,None,146274000,None,42103000,42103000,291000000,None,393000000,1076000000,None,None,1705000,,,,,0.609,-0.29,-15130000,-13425000,1.32,2025-09-30,64.94,3000000,3904000000.0,-424000,-15238000,86000,35000000,35000000,None,108000,None,2316000000,None,None,4810000000,None,None,-15238000,-15238000,None,None,0.0979,,14684000,-15108000,166000000,721000000,None,47000000,None,,,,,-0.13,27.21,5.2,,,,,,,,0.0344,,None,2025-10-29,quarterly,1.03,USD,post-market,None,-866000000,0.125,0.681,0.545,135.56,10606000,5748000000,536000000,486000000,323.22,368.54,-21.9697,9853000000,6265000000,1548000000,6902000000,3588000000,5354000000,41679000,2279000000,100.11,None,485.33,148.25
2025-12-28,CVNA,4.38,18265999000.0,100.11,None,3.52,16.14,,402000000,1857000000,1857000000,,,,,,,,,None,143230000,None,42103000,42103000,257000000,None,384000000,325000000,None,None,1705000,,,,,0.609,-0.29,-15130000,-13425000,1.32,2025-06-30,64.94,2000000,3904000000.0,-424000,-15238000,86000,32000000,32000000,None,108000,None,2023000000,None,None,5323000000,None,None,-15238000,-15238000,None,None,0.0979,,14684000,-15108000,1002000000,638000000,None,45000000,None,,,,,-0.13,27.21,5.2,,,,,,,,0.0344,,None,2025-10-29,quarterly,1.03,USD,post-market,None,-1017000000,0.125,0.681,0.545,135.56,10606000,6109000000,384000000,466000000,323.22,368.54,-21.9697,9366000000,5673000000,1417000000,7249000000,3693000000,5832000000,41679000,1730000000,100.11,None,485.33,148.25
2025-12-28,CVNA,4.38,18265999000.0,100.11,None,3.52,16.14,,402000000,1858000000,1858000000,,,,,,,,,None,142587000,None,42103000,42103000,204000000,None,372000000,373000000,None,None,1705000,,,,,0.609,-0.29,-15130000,-13425000,1.32,2025-03-31,64.94,2000000,3904000000.0,-424000,-15238000,86000,35000000,35000000,None,108000,None,1503000000,None,None,5269000000,None,None,-15238000,-15238000,None,None,0.0979,,14684000,-15108000,928000000,614000000,None,45000000,None,,,,,-0.13,27.21,5.2,,,,,,,,0.0344,,None,2025-10-29,quarterly,1.03,USD,post-market,None,-1200000000,0.125,0.681,0.545,135.56,10606000,6043000000,372000000,475000000,323.22,368.54,-21.9697,8878000000,5137000000,1347000000,7105000000,3741000000,5758000000,41679000,1504000000,100.11,None,485.33,148.25
2025-12-28,CVNA,4.38,18265999000.0,100.11,None,3.52,16.14,,414000000,1716000000,1716000000,,,,,,,,,None,139859000,None,42103000,42103000,236000000,None,376000000,303000000,None,None,1705000,,,,,0.609,-0.29,-15130000,-13425000,1.32,2024-12-31,64.94,None,3904000000.0,-424000,-15238000,86000,34000000,34000000,None,108000,None,1608000000,None,None,5256000000,None,None,-15238000,-15238000,None,None,0.0979,,14684000,-15108000,778000000,576000000,None,101000000,None,,,,,-0.13,27.21,5.2,,,,,,,,0.0344,,None,2025-10-29,quarterly,1.03,USD,post-market,None,-1416000000,0.125,0.681,0.545,135.56,10606000,6046000000,376000000,464000000,323.22,368.54,-21.9697,8484000000,4869000000,1338000000,7109000000,3615000000,5771000000,41679000,1260000000,100.11,None,485.33,148.25
2025-12-28,CVNA,4.38,18265999000.0,100.11,None,3.52,16.14,,429000000,871000000,871000000,,,,,,,,,None,133555000,None,42103000,42103000,231000000,None,285000000,367000000,None,None,1705000,,,,,0.609,-0.29,-15130000,-13425000,1.32,2024-09-30,64.94,None,3904000000.0,-424000,-15238000,86000,39000000,39000000,None,108000,None,1305000000,None,None,5431000000,None,None,-15238000,-15238000,None,None,0.0979,,14684000,-15108000,1222000000,506000000,None,46000000,None,,,,,-0.13,27.21,5.2,,,,,,,,0.0344,,None,2025-10-29,quarterly,1.03,USD,post-market,None,-1495000000,0.125,0.681,0.545,135.56,10606000,6145000000,285000000,463000000,323.22,368.54,-21.9697,7368000000,3765000000,1159000000,7082000000,3603000000,5923000000,41679000,611000000,100.11,None,485.33,148.25
2025-12-28,CVNA,4.38,18265999000.0,100.11,None,3.52,16.14,,444000000,542000000,542000000,,,,,,,,,None,128465000,None,42103000,42103000,275000000,None,275000000,349000000,None,None,1705000,,,,,0.609,-0.29,-15130000,-13425000,1.32,2024-06-30,64.94,None,3904000000.0,-424000,-15238000,86000,43000000,43000000,None,108000,None,1221000000,None,None,5428000000,None,None,-15238000,-15238000,None,None,0.0979,,14684000,-15108000,1365000000,424000000,None,65000000,None,,,,,-0.13,27.21,5.2,,,,,,,,0.0344,,None,2025-10-29,quarterly,1.03,USD,post-market,None,-1580000000,0.125,0.681,0.545,135.56,10606000,6147000000,275000000,421000000,323.22,368.54,-21.9697,7170000000,3477000000,1118000000,7055000000,3693000000,5937000000,41679000,526000000,100.11,None,485.33,148.25
2025-12-28,CVNA,4.38,18265999000.0,100.11,None,3.52,16.14,,424000000,252000000,252000000,,,,,,,,,None,116298000,None,42103000,42103000,272000000,None,469000000,351000000,None,None,1705000,,,,,0.609,-0.29,-15130000,-13425000,1.32,2024-03-31,64.94,None,3904000000.0,-424000,-15238000,86000,48000000,48000000,None,108000,None,1162000000,None,None,5544000000,None,None,-15238000,-15238000,None,None,0.0979,,14684000,-15108000,1467000000,491000000,None,52000000,None,,,,,-0.13,27.21,5.2,,,,,,,,0.0344,,None,2025-10-29,quarterly,1.03,USD,post-market,None,-1598000000,0.125,0.681,0.545,135.56,10606000,6437000000,469000000,388000000,323.22,368.54,-21.9697,6983000000,3232000000,1274000000,7294000000,3751000000,6020000000,41679000,289000000,100.11,None,485.33,148.25
2025-12-28,CVNA,4.38,18265999000.0,100.11,None,3.52,16.14,,433000000,530000000,530000000,,,,,,,,,None,200578000,None,42103000,42103000,224000000,None,857000000,266000000,None,None,1705000,,,,,0.609,-0.29,-15130000,-13425000,1.32,2023-12-31,64.94,None,3904000000.0,-424000,-15238000,86000,52000000,52000000,None,108000,None,1150000000,None,None,5416000000,None,None,-15238000,-15238000,None,None,0.0979,,14684000,-15108000,138000000,425000000,None,70000000,None,,,,,-0.13,27.21,5.2,,,,,,,,0.0344,,None,2025-10-29,quarterly,1.03,USD,post-market,None,-1626000000,0.125,0.681,0.545,135.56,10606000,6706000000,857000000,366000000,323.22,368.54,-21.9697,7071000000,3321000000,1536000000,7455000000,3750000000,5919000000,41679000,243000000,100.11,None,485.33,148.25
2025-12-28,CVNA,4.38,18265999000.0,100.11,None,3.52,16.14,,453000000,544000000,544000000,,,,,,,,,None,110844000,None,42103000,42103000,250000000,None,629000000,318000000,None,None,1705000,,,,,0.609,-0.29,-15130000,-13425000,1.32,2023-09-30,64.94,None,3904000000.0,-424000,-15238000,86000,56000000,56000000,None,108000,None,1085000000,None,None,5305000000,None,None,-15238000,-15238000,None,None,0.0979,,14684000,-15108000,1239000000,364000000,None,66000000,None,,,,,-0.13,27.21,5.2,,,,,,,,0.0344,,3524000000,2025-10-29,quarterly,1.03,USD,post-market,None,-1512000000,0.125,0.681,0.545,135.56,10606000,6387000000,632000000,371000000,323.22,368.54,-21.9697,7025000000,3186000000,1395000000,7227000000,3839000000,5832000000,41679000,339000000,100.11,None,485.33,148.25
2025-12-28,CVNA,4.38,18265999000.0,100.11,None,3.52,16.14,,466000000,541000000,541000000,,,,,,,,,None,106222000,None,42103000,42103000,249000000,None,1360000000,340000000,None,None,1705000,,,,,0.609,-0.29,-15130000,-13425000,1.32,2023-06-30,64.94,None,3904000000.0,-424000,-15238000,86000,61000000,61000000,None,108000,None,1302000000,None,None,6542000000,None,None,-15238000,-15238000,None,None,0.0979,,14684000,-15108000,1729000000,445000000,None,68000000,None,,,,,-0.13,27.21,5.2,,,,,,,,0.0344,,3615000000,2025-10-29,quarterly,1.03,USD,post-market,None,-2294000000,0.125,0.681,0.545,135.56,10606000,8371000000,1363000000,335000000,323.22,368.54,-21.9697,7849000000,3912000000,2179000000,9255000000,3937000000,7076000000,41679000,-697000000,100.11,None,485.33,148.25
2025-12-28,CVNA,4.38,18265999000.0,100.11,None,3.52,16.14,,493000000,488000000,488000000,,,,,,,,,None,106011000,None,42103000,42103000,251000000,None,1904000000,342000000,None,None,1705000,,,,,0.609,-0.29,-15130000,-13425000,1.32,2023-03-31,64.94,None,3904000000.0,-424000,-15238000,86000,65000000,65000000,None,108000,None,1485000000,None,None,6553000000,None,None,-15238000,-15238000,None,None,0.0979,,14684000,-15108000,2301000000,581000000,None,565000000,None,,,,,-0.13,27.21,5.2,,,,,,,,0.0344,,None,2025-10-29,quarterly,1.03,USD,post-market,None,-2236000000,0.125,0.681,0.545,135.56,10606000,8950000000,1904000000,312000000,323.22,368.54,-21.9697,8646000000,4616000000,2850000000,9968000000,4030000000,7118000000,41679000,-660000000,100.11,None,485.33,148.25
2025-12-28,CVNA,4.38,18265999000.0,100.11,None,3.52,16.14,,507000000,434000000,434000000,,,,,,,,,None,105909000,None,42103000,42103000,216000000,None,1735000000,253000000,None,None,1705000,,,,,0.609,-0.29,-15130000,-13425000,1.32,2022-12-31,64.94,0,3904000000.0,-424000,-15238000,86000,70000000,70000000,None,108000,None,1876000000,None,None,6574000000,None,None,-15238000,-15238000,None,None,0.0979,,14684000,-15108000,1710000000,542000000,None,78000000,None,,,,,-0.13,27.21,5.2,,,,,,,,0.0344,,3780000000,2025-10-29,quarterly,1.03,USD,post-market,None,-2076000000,0.125,0.681,0.545,135.56,10606000,8816000000,1735000000,321000000,323.22,368.54,-21.9697,8698000000,4594000000,2592000000,9751000000,4104000000,7159000000,41679000,-518000000,100.11,None,485.33,148.25
2025-12-28,CVNA,4.38,18265999000.0,100.11,None,3.52,16.14,,669000000,316000000,316000000,,,,,,,,,None,105857000,None,42103000,42103000,292000000,None,788000000,359000000,None,None,1705000,,,,,0.609,-0.29,-15130000,-13425000,1.32,2022-09-30,64.94,847000000,3904000000.0,-424000,-15238000,86000,76000000,76000000,None,108000,None,2577000000,None,None,6616000000,None,None,-15238000,-15238000,None,None,0.0979,,14684000,-15108000,1217000000,680000000,None,753000000,None,,,,,-0.13,27.21,5.2,,,,,,,,0.0344,,4015000000,2025-10-29,quarterly,1.03,USD,post-market,None,-1270000000,0.125,0.681,0.545,135.56,10606000,8073000000,788000000,350000000,323.22,368.54,-21.9697,9621000000,4469000000,1878000000,9247000000,5152000000,7369000000,41679000,274000000,100.11,None,485.33,148.25
2025-12-28,CVNA,4.38,18265999000.0,100.11,None,3.52,16.14,,640000000,1047000000,1047000000,,,,,,,,,None,101450000,None,42103000,42103000,294000000,None,1330000000,428000000,None,None,1705000,,,,,0.609,-0.29,-15130000,-13425000,1.32,2022-06-30,64.94,847000000,3904000000.0,-424000,-15238000,86000,82000000,82000000,None,108000,None,2865000000,None,None,6605000000,None,None,-15238000,-15238000,None,None,0.0979,,14684000,-15108000,1151000000,607000000,None,665000000,None,,,,,-0.13,27.21,5.2,,,,,,,,0.0344,,3920000000,2025-10-29,quarterly,1.03,USD,post-market,None,-987000000,0.125,0.681,0.545,135.56,10606000,8575000000,1330000000,401000000,323.22,368.54,-21.9697,10502000000,5491000000,2368000000,9638000000,5011000000,7270000000,41679000,539000000,100.11,None,485.33,148.25
2025-12-28,CVNA,4.38,18265999000.0,100.11,None,3.52,16.14,,474000000,247000000,247000000,,,,,,,,,None,90095000,None,42103000,42103000,154000000,None,2964000000,208000000,None,None,1705000,,,,,0.609,-0.29,-15130000,-13425000,1.32,2022-03-31,64.94,9000000,3904000000.0,-424000,-15238000,86000,4000000,4000000,None,108000,None,3304000000,None,None,3286000000,None,None,-15238000,-15238000,None,None,0.0979,,14684000,-15108000,1311000000,482000000,None,32000000,None,,,,,-0.13,27.21,5.2,,,,,,,,0.0344,,2331000000,2025-10-29,quarterly,1.03,USD,post-market,None,-749000000,0.125,0.681,0.545,135.56,10606000,6724000000,2964000000,416000000,323.22,368.54,-21.9697,7585000000,5070000000,3741000000,7533000000,2515000000,3792000000,41679000,80000000,100.11,None,485.33,148.25
2025-12-28,CVNA,4.38,18265999000.0,100.11,None,3.52,16.14,,361000000,403000000,403000000,,,,,,,,,None,86939000,None,42103000,42103000,114000000,None,2205000000,206000000,None,None,1705000,,,,,0.609,-0.29,-15130000,-13425000,1.32,2021-12-31,64.94,9000000,3904000000.0,-424000,-15238000,86000,4000000,4000000,None,108000,None,3149000000,None,None,3208000000,None,None,-15238000,-15238000,None,None,0.0979,,14684000,-15108000,1134000000,435000000,None,392000000,None,,,,,-0.13,27.21,5.2,,,,,,,,0.0344,,1929000000,2025-10-29,quarterly,1.03,USD,post-market,None,-489000000,0.125,0.681,0.545,135.56,10606000,5774000000,2205000000,382000000,323.22,368.54,-21.9697,7015000000,4892000000,2890000000,6490000000,2123000000,3600000000,41679000,306000000,100.11,None,485.33,148.25
2025-12-28,CVNA,4.38,18265999000.0,100.11,None,3.52,16.14,,256000000,297000000,297000000,,,,,,,,,None,84779000,None,42103000,42103000,200000000,None,529000000,178000000,None,None,1705000,,,,,0.609,-0.29,-15130000,-13425000,1.32,2021-09-30,64.94,9000000,3904000000.0,-424000,-15238000,86000,5000000,5000000,None,108000,None,2285000000,None,None,3134000000,None,None,-15238000,-15238000,None,None,0.0979,,14684000,-15108000,930000000,364000000,None,257000000,None,,,,,-0.13,27.21,5.2,,,,,,,,0.0344,,1606000000,2025-10-29,quarterly,1.03,USD,post-market,None,-400000000,0.125,0.681,0.545,135.56,10606000,3919000000,529000000,312000000,323.22,368.54,-21.9697,5360000000,3690000000,1261000000,4652000000,1670000000,3391000000,41679000,385000000,100.11,None,485.33,148.25
2025-12-28,CVNA,4.38,18265999000.0,100.11,None,3.52,16.14,,150000000,201000000,201000000,,,,,,,,,None,81441000,None,42103000,42103000,154000000,None,751000000,185000000,None,None,1705000,,,,,0.609,-0.29,-15130000,-13425000,1.32,2021-06-30,64.94,9000000,3904000000.0,-424000,-15238000,86000,5000000,5000000,None,108000,None,1974000000,None,None,2327000000,None,None,-15238000,-15238000,None,None,0.0979,,14684000,-15108000,885000000,285000000,None,1000000,None,,,,,-0.13,27.21,5.2,,,,,,,,0.0344,,1262000000,2025-10-29,quarterly,1.03,USD,post-market,None,-368000000,0.125,0.681,0.545,135.56,10606000,3228000000,751000000,239000000,323.22,368.54,-21.9697,4581000000,3245000000,1333000000,3811000000,1336000000,2478000000,41679000,403000000,100.11,None,485.33,148.25
2025-12-28,CVNA,4.38,18265999000.0,100.11,None,3.52,16.14,,147000000,370000000,370000000,,,,,,,,,None,78103000,None,42103000,42103000,143000000,None,191000000,118000000,None,None,1705000,,,,,0.609,-0.29,-15130000,-13425000,1.32,2021-03-31,64.94,9000000,3904000000.0,-424000,-15238000,86000,5000000,5000000,None,108000,None,1439000000,None,None,2254000000,None,None,-15238000,-15238000,None,None,0.0979,,14684000,-15108000,701000000,235000000,None,148000000,None,,,,,-0.13,27.21,5.2,,,,,,,,0.0344,,1138000000,2025-10-29,quarterly,1.03,USD,post-market,None,-390000000,0.125,0.681,0.545,135.56,10606000,2592000000,191000000,177000000,323.22,368.54,-21.9697,3819000000,2628000000,696000000,3098000000,1191000000,2402000000,41679000,365000000,100.11,None,485.33,148.25
2025-12-28,CVNA,4.38,18265999000.0,100.11,None,3.52,16.14,,147478000,301000000,301000000,,,,,,,,,173000,73193000,None,42103000,42103000,67000000,None,105317000,79000000,None,None,1705000,,,,,0.609,-0.29,-15130000,-13425000,1.32,2020-12-31,64.94,9000000,3904000000.0,-424000,-15238000,86000,6000000,6000000,None,108000,None,1036000000,None,None,1617002000,None,None,-15238000,-15238000,None,None,0.0979,,14684000,-15108000,507000000,206496000,None,148889000,None,,,,,-0.13,27.21,5.2,,,,,,,,0.0344,,1064630000,2025-10-29,quarterly,1.03,USD,post-market,None,-354174000,0.125,0.681,0.545,135.56,10606000,1870000000,105000000,131000000,323.22,368.54,-21.9697,3035000000,1923000000,467137000,2233028000,1112000000,1765891000,41679000,387600000,100.11,None,485.33,148.25
2025-12-28,CVNA,4.38,18265999000.0,100.11,None,3.52,16.14,,140010000,173704000,173704000,,,,,,,,,172000,70005000,None,42103000,42103000,96477000,None,181294000,82932000,None,None,1705000,,,,,0.609,-0.29,-15130000,-13425000,1.32,2020-09-30,64.94,9353000,3904000000.0,-424000,-15238000,86000,5990000,5990000,None,108000,None,967547000,None,None,1080929000,None,None,-15238000,-15238000,None,None,0.0979,,14684000,-15108000,522921000,187803000,None,141507000,None,,,,,-0.13,27.21,5.2,,,,,,,,0.0344,,941838000,2025-10-29,quarterly,1.03,USD,post-market,None,-290836000,0.125,0.681,0.545,135.56,10606000,1402233000,181294000,112134000,323.22,368.54,-21.9697,2732798000,1747104000,548786000,1771222000,985694000,1222436000,41679000,430510000,100.11,None,485.33,148.25
2025-12-28,CVNA,4.38,18265999000.0,100.11,None,3.52,16.14,,163210000,246299000,246299000,,,,,,,,,170000,66327000,None,42103000,42103000,69996000,None,83470000,45543000,None,None,1705000,,,,,0.609,-0.29,-15130000,-13425000,1.32,2020-06-30,64.94,9353000,3904000000.0,-424000,-15238000,86000,6337000,6337000,None,108000,None,629401000,None,None,965668000,None,None,-15238000,-15238000,None,None,0.0979,,14684000,-15108000,650243000,153215000,None,1584000,None,,,,,-0.13,27.21,5.2,,,,,,,,0.0344,,871085000,2025-10-29,quarterly,1.03,USD,post-market,None,-283751000,0.125,0.681,0.545,135.56,10606000,1212348000,83470000,116563000,323.22,368.54,-21.9697,2476806000,1571486000,373263000,1503725000,905320000,1130462000,41679000,425955000,100.11,None,485.33,148.25
2025-12-28,CVNA,4.38,18265999000.0,100.11,None,3.52,16.14,,159751000,72435000,72435000,,,,,,,,,152000,50399000,None,42103000,42103000,56008000,None,865500000,26591000,None,None,1705000,,,,,0.609,-0.29,-15130000,-13425000,1.32,2020-03-31,64.94,9353000,3904000000.0,-424000,-15238000,86000,6685000,6685000,None,108000,None,844681000,None,None,936121000,None,None,-15238000,-15238000,None,None,0.0979,,14684000,-15108000,449877000,150303000,None,1696000,None,,,,,-0.13,27.21,5.2,,,,,,,,0.0344,,815226000,2025-10-29,quarterly,1.03,USD,post-market,None,-242921000,0.125,0.681,0.545,135.56,10606000,1961372000,865500000,118923000,323.22,368.54,-21.9697,2239218000,1393584000,1128424000,2225992000,845634000,1097568000,41679000,43105000,100.11,None,485.33,148.25
2025-12-28,CVNA,4.38,18265999000.0,100.11,None,3.52,16.14,,116071000,76016000,76016000,,,,,,,,,152000,50211000,None,42103000,42103000,54027000,None,617571000,39864000,None,None,1705000,,,,,0.609,-0.29,-15130000,-13425000,1.32,2019-12-31,64.94,9353000,3904000000.0,-424000,-15238000,86000,7232000,7232000,None,108000,None,762696000,None,None,883060000,None,None,-15238000,-15238000,None,None,0.0979,,14684000,-15108000,480846000,141081000,None,1808000,None,,,,,-0.13,27.21,5.2,,,,,,,,0.0344,,666891000,2025-10-29,quarterly,1.03,USD,post-market,None,-183034000,0.125,0.681,0.545,135.56,10606000,1616702000,617571000,98780000,323.22,368.54,-21.9697,2057748000,1359422000,864870000,1865809000,698326000,1000939000,41679000,98112000,100.11,None,485.33,148.25
2025-12-28,CVNA,4.38,18265999000.0,100.11,None,3.52,16.14,,87266000,94943000,94943000,,,,,,,,,151000,49787000,None,42103000,42103000,45266000,None,302437000,59043000,None,None,1705000,,,,,0.609,-0.29,-15130000,-13425000,1.32,2019-09-30,64.94,9353000,3904000000.0,-424000,-15238000,86000,7680000,7680000,None,108000,None,629798000,None,None,776580000,None,None,-15238000,-15238000,None,None,0.0979,,14684000,-15108000,314174000,114854000,None,1844000,None,,,,,-0.13,27.21,5.2,,,,,,,,0.0344,,552545000,2025-10-29,quarterly,1.03,USD,post-market,None,-168829000,0.125,0.681,0.545,135.56,10606000,1166283000,302437000,75832000,323.22,368.54,-21.9697,1684321000,1097958000,507453000,1373143000,586363000,865690000,41679000,105532000,100.11,None,485.33,148.25
2025-12-28,CVNA,4.38,18265999000.0,100.11,None,3.52,16.14,,85776000,40200000,40200000,,,,,,,,,151000,46038000,None,42103000,42103000,55849000,None,60413000,42128000,None,None,1705000,,,,,0.609,-0.29,-15130000,-13425000,1.32,2019-06-30,64.94,9353000,3904000000.0,-424000,-15238000,86000,8096000,8096000,None,108000,None,606534000,None,None,743132000,None,None,-15238000,-15238000,None,None,0.0979,,14684000,-15108000,268680000,90333000,None,1844000,None,,,,,-0.13,27.21,5.2,,,,,,,,0.0344,,483847000,2025-10-29,quarterly,1.03,USD,post-market,None,-129812000,0.125,0.681,0.545,135.56,10606000,889321000,60413000,45192000,323.22,368.54,-21.9697,1474404000,957542000,249835000,1080587000,516862000,830752000,41679000,133748000,100.11,None,485.33,148.25
2025-12-28,CVNA,4.38,18265999000.0,100.11,None,3.52,16.14,,74641000,85321000,85321000,,,,,,,,,145000,41352000,None,42103000,42103000,44106000,None,450108000,38179000,None,None,1705000,,,,,0.609,-0.29,-15130000,-13425000,1.32,2019-03-31,64.94,9353000,3904000000.0,-424000,-15238000,86000,8496000,8496000,None,108000,None,525694000,None,None,479039000,None,None,-15238000,-15238000,None,None,0.0979,,14684000,-15108000,227592000,98955000,None,1844000,None,,,,,-0.13,27.21,5.2,,,,,,,,0.0344,,431240000,2025-10-29,quarterly,1.03,USD,post-market,None,-103202000,0.125,0.681,0.545,135.56,10606000,1003788000,450108000,19531000,323.22,368.54,-21.9697,1338401000,876786000,630030000,1185554000,461615000,555524000,41679000,54773000,100.11,None,485.33,148.25
2025-12-28,CVNA,4.38,18265999000.0,100.11,None,3.52,16.14,,None,78861000,78861000,,,,,,,,,145000,39392000,None,42103000,42103000,29141000,None,8148000,33120000,None,None,1705000,,,,,0.609,-0.29,-15130000,-13425000,1.32,2018-12-31,64.94,9353000,3904000000.0,-424000,-15238000,86000,8869000,8869000,None,108000,None,412243000,None,None,425349000,None,None,-15238000,-15238000,None,None,0.0979,,14684000,-15108000,138630000,61733000,None,8725000,None,,,,,-0.13,27.21,5.2,,,,,,,,0.0344,,296839000,2025-10-29,quarterly,1.03,USD,post-market,None,-74653000,0.125,0.681,0.545,135.56,10606000,633445000,208096000,None,323.22,368.54,-21.9697,991013000,662854000,329511000,763585000,328159000,434074000,41679000,73408000,100.11,None,485.33,148.25
2025-12-28,CVNA,4.38,18265999000.0,100.11,None,3.52,16.14,,None,439794000,439794000,,,,,,,,,144000,34655000,None,42103000,42103000,28972000,None,7838000,23498000,None,None,1705000,,,,,0.609,-0.29,-15130000,-13425000,1.32,2018-09-30,64.94,9353000,3904000000.0,-424000,-15238000,86000,9243000,9243000,None,108000,None,339005000,None,None,342481000,None,None,-15238000,-15238000,None,None,0.0979,,14684000,-15108000,133068000,48797000,None,9072000,None,,,,,-0.13,27.21,5.2,,,,,,,,0.0344,,251942000,2025-10-29,quarterly,1.03,USD,post-market,None,-45949000,0.125,0.681,0.545,135.56,10606000,795890000,357230000,18471000,323.22,368.54,-21.9697,1212103000,935365000,457603000,905335000,276738000,447732000,41679000,109106000,100.11,None,485.33,148.25
2025-12-28,CVNA,4.38,18265999000.0,100.11,None,3.52,16.14,,None,199192000,199192000,,,,,,,,,140000,27780000,None,42103000,42103000,23996000,None,6664000,23573000,None,None,1705000,,,,,0.609,-0.29,-15130000,-13425000,1.32,2018-06-30,64.94,6868000,3904000000.0,-424000,-15238000,86000,9616000,9616000,None,108000,None,302989000,None,None,76873000,None,None,-15238000,-15238000,None,None,0.0979,,14684000,-15108000,117739000,42538000,None,6957000,None,,,,,-0.13,27.21,5.2,,,,,,,,0.0344,,217414000,2025-10-29,quarterly,1.03,USD,post-market,None,-29907000,0.125,0.681,0.545,135.56,10606000,430624000,353751000,18356000,323.22,368.54,-21.9697,881763000,643493000,438824000,522654000,238270000,83830000,41679000,163748000,100.11,None,485.33,148.25
2025-12-28,CVNA,4.38,18265999000.0,100.11,None,3.52,16.14,,None,121497000,121497000,,,,,,,,,133000,18346000,None,42103000,42103000,15866000,None,6138000,20969000,None,None,1705000,,,,,0.609,-0.29,-15130000,-13425000,1.32,2018-03-31,64.94,None,3904000000.0,-424000,-15238000,86000,None,None,None,108000,None,299780000,None,None,66788000,None,None,-15238000,-15238000,None,None,0.0979,,14684000,-15108000,99077000,35604000,None,7250000,None,,,,,-0.13,27.21,5.2,,,,,,,,0.0344,,176259000,2025-10-29,quarterly,1.03,USD,post-market,None,-19942000,0.125,0.681,0.545,135.56,10606000,421459000,354671000,18428000,323.22,368.54,-21.9697,720734000,541323000,419756000,493794000,179411000,74038000,41679000,120301000,100.11,None,485.33,148.25
2025-12-28,CVNA,4.38,18265999000.0,100.11,None,3.52,16.14,,None,172680000,172680000,,,,,,,,,133000,15891000,None,42103000,42103000,10546000,None,5131000,14105000,None,None,1705000,,,,,0.609,-0.29,-15130000,-13425000,1.32,2017-12-31,64.94,0,3904000000.0,-424000,-15238000,86000,0,0,None,108000,None,227446000,None,None,48469000,None,None,-15238000,-15238000,None,None,0.0979,,14684000,-15108000,75487000,32528000,None,7093000,None,,,,,-0.13,27.21,5.2,,,,,,,,0.0344,,148681000,2025-10-29,quarterly,1.03,USD,post-market,None,-12899000,0.125,0.681,0.545,135.56,10606000,302392000,253923000,14443000,323.22,368.54,-21.9697,641137000,489718000,306031000,361593000,151419000,55562000,41679000,125736000,100.11,0,485.33,148.25
2025-12-28,CVNA,4.38,18265999000.0,100.11,None,3.52,16.14,,None,103454000,103454000,,,,,,,,,133000,15045000,None,42103000,42103000,11543000,None,3375000,11639000,None,None,1705000,,,,,0.609,-0.29,-15130000,-13425000,1.32,2017-09-30,64.94,0,3904000000.0,-424000,-15238000,86000,0,0,None,108000,None,192242000,None,None,16363000,None,None,-15238000,-15238000,None,None,0.0979,,14684000,-15108000,58872000,26777000,None,6920000,None,,,,,-0.13,27.21,5.2,,,,,,,,0.0344,,125996000,2025-10-29,quarterly,1.03,USD,post-market,None,-7419000,0.125,0.681,0.545,135.56,10606000,214821000,198458000,11755000,323.22,368.54,-21.9697,495172000,366207000,244413000,267696000,128965000,23283000,41679000,28161000,100.11,0,485.33,148.25
2025-12-28,CVNA,4.38,18265999000.0,100.11,None,3.52,16.14,,None,144433000,144433000,,,,,,,,,133000,15026000,None,42103000,42103000,7071000,None,178992000,13759000,None,None,1705000,,,,,0.609,-0.29,-15130000,-13425000,1.32,2017-06-30,64.94,0,3904000000.0,-424000,-15238000,86000,0,0,None,108000,None,174369000,None,None,10279000,None,None,-15238000,-15238000,None,None,0.0979,,14684000,-15108000,44302000,23066000,None,5337000,None,,,,,-0.13,27.21,5.2,,,,,,,,0.0344,,106127000,2025-10-29,quarterly,1.03,USD,post-market,None,-3039000,0.125,0.681,0.545,135.56,10606000,178992000,168713000,10339000,323.22,368.54,-21.9697,484883000,376863000,203837000,219453000,108020000,15616000,41679000,31239000,100.11,0,485.33,148.25
2025-12-28,CVNA,4.38,18265999000.0,100.11,None,3.52,16.14,,None,8307000,8307000,,,,,,,,,59654000,15000000,None,42103000,42103000,7844000,None,216559000,8023000,None,None,1705000,,,,,0.609,-0.29,-15130000,-13425000,1.32,2017-03-31,64.94,0,3904000000.0,-424000,-15238000,86000,0,0,None,108000,None,199882000,None,None,25460000,None,None,-15238000,-15238000,None,None,0.0979,,14684000,-15108000,48961000,20712000,None,None,None,,,,,-0.13,27.21,5.2,,,,,,,,0.0344,,80974000,2025-10-29,quarterly,1.03,USD,post-market,None,-221157000,0.125,0.681,0.545,135.56,10606000,216559000,191099000,11488000,323.22,368.54,-21.9697,349003000,265173000,224559000,252273000,83830000,27714000,41679000,96730000,100.11,0,485.33,148.25
2025-12-28,CVNA,4.38,18265999000.0,100.11,None,3.52,16.14,,None,39184000,39184000,,,,,,,,,59654000,15000000,None,42103000,42103000,6208000,None,1057000,5692000,None,None,1705000,,,,,0.609,-0.29,-15130000,-13425000,1.32,2016-12-31,64.94,None,3904000000.0,-424000,-15238000,86000,None,None,None,108000,None,185506000,None,None,4404000,None,None,-15238000,-15238000,None,None,0.0979,,14684000,-15108000,44859000,19575000,None,None,None,,,,,-0.13,27.21,5.2,,,,,,,,0.0344,,60592000,2025-10-29,quarterly,1.03,USD,post-market,None,-175615000,0.125,0.681,0.545,135.56,10606000,170774000,166370000,10266000,323.22,368.54,-21.9697,335833000,275241000,196418000,200822000,60592000,4404000,41679000,135011000,100.11,None,485.33,148.25
2025-12-28,CVNA,4.38,18265999000.0,100.11,None,3.52,16.14,,None,80354000,80354000,,,,,,,,,None,15000000,None,42103000,42103000,19866000,None,None,3858000,None,None,1705000,,,,,0.609,-0.29,-15130000,-13425000,1.32,2016-09-30,64.94,None,3904000000.0,-424000,-15238000,86000,None,None,None,108000,None,130373000,None,None,None,None,None,-15238000,-15238000,None,None,0.0979,,14684000,-15108000,23238000,1,None,None,None,,,,,-0.13,27.21,5.2,,,,,,,,0.0344,,None,2025-10-29,quarterly,1.03,USD,post-market,None,None,0.125,0.681,0.545,135.56,10606000,90533000,88751000,None,323.22,368.54,-21.9697,278230000,237823000,108617000,351291000,40407000,242674000,41679000,-73061000,100.11,None,485.33,148.25
2025-12-28,CVNA,4.38,18265999000.0,100.11,None,3.52,16.14,,None,None,None,,,,,,,,,None,15000000,None,42103000,42103000,None,None,None,None,None,None,1705000,,,,,0.609,-0.29,-15130000,-13425000,1.32,2016-06-30,64.94,None,3904000000.0,-424000,-15238000,86000,None,None,None,108000,None,None,None,None,None,None,None,-15238000,-15238000,None,None,0.0979,,14684000,-15108000,None,None,None,None,None,,,,,-0.13,27.21,5.2,,,,,,,,0.0344,,None,2025-10-29,quarterly,1.03,USD,post-market,None,None,0.125,0.681,0.545,135.56,10606000,None,None,None,323.22,368.54,-21.9697,None,None,None,None,None,None,41679000,None,100.11,None,485.33,148.25
2025-12-28,CVNA,4.38,18265999000.0,100.11,None,3.52,16.14,,None,-43134000,-43134000,,,,,,,,,None,15000000,None,42103000,42103000,None,None,None,None,None,None,1705000,,,,,0.609,-0.29,-15130000,-13425000,1.32,2016-03-31,64.94,None,3904000000.0,-424000,-15238000,86000,None,None,None,108000,None,None,None,None,None,None,None,-15238000,-15238000,None,None,0.0979,,14684000,-15108000,None,None,None,None,None,,,,,-0.13,27.21,5.2,,,,,,,,0.0344,,None,2025-10-29,quarterly,1.03,USD,post-market,None,None,0.125,0.681,0.545,135.56,10606000,None,None,86268000,323.22,368.54,-21.9697,None,43134000,None,None,-43134000,None,41679000,-2821000,100.11,None,485.33,148.25
2025-12-28,CVNA,4.38,18265999000.0,100.11,None,3.52,16.14,,None,43134000,43134000,,,,,,,,,59654000,15000000,None,42103000,42103000,21777000,None,42302000,2861000,None,None,1705000,,,,,0.609,-0.29,-15130000,-13425000,1.32,2015-12-31,64.94,None,3904000000.0,-424000,-15238000,86000,None,None,None,108000,None,68038000,None,None,None,None,None,-15238000,-15238000,None,None,0.0979,,14684000,-15108000,5185000,6729000,None,None,None,,,,,-0.13,27.21,5.2,,,,,,,,0.0344,,16794000,2025-10-29,quarterly,1.03,USD,post-market,None,-62475000,0.125,0.681,0.545,135.56,10606000,42302000,42302000,2115000,323.22,368.54,-21.9697,136012000,119218000,70808000,70808000,16794000,None,41679000,-2821000,100.11,None,485.33,148.25
2025-12-28,CVNA,4.38,18265999000.0,100.11,None,3.52,16.14,,414000000,1716000000,1716000000,,,,,,,,,None,132205999,None,42103000,42103000,236000000,None,376000000,303000000,None,None,1705000,,,,,0.609,-0.29,-15130000,-13425000,1.32,2024-12-31,64.94,None,3904000000.0,-424000,-15238000,86000,34000000,34000000,None,108000,None,1608000000,None,None,5256000000,None,None,-15238000,-15238000,None,None,0.0979,,14684000,-15108000,778000000,576000000,None,101000000,None,,,,,-0.13,27.21,5.2,,,,,,,,0.0344,,None,2025-10-29,annual,1.03,USD,post-market,None,-1416000000,0.125,0.681,0.545,135.56,10606000,6046000000,376000000,464000000,323.22,368.54,-21.9697,8484000000,4869000000,1338000000,7109000000,3615000000,5771000000,41679000,1260000000,100.11,None,485.33,148.25
2025-12-28,CVNA,4.38,18265999000.0,100.11,None,3.52,16.14,,433000000,530000000,530000000,,,,,,,,,None,200578000,None,42103000,42103000,224000000,None,857000000,266000000,None,None,1705000,,,,,0.609,-0.29,-15130000,-13425000,1.32,2023-12-31,64.94,None,3904000000.0,-424000,-15238000,86000,52000000,52000000,None,108000,None,1150000000,None,None,5416000000,None,None,-15238000,-15238000,None,None,0.0979,,14684000,-15108000,138000000,425000000,None,70000000,None,,,,,-0.13,27.21,5.2,,,,,,,,0.0344,,None,2025-10-29,annual,1.03,USD,post-market,None,-1626000000,0.125,0.681,0.545,135.56,10606000,6706000000,857000000,366000000,323.22,368.54,-21.9697,7071000000,3321000000,1536000000,7455000000,3750000000,5919000000,41679000,243000000,100.11,None,485.33,148.25
2025-12-28,CVNA,4.38,18265999000.0,100.11,None,3.52,16.14,,507000000,434000000,434000000,,,,,,,,,None,100828000,None,42103000,42103000,216000000,None,1735000000,253000000,None,None,1705000,,,,,0.609,-0.29,-15130000,-13425000,1.32,2022-12-31,64.94,847000000,3904000000.0,-424000,-15238000,86000,70000000,70000000,None,108000,None,1876000000,None,None,6574000000,None,None,-15238000,-15238000,None,None,0.0979,,14684000,-15108000,1710000000,542000000,None,78000000,None,,,,,-0.13,27.21,5.2,,,,,,,,0.0344,,3780000000,2025-10-29,annual,1.03,USD,post-market,None,-2076000000,0.125,0.681,0.545,135.56,10606000,8816000000,1735000000,321000000,323.22,368.54,-21.9697,8698000000,4594000000,2592000000,9751000000,4104000000,7159000000,41679000,-518000000,100.11,None,485.33,148.25
2025-12-28,CVNA,4.38,18265999000.0,100.11,None,3.52,16.14,,361000000,403000000,403000000,,,,,,,,,None,82805000,None,42103000,42103000,114000000,None,2205000000,206000000,None,None,1705000,,,,,0.609,-0.29,-15130000,-13425000,1.32,2021-12-31,64.94,9000000,3904000000.0,-424000,-15238000,86000,4000000,4000000,None,108000,None,3149000000,None,None,3208000000,None,None,-15238000,-15238000,None,None,0.0979,,14684000,-15108000,752000000,435000000,None,392000000,None,,,,,-0.13,27.21,5.2,,,,,,,,0.0344,,1929000000,2025-10-29,annual,1.03,USD,post-market,None,-489000000,0.125,0.681,0.545,135.56,10606000,5774000000,2205000000,382000000,323.22,368.54,-21.9697,7015000000,4892000000,2890000000,6490000000,2123000000,3600000000,41679000,306000000,100.11,None,485.33,148.25
2025-12-28,CVNA,4.38,18265999000.0,100.11,None,3.52,16.14,,147478000,301000000,301000000,,,,,,,,,173000,64980999,None,42103000,42103000,67000000,None,105317000,79000000,None,None,1705000,,,,,0.609,-0.29,-15130000,-13425000,1.32,2020-12-31,64.94,9000000,3904000000.0,-424000,-15238000,86000,6000000,6000000,None,108000,None,1036000000,None,None,1617002000,None,None,-15238000,-15238000,None,None,0.0979,,14684000,-15108000,507000000,206496000,None,148889000,None,,,,,-0.13,27.21,5.2,,,,,,,,0.0344,,1064630000,2025-10-29,annual,1.03,USD,post-market,None,-354174000,0.125,0.681,0.545,135.56,10606000,1870000000,105000000,131274000,323.22,368.54,-21.9697,3035000000,1923000000,467137000,2233028000,1112000000,1765891000,41679000,387600000,100.11,None,485.33,148.25
2025-12-28,CVNA,4.38,18265999000.0,100.11,None,3.52,16.14,,116071000,76016000,76016000,,,,,,,,,152000,46847000,None,42103000,42103000,54027000,None,617571000,39864000,None,None,1705000,,,,,0.609,-0.29,-15130000,-13425000,1.32,2019-12-31,64.94,9353000,3904000000.0,-424000,-15238000,86000,7232000,7232000,None,108000,None,762696000,None,None,883060000,None,None,-15238000,-15238000,None,None,0.0979,,14684000,-15108000,480846000,141081000,None,1808000,None,,,,,-0.13,27.21,5.2,,,,,,,,0.0344,,666891000,2025-10-29,annual,1.03,USD,post-market,None,-183034000,0.125,0.681,0.545,135.56,10606000,1616702000,617571000,98780000,323.22,368.54,-21.9697,2057748000,1359422000,864870000,1865809000,698326000,1000939000,41679000,98112000,100.11,None,485.33,148.25
2025-12-28,CVNA,4.38,18265999000.0,100.11,None,3.52,16.14,,None,78861000,78861000,,,,,,,,,145000,30043000,None,42103000,42103000,29141000,None,208096000,33120000,None,None,1705000,,,,,0.609,-0.29,-15130000,-13425000,1.32,2018-12-31,64.94,9353000,3904000000.0,-424000,-15238000,86000,8869000,8869000,None,108000,None,412243000,None,None,425349000,None,None,-15238000,-15238000,None,None,0.0979,,14684000,-15108000,138630000,61733000,None,8725000,None,,,,,-0.13,27.21,5.2,,,,,,,,0.0344,,296839000,2025-10-29,annual,1.03,USD,post-market,None,-74653000,0.125,0.681,0.545,135.56,10606000,633445000,208096000,None,323.22,368.54,-21.9697,991013000,662854000,329511000,763585000,328159000,434074000,41679000,73408000,100.11,None,485.33,148.25
2025-12-28,CVNA,4.38,18265999000.0,100.11,None,3.52,16.14,,None,172680000,172680000,,,,,,,,,133000,15241000,None,42103000,42103000,10546000,None,253923000,14105000,None,None,1705000,,,,,0.609,-0.29,-15130000,-13425000,1.32,2017-12-31,64.94,0,3904000000.0,-424000,-15238000,86000,0,0,None,108000,None,227446000,None,None,48469000,None,None,-15238000,-15238000,None,None,0.0979,,14684000,-15108000,75487000,32528000,None,7093000,None,,,,,-0.13,27.21,5.2,,,,,,,,0.0344,,148681000,2025-10-29,annual,1.03,USD,post-market,None,-12899000,0.125,0.681,0.545,135.56,10606000,302392000,253923000,14443000,323.22,368.54,-21.9697,641137000,489718000,306031000,361593000,151419000,55562000,41679000,125736000,100.11,0,485.33,148.25
2025-12-28,CVNA,4.38,18265999000.0,100.11,None,3.52,16.14,,None,39184000,39184000,,,,,,,,,59654000,15000000,None,42103000,42103000,6208000,None,166370000,5692000,None,None,1705000,,,,,0.609,-0.29,-15130000,-13425000,1.32,2016-12-31,64.94,None,3904000000.0,-424000,-15238000,86000,None,None,None,108000,None,185506000,None,None,4404000,None,None,-15238000,-15238000,None,None,0.0979,,14684000,-15108000,44859000,19575000,None,0,None,,,,,-0.13,27.21,5.2,,,,,,,,0.0344,,60592000,2025-10-29,annual,1.03,USD,post-market,None,-175615000,0.125,0.681,0.545,135.56,10606000,170774000,166370000,10266000,323.22,368.54,-21.9697,335833000,275241000,196418000,200822000,60592000,4404000,41679000,135011000,100.11,None,485.33,148.25
2025-12-28,CVNA,4.38,18265999000.0,100.11,None,3.52,16.14,,None,43134000,43134000,,,,,,,,,59654000,15000000,None,42103000,42103000,341000,None,42302000,4392000,None,None,1705000,,,,,0.609,-0.29,-15130000,-13425000,1.32,2015-12-31,64.94,None,3904000000.0,-424000,-15238000,86000,None,None,None,108000,None,68038000,None,None,None,None,None,-15238000,-15238000,None,None,0.0979,,14684000,-15108000,3654000,26783000,None,None,None,,,,,-0.13,27.21,5.2,,,,,,,,0.0344,,16794000,2025-10-29,annual,1.03,USD,post-market,None,-62475000,0.125,0.681,0.545,135.56,10606000,42302000,42302000,2115000,323.22,368.54,-21.9697,136012000,119218000,70808000,70808000,16794000,42643000,41679000,65204000,100.11,None,485.33,148.25
2025-12-28,CVNA,4.38,18265999000.0,100.11,None,3.52,16.14,,None,6929000,6929000,,,,,,,,,20497000,15000000,None,42103000,42103000,2236000,None,17371000,450000,None,None,1705000,,,,,0.609,-0.29,-15130000,-13425000,1.32,2014-12-31,64.94,None,3904000000.0,-424000,-15238000,86000,None,None,None,108000,None,26371000,None,None,None,None,None,-15238000,-15238000,None,None,0.0979,,14684000,-15108000,1035000,None,None,None,None,,,,,-0.13,27.21,5.2,,,,,,,,0.0344,,5319000,2025-10-29,annual,1.03,USD,post-market,None,None,0.125,0.681,0.545,135.56,10606000,17371000,17371000,None,323.22,368.54,-21.9697,40104000,34785000,19607000,19607000,5319000,None,41679000,20497000,100.11,None,485.33,148.25
2025-12-28,CVNA,4.38,18265999000.0,100.11,None,3.52,16.14,38000000,None,6929000,6929000,-8000000,-46000000,None,None,-272000000,None,None,None,20497000,15000000,None,42103000,42103000,2236000,None,17371000,450000,None,None,1705000,65000000,None,None,None,0.609,-0.29,-15130000,-13425000,1.32,2025-09-30,64.94,None,3904000000.0,-424000,-15238000,86000,None,None,None,108000,None,26371000,None,None,None,None,None,263000000,-15238000,None,None,0.0979,345000000,14684000,-15108000,1035000,None,None,None,None,None,None,None,None,-0.13,27.21,5.2,None,None,None,None,None,-3000000,None,0.0344,None,5319000,2025-10-29,quarterly,1.03,USD,post-market,None,None,0.125,0.681,0.545,135.56,10606000,17371000,17371000,None,323.22,368.54,-21.9697,40104000,34785000,19607000,19607000,5319000,None,41679000,20497000,100.11,None,485.33,148.25
2025-12-28,CVNA,4.38,18265999000.0,100.11,None,3.52,16.14,31000000,None,6929000,6929000,16000000,-19000000,None,None,-518000000,None,None,None,20497000,15000000,None,42103000,42103000,2236000,None,17371000,450000,None,None,1705000,68000000,None,None,None,0.609,-0.29,-15130000,-13425000,1.32,2025-06-30,64.94,None,3904000000.0,-424000,-15238000,86000,None,None,None,108000,None,26371000,None,None,None,None,None,308000000,-15238000,None,None,0.0979,29000000,14684000,-15108000,1035000,None,None,None,None,None,None,None,None,-0.13,27.21,5.2,None,None,None,None,None,-123000000,None,0.0344,None,5319000,2025-10-29,quarterly,1.03,USD,post-market,None,None,0.125,0.681,0.545,135.56,10606000,17371000,17371000,None,323.22,368.54,-21.9697,40104000,34785000,19607000,19607000,5319000,None,41679000,20497000,100.11,None,485.33,148.25
2025-12-28,CVNA,4.38,18265999000.0,100.11,None,3.52,16.14,27000000,None,6929000,6929000,-53000000,-35000000,None,None,114000000,None,None,None,20497000,15000000,None,42103000,42103000,2236000,None,17371000,450000,None,None,1705000,73000000,None,None,None,0.609,-0.29,-15130000,-13425000,1.32,2025-03-31,64.94,None,3904000000.0,-424000,-15238000,86000,None,None,None,108000,None,26371000,None,None,None,None,None,373000000,-15238000,None,None,0.0979,232000000,14684000,-15108000,1035000,None,None,None,None,None,None,None,None,-0.13,27.21,5.2,None,None,None,None,None,None,None,0.0344,None,5319000,2025-10-29,quarterly,1.03,USD,post-market,None,None,0.125,0.681,0.545,135.56,10606000,17371000,17371000,None,323.22,368.54,-21.9697,40104000,34785000,19607000,19607000,5319000,None,41679000,20497000,100.11,None,485.33,148.25
2025-12-28,CVNA,4.38,18265999000.0,100.11,None,3.52,16.14,24000000,None,6929000,6929000,775000000,-7000000,None,None,-301000000,None,None,None,20497000,15000000,None,42103000,42103000,2236000,None,17371000,450000,None,None,1705000,74000000,None,None,None,0.609,-0.29,-15130000,-13425000,1.32,2024-12-31,64.94,None,3904000000.0,-424000,-15238000,86000,None,None,None,108000,None,26371000,None,None,None,None,None,159000000,-15238000,None,None,0.0979,60000000,14684000,-15108000,1035000,None,None,None,None,None,None,None,None,-0.13,27.21,5.2,None,None,None,None,None,None,None,0.0344,None,5319000,2025-10-29,quarterly,1.03,USD,post-market,None,None,0.125,0.681,0.545,135.56,10606000,17371000,17371000,None,323.22,368.54,-21.9697,40104000,34785000,19607000,19607000,5319000,None,41679000,20497000,100.11,None,485.33,148.25
2025-12-28,CVNA,4.38,18265999000.0,100.11,None,3.52,16.14,27000000,None,6929000,6929000,-63000000,-15000000,None,None,-84000000,None,None,None,20497000,15000000,None,42103000,42103000,2236000,None,17371000,450000,None,None,1705000,73000000,None,None,None,0.609,-0.29,-15130000,-13425000,1.32,2024-09-30,64.94,None,3904000000.0,-424000,-15238000,86000,None,None,None,108000,None,26371000,None,None,None,None,None,148000000,-15238000,None,None,0.0979,403000000,14684000,-15108000,1035000,None,None,None,None,None,None,None,None,-0.13,27.21,5.2,None,None,None,None,None,-2000000,None,0.0344,None,5319000,2025-10-29,quarterly,1.03,USD,post-market,None,None,0.125,0.681,0.545,135.56,10606000,17371000,17371000,None,323.22,368.54,-21.9697,40104000,34785000,19607000,19607000,5319000,None,41679000,20497000,100.11,None,485.33,148.25
2025-12-28,CVNA,4.38,18265999000.0,100.11,None,3.52,16.14,22000000,None,6929000,6929000,-76000000,2000000,None,None,-56000000,None,None,None,20497000,15000000,None,42103000,42103000,2236000,None,17371000,450000,None,None,1705000,76000000,None,None,None,0.609,-0.29,-15130000,-13425000,1.32,2024-06-30,64.94,None,3904000000.0,-424000,-15238000,86000,None,None,None,108000,None,26371000,None,None,None,None,None,18000000,-15238000,None,None,0.0979,354000000,14684000,-15108000,1035000,None,None,None,None,None,None,None,None,-0.13,27.21,5.2,None,None,None,None,None,None,None,0.0344,None,5319000,2025-10-29,quarterly,1.03,USD,post-market,None,None,0.125,0.681,0.545,135.56,10606000,17371000,17371000,None,323.22,368.54,-21.9697,40104000,34785000,19607000,19607000,5319000,None,41679000,20497000,100.11,None,485.33,148.25
2025-12-28,CVNA,4.38,18265999000.0,100.11,None,3.52,16.14,18000000,None,6929000,6929000,-375000000,7000000,None,None,-14000000,None,None,None,20497000,15000000,None,42103000,42103000,2236000,None,17371000,450000,None,None,1705000,82000000,None,None,None,0.609,-0.29,-15130000,-13425000,1.32,2024-03-31,64.94,None,3904000000.0,-424000,-15238000,86000,None,None,None,108000,None,26371000,None,None,None,None,None,28000000,-15238000,None,None,0.0979,101000000,14684000,-15108000,1035000,None,None,None,None,None,None,None,None,-0.13,27.21,5.2,None,None,None,None,None,-75000000,None,0.0344,None,5319000,2025-10-29,quarterly,1.03,USD,post-market,None,None,0.125,0.681,0.545,135.56,10606000,17371000,17371000,None,323.22,368.54,-21.9697,40104000,34785000,19607000,19607000,5319000,None,41679000,20497000,100.11,None,485.33,148.25
2025-12-28,CVNA,4.38,18265999000.0,100.11,None,3.52,16.14,18000000,None,6929000,6929000,208000000,9000000,None,None,-66000000,None,None,None,20497000,15000000,None,42103000,42103000,2236000,None,17371000,450000,None,None,1705000,82000000,None,None,None,0.609,-0.29,-15130000,-13425000,1.32,2023-12-31,64.94,None,3904000000.0,-424000,-15238000,86000,None,None,None,108000,None,26371000,None,None,None,None,None,-200000000,-15238000,None,None,0.0979,-239000000,14684000,-15108000,1035000,None,None,None,None,None,None,None,None,-0.13,27.21,5.2,None,None,None,None,None,-3000000,None,0.0344,None,5319000,2025-10-29,quarterly,1.03,USD,post-market,None,None,0.125,0.681,0.545,135.56,10606000,17371000,17371000,None,323.22,368.54,-21.9697,40104000,34785000,19607000,19607000,5319000,None,41679000,20497000,100.11,None,485.33,148.25
2025-12-28,CVNA,4.38,18265999000.0,100.11,None,3.52,16.14,19000000,None,6929000,6929000,-676000000,16000000,None,None,213000000,None,None,None,20497000,15000000,None,42103000,42103000,2236000,None,17371000,450000,None,None,1705000,87000000,10000000,10000000,None,0.609,-0.29,-15130000,-13425000,1.32,2023-09-30,64.94,None,3904000000.0,-424000,-15238000,86000,None,None,None,108000,None,26371000,None,None,None,None,None,741000000,-15238000,None,None,0.0979,599000000,14684000,-15108000,1035000,None,None,None,None,None,None,None,None,-0.13,27.21,5.2,None,None,None,None,None,-10000000,None,0.0344,None,5319000,2025-10-29,quarterly,1.03,USD,post-market,None,None,0.125,0.681,0.545,135.56,10606000,17371000,17371000,None,323.22,368.54,-21.9697,40104000,34785000,19607000,19607000,5319000,None,41679000,20497000,100.11,None,485.33,148.25
2025-12-28,CVNA,4.38,18265999000.0,100.11,None,3.52,16.14,18000000,None,6929000,6929000,-551000000,25000000,-17000000,None,179000000,None,None,5000000,20497000,15000000,None,42103000,42103000,2236000,None,17371000,450000,None,None,1705000,90000000,None,None,None,0.609,-0.29,-15130000,-13425000,1.32,2023-06-30,64.94,None,3904000000.0,-424000,-15238000,86000,None,None,None,108000,None,26371000,None,None,None,None,None,-105000000,-15238000,None,None,0.0979,509000000,14684000,-15108000,1035000,None,None,None,None,None,None,None,None,-0.13,27.21,5.2,None,None,None,None,None,-2000000,None,0.0344,None,5319000,2025-10-29,quarterly,1.03,USD,post-market,None,None,0.125,0.681,0.545,135.56,10606000,17371000,17371000,None,323.22,368.54,-21.9697,40104000,34785000,19607000,19607000,5319000,None,41679000,20497000,100.11,None,485.33,148.25
2025-12-28,CVNA,4.38,18265999000.0,100.11,None,3.52,16.14,32000000,None,6929000,6929000,151000000,-19000000,66000000,None,385000000,None,None,-91000000,20497000,15000000,None,42103000,42103000,2236000,None,17371000,450000,None,None,1705000,93000000,None,None,None,0.609,-0.29,-15130000,-13425000,1.32,2023-03-31,64.94,None,3904000000.0,-424000,-15238000,86000,None,None,None,108000,None,26371000,None,None,None,None,None,-286000000,-15238000,None,None,0.0979,-66000000,14684000,-15108000,1035000,None,None,None,None,None,None,None,None,-0.13,27.21,5.2,None,None,None,None,None,None,None,0.0344,None,5319000,2025-10-29,quarterly,1.03,USD,post-market,None,None,0.125,0.681,0.545,135.56,10606000,17371000,17371000,None,323.22,368.54,-21.9697,40104000,34785000,19607000,19607000,5319000,None,41679000,20497000,100.11,None,485.33,148.25
2025-12-28,CVNA,4.38,18265999000.0,100.11,None,3.52,16.14,61000000,None,6929000,6929000,905000000,-15000000,151000000,None,716000000,None,None,105000000,20497000,15000000,None,42103000,42103000,2236000,None,17371000,450000,None,None,1705000,82000000,None,None,None,0.609,-0.29,-15130000,-13425000,1.32,2022-12-31,64.94,None,3904000000.0,-424000,-15238000,86000,None,None,None,108000,None,26371000,None,None,None,None,None,-1441000000,-15238000,None,None,0.0979,-739000000,14684000,-15108000,1035000,None,None,None,None,None,None,None,None,-0.13,27.21,5.2,None,None,None,None,None,80000000,None,0.0344,None,5319000,2025-10-29,quarterly,1.03,USD,post-market,None,None,0.125,0.681,0.545,135.56,10606000,17371000,17371000,None,323.22,368.54,-21.9697,40104000,34785000,19607000,19607000,5319000,None,41679000,20497000,100.11,None,485.33,148.25
2025-12-28,CVNA,4.38,18265999000.0,100.11,None,3.52,16.14,90000000,None,6929000,6929000,-579000000,-43000000,-720000000,None,305000000,None,None,69000000,20497000,15000000,None,42103000,42103000,2236000,None,17371000,450000,None,None,1705000,78000000,3000000,3000000,None,0.609,-0.29,-15130000,-13425000,1.32,2022-09-30,64.94,None,3904000000.0,-424000,-15238000,86000,None,None,None,108000,None,26371000,None,None,None,None,None,-508000000,-15238000,None,None,0.0979,-98000000,14684000,-15108000,1035000,None,None,None,None,None,None,None,None,-0.13,27.21,5.2,None,None,None,None,None,-1000000,None,0.0344,None,5319000,2025-10-29,quarterly,1.03,USD,post-market,None,None,0.125,0.681,0.545,135.56,10606000,17371000,17371000,None,323.22,368.54,-21.9697,40104000,34785000,19607000,19607000,5319000,None,41679000,20497000,100.11,None,485.33,148.25
2025-12-28,CVNA,4.38,18265999000.0,100.11,None,3.52,16.14,141000000,None,6929000,6929000,2866000000,-2317000000,655000000,None,466000000,None,None,-24000000,20497000,15000000,None,42103000,42103000,2236000,None,17371000,450000,None,None,1705000,64000000,None,None,None,0.609,-0.29,-15130000,-13425000,1.32,2022-06-30,64.94,None,3904000000.0,-424000,-15238000,86000,None,None,None,108000,None,26371000,None,None,None,None,None,-439000000,-15238000,None,None,0.0979,106000000,14684000,-15108000,1035000,None,None,None,None,None,None,None,None,-0.13,27.21,5.2,None,None,None,None,None,5000000,None,0.0344,None,5319000,2025-10-29,quarterly,1.03,USD,post-market,None,None,0.125,0.681,0.545,135.56,10606000,17371000,17371000,None,323.22,368.54,-21.9697,40104000,34785000,19607000,19607000,5319000,None,41679000,20497000,100.11,None,485.33,148.25
2025-12-28,CVNA,4.38,18265999000.0,100.11,None,3.52,16.14,220000000,None,6929000,6929000,707000000,-208000000,-94000000,None,-133000000,None,None,-5000000,20497000,15000000,None,42103000,42103000,2236000,None,17371000,450000,None,None,1705000,37000000,None,None,None,0.609,-0.29,-15130000,-13425000,1.32,2022-03-31,64.94,None,3904000000.0,-424000,-15238000,86000,None,None,None,108000,None,26371000,None,None,None,None,None,-506000000,-15238000,None,None,0.0979,-593000000,14684000,-15108000,1035000,None,None,None,None,None,None,None,None,-0.13,27.21,5.2,None,None,None,None,None,-12000000,None,0.0344,None,5319000,2025-10-29,quarterly,1.03,USD,post-market,None,None,0.125,0.681,0.545,135.56,10606000,17371000,17371000,None,323.22,368.54,-21.9697,40104000,34785000,19607000,19607000,5319000,None,41679000,20497000,100.11,None,485.33,148.25
2025-12-28,CVNA,4.38,18265999000.0,100.11,None,3.52,16.14,167000000,None,6929000,6929000,1679000000,-275000000,232000000,None,-856000000,None,None,-37000000,20497000,15000000,None,42103000,42103000,2236000,None,17371000,450000,None,None,1705000,33000000,None,None,None,0.609,-0.29,-15130000,-13425000,1.32,2021-12-31,64.94,None,3904000000.0,-424000,-15238000,86000,None,None,None,108000,None,26371000,None,None,None,None,None,-182000000,-15238000,None,None,0.0979,-1172000000,14684000,-15108000,1035000,None,None,None,None,None,None,None,None,-0.13,27.21,5.2,None,None,None,None,None,-15000000,None,0.0344,None,5319000,2025-10-29,quarterly,1.03,USD,post-market,None,None,0.125,0.681,0.545,135.56,10606000,17371000,17371000,None,323.22,368.54,-21.9697,40104000,34785000,19607000,19607000,5319000,None,41679000,20497000,100.11,None,485.33,148.25
2025-12-28,CVNA,4.38,18265999000.0,100.11,None,3.52,16.14,196000000,None,6929000,6929000,555000000,-178000000,94000000,None,-304000000,None,None,None,20497000,15000000,None,42103000,42103000,2236000,None,17371000,450000,None,None,1705000,26000000,None,None,None,0.609,-0.29,-15130000,-13425000,1.32,2021-09-30,64.94,None,3904000000.0,-424000,-15238000,86000,None,None,None,108000,None,26371000,None,None,None,None,None,-68000000,-15238000,None,None,0.0979,-283000000,14684000,-15108000,1035000,None,None,None,None,None,None,None,None,-0.13,27.21,5.2,None,None,None,None,None,-8000000,None,0.0344,None,5319000,2025-10-29,quarterly,1.03,USD,post-market,None,None,0.125,0.681,0.545,135.56,10606000,17371000,17371000,None,323.22,368.54,-21.9697,40104000,34785000,19607000,19607000,5319000,None,41679000,20497000,100.11,None,485.33,148.25
2025-12-28,CVNA,4.38,18265999000.0,100.11,None,3.52,16.14,112000000,None,6929000,6929000,601000000,-99000000,-105000000,None,-529000000,None,None,-70000000,20497000,15000000,None,42103000,42103000,2236000,None,17371000,450000,None,None,1705000,24000000,None,None,None,0.609,-0.29,-15130000,-13425000,1.32,2021-06-30,64.94,None,3904000000.0,-424000,-15238000,86000,None,None,None,108000,None,26371000,None,None,None,None,None,45000000,-15238000,None,None,0.0979,-607000000,14684000,-15108000,1035000,None,None,None,None,None,None,None,None,-0.13,27.21,5.2,None,None,None,None,None,-8000000,None,0.0344,None,5319000,2025-10-29,quarterly,1.03,USD,post-market,None,None,0.125,0.681,0.545,135.56,10606000,17371000,17371000,None,323.22,368.54,-21.9697,40104000,34785000,19607000,19607000,5319000,None,41679000,20497000,100.11,None,485.33,148.25
2025-12-28,CVNA,4.38,18265999000.0,100.11,None,3.52,16.14,82000000,None,6929000,6929000,693000000,-75000000,86000000,None,-397000000,None,None,-41000000,20497000,15000000,None,42103000,42103000,2236000,None,17371000,450000,None,None,1705000,22000000,None,None,None,0.609,-0.29,-15130000,-13425000,1.32,2021-03-31,64.94,None,3904000000.0,-424000,-15238000,86000,None,None,None,108000,None,26371000,None,None,None,None,None,-82000000,-15238000,None,None,0.0979,-532000000,14684000,-15108000,1035000,None,None,None,None,None,None,None,None,-0.13,27.21,5.2,None,None,None,None,None,-9000000,None,0.0344,None,5319000,2025-10-29,quarterly,1.03,USD,post-market,None,None,0.125,0.681,0.545,135.56,10606000,17371000,17371000,None,323.22,368.54,-21.9697,40104000,34785000,19607000,19607000,5319000,None,41679000,20497000,100.11,None,485.33,148.25
2025-12-28,CVNA,4.38,18265999000.0,100.11,None,3.52,16.14,90000000,None,6929000,6929000,378718000,-84222000,132788000,None,-65359000,None,None,2580000,20497000,15000000,None,42103000,42103000,2236000,None,17371000,450000,None,None,1705000,21715000,None,None,None,0.609,-0.29,-15130000,-13425000,1.32,2020-12-31,64.94,None,3904000000.0,-424000,-15238000,86000,None,None,None,108000,None,26371000,None,None,None,None,None,-154619000,-15238000,None,None,0.0979,-161708000,14684000,-15108000,1035000,None,None,None,None,None,None,None,None,-0.13,27.21,5.2,None,None,None,None,None,-14000000,None,0.0344,None,5319000,2025-10-29,quarterly,1.03,USD,post-market,None,None,0.125,0.681,0.545,135.56,10606000,17371000,17371000,None,323.22,368.54,-21.9697,40104000,34785000,19607000,19607000,5319000,None,41679000,20497000,100.11,None,485.33,148.25
2025-12-28,CVNA,4.38,18265999000.0,100.11,None,3.52,16.14,99000000,None,6929000,6929000,195835000,-94516000,-169963000,None,-335186000,None,None,-38534000,20497000,15000000,None,42103000,42103000,2236000,None,17371000,450000,None,None,1705000,18636000,None,None,None,0.609,-0.29,-15130000,-13425000,1.32,2020-09-30,64.94,None,3904000000.0,-424000,-15238000,86000,None,None,None,108000,None,26371000,None,None,None,None,None,-17720000,-15238000,None,None,0.0979,-271282000,14684000,-15108000,1035000,None,None,None,None,None,None,None,None,-0.13,27.21,5.2,None,None,None,None,None,-3000000,None,0.0344,None,5319000,2025-10-29,quarterly,1.03,USD,post-market,None,None,0.125,0.681,0.545,135.56,10606000,17371000,17371000,None,323.22,368.54,-21.9697,40104000,34785000,19607000,19607000,5319000,None,41679000,20497000,100.11,None,485.33,148.25
2025-12-28,CVNA,4.38,18265999000.0,100.11,None,3.52,16.14,81000000,None,6929000,6929000,306695000,-78480000,221251000,None,217238000,None,None,-20036000,20497000,15000000,None,42103000,42103000,2236000,None,17371000,450000,None,None,1705000,17629000,None,None,None,0.609,-0.29,-15130000,-13425000,1.32,2020-06-30,64.94,None,3904000000.0,-424000,-15238000,86000,None,None,None,108000,None,26371000,None,None,None,None,None,-106326000,-15238000,None,None,0.0979,-6964000,14684000,-15108000,1035000,None,None,None,None,None,None,None,None,-0.13,27.21,5.2,None,None,None,None,None,-4000000,None,0.0344,None,5319000,2025-10-29,quarterly,1.03,USD,post-market,None,None,0.125,0.681,0.545,135.56,10606000,17371000,17371000,None,323.22,368.54,-21.9697,40104000,34785000,19607000,19607000,5319000,None,41679000,20497000,100.11,None,485.33,148.25
2025-12-28,CVNA,4.38,18265999000.0,100.11,None,3.52,16.14,90000000,None,6929000,6929000,283742000,-88708000,26576000,None,-80014000,None,None,12995000,20497000,15000000,None,42103000,42103000,2236000,None,17371000,450000,None,None,1705000,15811000,None,None,None,0.609,-0.29,-15130000,-13425000,1.32,2020-03-31,64.94,None,3904000000.0,-424000,-15238000,86000,None,None,None,108000,None,26371000,None,None,None,None,None,-183557000,-15238000,None,None,0.0979,-168458000,14684000,-15108000,1035000,None,None,None,None,None,None,None,None,-0.13,27.21,5.2,None,None,None,None,None,-2000000,None,0.0344,None,5319000,2025-10-29,quarterly,1.03,USD,post-market,None,None,0.125,0.681,0.545,135.56,10606000,17371000,17371000,None,323.22,368.54,-21.9697,40104000,34785000,19607000,19607000,5319000,None,41679000,20497000,100.11,None,485.33,148.25
2025-12-28,CVNA,4.38,18265999000.0,100.11,None,3.52,16.14,79158000,None,6929000,6929000,411380000,-78936000,9985000,None,-131099000,None,None,179947000,20497000,15000000,None,42103000,42103000,2236000,None,17371000,450000,None,None,1705000,13760000,0,0,None,0.609,-0.29,-15130000,-13425000,1.32,2019-12-31,64.94,None,3904000000.0,-424000,-15238000,86000,None,None,None,108000,None,26371000,None,None,None,None,None,-125740000,-15238000,None,None,0.0979,-322459000,14684000,-15108000,1035000,None,None,None,None,None,None,None,None,-0.13,27.21,5.2,None,None,None,None,None,-2278000,None,0.0344,None,5319000,2025-10-29,quarterly,1.03,USD,post-market,None,None,0.125,0.681,0.545,135.56,10606000,17371000,17371000,None,323.22,368.54,-21.9697,40104000,34785000,19607000,19607000,5319000,None,41679000,20497000,100.11,None,485.33,148.25
2025-12-28,CVNA,4.38,18265999000.0,100.11,None,3.52,16.14,63243000,None,6929000,6929000,267693000,-61774000,66078000,None,-21771000,None,None,-361216000,20497000,15000000,None,42103000,42103000,2236000,None,17371000,450000,None,None,1705000,10675000,0,0,None,0.609,-0.29,-15130000,-13425000,1.32,2019-09-30,64.94,None,3904000000.0,-424000,-15238000,86000,None,None,None,108000,None,26371000,None,None,None,None,None,-92244000,-15238000,None,None,0.0979,-139841000,14684000,-15108000,1035000,None,None,None,None,None,None,None,None,-0.13,27.21,5.2,None,None,None,None,None,-1562000,None,0.0344,None,5319000,2025-10-29,quarterly,1.03,USD,post-market,None,None,0.125,0.681,0.545,135.56,10606000,17371000,17371000,None,323.22,368.54,-21.9697,40104000,34785000,19607000,19607000,5319000,None,41679000,20497000,100.11,None,485.33,148.25
2025-12-28,CVNA,4.38,18265999000.0,100.11,None,3.52,16.14,44938000,None,6929000,6929000,59496000,-43830000,-64659000,None,-79455000,None,None,304673000,20497000,15000000,None,42103000,42103000,2236000,None,17371000,450000,None,None,1705000,8887000,0,0,None,0.609,-0.29,-15130000,-13425000,1.32,2019-06-30,64.94,None,3904000000.0,-424000,-15238000,86000,None,None,None,108000,None,26371000,None,None,None,None,None,-64059000,-15238000,None,None,0.0979,-80325000,14684000,-15108000,1035000,None,None,None,None,None,None,None,None,-0.13,27.21,5.2,None,None,None,None,None,-1557000,None,0.0344,None,5319000,2025-10-29,quarterly,1.03,USD,post-market,None,None,0.125,0.681,0.545,135.56,10606000,17371000,17371000,None,323.22,368.54,-21.9697,40104000,34785000,19607000,19607000,5319000,None,41679000,20497000,100.11,None,485.33,148.25
2025-12-28,CVNA,4.38,18265999000.0,100.11,None,3.52,16.14,43199000,None,6929000,6929000,276054000,-43199000,18346000,None,-112536000,None,None,-133145000,20497000,15000000,None,42103000,42103000,2236000,None,17371000,450000,None,None,1705000,7943000,0,0,None,0.609,-0.29,-15130000,-13425000,1.32,2019-03-31,64.94,None,3904000000.0,-424000,-15238000,86000,None,None,None,108000,None,26371000,None,None,None,None,None,-82596000,-15238000,None,None,0.0979,-214509000,14684000,-15108000,1035000,None,None,None,None,None,None,None,None,-0.13,27.21,5.2,None,None,None,None,None,-433000,None,0.0344,None,5319000,2025-10-29,quarterly,1.03,USD,post-market,None,None,0.125,0.681,0.545,135.56,10606000,17371000,17371000,None,323.22,368.54,-21.9697,40104000,34785000,19607000,19607000,5319000,None,41679000,20497000,100.11,None,485.33,148.25
2025-12-28,CVNA,4.38,18265999000.0,100.11,None,3.52,16.14,36440000,None,6929000,6929000,-182651000,-36440000,-369556000,None,-72756000,None,None,630708000,20497000,15000000,None,42103000,42103000,2236000,None,17371000,450000,None,None,1705000,7238000,340000,340000,None,0.609,-0.29,-15130000,-13425000,1.32,2018-12-31,64.94,None,3904000000.0,-424000,-15238000,86000,None,None,None,108000,None,26371000,None,None,None,None,None,-86404000,-15238000,None,None,0.0979,-150465000,14684000,-15108000,1035000,None,None,None,None,None,None,None,None,-0.13,27.21,5.2,None,None,None,None,None,-1133000,None,0.0344,None,5319000,2025-10-29,quarterly,1.03,USD,post-market,None,None,0.125,0.681,0.545,135.56,10606000,17371000,17371000,None,323.22,368.54,-21.9697,40104000,34785000,19607000,19607000,5319000,None,41679000,20497000,100.11,None,485.33,148.25
2025-12-28,CVNA,4.38,18265999000.0,100.11,None,3.52,16.14,33803000,None,6929000,6929000,358910000,-33803000,240717000,None,-35495000,None,None,-252975000,20497000,15000000,None,42103000,42103000,2236000,None,17371000,450000,None,None,1705000,6439000,1375000,1375000,None,0.609,-0.29,-15130000,-13425000,1.32,2018-09-30,64.94,None,3904000000.0,-424000,-15238000,86000,None,None,None,108000,None,26371000,None,None,None,None,None,-64419000,-15238000,None,None,0.0979,-84390000,14684000,-15108000,1035000,None,None,None,None,None,None,None,None,-0.13,27.21,5.2,None,None,None,None,None,-1053000,None,0.0344,None,5319000,2025-10-29,quarterly,1.03,USD,post-market,None,None,0.125,0.681,0.545,135.56,10606000,17371000,17371000,None,323.22,368.54,-21.9697,40104000,34785000,19607000,19607000,5319000,None,41679000,20497000,100.11,None,485.33,148.25
2025-12-28,CVNA,4.38,18265999000.0,100.11,None,3.52,16.14,45414000,None,6929000,6929000,177743000,-52084000,77623000,None,-2787000,None,None,-2531000,20497000,15000000,None,42103000,42103000,2236000,None,17371000,450000,None,None,1705000,5257000,1376000,1376000,None,0.609,-0.29,-15130000,-13425000,1.32,2018-06-30,64.94,None,3904000000.0,-424000,-15238000,86000,None,None,None,108000,None,26371000,None,None,None,None,None,-51250000,-15238000,None,None,0.0979,-48036000,14684000,-15108000,1035000,None,None,None,None,None,None,None,None,-0.13,27.21,5.2,None,None,None,None,None,-163000,None,0.0344,None,5319000,2025-10-29,quarterly,1.03,USD,post-market,None,None,0.125,0.681,0.545,135.56,10606000,17371000,17371000,None,323.22,368.54,-21.9697,40104000,34785000,19607000,19607000,5319000,None,41679000,20497000,100.11,None,485.33,148.25
2025-12-28,CVNA,4.38,18265999000.0,100.11,None,3.52,16.14,28011000,None,6929000,6929000,112262000,-28011000,-47198000,None,-72030000,None,None,-6969000,20497000,15000000,None,42103000,42103000,2236000,None,17371000,450000,None,None,1705000,4605000,1528000,1528000,None,0.609,-0.29,-15130000,-13425000,1.32,2018-03-31,64.94,None,3904000000.0,-424000,-15238000,86000,None,None,None,108000,None,26371000,None,None,None,None,None,-52672000,-15238000,None,None,0.0979,-131449000,14684000,-15108000,1035000,None,None,None,None,None,None,None,None,-0.13,27.21,5.2,None,None,None,None,None,-160000,None,0.0344,None,5319000,2025-10-29,quarterly,1.03,USD,post-market,None,None,0.125,0.681,0.545,135.56,10606000,17371000,17371000,None,323.22,368.54,-21.9697,40104000,34785000,19607000,19607000,5319000,None,41679000,20497000,100.11,None,485.33,148.25
2025-12-28,CVNA,4.38,18265999000.0,100.11,None,3.52,16.14,19082000,None,6929000,6929000,174906000,-21770000,None,None,-34877000,None,None,None,20497000,15000000,None,42103000,42103000,2236000,None,17371000,450000,None,None,1705000,3822000,4619000,4619000,None,0.609,-0.29,-15130000,-13425000,1.32,2017-12-31,64.94,None,3904000000.0,-424000,-15238000,86000,None,None,None,108000,None,26371000,None,None,None,None,None,-47238000,-15238000,None,None,0.0979,-83910000,14684000,-15108000,1035000,None,None,None,None,None,None,None,None,-0.13,27.21,5.2,None,None,None,None,None,-410000,None,0.0344,None,5319000,2025-10-29,quarterly,1.03,USD,post-market,None,None,0.125,0.681,0.545,135.56,10606000,17371000,17371000,None,323.22,368.54,-21.9697,40104000,34785000,19607000,19607000,5319000,None,41679000,20497000,100.11,None,485.33,148.25
2025-12-28,CVNA,4.38,18265999000.0,100.11,None,3.52,16.14,16832000,None,6929000,6929000,31992000,-18248000,-40979000,None,-17630000,None,None,2134000,20497000,15000000,None,42103000,42103000,2236000,None,17371000,450000,None,None,1705000,3101000,0,0,None,0.609,-0.29,-15130000,-13425000,1.32,2017-09-30,64.94,None,3904000000.0,-424000,-15238000,86000,None,None,None,108000,None,26371000,None,None,None,None,None,-39769000,-15238000,None,None,0.0979,-54723000,14684000,-15108000,1035000,None,None,None,None,None,None,None,None,-0.13,27.21,5.2,None,None,None,None,None,-399000,None,0.0344,None,5319000,2025-10-29,quarterly,1.03,USD,post-market,None,None,0.125,0.681,0.545,135.56,10606000,17371000,17371000,None,323.22,368.54,-21.9697,40104000,34785000,19607000,19607000,5319000,None,41679000,20497000,100.11,None,485.33,148.25
2025-12-28,CVNA,4.38,18265999000.0,100.11,None,3.52,16.14,24020000,None,6929000,6929000,167402000,-22871000,105249000,None,25712000,None,None,-8293000,20497000,15000000,None,42103000,42103000,2236000,None,17371000,450000,None,None,1705000,2584000,0,0,None,0.609,-0.29,-15130000,-13425000,1.32,2017-06-30,64.94,None,3904000000.0,-424000,-15238000,86000,None,None,None,108000,None,26371000,None,None,None,None,None,-38870000,-15238000,None,None,0.0979,-8405000,14684000,-15108000,1035000,None,None,None,None,None,None,None,None,-0.13,27.21,5.2,None,None,None,None,None,206323000,None,0.0344,None,5319000,2025-10-29,quarterly,1.03,USD,post-market,None,None,0.125,0.681,0.545,135.56,10606000,17371000,17371000,None,323.22,368.54,-21.9697,40104000,34785000,19607000,19607000,5319000,None,41679000,20497000,100.11,None,485.33,148.25
2025-12-28,CVNA,4.38,18265999000.0,100.11,None,3.52,16.14,18556000,None,6929000,6929000,41787000,-19778000,None,None,-14044000,None,None,None,20497000,15000000,None,42103000,42103000,2236000,None,17371000,450000,None,None,1705000,2061000,0,0,None,0.609,-0.29,-15130000,-13425000,1.32,2017-03-31,64.94,None,3904000000.0,-424000,-15238000,86000,None,None,None,108000,None,26371000,None,None,None,None,None,-38439000,-15238000,None,None,0.0979,-52886000,14684000,-15108000,1035000,None,None,None,None,None,None,None,None,-0.13,27.21,5.2,None,None,None,None,None,0,None,0.0344,None,5319000,2025-10-29,quarterly,1.03,USD,post-market,None,None,0.125,0.681,0.545,135.56,10606000,17371000,17371000,None,323.22,368.54,-21.9697,40104000,34785000,19607000,19607000,5319000,None,41679000,20497000,100.11,None,485.33,148.25
2025-12-28,CVNA,4.38,18265999000.0,100.11,None,3.52,16.14,18518000,None,6929000,6929000,78647000,-24370000,None,None,-55133000,None,None,None,20497000,15000000,None,42103000,42103000,2236000,None,17371000,450000,None,None,1705000,1638000,4619000,4619000,None,0.609,-0.29,-15130000,-13425000,1.32,2016-12-31,64.94,None,3904000000.0,-424000,-15238000,86000,None,None,None,108000,None,26371000,None,None,None,None,None,-35694000,-15238000,None,None,0.0979,-95447000,14684000,-15108000,1035000,None,None,None,None,None,None,None,None,-0.13,27.21,5.2,None,None,None,None,None,None,None,0.0344,None,5319000,2025-10-29,quarterly,1.03,USD,post-market,None,None,0.125,0.681,0.545,135.56,10606000,17371000,17371000,None,323.22,368.54,-21.9697,40104000,34785000,19607000,19607000,5319000,None,41679000,20497000,100.11,None,485.33,148.25
2025-12-28,CVNA,4.38,18265999000.0,100.11,None,3.52,16.14,8330000,None,6929000,6929000,73438000,-8987000,None,None,-13734000,None,None,None,20497000,15000000,None,42103000,42103000,2236000,None,17371000,450000,None,None,1705000,1196000,None,None,None,0.609,-0.29,-15130000,-13425000,1.32,2016-09-30,64.94,None,3904000000.0,-424000,-15238000,86000,None,None,None,108000,None,26371000,None,None,None,None,None,-21985000,-15238000,None,None,0.0979,-44186000,14684000,-15108000,1035000,None,None,None,None,None,None,None,None,-0.13,27.21,5.2,None,None,None,None,None,None,None,0.0344,None,5319000,2025-10-29,quarterly,1.03,USD,post-market,None,None,0.125,0.681,0.545,135.56,10606000,17371000,17371000,None,323.22,368.54,-21.9697,40104000,34785000,19607000,19607000,5319000,None,41679000,20497000,100.11,None,485.33,148.25
2025-12-28,CVNA,4.38,18265999000.0,100.11,None,3.52,16.14,5870000,None,6929000,6929000,95631000,-5687000,None,None,-25503000,None,None,None,20497000,15000000,None,42103000,42103000,2236000,None,17371000,450000,None,None,1705000,958000,None,None,None,0.609,-0.29,-15130000,-13425000,1.32,2016-06-30,64.94,None,3904000000.0,-424000,-15238000,86000,None,None,None,108000,None,26371000,None,None,None,None,None,-18108000,-15238000,None,None,0.0979,-42221000,14684000,-15108000,1035000,None,None,None,None,None,None,None,None,-0.13,27.21,5.2,None,None,None,None,None,None,None,0.0344,None,5319000,2025-10-29,quarterly,1.03,USD,post-market,None,None,0.125,0.681,0.545,135.56,10606000,17371000,17371000,None,323.22,368.54,-21.9697,40104000,34785000,19607000,19607000,5319000,None,41679000,20497000,100.11,None,485.33,148.25
2025-12-28,CVNA,4.38,18265999000.0,100.11,None,3.52,16.14,6821000,None,6929000,6929000,36249000,-8646000,None,None,-23098000,None,None,None,20497000,15000000,None,42103000,42103000,2236000,None,17371000,450000,None,None,1705000,866000,None,None,None,0.609,-0.29,-15130000,-13425000,1.32,2016-03-31,64.94,None,3904000000.0,-424000,-15238000,86000,None,None,None,108000,None,26371000,None,None,None,None,None,-17325000,-15238000,None,None,0.0979,-58371000,14684000,-15108000,1035000,None,None,None,None,None,None,None,None,-0.13,27.21,5.2,None,None,None,None,None,None,None,0.0344,None,5319000,2025-10-29,quarterly,1.03,USD,post-market,None,None,0.125,0.681,0.545,135.56,10606000,17371000,17371000,None,323.22,368.54,-21.9697,40104000,34785000,19607000,19607000,5319000,None,41679000,20497000,100.11,None,485.33,148.25
2025-12-28,CVNA,4.38,18265999000.0,100.11,None,3.52,16.14,6375000,None,6929000,6929000,27018000,-7726000,None,None,-28705000,None,None,None,20497000,15000000,None,42103000,42103000,2236000,None,17371000,450000,None,None,1705000,897000,33533000,33533000,None,0.609,-0.29,-15130000,-13425000,1.32,2015-12-31,64.94,None,3904000000.0,-424000,-15238000,86000,None,None,None,108000,None,26371000,None,None,None,None,None,-13091000,-15238000,None,None,0.0979,-30017000,14684000,-15108000,1035000,None,None,None,None,None,None,None,None,-0.13,27.21,5.2,None,None,None,None,None,None,None,0.0344,None,5319000,2025-10-29,quarterly,1.03,USD,post-market,None,None,0.125,0.681,0.545,135.56,10606000,17371000,17371000,None,323.22,368.54,-21.9697,40104000,34785000,19607000,19607000,5319000,None,41679000,20497000,100.11,None,485.33,148.25
2025-12-28,CVNA,4.38,18265999000.0,100.11,None,3.52,16.14,91000000,None,6929000,6929000,261000000,-13000000,None,None,-455000000,None,None,None,20497000,15000000,None,42103000,42103000,2236000,None,17371000,450000,None,None,1705000,305000000,None,None,None,0.609,-0.29,-15130000,-13425000,1.32,2024-12-31,64.94,None,3904000000.0,-424000,-15238000,86000,None,None,None,108000,None,26371000,None,None,None,None,None,404000000,-15238000,None,None,0.0979,918000000,14684000,-15108000,1035000,None,None,None,None,None,None,None,None,-0.13,27.21,5.2,None,None,None,None,None,-115000000,None,0.0344,None,5319000,2025-10-29,annual,1.03,USD,post-market,None,None,0.125,0.681,0.545,135.56,10606000,17371000,17371000,None,323.22,368.54,-21.9697,40104000,34785000,19607000,19607000,5319000,None,41679000,20497000,100.11,None,485.33,148.25
2025-12-28,CVNA,4.38,18265999000.0,100.11,None,3.52,16.14,87000000,None,6929000,6929000,-868000000,31000000,None,None,711000000,None,None,None,20497000,15000000,None,42103000,42103000,2236000,None,17371000,450000,None,None,1705000,352000000,6844000000,6844000000,None,0.609,-0.29,-15130000,-13425000,1.32,2023-12-31,64.94,None,3904000000.0,-424000,-15238000,86000,None,None,None,108000,None,26371000,None,None,None,None,None,150000000,-15238000,None,None,0.0979,803000000,14684000,-15108000,1035000,None,None,None,None,None,None,None,None,-0.13,27.21,5.2,None,None,None,None,None,-3000000,None,0.0344,None,5319000,2025-10-29,annual,1.03,USD,post-market,None,None,0.125,0.681,0.545,135.56,10606000,17371000,17371000,None,323.22,368.54,-21.9697,40104000,34785000,19607000,19607000,5319000,None,41679000,20497000,100.11,None,485.33,148.25
2025-12-28,CVNA,4.38,18265999000.0,100.11,None,3.52,16.14,512000000,None,6929000,6929000,3899000000,-2583000000,-8000000,None,1354000000,None,None,145000000,20497000,15000000,None,42103000,42103000,2236000,None,17371000,450000,None,None,1705000,261000000,None,None,None,0.609,-0.29,-15130000,-13425000,1.32,2022-12-31,64.94,None,3904000000.0,-424000,-15238000,86000,None,None,None,108000,None,26371000,None,None,None,None,None,-2894000000,-15238000,None,None,0.0979,-1324000000,14684000,-15108000,1035000,None,None,None,None,None,None,None,None,-0.13,27.21,5.2,None,None,None,None,None,-8000000,None,0.0344,None,5319000,2025-10-29,annual,1.03,USD,post-market,None,None,0.125,0.681,0.545,135.56,10606000,17371000,17371000,None,323.22,368.54,-21.9697,40104000,34785000,19607000,19607000,5319000,None,41679000,20497000,100.11,None,485.33,148.25
2025-12-28,CVNA,4.38,18265999000.0,100.11,None,3.52,16.14,557000000,None,6929000,6929000,3528000000,-627000000,307000000,None,-2086000000,None,None,-148000000,20497000,15000000,None,42103000,42103000,2236000,None,17371000,450000,None,None,1705000,105000000,None,None,None,0.609,-0.29,-15130000,-13425000,1.32,2021-12-31,64.94,None,3904000000.0,-424000,-15238000,86000,None,None,None,108000,None,26371000,None,None,None,None,None,-287000000,-15238000,None,None,0.0979,-2594000000,14684000,-15108000,1035000,None,None,None,None,None,None,None,None,-0.13,27.21,5.2,None,None,None,None,None,-40000000,None,0.0344,None,5319000,2025-10-29,annual,1.03,USD,post-market,None,None,0.125,0.681,0.545,135.56,10606000,17371000,17371000,None,323.22,368.54,-21.9697,40104000,34785000,19607000,19607000,5319000,None,41679000,20497000,100.11,None,485.33,148.25
2025-12-28,CVNA,4.38,18265999000.0,100.11,None,3.52,16.14,360000000,None,6929000,6929000,1164990000,-345926000,210652000,None,-263321000,None,None,-42995000,20497000,15000000,None,42103000,42103000,2236000,None,17371000,450000,None,None,1705000,73791000,23000000,23000000,None,0.609,-0.29,-15130000,-13425000,1.32,2020-12-31,64.94,None,3904000000.0,-424000,-15238000,86000,None,None,None,108000,None,26371000,None,None,None,None,None,-462222000,-15238000,None,None,0.0979,-608412000,14684000,-15108000,1035000,None,None,None,None,None,None,None,None,-0.13,27.21,5.2,None,None,None,None,None,-23000000,None,0.0344,None,5319000,2025-10-29,annual,1.03,USD,post-market,None,None,0.125,0.681,0.545,135.56,10606000,17371000,17371000,None,323.22,368.54,-21.9697,40104000,34785000,19607000,19607000,5319000,None,41679000,20497000,100.11,None,485.33,148.25
2025-12-28,CVNA,4.38,18265999000.0,100.11,None,3.52,16.14,230538000,None,6929000,6929000,1014623000,-227739000,29750000,None,-344861000,None,None,-9741000,20497000,15000000,None,42103000,42103000,2236000,None,17371000,450000,None,None,1705000,41265000,6000000,6000000,None,0.609,-0.29,-15130000,-13425000,1.32,2019-12-31,64.94,None,3904000000.0,-424000,-15238000,86000,None,None,None,108000,None,26371000,None,None,None,None,None,-364639000,-15238000,None,None,0.0979,-757134000,14684000,-15108000,1035000,None,None,None,None,None,None,None,None,-0.13,27.21,5.2,None,None,None,None,None,-6000000,None,0.0344,None,5319000,2025-10-29,annual,1.03,USD,post-market,None,None,0.125,0.681,0.545,135.56,10606000,17371000,17371000,None,323.22,368.54,-21.9697,40104000,34785000,19607000,19607000,5319000,None,41679000,20497000,100.11,None,485.33,148.25
2025-12-28,CVNA,4.38,18265999000.0,100.11,None,3.52,16.14,143668000,None,6929000,6929000,466264000,-150338000,-98414000,None,-183068000,None,None,368233000,20497000,15000000,None,42103000,42103000,2236000,None,17371000,450000,None,None,1705000,23539000,4619000,4619000,None,0.609,-0.29,-15130000,-13425000,1.32,2018-12-31,64.94,None,3904000000.0,-424000,-15238000,86000,None,None,None,108000,None,26371000,None,None,None,None,None,-254745000,-15238000,None,None,0.0979,-414340000,14684000,-15108000,1035000,None,None,None,None,None,None,None,None,-0.13,27.21,5.2,None,None,None,None,None,-2509000,None,0.0344,None,5319000,2025-10-29,annual,1.03,USD,post-market,None,None,0.125,0.681,0.545,135.56,10606000,17371000,17371000,None,323.22,368.54,-21.9697,40104000,34785000,19607000,19607000,5319000,None,41679000,20497000,100.11,None,485.33,148.25
2025-12-28,CVNA,4.38,18265999000.0,100.11,None,3.52,16.14,78490000,None,6929000,6929000,416087000,-82667000,133496000,None,-40839000,None,None,-8715000,20497000,15000000,None,42103000,42103000,2236000,None,17371000,450000,None,None,1705000,11568000,4619000,4619000,None,0.609,-0.29,-15130000,-13425000,1.32,2017-12-31,64.94,None,3904000000.0,-424000,-15238000,86000,None,None,None,108000,None,26371000,None,None,None,None,None,-164316000,-15238000,None,None,0.0979,-199924000,14684000,-15108000,1035000,None,None,None,None,None,None,None,None,-0.13,27.21,5.2,None,None,None,None,None,-704000,None,0.0344,None,5319000,2025-10-29,annual,1.03,USD,post-market,None,None,0.125,0.681,0.545,135.56,10606000,17371000,17371000,None,323.22,368.54,-21.9697,40104000,34785000,19607000,19607000,5319000,None,41679000,20497000,100.11,None,485.33,148.25
2025-12-28,CVNA,4.38,18265999000.0,100.11,None,3.52,16.14,39539000,None,6929000,6929000,283965000,-47690000,None,None,-117468000,None,None,None,20497000,15000000,None,42103000,42103000,2236000,None,17371000,450000,None,None,1705000,4658000,0,0,None,0.609,-0.29,-15130000,-13425000,1.32,2016-12-31,64.94,None,3904000000.0,-424000,-15238000,86000,None,None,None,108000,None,26371000,None,None,None,None,None,-93112000,-15238000,None,None,0.0979,-240225000,14684000,-15108000,1035000,None,None,None,None,None,None,None,None,-0.13,27.21,5.2,None,None,None,None,None,-398000,None,0.0344,None,5319000,2025-10-29,annual,1.03,USD,post-market,None,None,0.125,0.681,0.545,135.56,10606000,17371000,17371000,None,323.22,368.54,-21.9697,40104000,34785000,19607000,19607000,5319000,None,41679000,20497000,100.11,None,485.33,148.25
2025-12-28,CVNA,4.38,18265999000.0,100.11,None,3.52,16.14,13950000,None,6929000,6929000,105778000,-16065000,None,None,-41667000,None,None,None,20497000,15000000,None,42103000,42103000,2236000,None,17371000,450000,None,None,1705000,2800000,33533000,33533000,None,0.609,-0.29,-15130000,-13425000,1.32,2015-12-31,64.94,None,3904000000.0,-424000,-15238000,86000,None,None,None,108000,None,26371000,None,None,None,None,None,-36780000,-15238000,None,None,0.0979,-53508000,14684000,-15108000,1035000,None,None,None,None,None,None,None,None,-0.13,27.21,5.2,None,None,None,None,None,65000000,None,0.0344,None,5319000,2025-10-29,annual,1.03,USD,post-market,None,None,0.125,0.681,0.545,135.56,10606000,17371000,17371000,None,323.22,368.54,-21.9697,40104000,34785000,19607000,19607000,5319000,None,41679000,20497000,100.11,None,485.33,148.25
2025-12-28,CVNA,4.38,18265999000.0,100.11,None,3.52,16.14,3768000,None,6929000,6929000,39614000,-3768000,None,None,-17387000,None,None,None,20497000,15000000,None,42103000,42103000,2236000,None,17371000,450000,None,None,1705000,1705000,33533000,33533000,None,0.609,-0.29,-15130000,-13425000,1.32,2014-12-31,64.94,None,3904000000.0,-424000,-15238000,86000,None,None,None,108000,None,26371000,None,None,None,None,None,-15238000,-15238000,None,None,0.0979,-30161000,14684000,-15108000,1035000,None,None,None,None,None,None,None,None,-0.13,27.21,5.2,None,None,None,None,None,22243000,None,0.0344,None,5319000,2025-10-29,annual,1.03,USD,post-market,None,None,0.125,0.681,0.545,135.56,10606000,17371000,17371000,None,323.22,368.54,-21.9697,40104000,34785000,19607000,19607000,5319000,None,41679000,20497000,100.11,None,485.33,148.25
