date,symbol,eps,revenue_ttm,pe_ratio,accumulateddepreciationamortizationppe,beta,book_value,capitalexpenditures,capitalleaseobligations,cashandcashequivalentsatcarryingvalue,cashandshortterminvestments,cashflowfromfinancing,cashflowfrominvestment,changeincashandcashequivalents,changeinexchangerate,changeininventory,changeinoperatingassets,changeinoperatingliabilities,changeinreceivables,commonstock,commonstocksharesoutstanding,comprehensiveincomenetoftax,costofgoodsandservicessold,costofrevenue,currentaccountspayable,currentdebt,currentlongtermdebt,currentnetreceivables,deferredrevenue,depreciation,depreciationandamortization,depreciationdepletionandamortization,dividend_per_share,dividend_yield,dividendpayout,dividendpayoutcommonstock,dividendpayoutpreferredstock,earnings_growth_yoy,earnings_surprise,ebit,ebitda,estimated_eps,fiscaldateending,forward_pe,goodwill,gross_profit_ttm,grossprofit,incomebeforetax,incometaxexpense,intangibleassets,intangibleassetsexcludinggoodwill,interestanddebtexpense,interestexpense,interestincome,inventory,investmentincomenet,investments,longtermdebt,longtermdebtnoncurrent,longterminvestments,netincome,netincomefromcontinuingoperations,netinterestincome,noninterestincome,operating_margin_ttm,operatingcashflow,operatingexpenses,operatingincome,othercurrentassets,othercurrentliabilities,othernoncurrentassets,othernoncurrentliabilities,othernonoperatingincome,paymentsforoperatingactivities,paymentsforrepurchaseofcommonstock,paymentsforrepurchaseofequity,paymentsforrepurchaseofpreferredstock,peg_ratio,price_to_book,price_to_sales_ttm,proceedsfromissuanceofcommonstock,proceedsfromissuanceoflongtermdebtandcapitalsecuritiesnet,proceedsfromissuanceofpreferredstock,proceedsfromoperatingactivities,proceedsfromrepaymentsofshorttermdebt,proceedsfromrepurchaseofequity,proceedsfromsaleoftreasurystock,profit_margin,profitloss,propertyplantequipment,report_date,report_type,reported_eps,reportedcurrency,reporttime,researchanddevelopment,retainedearnings,return_on_assets_ttm,return_on_equity_ttm,revenue_growth_yoy,revenue_per_share_ttm,sellinggeneralandadministrative,shortlongtermdebttotal,shorttermdebt,shortterminvestments,sma_200,sma_50,surprise_pct,totalassets,totalcurrentassets,totalcurrentliabilities,totalliabilities,totalnoncurrentassets,totalnoncurrentliabilities,totalrevenue,totalshareholderequity,trailing_pe,treasurystock,week_52_high,week_52_low
1996-03-31,CVS,,,,,,,,,,,,,,,,,,,,,,,,,,,,,,,,,,,,,,0.08,,,-0.05,,,,,,,,,,,,,,,,,,,,,,,,,,,,,,,,,,,,,,,,,,,,,,,,,1996-04-23,,0.03,,pre-market,,,,,,,,,,,,,160.0,,,,,,,,,,,,
1996-06-30,CVS,,,,,,,,,,,,,,,,,,,,,,,,,,,,,,,,,,,,,,0.0,,,0.1,,,,,,,,,,,,,,,,,,,,,,,,,,,,,,,,,,,,,,,,,,,,,,,,,1996-07-23,,0.1,,pre-market,,,,,,,,,,,,,0.0,,,,,,,,,,,,
1996-09-30,CVS,,,,,,,,,,,,,,,,,,,,,,,,,,,,,,,,,,,,,,0.0,,,0.06,,,,,,,,,,,,,,,,,,,,,,,,,,,,,,,,,,,,,,,,,,,,,,,,,1996-10-22,,0.06,,pre-market,,,,,,,,,,,,,0.0,,,,,,,,,,,,
1996-12-31,CVS,,,,,,,,,,,,,,,,,,,,,,,,,,,,,,,,,,,,,,0.01,,,0.1,,,,,,,,,,,,,,,,,,,,,,,,,,,,,,,,,,,,,,,,,,,,,,,,,1997-02-05,,0.11,,pre-market,,,,,,,,,,,,,10.0,,,,,,,,,,,,
1997-03-31,CVS,,,,,,,,,,,,,,,,,,,,,,,,,,,,,,,,,,,,,,0.02,,,0.11,,,,,,,,,,,,,,,,,,,,,,,,,,,,,,,,,,,,,,,,,,,,,,,,,1997-04-24,,0.13,,pre-market,,,,,,,,,,,,,18.1818,,,,,,,,,,,,
1997-06-30,CVS,,,,,,,,,,,,,,,,,,,,,,,,,,,,,,,,,,,,,,0.01,,,0.12,,,,,,,,,,,,,,,,,,,,,,,,,,,,,,,,,,,,,,,,,,,,,,,,,1997-07-28,,0.13,,pre-market,,,,,,,,,,,,,8.3333,,,,,,,,,,,,
1997-09-30,CVS,,,,,,,,,,,,,,,,,,,,,,,,,,,,,,,,,,,,,,0.0,,,0.1,,,,,,,,,,,,,,,,,,,,,,,,,,,,,,,,,,,,,,,,,,,,,,,,,1997-10-22,,0.1,,pre-market,,,,,,,,,,,,,0.0,,,,,,,,,,,,
1997-12-31,CVS,,,,,,,,,,,,,,,,,,,,,,,,,,,,,,,,,,,,,,0.0,,,0.15,,,,,,,,,,,,,,,,,,,,,,,,,,,,,,,,,,,,,,,,,,,,,,,,,1998-02-09,,0.15,,pre-market,,,,,,,,,,,,,0.0,,,,,,,,,,,,
1998-03-31,CVS,,,,,,,,,,,,,,,,,,,,,,,,,,,,,,,,,,,,,,0.01,,,0.16,,,,,,,,,,,,,,,,,,,,,,,,,,,,,,,,,,,,,,,,,,,,,,,,,1998-05-06,,0.17,,pre-market,,,,,,,,,,,,,6.25,,,,,,,,,,,,
1998-06-30,CVS,,,,,,,,,,,,,,,,,,,,,,,,,,,,,,,,,,,,,,0.01,,,0.15,,,,,,,,,,,,,,,,,,,,,,,,,,,,,,,,,,,,,,,,,,,,,,,,,1998-07-29,,0.16,,pre-market,,,,,,,,,,,,,6.6667,,,,,,,,,,,,
1998-09-30,CVS,,,,,,,,,,,,,,,,,,,,,,,,,,,,,,,,,,,,,,0.01,,,0.12,,,,,,,,,,,,,,,,,,,,,,,,,,,,,,,,,,,,,,,,,,,,,,,,,1998-10-28,,0.13,,pre-market,,,,,,,,,,,,,8.3333,,,,,,,,,,,,
1998-12-31,CVS,,,,,,,,,,,,,,,,,,,,,,,,,,,,,,,,,,,,,,0.0,,,0.18,,,,,,,,,,,,,,,,,,,,,,,,,,,,,,,,,,,,,,,,,,,,,,,,,1999-01-28,,0.18,,pre-market,,,,,,,,,,,,,0.0,,,,,,,,,,,,
1999-03-31,CVS,,,,,,,,,,,,,,,,,,,,,,,,,,,,,,,,,,,,,,0.02,,,0.19,,,,,,,,,,,,,,,,,,,,,,,,,,,,,,,,,,,,,,,,,,,,,,,,,1999-04-28,,0.21,,pre-market,,,,,,,,,,,,,10.5263,,,,,,,,,,,,
1999-06-30,CVS,,,,,,,,,,,,,,,,,,,,,,,,,,,,,,,,,,,,,,0.01,,,0.19,,,,,,,,,,,,,,,,,,,,,,,,,,,,,,,,,,,,,,,,,,,,,,,,,1999-07-28,,0.2,,pre-market,,,,,,,,,,,,,5.2632,,,,,,,,,,,,
1999-09-30,CVS,,,,,,,,,,,,,,,,,,,,,,,,,,,,,,,,,,,,,,0.0,,,0.15,,,,,,,,,,,,,,,,,,,,,,,,,,,,,,,,,,,,,,,,,,,,,,,,,1999-10-27,,0.15,,pre-market,,,,,,,,,,,,,0.0,,,,,,,,,,,,
1999-12-31,CVS,,,,,,,,,,,,,,,,,,,,,,,,,,,,,,,,,,,,,,0.01,,,0.22,,,,,,,,,,,,,,,,,,,,,,,,,,,,,,,,,,,,,,,,,,,,,,,,,2000-02-08,,0.23,,pre-market,,,,,,,,,,,,,4.5455,,,,,,,,,,,,
2000-03-31,CVS,,,,,,,,,,,,,,,,,,,,,,,,,,,,,,,,,,,,,,0.01,,,0.23,,,,,,,,,,,,,,,,,,,,,,,,,,,,,,,,,,,,,,,,,,,,,,,,,2000-05-09,,0.24,,pre-market,,,,,,,,,,,,,4.3478,,,,,,,,,,,,
2000-06-30,CVS,,,,,,,,,,,,,,,,,,,,,,,,,,,,,,,,,,,,,,0.0,,,0.23,,,,,,,,,,,,,,,,,,,,,,,,,,,,,,,,,,,,,,,,,,,,,,,,,2000-08-01,,0.23,,pre-market,,,,,,,,,,,,,0.0,,,,,,,,,,,,
2000-09-30,CVS,,,,,,,,,,,,,,,,,,,,,,,,,,,,,,,,,,,,,,0.0,,,0.18,,,,,,,,,,,,,,,,,,,,,,,,,,,,,,,,,,,,,,,,,,,,,,,,,2000-10-30,,0.18,,pre-market,,,,,,,,,,,,,0.0,,,,,,,,,,,,
2000-12-31,CVS,,,,,,,,,,,,,,,,,,,,,,,,,,,,,,,,,,,,,,0.0,,,0.26,,,,,,,,,,,,,,,,,,,,,,,,,,,,,,,,,,,,,,,,,,,,,,,,,2001-02-06,,0.26,,pre-market,,,,,,,,,,,,,0.0,,,,,,,,,,,,
2001-03-31,CVS,,,,,,,,,,,,,,,,,,,,,,,,,,,,,,,,,,,,,,0.0,,,0.27,,,,,,,,,,,,,,,,,,,,,,,,,,,,,,,,,,,,,,,,,,,,,,,,,2001-05-02,,0.27,,pre-market,,,,,,,,,,,,,0.0,,,,,,,,,,,,
2001-06-30,CVS,,,,,,,,,,,,,,,,,,,,,,,,,,,,,,,,,,,,,,0.0,,,0.24,,,,,,,,,,,,,,,,,,,,,,,,,,,,,,,,,,,,,,,,,,,,,,,,,2001-07-31,,0.24,,pre-market,,,,,,,,,,,,,0.0,,,,,,,,,,,,
2001-09-30,CVS,,,,,,,,,,,,,,,,,,,,,,,,,,,,,,,,,,,,,,0.0,,,0.15,,,,,,,,,,,,,,,,,,,,,,,,,,,,,,,,,,,,,,,,,,,,,,,,,2001-10-30,,0.15,,pre-market,,,,,,,,,,,,,0.0,,,,,,,,,,,,
2001-12-31,CVS,,,,,,,,,,,,,,,,,,,,,,,,,,,,,,,,,,,,,,0.0,,,0.12,,,,,,,,,,,,,,,,,,,,,,,,,,,,,,,,,,,,,,,,,,,,,,,,,2002-02-05,,0.12,,pre-market,,,,,,,,,,,,,0.0,,,,,,,,,,,,
2002-03-31,CVS,,,,,,,,,,,,,,,,,,,,,,,,,,,,,,,,,,,,,,0.01,,,0.21,,,,,,,,,,,,,,,,,,,,,,,,,,,,,,,,,,,,,,,,,,,,,,,,,2002-05-08,,0.22,,pre-market,,,,,,,,,,,,,4.7619,,,,,,,,,,,,
2002-06-30,CVS,,,,,,,,,,,,,,,,,,,,,,,,,,,,,,,,,,,,,,0.01,,,0.21,,,,,,,,,,,,,,,,,,,,,,,,,,,,,,,,,,,,,,,,,,,,,,,,,2002-07-31,,0.22,,pre-market,,,,,,,,,,,,,4.7619,,,,,,,,,,,,
2002-09-30,CVS,,,,,,,,,,,,,,,,,,,,,,,,,,,,,,,,,,,,,,0.01,,,0.19,,,,,,,,,,,,,,,,,,,,,,,,,,,,,,,,,,,,,,,,,,,,,,,,,2002-10-30,,0.2,,pre-market,,,,,,,,,,,,,5.2632,,,,,,,,,,,,
2002-12-31,CVS,,,,,,,,,,,,,,,,,,,,,,,,,,,,,,,,,,,,,,0.02,,,0.23,,,,,,,,,,,,,,,,,,,,,,,,,,,,,,,,,,,,,,,,,,,,,,,,,2003-02-04,,0.25,,pre-market,,,,,,,,,,,,,8.6957,,,,,,,,,,,,
2003-03-31,CVS,,,,,,,,,,,,,,,,,,,,,,,,,,,,,,,,,,,,,,0.0,,,0.24,,,,,,,,,,,,,,,,,,,,,,,,,,,,,,,,,,,,,,,,,,,,,,,,,2003-05-06,,0.24,,pre-market,,,,,,,,,,,,,0.0,,,,,,,,,,,,
2003-06-30,CVS,,,,,,,,,,,,,,,,,,,,,,,,,,,,,,,,,,,,,,0.01,,,0.24,,,,,,,,,,,,,,,,,,,,,,,,,,,,,,,,,,,,,,,,,,,,,,,,,2003-07-30,,0.25,,pre-market,,,,,,,,,,,,,4.1667,,,,,,,,,,,,
2003-09-30,CVS,,,,,,,,,,,,,,,,,,,,,,,,,,,,,,,,,,,,,,0.0,,,0.23,,,,,,,,,,,,,,,,,,,,,,,,,,,,,,,,,,,,,,,,,,,,,,,,,2003-10-29,,0.23,,pre-market,,,,,,,,,,,,,0.0,,,,,,,,,,,,
2003-12-31,CVS,,,,,,,,,,,,,,,,,,,,,,,,,,,,,,,,,,,,,,0.03,,,0.29,,,,,,,,,,,,,,,,,,,,,,,,,,,,,,,,,,,,,,,,,,,,,,,,,2004-02-12,,0.32,,pre-market,,,,,,,,,,,,,10.3448,,,,,,,,,,,,
2004-03-31,CVS,,,,,,,,,,,,,,,,,,,,,,,,,,,,,,,,,,,,,,0.02,,,0.28,,,,,,,,,,,,,,,,,,,,,,,,,,,,,,,,,,,,,,,,,,,,,,,,,2004-05-05,,0.3,,pre-market,,,,,,,,,,,,,7.1429,,,,,,,,,,,,
2004-06-30,CVS,,,,,,,,,,,,,,,,,,,,,,,,,,,,,,,,,,,,,,0.01,,,0.27,,,,,,,,,,,,,,,,,,,,,,,,,,,,,,,,,,,,,,,,,,,,,,,,,2004-08-04,,0.28,,pre-market,,,,,,,,,,,,,3.7037,,,,,,,,,,,,
2004-09-30,CVS,,,,,,,,,,,,,,,,,,,,,,,,,,,,,,,,,,,,,,0.01,,,0.21,,,,,,,,,,,,,,,,,,,,,,,,,,,,,,,,,,,,,,,,,,,,,,,,,2004-11-04,,0.22,,pre-market,,,,,,,,,,,,,4.7619,,,,,,,,,,,,
2004-12-31,CVS,,,,,,,,,,,,,,,,,,,,,,,,,,,,,,,,,,,,,,0.01,,,0.27,,,,,,,,,,,,,,,,,,,,,,,,,,,,,,,,,,,,,,,,,,,,,,,,,2005-02-02,,0.28,,pre-market,,,,,,,,,,,,,3.7037,,,,,,,,,,,,
2005-03-31,CVS,,,,,,,,,,,,,,,,,,,,,,,,,,,,,,,,,,,,,,0.01,,,0.34,,,,,,,,,,,,,,,,,,,,,,,,,,,,,,,,,,,,,,,,,,,,,,,,,2005-05-05,,0.35,,pre-market,,,,,,,,,,,,,2.9412,,,,,,,,,,,,
2005-06-30,CVS,,,,,,,,,,,,,,,,,,,,,,,,,,,,,,,,,,,,,,0.02,,,0.31,,,,,,,,,,,,,,,,,,,,,,,,,,,,,,,,,,,,,,,,,,,,,,,,,2005-08-03,,0.33,,pre-market,,,,,,,,,,,,,6.4516,,,,,,,,,,,,
2005-09-30,CVS,,,,,,,,,,,,,,,,,,,,,,,,,,,,,,,,,,,,,,0.0,,,0.3,,,,,,,,,,,,,,,,,,,,,,,,,,,,,,,,,,,,,,,,,,,,,,,,,2005-11-03,,0.3,,pre-market,,,,,,,,,,,,,0.0,,,,,,,,,,,,
2005-12-31,CVS,,,,,,,,,,,,,,,,,,,,,,,,,,,,,,,,,,,,,,0.01,,,0.4,,,,,,,,,,,,,,,,,,,,,,,,,,,,,,,,,,,,,,,,,,,,,,,,,2006-02-02,,0.41,,pre-market,,,,,,,,,,,,,2.5,,,,,,,,,,,,
2006-03-31,CVS,,,,,,,,,,,,,,,,,,,,,,,,,,,,,,,,,,,,,,0.01,,,0.38,,,,,,,,,,,,,,,,,,,,,,,,,,,,,,,,,,,,,,,,,,,,,,,,,2006-05-04,,0.39,,pre-market,,,,,,,,,,,,,2.6316,,,,,,,,,,,,
2006-06-30,CVS,,,,,,,,,,,,,,,,,,,,,,,,,,,,,,,,,,,,,,0.03,,,0.37,,,,,,,,,,,,,,,,,,,,,,,,,,,,,,,,,,,,,,,,,,,,,,,,,2006-08-03,,0.4,,pre-market,,,,,,,,,,,,,8.1081,,,,,,,,,,,,
2006-09-30,CVS,,,,,,,,,,,,,,,,,,,,,,,,,,,,,,,,,,,,,,0.01,,,0.32,,,,,,,,,,,,,,,,,,,,,,,,,,,,,,,,,,,,,,,,,,,,,,,,,2006-11-01,,0.33,,pre-market,,,,,,,,,,,,,3.125,,,,,,,,,,,,
2006-12-31,CVS,,,,,,,,,,,,,,,,,,,,,,,,,,,,,,,,,,,,,,0.01,,,0.44,,,,,,,,,,,,,,,,,,,,,,,,,,,,,,,,,,,,,,,,,,,,,,,,,2007-02-01,,0.45,,pre-market,,,,,,,,,,,,,2.2727,,,,,,,,,,,,
2007-03-31,CVS,,,,,,,,,,,,,,,,,,,,,,,,,,,,,,,,,,,,,,-0.02,,,0.45,,,,,,,,,,,,,,,,,,,,,,,,,,,,,,,,,,,,,,,,,,,,,,,,,2007-05-08,,0.43,,pre-market,,,,,,,,,,,,,-4.4444,,,,,,,,,,,,
2007-06-30,CVS,,,,,,,,,,,,,,,,,,,,,,,,,,,,,,,,,,,,,,0.01,,,0.46,,,,,,,,,,,,,,,,,,,,,,,,,,,,,,,,,,,,,,,,,,,,,,,,,2007-08-02,,0.47,,pre-market,,,,,,,,,,,,,2.1739,,,,,,,,,,,,
2007-09-30,CVS,,,,,,,,,,,,,,,,,,,,,,,,,,,,,,,,,,,,,,0.01,,,0.44,,,,,,,,,,,,,,,,,,,,,,,,,,,,,,,,,,,,,,,,,,,,,,,,,2007-11-01,,0.45,,pre-market,,,,,,,,,,,,,2.2727,,,,,,,,,,,,
2007-12-31,CVS,,,,,,,,,,,,,,,,,,,,,,,,,,,,,,,,,,,,,,0.0,,,0.55,,,,,,,,,,,,,,,,,,,,,,,,,,,,,,,,,,,,,,,,,,,,,,,,,2008-01-31,,0.55,,pre-market,,,,,,,,,,,,,0.0,,,,,,,,,,,,
2008-03-31,CVS,,,,,,,,,,,,,,,,,,,,,,,,,,,,,,,,,,,,,,0.0,,,0.55,,,,,,,,,,,,,,,,,,,,,,,,,,,,,,,,,,,,,,,,,,,,,,,,,2008-05-01,,0.55,,pre-market,,,,,,,,,,,,,0.0,,,,,,,,,,,,
2008-06-30,CVS,,,,,,,,,,,,,,,,,,,,,,,,,,,,,,,,,,,,,,0.0,,,0.6,,,,,,,,,,,,,,,,,,,,,,,,,,,,,,,,,,,,,,,,,,,,,,,,,2008-07-31,,0.6,,pre-market,,,,,,,,,,,,,0.0,,,,,,,,,,,,
2008-09-30,CVS,,,,,,,,,,,,,,,,,,,,,,,,,,,,,,,,,,,,,,0.0,,,0.6,,,,,,,,,,,,,,,,,,,,,,,,,,,,,,,,,,,,,,,,,,,,,,,,,2008-10-30,,0.6,,pre-market,,,,,,,,,,,,,0.0,,,,,,,,,,,,
2008-12-31,CVS,,,,,,,,,,,,,,,,,,,,,,,,,,,,,,,,,,,,,,0.01,,,0.69,,,,,,,,,,,,,,,,,,,,,,,,,,,,,,,,,,,,,,,,,,,,,,,,,2009-02-19,,0.7,,pre-market,,,,,,,,,,,,,1.4493,,,,,,,,,,,,
2009-03-31,CVS,,,,,,,,,,,,,,,,,,,,,,,,,,,,,,,,,,,,,,0.01,,,0.54,,,,,,,,,,,,,,,,,,,,,,,,,,,,,,,,,,,,,,,,,,,,,,,,,2009-05-05,,0.55,,pre-market,,,,,,,,,,,,,1.8519,,,,,,,,,,,,
2009-06-30,CVS,,,,,,,,,,,,,,,,,,,,,,,,,,,,,,,,,,,,,,0.01,,,0.64,,,,,,,,,,,,,,,,,,,,,,,,,,,,,,,,,,,,,,,,,,,,,,,,,2009-08-04,,0.65,,pre-market,,,,,,,,,,,,,1.5625,,,,,,,,,,,,
2009-09-30,CVS,,,,,,,,,,,,,,,,,,,,,,,,,,,,,,,,,,,,,,0.01,,,0.64,,,,,,,,,,,,,,,,,,,,,,,,,,,,,,,,,,,,,,,,,,,,,,,,,2009-11-05,,0.65,,pre-market,,,,,,,,,,,,,1.5625,,,,,,,,,,,,
2009-12-31,CVS,,,,,,,,,,,,,,,,,,,,,,,,,,,,,,,,,,,,,,0.01,,,0.78,,,,,,,,,,,,,,,,,,,,,,,,,,,,,,,,,,,,,,,,,,,,,,,,,2010-02-08,,0.79,,pre-market,,,,,,,,,,,,,1.2821,,,,,,,,,,,,
2010-03-31,CVS,,,,,,,,,,,,,,,,,,,,,,,,,,,,,,,,,,,,,,0.02,,,0.58,,,,,,,,,,,,,,,,,,,,,,,,,,,,,,,,,,,,,,,,,,,,,,,,,2010-05-04,,0.6,,pre-market,,,,,,,,,,,,,3.4483,,,,,,,,,,,,
2010-06-30,CVS,,,,,,,,,,,,,,,,,,,,,,,,,,,,,,,,,,,,,,-0.03,,,0.68,,,,,,,,,,,,,,,,,,,,,,,,,,,,,,,,,,,,,,,,,,,,,,,,,2010-07-28,,0.65,,pre-market,,,,,,,,,,,,,-4.4118,,,,,,,,,,,,
2010-09-30,CVS,,,,,,,,,,,,,,,,,,,,,,,,,,,,,,,,,,,,,,0.0,,,0.65,,,,,,,,,,,,,,,,,,,,,,,,,,,,,,,,,,,,,,,,,,,,,,,,,2010-11-03,,0.65,,pre-market,,,,,,,,,,,,,0.0,,,,,,,,,,,,
2010-12-31,CVS,,,,,,,,,,,,,,,,,,,,,,,,,,,,,,,,,,,,,,0.01,,,0.79,,,,,,,,,,,,,,,,,,,,,,,,,,,,,,,,,,,,,,,,,,,,,,,,,2011-02-03,,0.8,,pre-market,,,,,,,,,,,,,1.2658,,,,,,,,,,,,
2011-03-31,CVS,,,,,,,,,,,,,,,,,,,,,,,,,,,,,,,,,,,,,,0.02,,,0.55,,,,,,,,,,,,,,,,,,,,,,,,,,,,,,,,,,,,,,,,,,,,,,,,,2011-05-05,,0.57,,pre-market,,,,,,,,,,,,,3.6364,,,,,,,,,,,,
2011-06-30,CVS,,,,,,,,,,,,,,,,,,,,,,,,,,,,,,,,,,,,,,0.01,,,0.64,,,,,,,,,,,,,,,,,,,,,,,,,,,,,,,,,,,,,,,,,,,,,,,,,2011-08-04,,0.65,,pre-market,,,,,,,,,,,,,1.5625,,,,,,,,,,,,
2011-09-30,CVS,,,,,,,,,,,,,,,,,,,,,,,,,,,,,,,,,,,,,,0.02,,,0.68,,,,,,,,,,,,,,,,,,,,,,,,,,,,,,,,,,,,,,,,,,,,,,,,,2011-11-03,,0.7,,pre-market,,,,,,,,,,,,,2.9412,,,,,,,,,,,,
2011-12-31,CVS,,,,,,,,,,,,,,,,,,,,,,,,,,,,,,,,,,,,,,0.0,,,0.89,,,,,,,,,,,,,,,,,,,,,,,,,,,,,,,,,,,,,,,,,,,,,,,,,2012-02-08,,0.89,,pre-market,,,,,,,,,,,,,0.0,,,,,,,,,,,,
2012-03-31,CVS,,,,,,,,,,,,,,,,,,,,,,,,,,,,,,,,,,,,,,0.02,,,0.63,,,,,,,,,,,,,,,,,,,,,,,,,,,,,,,,,,,,,,,,,,,,,,,,,2012-05-02,,0.65,,pre-market,,,,,,,,,,,,,3.1746,,,,,,,,,,,,
2012-06-30,CVS,,,,,,,,,,,,,,,,,,,,,,,,,,,,,,,,,,,,,,0.01,,,0.8,,,,,,,,,,,,,,,,,,,,,,,,,,,,,,,,,,,,,,,,,,,,,,,,,2012-08-07,,0.81,,pre-market,,,,,,,,,,,,,1.25,,,,,,,,,,,,
2012-09-30,CVS,,,,,,,,,,,,,,,,,,,,,,,,,,,,,,,,,,,,,,0.01,,,0.84,,,,,,,,,,,,,,,,,,,,,,,,,,,,,,,,,,,,,,,,,,,,,,,,,2012-11-06,,0.85,,pre-market,,,,,,,,,,,,,1.1905,,,,,,,,,,,,
2012-12-31,CVS,,,,,,,,,,,,,,,,,,,,,,,,,,,,,,,,,,,,,,0.04,,,1.1,,,,,,,,,,,,,,,,,,,,,,,,,,,,,,,,,,,,,,,,,,,,,,,,,2013-02-06,,1.14,,pre-market,,,,,,,,,,,,,3.6364,,,,,,,,,,,,
2013-03-31,CVS,,,,,,,,,,,,,,,,,,,,,,,,,,,,,,,,,,,,,,0.04,,,0.79,,,,,,,,,,,,,,,,,,,,,,,,,,,,,,,,,,,,,,,,,,,,,,,,,2013-05-01,,0.83,,pre-market,,,,,,,,,,,,,5.0633,,,,,,,,,,,,
2013-06-30,CVS,,,,,,,,,,,,,,,,,,,,,,,,,,,,,,,,,,,,,,0.01,,,0.96,,,,,,,,,,,,,,,,,,,,,,,,,,,,,,,,,,,,,,,,,,,,,,,,,2013-08-06,,0.97,,pre-market,,,,,,,,,,,,,1.0417,,,,,,,,,,,,
2013-09-30,CVS,,,,,,,,,,,,,,,,,,,,,,,,,,,,,,,,,,,,,,0.03,,,1.02,,,,,,,,,,,,,,,,,,,,,,,,,,,,,,,,,,,,,,,,,,,,,,,,,2013-11-05,,1.05,,pre-market,,,,,,,,,,,,,2.9412,,,,,,,,,,,,
2013-12-31,CVS,,,,,,,,,,,,,,,,,,,,,,,,,,,,,,,,,,,,,,0.01,,,1.11,,,,,,,,,,,,,,,,,,,,,,,,,,,,,,,,,,,,,,,,,,,,,,,,,2014-02-11,,1.12,,pre-market,,,,,,,,,,,,,0.9009,,,,,,,,,,,,
2014-03-31,CVS,,,,,,,,,,,,,,,,,,,,,,,,,,,,,,,,,,,,,,-0.02,,,1.04,,,,,,,,,,,,,,,,,,,,,,,,,,,,,,,,,,,,,,,,,,,,,,,,,2014-05-02,,1.02,,pre-market,,,,,,,,,,,,,-1.9231,,,,,,,,,,,,
2014-06-30,CVS,,,,,,,,,,,,,,,,,,,,,,,,,,,,,,,,,,,,,,0.03,,,1.1,,,,,,,,,,,,,,,,,,,,,,,,,,,,,,,,,,,,,,,,,,,,,,,,,2014-08-05,,1.13,,pre-market,,,,,,,,,,,,,2.7273,,,,,,,,,,,,
2014-09-30,CVS,,,,,,,,,,,,,,,,,,,,,,,,,,,,,,,,,,,,,,0.02,,,1.13,,,,,,,,,,,,,,,,,,,,,,,,,,,,,,,,,,,,,,,,,,,,,,,,,2014-11-04,,1.15,,pre-market,,,,,,,,,,,,,1.7699,,,,,,,,,,,,
2014-12-31,CVS,,,,,,,,,,,,,,,,,,,,,,,,,,,,,,,,,,,,,,0.01,,,1.2,,,,,,,,,,,,,,,,,,,,,,,,,,,,,,,,,,,,,,,,,,,,,,,,,2015-02-10,,1.21,,pre-market,,,,,,,,,,,,,0.8333,,,,,,,,,,,,
2015-03-31,CVS,,,,,,,,,,,,,,,,,,,,,,,,,,,,,,,,,,,,,,0.06,,,1.08,,,,,,,,,,,,,,,,,,,,,,,,,,,,,,,,,,,,,,,,,,,,,,,,,2015-05-01,,1.14,,pre-market,,,,,,,,,,,,,5.5556,,,,,,,,,,,,
2015-06-30,CVS,,,,,,,,,,,,,,,,,,,,,,,,,,,,,,,,,,,,,,0.02,,,1.2,,,,,,,,,,,,,,,,,,,,,,,,,,,,,,,,,,,,,,,,,,,,,,,,,2015-08-04,,1.22,,pre-market,,,,,,,,,,,,,1.6667,,,,,,,,,,,,
2015-09-30,CVS,,,,,,,,,,,,,,,,,,,,,,,,,,,,,,,,,,,,,,-0.01,,,1.29,,,,,,,,,,,,,,,,,,,,,,,,,,,,,,,,,,,,,,,,,,,,,,,,,2015-10-30,,1.28,,pre-market,,,,,,,,,,,,,-0.7752,,,,,,,,,,,,
2015-12-31,CVS,,,,,,,,,,,,,,,,,,,,,,,,,,,,,,,,,,,,,,0.0,,,1.53,,,,,,,,,,,,,,,,,,,,,,,,,,,,,,,,,,,,,,,,,,,,,,,,,2016-02-09,,1.53,,pre-market,,,,,,,,,,,,,0.0,,,,,,,,,,,,
2016-03-31,CVS,,,,,,,,,,,,,,,,,,,,,,,,,,,,,,,,,,,,,,0.02,,,1.16,,,,,,,,,,,,,,,,,,,,,,,,,,,,,,,,,,,,,,,,,,,,,,,,,2016-05-03,,1.18,,pre-market,,,,,,,,,,,,,1.7241,,,,,,,,,,,,
2016-06-30,CVS,,,,,,,,,,,,,,,,,,,,,,,,,,,,,,,,,,,,,,0.02,,,1.3,,,,,,,,,,,,,,,,,,,,,,,,,,,,,,,,,,,,,,,,,,,,,,,,,2016-08-02,,1.32,,pre-market,,,,,,,,,,,,,1.5385,,,,,,,,,,,,
2016-09-30,CVS,,,,,,,,,,,,,,,,,,,,,,,,,,,,,,,,,,,,,,0.02,,,1.57,,,,,,,,,,,,,,,,,,,,,,,,,,,,,,,,,,,,,,,,,,,,,,,,,2016-11-08,,1.59,,pre-market,,,,,,,,,,,,,1.2739,,,,,,,,,,,,
2016-12-31,CVS,,,,,,,,,,,,,,,,,,,,,,,,,,,,,,,,,,,,,,0.04,,,1.67,,,,,,,,,,,,,,,,,,,,,,,,,,,,,,,,,,,,,,,,,,,,,,,,,2017-02-09,,1.71,,pre-market,,,,,,,,,,,,,2.3952,,,,,,,,,,,,
2017-03-31,CVS,,,,,,,,,,,,,,,,,,,,,,,,,,,,,,,,,,,,,,0.07,,,1.1,,,,,,,,,,,,,,,,,,,,,,,,,,,,,,,,,,,,,,,,,,,,,,,,,2017-05-02,,1.17,,pre-market,,,,,,,,,,,,,6.3636,,,,,,,,,,,,
2017-06-30,CVS,,,,,,,,,,,,,,,,,,,,,,,,,,,,,,,,,,,,,,0.02,,,1.31,,,,,,,,,,,,,,,,,,,,,,,,,,,,,,,,,,,,,,,,,,,,,,,,,2017-08-08,,1.33,,pre-market,,,,,,,,,,,,,1.5267,,,,,,,,,,,,
2017-09-30,CVS,,,,,,,,,,,,,,,,,,,,,,,,,,,,,,,,,,,,,,0.02,,,1.48,,,,,,,,,,,,,,,,,,,,,,,,,,,,,,,,,,,,,,,,,,,,,,,,,2017-11-06,,1.5,,pre-market,,,,,,,,,,,,,1.3514,,,,,,,,,,,,
2017-12-31,CVS,,,,,,,,,,,,,,,,,,,,,,,,,,,,,,,,,,,,,,0.03,,,1.89,,,,,,,,,,,,,,,,,,,,,,,,,,,,,,,,,,,,,,,,,,,,,,,,,2018-02-08,,1.92,,pre-market,,,,,,,,,,,,,1.5873,,,,,,,,,,,,
2018-03-31,CVS,,,,,,,,,,,,,,,,,,,,,,,,,,,,,,,,,,,,,,0.07,,,1.41,,,,,,,,,,,,,,,,,,,,,,,,,,,,,,,,,,,,,,,,,,,,,,,,,2018-05-02,,1.48,,pre-market,,,,,,,,,,,,,4.9645,,,,,,,,,,,,
2018-06-30,CVS,,,,,,,,,,,,,,,,,,,,,,,,,,,,,,,,,,,,,,0.08,,,1.61,,,,,,,,,,,,,,,,,,,,,,,,,,,,,,,,,,,,,,,,,,,,,,,,,2018-08-08,,1.69,,pre-market,,,,,,,,,,,,,4.9689,,,,,,,,,,,,
2018-09-30,CVS,,,,,,,,,,,,,,,,,,,,,,,,,,,,,,,,,,,,,,0.02,,,1.71,,,,,,,,,,,,,,,,,,,,,,,,,,,,,,,,,,,,,,,,,,,,,,,,,2018-11-06,,1.73,,pre-market,,,,,,,,,,,,,1.1696,,,,,,,,,,,,
2018-12-31,CVS,,,,,,,,,,,,,,,,,,,,,,,,,,,,,,,,,,,,,,0.09,,,2.05,,,,,,,,,,,,,,,,,,,,,,,,,,,,,,,,,,,,,,,,,,,,,,,,,2019-02-20,,2.14,,pre-market,,,,,,,,,,,,,4.3902,,,,,,,,,,,,
2019-03-31,CVS,,,,,,,,,,,,,,,,,,,,,,,,,,,,,,,,,,,,,,0.12,,,1.5,,,,,,,,,,,,,,,,,,,,,,,,,,,,,,,,,,,,,,,,,,,,,,,,,2019-05-01,,1.62,,pre-market,,,,,,,,,,,,,8.0,,,,,,,,,,,,
2019-06-30,CVS,,,,,,,,,,,,,,,,,,,,,,,,,,,,,,,,,,,,,,0.2,,,1.69,,,,,,,,,,,,,,,,,,,,,,,,,,,,,,,,,,,,,,,,,,,,,,,,,2019-08-07,,1.89,,pre-market,,,,,,,,,,,,,11.8343,,,,,,,,,,,,
2019-09-30,CVS,,,,,,,,,,,,,,,,,,,,,,,,,,,,,,,,,,,,,,0.07,,,1.77,,,,,,,,,,,,,,,,,,,,,,,,,,,,,,,,,,,,,,,,,,,,,,,,,2019-11-06,,1.84,,pre-market,,,,,,,,,,,,,3.9548,,,,,,,,,,,,
2019-12-31,CVS,,,,,,,,,,,,,,,,,,,,,,,,,,,,,,,,,,,,,,0.05,,,1.68,,,,,,,,,,,,,,,,,,,,,,,,,,,,,,,,,,,,,,,,,,,,,,,,,2020-02-12,,1.73,,pre-market,,,,,,,,,,,,,2.9762,,,,,,,,,,,,
2020-03-31,CVS,,,,,,,,,,,,,,,,,,,,,,,,,,,,,,,,,,,,,,0.28,,,1.63,,,,,,,,,,,,,,,,,,,,,,,,,,,,,,,,,,,,,,,,,,,,,,,,,2020-05-06,,1.91,,pre-market,,,,,,,,,,,,,17.1779,,,,,,,,,,,,
2020-06-30,CVS,,,,,,,,,,,,,,,,,,,,,,,,,,,,,,,,,,,,,,0.71,,,1.93,,,,,,,,,,,,,,,,,,,,,,,,,,,,,,,,,,,,,,,,,,,,,,,,,2020-08-05,,2.64,,pre-market,,,,,,,,,,,,,36.7876,,,,,,,,,,,,
2020-09-30,CVS,,,,,,,,,,,,,,,,,,,,,,,,,,,,,,,,,,,,,,0.33,,,1.33,,,,,,,,,,,,,,,,,,,,,,,,,,,,,,,,,,,,,,,,,,,,,,,,,2020-11-06,,1.66,,pre-market,,,,,,,,,,,,,24.812,,,,,,,,,,,,
2020-12-31,CVS,,,,,,,,,,,,,,,,,,,,,,,,,,,,,,,,,,,,,,0.06,,,1.24,,,,,,,,,,,,,,,,,,,,,,,,,,,,,,,,,,,,,,,,,,,,,,,,,2021-02-16,,1.3,,pre-market,,,,,,,,,,,,,4.8387,,,,,,,,,,,,
2021-03-31,CVS,,,,,,,,,,,,,,,,,,,,,,,,,,,,,,,,,,,,,,0.32,,,1.72,,,,,,,,,,,,,,,,,,,,,,,,,,,,,,,,,,,,,,,,,,,,,,,,,2021-05-04,,2.04,,pre-market,,,,,,,,,,,,,18.6047,,,,,,,,,,,,
2021-06-30,CVS,,,,,,,,,,,,,,,,,,,,,,,,,,,,,,,,,,,,,,0.36,,,2.06,,,,,,,,,,,,,,,,,,,,,,,,,,,,,,,,,,,,,,,,,,,,,,,,,2021-08-04,,2.42,,pre-market,,,,,,,,,,,,,17.4757,,,,,,,,,,,,
2021-09-30,CVS,,,,,,,,,,,,,,,,,,,,,,,,,,,,,,,,,,,,,,0.19,,,1.78,,,,,,,,,,,,,,,,,,,,,,,,,,,,,,,,,,,,,,,,,,,,,,,,,2021-11-03,,1.97,,pre-market,,,,,,,,,,,,,10.6742,,,,,,,,,,,,
2021-12-31,CVS,,,,,,,,,,,,,,,,,,,,,,,,,,,,,,,,,,,,,,0.05,,,1.93,,,,,,,,,,,,,,,,,,,,,,,,,,,,,,,,,,,,,,,,,,,,,,,,,2022-02-09,,1.98,,pre-market,,,,,,,,,,,,,2.5907,,,,,,,,,,,,
2022-03-31,CVS,,,,,,,,,,,,,,,,,,,,,,,,,,,,,,,,,,,,,,0.07,,,2.15,,,,,,,,,,,,,,,,,,,,,,,,,,,,,,,,,,,,,,,,,,,,,,,,,2022-05-04,,2.22,,pre-market,,,,,,,,,,,,,3.2558,,,,,,,,,,,,
2022-06-30,CVS,,,,,,,,,,,,,,,,,,,,,,,,,,,,,,,,,,,,,,0.23,,,2.17,,,,,,,,,,,,,,,,,,,,,,,,,,,,,,,,,,,,,,,,,,,,,,,,,2022-08-03,,2.4,,pre-market,,,,,,,,,,,,,10.5991,,,,,,,,,,,,
2022-09-30,CVS,,,,,,,,,,,,,,,,,,,,,,,,,,,,,,,,,,,,,,0.1,,,1.99,,,,,,,,,,,,,,,,,,,,,,,,,,,,,,,,,,,,,,,,,,,,,,,,,2022-11-02,,2.09,,pre-market,,,,,,,,,,,,,5.0251,,,,,,,,,,,,
2022-12-31,CVS,,,,,,,,,,,,,,,,,,,,,,,,,,,,,,,,,,,,,,0.07,,,1.92,,,,,,,,,,,,,,,,,,,,,,,,,,,,,,,,,,,,,,,,,,,,,,,,,2023-02-08,,1.99,,pre-market,,,,,,,,,,,,,3.6458,,,,,,,,,,,,
2023-03-31,CVS,,,,,,,,,,,,,,,,,,,,,,,,,,,,,,,,,,,,,,0.11,,,2.09,,,,,,,,,,,,,,,,,,,,,,,,,,,,,,,,,,,,,,,,,,,,,,,,,2023-05-03,,2.2,,pre-market,,,,,,,,,,,,,5.2632,,,,,,,,,,,,
2023-06-30,CVS,,,,,,,,,,,,,,,,,,,,,,,,,,,,,,,,,,,,,,0.1,,,2.11,,,,,,,,,,,,,,,,,,,,,,,,,,,,,,,,,,,,,,,,,,,,,,,,,2023-08-02,,2.21,,pre-market,,,,,,,,,,,,,4.7393,,,,,,,,,,,,
2023-09-30,CVS,,,,,,,,,,,,,,,,,,,,,,,,,,,,,,,,,,,,,,0.08,,,2.13,,,,,,,,,,,,,,,,,,,,,,,,,,,,,,,,,,,,,,,,,,,,,,,,,2023-11-01,,2.21,,pre-market,,,,,,,,,,,,,3.7559,,,,,,,,,,,,
2023-12-31,CVS,,,,,,,,,,,,,,,,,,,,,,,,,,,,,,,,,,,,,,0.13,,,1.99,,,,,,,,,,,,,,,,,,,,,,,,,,,,,,,,,,,,,,,,,,,,,,,,,2024-02-07,,2.12,,pre-market,,,,,,,,,,,,,6.5327,,,,,,,,,,,,
2024-03-31,CVS,,,,,,,,,,,,,,,,,,,,,,,,,,,,,,,,,,,,,,-0.39,,,1.7,,,,,,,,,,,,,,,,,,,,,,,,,,,,,,,,,,,,,,,,,,,,,,,,,2024-05-01,,1.31,,pre-market,,,,,,,,,,,,,-22.9412,,,,,,,,,,,,
2024-06-30,CVS,,,,,,,,,,,,,,,,,,,,,,,,,,,,,,,,,,,,,,0.1,,,1.73,,,,,,,,,,,,,,,,,,,,,,,,,,,,,,,,,,,,,,,,,,,,,,,,,2024-08-07,,1.83,,pre-market,,,,,,,,,,,,,5.7803,,,,,,,,,,,,
2024-09-30,CVS,,,,,,,,,,,,,,,,,,,,,,,,,,,,,,,,,,,,,,-0.37,,,1.46,,,,,,,,,,,,,,,,,,,,,,,,,,,,,,,,,,,,,,,,,,,,,,,,,2024-11-06,,1.09,,pre-market,,,,,,,,,,,,,-25.3425,,,,,,,,,,,,
2024-12-31,CVS,,,,,,,,,,,,,,,,,,,,,,,,,,,,,,,,,,,,,,0.27,,,0.92,,,,,,,,,,,,,,,,,,,,,,,,,,,,,,,,,,,,,,,,,,,,,,,,,2025-02-12,,1.19,,pre-market,,,,,,,,,,,,,29.3478,,,,,,,,,,,,
2025-03-31,CVS,,,,,,,,,,,,,,,,,,,,,,,,,,,,,,,,,,,,,,0.58,,,1.67,,,,,,,,,,,,,,,,,,,,,,,,,,,,,,,,,,,,,,,,,,,,,,,,,2025-05-01,,2.25,,pre-market,,,,,,,,,,,,,34.7305,,,,,,,,,,,,
2025-06-30,CVS,,,,,,,,,,,,,,,,,,,,,,,,,,,,,,,,,,,,,,0.35,,,1.46,,,,,,,,,,,,,,,,,,,,,,,,,,,,,,,,,,,,,,,,,,,,,,,,,2025-07-31,,1.81,,pre-market,,,,,,,,,,,,,23.9726,,,,,,,,,,,,
2025-09-30,CVS,,,,,,,,,,,,,,,,,,,,,,,,,,,,,,,,,,,,,,0.24,,,1.36,,,,,,,,,,,,,,,,,,,,,,,,,,,,,,,,,,,,,,,,,,,,,,,,,2025-10-29,,1.6,,pre-market,,,,,,,,,,,,,17.6471,,,,,,,,,,,,
2025-12-28,CVS,0.38,391689994000.0,209.5,,0.48,57.42,,,,,,,,,,,,,,,,,,,,,,,,,,2.66,0.0336,,,,-0.432,0.24,,,1.36,,11.11,,52300001000.0,,,,,,,,,,,,,,,,,,,0.0227,,,,,,,,,,,,,0.564,1.386,0.258,,,,,,,,0.0012,,,2025-10-29,,1.6,,pre-market,,,0.025,0.0058,0.078,309.64,,,,,70.58,79.02,17.6471,,,,,,,,,209.5,,85.15,41.86
2025-12-28,CVS,0.38,391689994000.0,209.5,,0.48,57.42,,,,,,,,,,,,,,,None,89065000000,89065000000,,,,,,None,1134000000,,2.66,0.0336,,,,-0.432,0.24,-2698000000,-1564000000,1.36,2025-09-30,11.11,,52300001000.0,13806000000,-3482000000,508000000,,,None,784000000,784000000,,None,,,,,-3975000000,-3990000000,-784000000,None,0.0227,,17013000000,-3207000000,,,,,None,,,,,0.564,1.386,0.258,,,,,,,,0.0012,,,2025-10-29,quarterly,1.6,USD,pre-market,None,,0.025,0.0058,0.078,309.64,None,,,,70.58,79.02,17.6471,,,,,,,102871000000,,209.5,,85.15,41.86
2025-12-28,CVS,0.38,391689994000.0,209.5,,0.48,57.42,,,,,,,,,,,,,,,None,85322000000,85322000000,,,,,,None,1171000000,,2.66,0.0336,,,,-0.432,0.24,2410000000,3581000000,1.36,2025-06-30,11.11,,52300001000.0,13593000000,1647000000,634000000,,,None,763000000,763000000,,None,,,,,1021000000,1013000000,-763000000,None,0.0227,,11212000000,2381000000,,,,,None,,,,,0.564,1.386,0.258,,,,,,,,0.0012,,,2025-10-29,quarterly,1.6,USD,pre-market,None,,0.025,0.0058,0.078,309.64,None,,,,70.58,79.02,17.6471,,,,,,,98915000000,,209.5,,85.15,41.86
2025-12-28,CVS,0.38,391689994000.0,209.5,,0.48,57.42,,,,,,,,,,,,,,,None,80192000000,80192000000,,,,,,None,1154000000,,2.66,0.0336,,,,-0.432,0.24,3402000000,4556000000,1.36,2025-03-31,11.11,,52300001000.0,14396000000,2617000000,835000000,,,None,785000000,785000000,,None,,,,,1779000000,1782000000,-785000000,None,0.0227,,11022000000,3374000000,,,,,None,,,,,0.564,1.386,0.258,,,,,,,,0.0012,,,2025-10-29,quarterly,1.6,USD,pre-market,None,,0.025,0.0058,0.078,309.64,None,,,,70.58,79.02,17.6471,,,,,,,94588000000,,209.5,,85.15,41.86
2025-12-28,CVS,0.38,391689994000.0,209.5,,0.48,57.42,,,,,,,,,,,,,,,None,84811000000,84811000000,,,,,,None,1147000000,,2.66,0.0336,,,,-0.432,0.24,2880000000,4027000000,1.36,2024-12-31,11.11,,52300001000.0,12899000000,2126000000,503000000,,,None,758000000,758000000,,None,,,,,1644000000,1623000000,-758000000,None,0.0227,,10531000000,2368000000,,,,,None,,,,,0.564,1.386,0.258,,,,,,,,0.0012,,,2025-10-29,quarterly,1.6,USD,pre-market,None,,0.025,0.0058,0.078,309.64,None,,,,70.58,79.02,17.6471,,,,,,,97710000000,,209.5,,85.15,41.86
2025-12-28,CVS,0.38,391689994000.0,209.5,,0.48,57.42,,,,,,,,,,,,,,,None,82870000000,82870000000,,,,,,None,1161000000,,2.66,0.0336,,,,-0.432,0.24,857000000,2018000000,1.36,2024-09-30,11.11,,52300001000.0,12558000000,105000000,34000000,,,None,752000000,752000000,,None,,,,,87000000,71000000,-752000000,None,0.0227,,11726000000,832000000,,,,,None,,,,,0.564,1.386,0.258,,,,,,,,0.0012,,,2025-10-29,quarterly,1.6,USD,pre-market,None,,0.025,0.0058,0.078,309.64,None,,,,70.58,79.02,17.6471,,,,,,,95428000000,,209.5,,85.15,41.86
2025-12-28,CVS,0.38,391689994000.0,209.5,,0.48,57.42,,,,,,,,,,,,,,,None,77851000000,77851000000,,,,,,None,1151000000,,2.66,0.0336,,,,-0.432,0.24,3069000000,4220000000,1.36,2024-06-30,11.11,,52300001000.0,13383000000,2337000000,569000000,,,None,732000000,None,,None,,,,,1770000000,1768000000,-732000000,None,0.0227,,10338000000,3045000000,,,,,None,,,,,0.564,1.386,0.258,,,,,,,,0.0012,,,2025-10-29,quarterly,1.6,USD,pre-market,None,,0.025,0.0058,0.078,309.64,None,,,,70.58,79.02,17.6471,,,,,,,91234000000,,209.5,,85.15,41.86
2025-12-28,CVS,0.38,391689994000.0,209.5,,0.48,57.42,,,,,,,,,,,,,,,None,75876000000,75876000000,,,,,,None,1138000000,,2.66,0.0336,,,,-0.432,0.24,2296000000,3434000000,1.36,2024-03-31,11.11,,52300001000.0,12561000000,1580000000,456000000,,,None,716000000,None,,None,,,,,1113000000,1124000000,-716000000,None,0.0227,,10290000000,2271000000,,,,,None,,,,,0.564,1.386,0.258,,,,,,,,0.0012,,,2025-10-29,quarterly,1.6,USD,pre-market,None,,0.025,0.0058,0.078,309.64,None,,,,70.58,79.02,17.6471,,,,,,,88437000000,,209.5,,85.15,41.86
2025-12-28,CVS,0.38,391689994000.0,209.5,,0.48,57.42,,,,,,,,,,,,,,,None,79937000000,79937000000,,,,,,None,1134000000,,2.66,0.0336,,,,-0.432,0.24,3395000000,4529000000,1.36,2023-12-31,11.11,,52300001000.0,13876000000,2705000000,658000000,,,None,690000000,None,,None,,,,,2046000000,2047000000,-690000000,None,0.0227,,10503000000,3373000000,,,,,None,,,,,0.564,1.386,0.258,,,,,,,,0.0012,,,2025-10-29,quarterly,1.6,USD,pre-market,None,,0.025,0.0058,0.078,309.64,9185000000,,,,70.58,79.02,17.6471,,,,,,,93813000000,,209.5,,85.15,41.86
2025-12-28,CVS,0.38,391689994000.0,209.5,,0.48,57.42,,,,,,,,,,,,,,,None,76187000000,76187000000,,,,,,None,1127000000,,2.66,0.0336,,,,-0.432,0.24,3712000000,4839000000,1.36,2023-09-30,11.11,,52300001000.0,13577000000,3019000000,754000000,,,None,693000000,693000000,,None,,,,,2261000000,2265000000,-693000000,None,0.0227,,9887000000,3690000000,,,,,None,,,,,0.564,1.386,0.258,,,,,,,,0.0012,,,2025-10-29,quarterly,1.6,USD,pre-market,None,,0.025,0.0058,0.078,309.64,None,,,,70.58,79.02,17.6471,,,,,,,89764000000,,209.5,,85.15,41.86
2025-12-28,CVS,0.38,391689994000.0,209.5,,0.48,57.42,,,,,,,,,,,,,,,None,75318000000,75318000000,,,,,,None,1104000000,,2.66,0.0336,,,,-0.432,0.24,3256000000,4360000000,1.36,2023-06-30,11.11,,52300001000.0,13603000000,2570000000,656000000,,,None,686000000,686000000,,None,,,,,1901000000,1914000000,-686000000,None,0.0227,,10369000000,3234000000,,,,,22000000,,,,,0.564,1.386,0.258,,,,,,,,0.0012,,,2025-10-29,quarterly,1.6,USD,pre-market,None,,0.025,0.0058,0.078,309.64,None,,,,70.58,79.02,17.6471,,,,,,,88921000000,,209.5,,85.15,41.86
2025-12-28,CVS,0.38,391689994000.0,209.5,,0.48,57.42,,,,,,,,,,,,,,,None,71903000000,71903000000,,,,,,None,1001000000,,2.66,0.0336,,,,-0.432,0.24,3468000000,4469000000,1.36,2023-03-31,11.11,,52300001000.0,13375000000,2879000000,737000000,,,None,589000000,589000000,,None,,,,,2136000000,2142000000,-589000000,None,0.0227,,9929000000,3446000000,,,,,22000000,,,,,0.564,1.386,0.258,,,,,,,,0.0012,,,2025-10-29,quarterly,1.6,USD,pre-market,None,,0.025,0.0058,0.078,309.64,None,,,,70.58,79.02,17.6471,,,,,,,85278000000,,209.5,,85.15,41.86
2025-12-28,CVS,0.38,391689994000.0,209.5,,0.48,57.42,,,,,,,,,,,,,,,None,70033000000,70033000000,,,,,,None,1049000000,,2.66,0.0336,,,,-0.432,0.24,3661000000,4710000000,1.36,2022-12-31,11.11,,52300001000.0,13813000000,3109000000,809000000,,,None,552000000,552000000,,None,,,,,2302000000,2300000000,-552000000,None,0.0227,,10195000000,3618000000,,,,,43000000,,,,,0.564,1.386,0.258,,,,,,,,0.0012,,,2025-10-29,quarterly,1.6,USD,pre-market,None,,0.025,0.0058,0.078,309.64,9339000000,,,,70.58,79.02,17.6471,,,,,,,83846000000,,209.5,,85.15,41.86
2025-12-28,CVS,0.38,391689994000.0,209.5,,0.48,57.42,,,,,,,,,,,,,,,None,67766000000,67766000000,,,,,,None,1050000000,,2.66,0.0336,,,,-0.432,0.24,-3878000000,-2828000000,1.36,2022-09-30,11.11,,52300001000.0,13393000000,-4444000000,-1045000000,,,None,566000000,566000000,,None,,,,,-3406000000,-3409000000,-566000000,None,0.0227,,17312000000,-3919000000,,,,,41000000,,,,,0.564,1.386,0.258,,,,,,,,0.0012,,,2025-10-29,quarterly,1.6,USD,pre-market,None,,0.025,0.0058,0.078,309.64,None,,,,70.58,79.02,17.6471,,,,,,,81159000000,,209.5,,85.15,41.86
2025-12-28,CVS,0.38,391689994000.0,209.5,,0.48,57.42,,,,,,,,,,,,,,,None,66780000000,66780000000,,,,,,None,1082000000,,2.66,0.0336,,,,-0.432,0.24,4712000000,5794000000,1.36,2022-06-30,11.11,,52300001000.0,13856000000,4129000000,1090000000,,,None,583000000,583000000,,None,,,,,3029000000,2961000000,-583000000,None,0.0227,,9187000000,4669000000,,,,,43000000,,,,,0.564,1.386,0.258,,,,,,,,0.0012,,,2025-10-29,quarterly,1.6,USD,pre-market,None,,0.025,0.0058,0.078,309.64,None,,,,70.58,79.02,17.6471,,,,,,,80636000000,,209.5,,85.15,41.86
2025-12-28,CVS,0.38,391689994000.0,209.5,,0.48,57.42,,,,,,,,,,,,,,,None,63432000000,63432000000,,,,,,None,1049000000,,2.66,0.0336,,,,-0.432,0.24,3587000000,4636000000,1.36,2022-03-31,11.11,,52300001000.0,13394000000,3001000000,646000000,,,None,586000000,586000000,,None,,,,,2354000000,2313000000,-586000000,None,0.0227,,9849000000,3545000000,,,,,42000000,,,,,0.564,1.386,0.258,,,,,,,,0.0012,,,2025-10-29,quarterly,1.6,USD,pre-market,None,,0.025,0.0058,0.078,309.64,None,,,,70.58,79.02,17.6471,,,,,,,76826000000,,209.5,,85.15,41.86
2025-12-28,CVS,0.38,391689994000.0,209.5,,0.48,57.42,,,,,,,,,,,,,,,None,62952000000,62952000000,,,,,,None,1115000000,,2.66,0.0336,,,,-0.432,0.24,2178000000,3293000000,1.36,2021-12-31,11.11,,52300001000.0,13652000000,1570000000,274000000,,,None,608000000,608000000,,None,,,,,1306000000,1296000000,-608000000,None,0.0227,,11423000000,2229000000,,,,,-51000000,,,,,0.564,1.386,0.258,,,,,,,,0.0012,,,2025-10-29,quarterly,1.6,USD,pre-market,None,,0.025,0.0058,0.078,309.64,9327000000,,,,70.58,79.02,17.6471,,,,,,,76604000000,,209.5,,85.15,41.86
2025-12-28,CVS,0.38,391689994000.0,209.5,,0.48,57.42,,,,,,,,,,,,,,,None,61092000000,61092000000,,,,,,None,1134000000,,2.66,0.0336,,,,-0.432,0.24,2747000000,3881000000,1.36,2021-09-30,11.11,,52300001000.0,12702000000,2145000000,558000000,,,None,602000000,602000000,,None,,,,,1598000000,1587000000,-602000000,None,0.0227,,9641000000,3061000000,,,,,-314000000,,,,,0.564,1.386,0.258,,,,,,,,0.0012,,,2025-10-29,quarterly,1.6,USD,pre-market,None,,0.025,0.0058,0.078,309.64,9190000000,,,,70.58,79.02,17.6471,,,,,,,73794000000,,209.5,,85.15,41.86
2025-12-28,CVS,0.38,391689994000.0,209.5,,0.48,57.42,,,,,,,,,,,,,,,None,59421000000,59421000000,,,,,,None,1137000000,,2.66,0.0336,,,,-0.432,0.24,4371000000,5508000000,1.36,2021-06-30,11.11,,52300001000.0,13195000000,3735000000,944000000,,,None,636000000,636000000,,None,,,,,2783000000,2791000000,-636000000,None,0.0227,,8869000000,4326000000,,,,,45000000,,,,,0.564,1.386,0.258,,,,,,,,0.0012,,,2025-10-29,quarterly,1.6,USD,pre-market,None,,0.025,0.0058,0.078,309.64,8829000000,,,,70.58,79.02,17.6471,,,,,,,72616000000,,209.5,,85.15,41.86
2025-12-28,CVS,0.38,391689994000.0,209.5,,0.48,57.42,,,,,,,,,,,,,,,None,56598000000,56598000000,,,,,,None,1126000000,,2.66,0.0336,,,,-0.432,0.24,3627000000,4753000000,1.36,2021-03-31,11.11,,52300001000.0,12499000000,2970000000,746000000,,,None,657000000,657000000,,None,,,,,2223000000,2224000000,-657000000,None,0.0227,,8922000000,3577000000,,,,,50000000,,,,,0.564,1.386,0.258,,,,,,,,0.0012,,,2025-10-29,quarterly,1.6,USD,pre-market,None,,0.025,0.0058,0.078,309.64,8881000000,,,,70.58,79.02,17.6471,,,,,,,69097000000,,209.5,,85.15,41.86
2025-12-28,CVS,0.38,391689994000.0,209.5,,0.48,57.42,,,,,,,,,,,,,,,None,57597000000,57597000000,,,,,,None,1139000000,,2.66,0.0336,,,,-0.432,0.24,1903000000,3042000000,1.36,2020-12-31,11.11,,52300001000.0,11957000000,1225000000,241000000,,,None,678000000,678000000,,None,,,,,973000000,984000000,-678000000,None,0.0227,,9433000000,2524000000,,,,,-621000000,,,,,0.564,1.386,0.258,,,,,,,,0.0012,,,2025-10-29,quarterly,1.6,USD,pre-market,None,,0.025,0.0058,0.078,309.64,9295000000,,,,70.58,79.02,17.6471,,,,,,,69554000000,,209.5,,85.15,41.86
2025-12-28,CVS,0.38,391689994000.0,209.5,,0.48,57.42,,,,,,,,,,,,,,,None,55336000000,55336000000,,,,,,None,1114000000,,2.66,0.0336,,,,-0.432,0.24,2537000000,3651000000,1.36,2020-09-30,11.11,,52300001000.0,11720000000,1806000000,587000000,,,None,731000000,731000000,,None,,,,,1224000000,1219000000,-731000000,None,0.0227,,8471000000,3249000000,,,,,-712000000,,,,,0.564,1.386,0.258,,,,,,,,0.0012,,,2025-10-29,quarterly,1.6,USD,pre-market,None,,0.025,0.0058,0.078,309.64,8685000000,,,,70.58,79.02,17.6471,,,,,,,67056000000,,209.5,,85.15,41.86
2025-12-28,CVS,0.38,391689994000.0,209.5,,0.48,57.42,,,,,,,,,,,,,,,None,51993000000,51993000000,,,,,,None,1102000000,,2.66,0.0336,,,,-0.432,0.24,4725000000,5827000000,1.36,2020-06-30,11.11,,52300001000.0,13348000000,3960000000,974000000,,,None,765000000,765000000,,None,,,,,2975000000,2986000000,-765000000,None,0.0227,,8668000000,4680000000,,,,,45000000,,,,,0.564,1.386,0.258,,,,,,,,0.0012,,,2025-10-29,quarterly,1.6,USD,pre-market,None,,0.025,0.0058,0.078,309.64,8598000000,,,,70.58,79.02,17.6471,,,,,,,65341000000,,209.5,,85.15,41.86
2025-12-28,CVS,0.38,391689994000.0,209.5,,0.48,57.42,,,,,,,,,,,,,,,None,54734000000,54734000000,,,,,,None,1086000000,,2.66,0.0336,,,,-0.432,0.24,3512000000,4598000000,1.36,2020-03-31,11.11,,52300001000.0,12021000000,2779000000,767000000,,,None,733000000,733000000,,None,,,,,2007000000,2012000000,-733000000,None,0.0227,,8563000000,3458000000,,,,,54000000,,,,,0.564,1.386,0.258,,,,,,,,0.0012,,,2025-10-29,quarterly,1.6,USD,pre-market,None,,0.025,0.0058,0.078,309.64,8494000000,,,,70.58,79.02,17.6471,,,,,,,66755000000,,209.5,,85.15,41.86
2025-12-28,CVS,0.38,391689994000.0,209.5,,0.48,57.42,,,,,,,,,,,,,,,None,55198000000,55198000000,,,,,,None,1096000000,,2.66,0.0336,,,,-0.432,0.24,3068000000,4164000000,1.36,2019-12-31,11.11,,52300001000.0,11691000000,2334000000,590000000,,,None,734000000,734000000,,None,,,,,1747000000,1744000000,-734000000,None,0.0227,,8654000000,3037000000,,,,,93000000,,,,,0.564,1.386,0.258,,,,,,,,0.0012,,,2025-10-29,quarterly,1.6,USD,pre-market,None,,0.025,0.0058,0.078,309.64,8012000000,,,,70.58,79.02,17.6471,,,,,,,66889000000,,209.5,,85.15,41.86
2025-12-28,CVS,0.38,391689994000.0,209.5,,0.48,57.42,,,,,,,,,,,,,,,None,53287000000,53287000000,,,,,,None,1092000000,,2.66,0.0336,,,,-0.432,0.24,2880000000,3972000000,1.36,2019-09-30,11.11,,52300001000.0,11523000000,2133000000,604000000,,,None,747000000,747000000,,None,,,,,1530000000,1529000000,-747000000,None,0.0227,,8595000000,2928000000,,,,,-48000000,,,,,0.564,1.386,0.258,,,,,,,,0.0012,,,2025-10-29,quarterly,1.6,USD,pre-market,None,,0.025,0.0058,0.078,309.64,8550000000,,,,70.58,79.02,17.6471,,,,,,,64810000000,,209.5,,85.15,41.86
2025-12-28,CVS,0.38,391689994000.0,209.5,,0.48,57.42,,,,,,,,,,,,,,,None,52057000000,52057000000,,,,,,None,1072000000,,2.66,0.0336,,,,-0.432,0.24,3363000000,4435000000,1.36,2019-06-30,11.11,,52300001000.0,11374000000,2591000000,660000000,,,None,772000000,772000000,,None,,,,,1936000000,1931000000,-772000000,None,0.0227,,8042000000,3332000000,,,,,31000000,,,,,0.564,1.386,0.258,,,,,,,,0.0012,,,2025-10-29,quarterly,1.6,USD,pre-market,None,,0.025,0.0058,0.078,309.64,7975000000,,,,70.58,79.02,17.6471,,,,,,,63431000000,,209.5,,85.15,41.86
2025-12-28,CVS,0.38,391689994000.0,209.5,,0.48,57.42,,,,,,,,,,,,,,,None,50706000000,50706000000,,,,,,None,1111000000,,2.66,0.0336,,,,-0.432,0.24,2721000000,3832000000,1.36,2019-03-31,11.11,,52300001000.0,10940000000,1939000000,512000000,,,None,782000000,782000000,,None,,,,,1421000000,1427000000,-782000000,None,0.0227,,8250000000,2690000000,,,,,-31000000,,,,,0.564,1.386,0.258,,,,,,,,0.0012,,,2025-10-29,quarterly,1.6,USD,pre-market,None,,0.025,0.0058,0.078,309.64,8142000000,,,,70.58,79.02,17.6471,,,,,,,61646000000,,209.5,,85.15,41.86
2025-12-28,CVS,0.38,391689994000.0,209.5,,0.48,57.42,,,,,,,,,,,,,,,None,44759000000,44759000000,,,,,,None,807000000,,2.66,0.0336,,,,-0.432,0.24,835000000,1642000000,1.36,2018-12-31,11.11,,52300001000.0,10150000000,102000000,524000000,,,None,733000000,None,,None,,,,,-419000000,-422000000,None,None,0.0227,,8841000000,1309000000,,,,,11000000,,,,,0.564,1.386,0.258,,,,,,,,0.0012,,,2025-10-29,quarterly,1.6,USD,pre-market,0,,0.025,0.0058,0.078,309.64,5860000000,,,,70.58,79.02,17.6471,,,,,,,54909000000,,209.5,,85.15,41.86
2025-12-28,CVS,0.38,391689994000.0,209.5,,0.48,57.42,,,,,,,,,,,,,,,None,39941000000,39941000000,,,,,,None,620000000,,2.66,0.0336,,,,-0.432,0.24,2573000000,3193000000,1.36,2018-09-30,11.11,,52300001000.0,7549000000,1899000000,509000000,,,None,670000000,None,,None,,,,,1390000000,1390000000,None,None,0.0227,,4975000000,2574000000,,,,,-1000000,,,,,0.564,1.386,0.258,,,,,,,,0.0012,,,2025-10-29,quarterly,1.6,USD,pre-market,0,,0.025,0.0058,0.078,309.64,4975000000,,,,70.58,79.02,17.6471,,,,,,,47490000000,,209.5,,85.15,41.86
2025-12-28,CVS,0.38,391689994000.0,209.5,,0.48,57.42,,,,,,,,,,,,,,,None,39507000000,39507000000,,,,,,None,647000000,,2.66,0.0336,,,,-0.432,0.24,-1376000000,-729000000,1.36,2018-06-30,11.11,,52300001000.0,7415000000,-2065000000,497000000,,,None,685000000,None,,None,,,,,-2563000000,-2562000000,None,None,0.0227,,8788000000,-1373000000,,,,,-3000000,,,,,0.564,1.386,0.258,,,,,,,,0.0012,,,2025-10-29,quarterly,1.6,USD,pre-market,0,,0.025,0.0058,0.078,309.64,4867000000,,,,70.58,79.02,17.6471,,,,,,,46922000000,,209.5,,85.15,41.86
2025-12-28,CVS,0.38,391689994000.0,209.5,,0.48,57.42,,,,,,,,,,,,,,,None,38834000000,38834000000,,,,,,None,644000000,,2.66,0.0336,,,,-0.432,0.24,1993000000,2637000000,1.36,2018-03-31,11.11,,52300001000.0,6909000000,1470000000,472000000,,,None,523000000,None,,None,,,,,998000000,998000000,None,None,0.0227,,4913000000,1996000000,,,,,-3000000,,,,,0.564,1.386,0.258,,,,,,,,0.0012,,,2025-10-29,quarterly,1.6,USD,pre-market,0,,0.025,0.0058,0.078,309.64,4784000000,,,,70.58,79.02,17.6471,,,,,,,45743000000,,209.5,,85.15,41.86
2025-12-28,CVS,0.38,391689994000.0,209.5,,0.48,57.42,,,,,,,,,,,,,,,None,40481000000,40481000000,,,,,,None,622000000,,2.66,0.0336,,,,-0.432,0.24,3112000000,3734000000,1.36,2017-12-31,11.11,,52300001000.0,7904000000,2809000000,-478000000,,,None,303000000,None,,None,,,,,3287000000,3287000000,None,None,0.0227,,4796000000,3108000000,,,,,-2000000,,,,,0.564,1.386,0.258,,,,,,,,0.0012,,,2025-10-29,quarterly,1.6,USD,pre-market,0,,0.025,0.0058,0.078,309.64,18451000000,,,,70.58,79.02,17.6471,,,,,,,48385000000,,209.5,,85.15,41.86
2025-12-28,CVS,0.38,391689994000.0,209.5,,0.48,57.42,,,,,,,,,,,,,,,None,39064000000,39064000000,,,,,,None,615000000,,2.66,0.0336,,,,-0.432,0.24,2312000000,2927000000,1.36,2017-09-30,11.11,,52300001000.0,7117000000,2062000000,777000000,,,None,250000000,None,,None,,,,,1285000000,1285000000,None,None,0.0227,,4618000000,2499000000,,,,,-192000000,,,,,0.564,1.386,0.258,,,,,,,,0.0012,,,2025-10-29,quarterly,1.6,USD,pre-market,0,,0.025,0.0058,0.078,309.64,4553000000,,,,70.58,79.02,17.6471,,,,,,,46181000000,,209.5,,85.15,41.86
2025-12-28,CVS,0.38,391689994000.0,209.5,,0.48,57.42,,,,,,,,,,,,,,,None,38759000000,38759000000,,,,,,None,623000000,,2.66,0.0336,,,,-0.432,0.24,2114000000,2737000000,1.36,2017-06-30,11.11,,52300001000.0,6926000000,1863000000,766000000,,,None,251000000,None,,None,,,,,1098000000,1097000000,None,None,0.0227,,4809000000,2117000000,,,,,-7000000,,,,,0.564,1.386,0.258,,,,,,,,0.0012,,,2025-10-29,quarterly,1.6,USD,pre-market,0,,0.025,0.0058,0.078,309.64,4663000000,,,,70.58,79.02,17.6471,,,,,,,45685000000,,209.5,,85.15,41.86
2025-12-28,CVS,0.38,391689994000.0,209.5,,0.48,57.42,,,,,,,,,,,,,,,None,37943000000,37943000000,,,,,,None,619000000,,2.66,0.0336,,,,-0.432,0.24,1792000000,2411000000,1.36,2017-03-31,11.11,,52300001000.0,6571000000,1534000000,572000000,,,None,258000000,None,,None,,,,,952000000,962000000,None,None,0.0227,,4778000000,1793000000,,,,,-7000000,,,,,0.564,1.386,0.258,,,,,,,,0.0012,,,2025-10-29,quarterly,1.6,USD,pre-market,0,,0.025,0.0058,0.078,309.64,4564000000,,,,70.58,79.02,17.6471,,,,,,,44514000000,,209.5,,85.15,41.86
2025-12-28,CVS,0.38,391689994000.0,209.5,,0.48,57.42,,,,,,,,,,,,,,,None,38365000000,38365000000,,,,,,None,628000000,,2.66,0.0336,,,,-0.432,0.24,3001000000,3629000000,1.36,2016-12-31,11.11,,52300001000.0,7606000000,2753000000,1046000000,,,None,248000000,None,,None,,,,,1707000000,1707000000,None,None,0.0227,,4611000000,2995000000,,,,,None,,,,,0.564,1.386,0.258,,,,,,,,0.0012,,,2025-10-29,quarterly,1.6,USD,pre-market,0,,0.025,0.0058,0.078,309.64,4391000000,,,,70.58,79.02,17.6471,,,,,,,45971000000,,209.5,,85.15,41.86
2025-12-28,CVS,0.38,391689994000.0,209.5,,0.48,57.42,,,,,,,,,,,,,,,None,37123000000,37123000000,,,,,,None,611000000,,2.66,0.0336,,,,-0.432,0.24,2721000000,3332000000,1.36,2016-09-30,11.11,,52300001000.0,7492000000,2463000000,921000000,,,None,258000000,None,,None,,,,,1540000000,1542000000,None,None,0.0227,,4668000000,2824000000,,,,,-101000000,,,,,0.564,1.386,0.258,,,,,,,,0.0012,,,2025-10-29,quarterly,1.6,USD,pre-market,0,,0.025,0.0058,0.078,309.64,4608000000,,,,70.58,79.02,17.6471,,,,,,,44615000000,,209.5,,85.15,41.86
2025-12-28,CVS,0.38,391689994000.0,209.5,,0.48,57.42,,,,,,,,,,,,,,,None,36710000000,36710000000,,,,,,None,619000000,,2.66,0.0336,,,,-0.432,0.24,1812000000,2431000000,1.36,2016-06-30,11.11,,52300001000.0,7015000000,1528000000,604000000,,,None,284000000,None,,None,,,,,924000000,924000000,None,None,0.0227,,4658000000,2357000000,,,,,-542000000,,,,,0.564,1.386,0.258,,,,,,,,0.0012,,,2025-10-29,quarterly,1.6,USD,pre-market,0,,0.025,0.0058,0.078,309.64,4583000000,,,,70.58,79.02,17.6471,,,,,,,43725000000,,209.5,,85.15,41.86
2025-12-28,CVS,0.38,391689994000.0,209.5,,0.48,57.42,,,,,,,,,,,,,,,None,36471000000,36471000000,,,,,,None,617000000,,2.66,0.0336,,,,-0.432,0.24,2181000000,2798000000,1.36,2016-03-31,11.11,,52300001000.0,6744000000,1893000000,746000000,,,None,288000000,None,,None,,,,,1146000000,1147000000,None,None,0.0227,,4559000000,2185000000,,,,,None,,,,,0.564,1.386,0.258,,,,,,,,0.0012,,,2025-10-29,quarterly,1.6,USD,pre-market,0,,0.025,0.0058,0.078,309.64,4499000000,,,,70.58,79.02,17.6471,,,,,,,43215000000,,209.5,,85.15,41.86
2025-12-28,CVS,0.38,391689994000.0,209.5,,0.48,57.42,,,,,,,,,,,,,,,None,33845000000,33845000000,,,,,,None,582000000,,2.66,0.0336,,,,-0.432,0.24,2735000000,3317000000,1.36,2015-12-31,11.11,,52300001000.0,7301000000,2453000000,953000000,,,None,282000000,None,,None,,,,,1498000000,1500000000,None,None,0.0227,,4572000000,2729000000,,,,,None,,,,,0.564,1.386,0.258,,,,,,,,0.0012,,,2025-10-29,quarterly,1.6,USD,pre-market,0,,0.025,0.0058,0.078,309.64,4188000000,,,,70.58,79.02,17.6471,,,,,,,41146000000,,209.5,,85.15,41.86
2025-12-28,CVS,0.38,391689994000.0,209.5,,0.48,57.42,,,,,,,,,,,,,,,None,31983000000,31983000000,,,,,,None,532000000,,2.66,0.0336,,,,-0.432,0.24,2338000000,2870000000,1.36,2015-09-30,11.11,,52300001000.0,6661000000,2070000000,833000000,,,None,268000000,None,,None,,,,,1246000000,1237000000,None,None,0.0227,,4330000000,2331000000,,,,,None,,,,,0.564,1.386,0.258,,,,,,,,0.0012,,,2025-10-29,quarterly,1.6,USD,pre-market,0,,0.025,0.0058,0.078,309.64,4204000000,,,,70.58,79.02,17.6471,,,,,,,38644000000,,209.5,,85.15,41.86
2025-12-28,CVS,0.38,391689994000.0,209.5,,0.48,57.42,,,,,,,,,,,,,,,None,30767000000,30767000000,,,,,,None,488000000,,2.66,0.0336,,,,-0.432,0.24,2267000000,2755000000,1.36,2015-06-30,11.11,,52300001000.0,6402000000,2096000000,824000000,,,None,171000000,None,,None,,,,,1272000000,1272000000,None,None,0.0227,,4140000000,2262000000,,,,,None,,,,,0.564,1.386,0.258,,,,,,,,0.0012,,,2025-10-29,quarterly,1.6,USD,pre-market,0,,0.025,0.0058,0.078,309.64,4119000000,,,,70.58,79.02,17.6471,,,,,,,37169000000,,209.5,,85.15,41.86
2025-12-28,CVS,0.38,391689994000.0,209.5,,0.48,57.42,,,,,,,,,,,,,,,None,30168000000,30168000000,,,,,,None,490000000,,2.66,0.0336,,,,-0.432,0.24,2135000000,2625000000,1.36,2015-03-31,11.11,,52300001000.0,6164000000,1998000000,777000000,,,None,137000000,None,,None,,,,,1221000000,1221000000,None,None,0.0227,,4032000000,2132000000,,,,,None,,,,,0.564,1.386,0.258,,,,,,,,0.0012,,,2025-10-29,quarterly,1.6,USD,pre-market,0,,0.025,0.0058,0.078,309.64,4032000000,,,,70.58,79.02,17.6471,,,,,,,36332000000,,209.5,,85.15,41.86
2025-12-28,CVS,0.38,391689994000.0,209.5,,0.48,57.42,,,,,,,,,,,,,,,None,30422000000,30422000000,,,,,,None,489000000,,2.66,0.0336,,,,-0.432,0.24,2325000000,2814000000,1.36,2014-12-31,11.11,,52300001000.0,6633000000,2190000000,868000000,,,None,135000000,None,,None,,,,,1321000000,1322000000,None,None,0.0227,,4312000000,2321000000,,,,,None,,,,,0.564,1.386,0.258,,,,,,,,0.0012,,,2025-10-29,quarterly,1.6,USD,pre-market,0,,0.025,0.0058,0.078,309.64,4311000000,,,,70.58,79.02,17.6471,,,,,,,37055000000,,209.5,,85.15,41.86
2025-12-28,CVS,0.38,391689994000.0,209.5,,0.48,57.42,,,,,,,,,,,,,,,None,28553000000,28553000000,,,,,,None,477000000,,2.66,0.0336,,,,-0.432,0.24,1730000000,2207000000,1.36,2014-09-30,11.11,,52300001000.0,6468000000,1572000000,624000000,,,None,158000000,None,,None,,,,,948000000,948000000,None,None,0.0227,,4222000000,2246000000,,,,,-521000000,,,,,0.564,1.386,0.258,,,,,,,,0.0012,,,2025-10-29,quarterly,1.6,USD,pre-market,0,,0.025,0.0058,0.078,309.64,4218000000,,,,70.58,79.02,17.6471,,,,,,,35021000000,,209.5,,85.15,41.86
2025-12-28,CVS,0.38,391689994000.0,209.5,,0.48,57.42,,,,,,,,,,,,,,,None,28278000000,28278000000,,,,,,None,488000000,,2.66,0.0336,,,,-0.432,0.24,2211000000,2699000000,1.36,2014-06-30,11.11,,52300001000.0,6324000000,2050000000,804000000,,,None,161000000,None,,None,,,,,1246000000,1246000000,None,None,0.0227,,4116000000,2208000000,,,,,None,,,,,0.564,1.386,0.258,,,,,,,,0.0012,,,2025-10-29,quarterly,1.6,USD,pre-market,0,,0.025,0.0058,0.078,309.64,4116000000,,,,70.58,79.02,17.6471,,,,,,,34602000000,,209.5,,85.15,41.86
2025-12-28,CVS,0.38,391689994000.0,209.5,,0.48,57.42,,,,,,,,,,,,,,,None,26747000000,26747000000,,,,,,None,477000000,,2.66,0.0336,,,,-0.432,0.24,2027000000,2504000000,1.36,2014-03-31,11.11,,52300001000.0,5942000000,1866000000,737000000,,,None,161000000,None,,None,,,,,1129000000,1129000000,None,None,0.0227,,3918000000,2024000000,,,,,None,,,,,0.564,1.386,0.258,,,,,,,,0.0012,,,2025-10-29,quarterly,1.6,USD,pre-market,0,,0.025,0.0058,0.078,309.64,3904000000,,,,70.58,79.02,17.6471,,,,,,,32689000000,,209.5,,85.15,41.86
2025-12-28,CVS,0.38,391689994000.0,209.5,,0.48,57.42,,,,,,,,,,,,,,,None,26451000000,26451000000,,,,,,None,458000000,,2.66,0.0336,,,,-0.432,0.24,2212000000,2670000000,1.36,2013-12-31,11.11,,52300001000.0,6331000000,2074000000,812000000,,,None,138000000,None,,None,,,,,1261000000,1262000000,None,None,0.0227,,4122000000,2209000000,,,,,None,,,,,0.564,1.386,0.258,,,,,,,,0.0012,,,2025-10-29,quarterly,1.6,USD,pre-market,0,,0.025,0.0058,0.078,309.64,3945000000,,,,70.58,79.02,17.6471,,,,,,,32782000000,,209.5,,85.15,41.86
2025-12-28,CVS,0.38,391689994000.0,209.5,,0.48,57.42,,,,,,,,,,,,,,,None,25905000000,25905000000,,,,,,None,461000000,,2.66,0.0336,,,,-0.432,0.24,2157000000,2618000000,1.36,2013-09-30,11.11,,52300001000.0,6027000000,2032000000,777000000,,,None,125000000,None,,None,,,,,1249000000,1260000000,None,None,0.0227,,3873000000,2154000000,,,,,None,,,,,0.564,1.386,0.258,,,,,,,,0.0012,,,2025-10-29,quarterly,1.6,USD,pre-market,0,,0.025,0.0058,0.078,309.64,3945000000,,,,70.58,79.02,17.6471,,,,,,,31932000000,,209.5,,85.15,41.86
2025-12-28,CVS,0.38,391689994000.0,209.5,,0.48,57.42,,,,,,,,,,,,,,,None,25407000000,25407000000,,,,,,None,449000000,,2.66,0.0336,,,,-0.432,0.24,1973000000,2422000000,1.36,2013-06-30,11.11,,52300001000.0,5841000000,1846000000,721000000,,,None,127000000,None,,None,,,,,1124000000,1122000000,None,None,0.0227,,3869000000,1972000000,,,,,None,,,,,0.564,1.386,0.258,,,,,,,,0.0012,,,2025-10-29,quarterly,1.6,USD,pre-market,0,,0.025,0.0058,0.078,309.64,3869000000,,,,70.58,79.02,17.6471,,,,,,,31248000000,,209.5,,85.15,41.86
2025-12-28,CVS,0.38,391689994000.0,209.5,,0.48,57.42,,,,,,,,,,,,,,,None,25174000000,25174000000,,,,,,None,502000000,,2.66,0.0336,,,,-0.432,0.24,1695000000,2197000000,1.36,2013-03-31,11.11,,52300001000.0,5577000000,1568000000,614000000,,,None,127000000,None,,None,,,,,954000000,956000000,None,None,0.0227,,3883000000,1694000000,,,,,None,,,,,0.564,1.386,0.258,,,,,,,,0.0012,,,2025-10-29,quarterly,1.6,USD,pre-market,0,,0.025,0.0058,0.078,309.64,3883000000,,,,70.58,79.02,17.6471,,,,,,,30751000000,,209.5,,85.15,41.86
2025-12-28,CVS,0.38,391689994000.0,209.5,,0.48,57.42,,,,,,,,,,,,,,,None,25097000000,25097000000,,,,,,None,456000000,,2.66,0.0336,,,,-0.432,0.24,1957000000,2413000000,1.36,2012-12-31,11.11,,52300001000.0,6297000000,1795000000,666000000,,,None,162000000,None,,None,,,,,1129000000,1129000000,None,None,0.0227,,3994000000,2303000000,,,,,-348000000,,,,,0.564,1.386,0.258,,,,,,,,0.0012,,,2025-10-29,quarterly,1.6,USD,pre-market,0,,0.025,0.0058,0.078,309.64,11283000000,,,,70.58,79.02,17.6471,,,,,,,31394000000,,209.5,,85.15,41.86
2025-12-28,CVS,0.38,391689994000.0,209.5,,0.48,57.42,,,,,,,,,,,,,,,None,24580000000,24580000000,,,,,,None,443000000,,2.66,0.0336,,,,-0.432,0.24,1815000000,2258000000,1.36,2012-09-30,11.11,,52300001000.0,5647000000,1680000000,669000000,,,None,135000000,None,,None,,,,,1006000000,1011000000,None,None,0.0227,,3833000000,1814000000,,,,,None,,,,,0.564,1.386,0.258,,,,,,,,0.0012,,,2025-10-29,quarterly,1.6,USD,pre-market,0,,0.025,0.0058,0.078,309.64,3833000000,,,,70.58,79.02,17.6471,,,,,,,30227000000,,209.5,,85.15,41.86
2025-12-28,CVS,0.38,391689994000.0,209.5,,0.48,57.42,,,,,,,,,,,,,,,None,25265000000,25265000000,,,,,,None,431000000,,2.66,0.0336,,,,-0.432,0.24,1708000000,2139000000,1.36,2012-06-30,11.11,,52300001000.0,5449000000,1576000000,610000000,,,None,132000000,None,,None,,,,,966000000,966000000,None,None,0.0227,,3741000000,1708000000,,,,,None,,,,,0.564,1.386,0.258,,,,,,,,0.0012,,,2025-10-29,quarterly,1.6,USD,pre-market,0,,0.025,0.0058,0.078,309.64,3741000000,,,,70.58,79.02,17.6471,,,,,,,30714000000,,209.5,,85.15,41.86
2025-12-28,CVS,0.38,391689994000.0,209.5,,0.48,57.42,,,,,,,,,,,,,,,None,25685000000,25685000000,,,,,,None,423000000,,2.66,0.0336,,,,-0.432,0.24,1405000000,1828000000,1.36,2012-03-31,11.11,,52300001000.0,5113000000,1272000000,496000000,,,None,133000000,None,,None,,,,,776000000,776000000,None,None,0.0227,,3709000000,1404000000,,,,,None,,,,,0.564,1.386,0.258,,,,,,,,0.0012,,,2025-10-29,quarterly,1.6,USD,pre-market,0,,0.025,0.0058,0.078,309.64,3709000000,,,,70.58,79.02,17.6471,,,,,,,30798000000,,209.5,,85.15,41.86
2025-12-28,CVS,0.38,391689994000.0,209.5,,0.48,57.42,,,,,,,,,,,,,,,None,22762000000,22762000000,,,,,,None,396000000,,2.66,0.0336,,,,-0.432,0.24,1958000000,2354000000,1.36,2011-12-31,11.11,,52300001000.0,5555000000,1810000000,711000000,,,None,148000000,None,,None,,,,,1064000000,1092000000,None,None,0.0227,,3598000000,1957000000,,,,,None,,,,,0.564,1.386,0.258,,,,,,,,0.0012,,,2025-10-29,quarterly,1.6,USD,pre-market,0,,0.025,0.0058,0.078,309.64,3598000000,,,,70.58,79.02,17.6471,,,,,,,28317000000,,209.5,,85.15,41.86
2025-12-28,CVS,0.38,391689994000.0,209.5,,0.48,57.42,,,,,,,,,,,,,,,None,21496000000,21496000000,,,,,,None,407000000,,2.66,0.0336,,,,-0.432,0.24,1585000000,1992000000,1.36,2011-09-30,11.11,,52300001000.0,5178000000,1429000000,562000000,,,None,156000000,None,,None,,,,,868000000,867000000,None,None,0.0227,,3594000000,1584000000,,,,,None,,,,,0.564,1.386,0.258,,,,,,,,0.0012,,,2025-10-29,quarterly,1.6,USD,pre-market,0,,0.025,0.0058,0.078,309.64,3594000000,,,,70.58,79.02,17.6471,,,,,,,26674000000,,209.5,,85.15,41.86
2025-12-28,CVS,0.38,391689994000.0,209.5,,0.48,57.42,,,,,,,,,,,,,,,None,21328000000,21328000000,,,,,,None,391000000,,2.66,0.0336,,,,-0.432,0.24,1485000000,1876000000,1.36,2011-06-30,11.11,,52300001000.0,5086000000,1336000000,523000000,,,None,149000000,None,,None,,,,,816000000,816000000,None,None,0.0227,,3602000000,1484000000,,,,,None,,,,,0.564,1.386,0.258,,,,,,,,0.0012,,,2025-10-29,quarterly,1.6,USD,pre-market,0,,0.025,0.0058,0.078,309.64,3605000000,,,,70.58,79.02,17.6471,,,,,,,26414000000,,209.5,,85.15,41.86
2025-12-28,CVS,0.38,391689994000.0,209.5,,0.48,57.42,,,,,,,,,,,,,,,None,20953000000,20953000000,,,,,,None,374000000,,2.66,0.0336,,,,-0.432,0.24,1306000000,1680000000,1.36,2011-03-31,11.11,,52300001000.0,4742000000,1171000000,462000000,,,None,135000000,None,,None,,,,,713000000,713000000,None,None,0.0227,,3437000000,1305000000,,,,,None,,,,,0.564,1.386,0.258,,,,,,,,0.0012,,,2025-10-29,quarterly,1.6,USD,pre-market,0,,0.025,0.0058,0.078,309.64,3440000000,,,,70.58,79.02,17.6471,,,,,,,25695000000,,209.5,,85.15,41.86
2025-12-28,CVS,0.38,391689994000.0,209.5,,0.48,57.42,,,,,,,,,,,,,,,None,19305000000,19305000000,,,,,,None,373000000,,2.66,0.0336,,,,-0.432,0.24,1771000000,2144000000,1.36,2010-12-31,11.11,,52300001000.0,5467000000,1634000000,608000000,,,None,137000000,None,,None,,,,,1026000000,1026000000,None,None,0.0227,,3696000000,1771000000,,,,,None,,,,,0.564,1.386,0.258,,,,,,,,0.0012,,,2025-10-29,quarterly,1.6,USD,pre-market,0,,0.025,0.0058,0.078,309.64,3693000000,,,,70.58,79.02,17.6471,,,,,,,24772000000,,209.5,,85.15,41.86
2025-12-28,CVS,0.38,391689994000.0,209.5,,0.48,57.42,,,,,,,,,,,,,,,None,18696000000,18696000000,,,,,,None,370000000,,2.66,0.0336,,,,-0.432,0.24,1479000000,1849000000,1.36,2010-09-30,11.11,,52300001000.0,5015000000,1341000000,526000000,,,None,138000000,None,,None,,,,,809000000,819000000,None,None,0.0227,,3537000000,1478000000,,,,,None,,,,,0.564,1.386,0.258,,,,,,,,0.0012,,,2025-10-29,quarterly,1.6,USD,pre-market,0,,0.025,0.0058,0.078,309.64,3537000000,,,,70.58,79.02,17.6471,,,,,,,23711000000,,209.5,,85.15,41.86
2025-12-28,CVS,0.38,391689994000.0,209.5,,0.48,57.42,,,,,,,,,,,,,,,None,18987000000,18987000000,,,,,,None,368000000,,2.66,0.0336,,,,-0.432,0.24,1502000000,1870000000,1.36,2010-06-30,11.11,,52300001000.0,5020000000,1366000000,544000000,,,None,136000000,None,,None,,,,,821000000,822000000,None,None,0.0227,,3519000000,1501000000,,,,,None,,,,,0.564,1.386,0.258,,,,,,,,0.0012,,,2025-10-29,quarterly,1.6,USD,pre-market,0,,0.025,0.0058,0.078,309.64,3516000000,,,,70.58,79.02,17.6471,,,,,,,24007000000,,209.5,,85.15,41.86
2025-12-28,CVS,0.38,391689994000.0,209.5,,0.48,57.42,,,,,,,,,,,,,,,None,19014000000,19014000000,,,,,,None,358000000,,2.66,0.0336,,,,-0.432,0.24,1411000000,1769000000,1.36,2010-03-31,11.11,,52300001000.0,4746000000,1282000000,510000000,,,None,129000000,None,,None,,,,,771000000,772000000,None,None,0.0227,,3336000000,1410000000,,,,,None,,,,,0.564,1.386,0.258,,,,,,,,0.0012,,,2025-10-29,quarterly,1.6,USD,pre-market,0,,0.025,0.0058,0.078,309.64,3336000000,,,,70.58,79.02,17.6471,,,,,,,23760000000,,209.5,,85.15,41.86
2025-12-28,CVS,0.38,391689994000.0,209.5,,0.48,57.42,,,,,,,,,,,,,,,None,20254000000,20254000000,,,,,,None,352500000,,2.66,0.0336,,,,-0.432,0.24,1895900000,2248400000,1.36,2009-12-31,11.11,,52300001000.0,5568100000,1762900000,710600000,,,None,133000000,None,,None,,,,,1049800000,0,None,None,0.0227,,3673000000,1895100000,,,,,None,,,,,0.564,1.386,0.258,,,,,,,,0.0012,,,2025-10-29,quarterly,1.6,USD,pre-market,0,,0.025,0.0058,0.078,309.64,3673000000,,,,70.58,79.02,17.6471,,,,,,,25822100000,,209.5,,85.15,41.86
2025-12-28,CVS,0.38,391689994000.0,209.5,,0.48,57.42,,,,,,,,,,,,,,,None,19630000000,19630000000,,,,,,None,301000000,,2.66,0.0336,,,,-0.432,0.24,1567000000,1868000000,1.36,2009-09-30,11.11,,52300001000.0,5012000000,1443000000,420000000,,,None,124000000,None,,None,,,,,1021000000,1023100000,None,None,0.0227,,3446000000,1566000000,,,,,None,,,,,0.564,1.386,0.258,,,,,,,,0.0012,,,2025-10-29,quarterly,1.6,USD,pre-market,0,,0.025,0.0058,0.078,309.64,3445800000,,,,70.58,79.02,17.6471,,,,,,,24642000000,,209.5,,85.15,41.86
2025-12-28,CVS,0.38,391689994000.0,209.5,,0.48,57.42,,,,,,,,,,,,,,,None,19819000000,19819000000,,,,,,None,382000000,,2.66,0.0336,,,,-0.432,0.24,1601000000,1983000000,1.36,2009-06-30,11.11,,52300001000.0,5052000000,1472000000,583000000,,,None,129000000,None,,None,,,,,886000000,889100000,None,None,0.0227,,3452000000,1600000000,,,,,None,,,,,0.564,1.386,0.258,,,,,,,,0.0012,,,2025-10-29,quarterly,1.6,USD,pre-market,0,,0.025,0.0058,0.078,309.64,3452400000,,,,70.58,79.02,17.6471,,,,,,,24871000000,,209.5,,85.15,41.86
2025-12-28,CVS,0.38,391689994000.0,209.5,,0.48,57.42,,,,,,,,,,,,,,,None,18646000000,18646000000,,,,,,None,354000000,,2.66,0.0336,,,,-0.432,0.24,1379000000,1733000000,1.36,2009-03-31,11.11,,52300001000.0,4748000000,1235000000,492000000,,,None,144000000,None,,None,,,,,738000000,0,None,None,0.0227,,3371000000,1377000000,,,,,None,,,,,0.564,1.386,0.258,,,,,,,,0.0012,,,2025-10-29,quarterly,1.6,USD,pre-market,0,,0.025,0.0058,0.078,309.64,3370800000,,,,70.58,79.02,17.6471,,,,,,,23394000000,,209.5,,85.15,41.86
2025-12-28,CVS,0.38,391689994000.0,209.5,,0.48,57.42,,,,,,,,,,,,,,,None,18918600000,18918600000,,,,,,None,354000000,,2.66,0.0336,,,,-0.432,0.24,1731800000,2085800000,1.36,2008-12-31,11.11,,52300001000.0,5223600000,1580600000,627300000,,,None,157100000,None,,None,,,,,952800000,0,None,None,0.0227,,3491800000,1731800000,,,,,None,,,,,0.564,1.386,0.258,,,,,,,,0.0012,,,2025-10-29,quarterly,1.6,USD,pre-market,0,,0.025,0.0058,0.078,309.64,3491800000,,,,70.58,79.02,17.6471,,,,,,,24142200000,,209.5,,85.15,41.86
2025-12-28,CVS,0.38,391689994000.0,209.5,,0.48,57.42,,,,,,,,,,,,,,,None,16462800000,16462800000,,,,,,None,310900000,,2.66,0.0336,,,,-0.432,0.24,1470500000,1781400000,1.36,2008-09-30,11.11,,52300001000.0,4400600000,1353500000,534700000,,,None,117000000,None,,None,,,,,736000000,0,None,None,0.0227,,2934400000,1466200000,,,,,None,,,,,0.564,1.386,0.258,,,,,,,,0.0012,,,2025-10-29,quarterly,1.6,USD,pre-market,0,,0.025,0.0058,0.078,309.64,2934000000,,,,70.58,79.02,17.6471,,,,,,,20863400000,,209.5,,85.15,41.86
2025-12-28,CVS,0.38,391689994000.0,209.5,,0.48,57.42,,,,,,,,,,,,,,,None,16767100000,16767100000,,,,,,None,310000000,,2.66,0.0336,,,,-0.432,0.24,1481900000,1791900000,1.36,2008-06-30,11.11,,52300001000.0,4373200000,1363400000,539900000,,,None,118500000,None,,None,,,,,774800000,0,None,None,0.0227,,2895100000,1478100000,,,,,None,,,,,0.564,1.386,0.258,,,,,,,,0.0012,,,2025-10-29,quarterly,1.6,USD,pre-market,0,,0.025,0.0058,0.078,309.64,2895000000,,,,70.58,79.02,17.6471,,,,,,,21140300000,,209.5,,85.15,41.86
2025-12-28,CVS,0.38,391689994000.0,209.5,,0.48,57.42,,,,,,,,,,,,,,,None,17033000000,17033000000,,,,,,None,299300000,,2.66,0.0336,,,,-0.432,0.24,1370100000,1669400000,1.36,2008-03-31,11.11,,52300001000.0,4293000000,1239200000,490700000,,,None,130000000,None,,None,,,,,748500000,0,None,None,0.0227,,2922900000,1370100000,,,,,None,,,,,0.564,1.386,0.258,,,,,,,,0.0012,,,2025-10-29,quarterly,1.6,USD,pre-market,0,,0.025,0.0058,0.078,309.64,2923000000,,,,70.58,79.02,17.6471,,,,,,,21326000000,,209.5,,85.15,41.86
2025-12-28,CVS,0.38,391689994000.0,209.5,,0.48,57.42,,,,,,,,,,,,,,,None,17491600000,17491600000,,,,,,None,276100000,,2.66,0.0336,,,,-0.432,0.24,1475900000,1752000000,1.36,2007-12-31,11.11,,52300001000.0,4450800000,1338600000,523600000,,,None,137000000,None,,None,,,,,815000000,0,None,None,0.0227,,2974900000,1475900000,,,,,None,,,,,0.564,1.386,0.258,,,,,,,,0.0012,,,2025-10-29,quarterly,1.6,USD,pre-market,0,,0.025,0.0058,0.078,309.64,2975000000,,,,70.58,79.02,17.6471,,,,,,,21942400000,,209.5,,85.15,41.86
2025-12-28,CVS,0.38,391689994000.0,209.5,,0.48,57.42,,,,,,,,,,,,,,,None,16300000000,16300000000,,,,,,None,301700000,,2.66,0.0336,,,,-0.432,0.24,1271100000,1572800000,1.36,2007-09-30,11.11,,52300001000.0,4195200000,1143600000,454100000,,,None,128000000,None,,None,,,,,689500000,0,None,None,0.0227,,2924100000,1271100000,,,,,None,,,,,0.564,1.386,0.258,,,,,,,,0.0012,,,2025-10-29,quarterly,1.6,USD,pre-market,0,,0.025,0.0058,0.078,309.64,2924000000,,,,70.58,79.02,17.6471,,,,,,,20495200000,,209.5,,85.15,41.86
2025-12-28,CVS,0.38,391689994000.0,209.5,,0.48,57.42,,,,,,,,,,,,,,,None,16544800000,16544800000,,,,,,None,308000000,,2.66,0.0336,,,,-0.432,0.24,1309800000,1617800000,1.36,2007-06-30,11.11,,52300001000.0,4158500000,1203900000,480300000,,,None,113800000,None,,None,,,,,723600000,0,None,None,0.0227,,2848700000,1309800000,,,,,None,,,,,0.564,1.386,0.258,,,,,,,,0.0012,,,2025-10-29,quarterly,1.6,USD,pre-market,0,,0.025,0.0058,0.078,309.64,2848700000,,,,70.58,79.02,17.6471,,,,,,,20703300000,,209.5,,85.15,41.86
2025-12-28,CVS,0.38,391689994000.0,209.5,,0.48,57.42,,,,,,,,,,,,,,,None,9835400000,9835400000,,,,,,None,208800000,,2.66,0.0336,,,,-0.432,0.24,736500000,945300000,1.36,2007-03-31,11.11,,52300001000.0,3349200000,672600000,263700000,,,None,71600000,None,,None,,,,,408900000,0,None,None,0.0227,,2612700000,736500000,,,,,None,,,,,0.564,1.386,0.258,,,,,,,,0.0012,,,2025-10-29,quarterly,1.6,USD,pre-market,0,,0.025,0.0058,0.078,309.64,2403900000,,,,70.58,79.02,17.6471,,,,,,,13184600000,,209.5,,85.15,41.86
2025-12-28,CVS,0.38,391689994000.0,209.5,,0.48,57.42,,,,,,,,,,,,,,,None,8701000000,8701000000,,,,,,None,201400000,,2.66,0.0336,,,,-0.432,0.24,749300000,950700000,1.36,2006-12-31,11.11,,52300001000.0,3365300000,668200000,251000000,,,None,81000000,None,,None,,,,,417200000,0,None,None,0.0227,,2616000000,749300000,,,,,None,,,,,0.564,1.386,0.258,,,,,,,,0.0012,,,2025-10-29,quarterly,1.6,USD,pre-market,0,,0.025,0.0058,0.078,309.64,2568000000,,,,70.58,79.02,17.6471,,,,,,,12066300000,,209.5,,85.15,41.86
2025-12-28,CVS,0.38,391689994000.0,209.5,,0.48,57.42,,,,,,,,,,,,,,,None,8173200000,8173200000,,,,,,None,193400000,,2.66,0.0336,,,,-0.432,0.24,536800000,730200000,1.36,2006-09-30,11.11,,52300001000.0,3035600000,461600000,177400000,,,None,79500000,None,,None,,,,,284200000,0,None,None,0.0227,,2498800000,536800000,,,,,None,,,,,0.564,1.386,0.258,,,,,,,,0.0012,,,2025-10-29,quarterly,1.6,USD,pre-market,0,,0.025,0.0058,0.078,309.64,2350100000,,,,70.58,79.02,17.6471,,,,,,,11208800000,,209.5,,85.15,41.86
2025-12-28,CVS,0.38,391689994000.0,209.5,,0.48,57.42,,,,,,,,,,,,,,,None,7769700000,7769700000,,,,,,None,183100000,,2.66,0.0336,,,,-0.432,0.24,595000000,778100000,1.36,2006-06-30,11.11,,52300001000.0,2794700000,556600000,218700000,,,None,38000000,None,,None,,,,,337900000,0,None,None,0.0227,,2199700000,595000000,,,,,None,,,,,0.564,1.386,0.258,,,,,,,,0.0012,,,2025-10-29,quarterly,1.6,USD,pre-market,0,,0.025,0.0058,0.078,309.64,2200000000,,,,70.58,79.02,17.6471,,,,,,,10564400000,,209.5,,85.15,41.86
2025-12-28,CVS,0.38,391689994000.0,209.5,,0.48,57.42,,,,,,,,,,,,,,,None,7330200000,7330200000,,,,,,None,155400000,,2.66,0.0336,,,,-0.432,0.24,560500000,715900000,1.36,2006-03-31,11.11,,52300001000.0,2649000000,539400000,209800000,,,None,21000000,None,,None,,,,,329600000,0,None,None,0.0227,,2088500000,560500000,,,,,None,,,,,0.564,1.386,0.258,,,,,,,,0.0012,,,2025-10-29,quarterly,1.6,USD,pre-market,0,,0.025,0.0058,0.078,309.64,2034000000,,,,70.58,79.02,17.6471,,,,,,,9979200000,,209.5,,85.15,41.86
2025-12-28,CVS,0.38,391689994000.0,209.5,,0.48,57.42,,,,,,,,,,,,,,,None,7030000000,7030000000,,,,,,None,155900000,,2.66,0.0336,,,,-0.432,0.24,603100000,759000000,1.36,2005-12-31,11.11,,52300001000.0,2702000000,576200000,169800000,,,None,28700000,None,,None,,,,,406400000,0,None,None,0.0227,,2098900000,603100000,,,,,None,,,,,0.564,1.386,0.258,,,,,,,,0.0012,,,2025-10-29,quarterly,1.6,USD,pre-market,0,,0.025,0.0058,0.078,309.64,1943000000,,,,70.58,79.02,17.6471,,,,,,,9732000000,,209.5,,85.15,41.86
2025-12-28,CVS,0.38,391689994000.0,209.5,,0.48,57.42,,,,,,,,,,,,,,,None,6569400000,6569400000,,,,,,None,147700000,,2.66,0.0336,,,,-0.432,0.24,438900000,586600000,1.36,2005-09-30,11.11,,52300001000.0,2401000000,411600000,158900000,,,None,27000000,None,,None,,,,,252700000,0,None,None,0.0227,,1962100000,438900000,,,,,None,,,,,0.564,1.386,0.258,,,,,,,,0.0012,,,2025-10-29,quarterly,1.6,USD,pre-market,0,,0.025,0.0058,0.078,309.64,1814000000,,,,70.58,79.02,17.6471,,,,,,,8970400000,,209.5,,85.15,41.86
2025-12-28,CVS,0.38,391689994000.0,209.5,,0.48,57.42,,,,,,,,,,,,,,,None,321408000000,321408000000,,,,,,None,4597000000,,2.66,0.0336,,,,-0.432,0.24,9086000000,13683000000,1.36,2024-12-31,11.11,,52300001000.0,51401000000,6148000000,1562000000,,,None,2958000000,2958000000,,None,,,,,4614000000,4586000000,-2958000000,None,0.0227,,42885000000,8516000000,,,,,None,,,,,0.564,1.386,0.258,,,,,,,,0.0012,,,2025-10-29,annual,1.6,USD,pre-market,None,,0.025,0.0058,0.078,309.64,40240000000,,,,70.58,79.02,17.6471,,,,,,,372809000000,,209.5,,85.15,41.86
2025-12-28,CVS,0.38,391689994000.0,209.5,,0.48,57.42,,,,,,,,,,,,,,,None,303345000000,303345000000,,,,,,None,4366000000,,2.66,0.0336,,,,-0.432,0.24,13743000000,13743000000,1.36,2023-12-31,11.11,,52300001000.0,54431000000,11173000000,2805000000,,,None,2658000000,2658000000,,None,,,,,8344000000,8368000000,-2658000000,None,0.0227,,39832000000,13743000000,,,,,None,,,,,0.564,1.386,0.258,,,,,,,,0.0012,,,2025-10-29,annual,1.6,USD,pre-market,None,,0.025,0.0058,0.078,309.64,38360000000,,,,70.58,79.02,17.6471,,,,,,,357776000000,,209.5,,85.15,41.86
2025-12-28,CVS,0.38,391689994000.0,209.5,,0.48,57.42,,,,,,,,,,,,,,,None,267965000000,267965000000,,,,,,None,4224000000,,2.66,0.0336,,,,-0.432,0.24,8123000000,12347000000,1.36,2022-12-31,11.11,,52300001000.0,54502000000,5836000000,1509000000,,,None,2287000000,2287000000,,None,,,,,4311000000,4165000000,-2287000000,None,0.0227,,46548000000,7954000000,,,,,169000000,,,,,0.564,1.386,0.258,,,,,,,,0.0012,,,2025-10-29,annual,1.6,USD,pre-market,None,,0.025,0.0058,0.078,309.64,37177000000,,,,70.58,79.02,17.6471,,,,,,,322467000000,,209.5,,85.15,41.86
2025-12-28,CVS,0.38,391689994000.0,209.5,,0.48,57.42,,,,,,,,,,,,,,,None,239991000000,239991000000,,,,,,None,4486000000,,2.66,0.0336,,,,-0.432,0.24,13040000000,17526000000,1.36,2021-12-31,11.11,,52300001000.0,52120000000,10537000000,2548000000,,,None,2503000000,2503000000,,None,,,,,8001000000,7898000000,-2503000000,None,0.0227,,38810000000,13310000000,,,,,-270000000,,,,,0.564,1.386,0.258,,,,,,,,0.0012,,,2025-10-29,annual,1.6,USD,pre-market,None,,0.025,0.0058,0.078,309.64,36227000000,,,,70.58,79.02,17.6471,,,,,,,292111000000,,209.5,,85.15,41.86
2025-12-28,CVS,0.38,391689994000.0,209.5,,0.48,57.42,,,,,,,,,,,,,,,None,219660000000,219660000000,,,,,,None,4441000000,,2.66,0.0336,,,,-0.432,0.24,12677000000,17118000000,1.36,2020-12-31,11.11,,52300001000.0,49046000000,9770000000,2569000000,,,None,2907000000,2907000000,,None,,,,,7179000000,7201000000,-2907000000,None,0.0227,,35135000000,13911000000,,,,,-1234000000,,,,,0.564,1.386,0.258,,,,,,,,0.0012,,,2025-10-29,annual,1.6,USD,pre-market,None,,0.025,0.0058,0.078,309.64,34459000000,,,,70.58,79.02,17.6471,,,,,,,268706000000,,209.5,,85.15,41.86
2025-12-28,CVS,0.38,391689994000.0,209.5,,0.48,57.42,,,,,,,,,,,,,,,None,211248000000,211248000000,,,,,,None,4371000000,,2.66,0.0336,,,,-0.432,0.24,12032000000,16403000000,1.36,2019-12-31,11.11,,52300001000.0,45528000000,8997000000,2366000000,,,None,3035000000,3035000000,,None,,,,,6634000000,6631000000,-3035000000,None,0.0227,,33541000000,11987000000,,,,,45000000,,,,,0.564,1.386,0.258,,,,,,,,0.0012,,,2025-10-29,annual,1.6,USD,pre-market,None,,0.025,0.0058,0.078,309.64,32229000000,,,,70.58,79.02,17.6471,,,,,,,256776000000,,209.5,,85.15,41.86
2025-12-28,CVS,0.38,391689994000.0,209.5,,0.48,57.42,,,,,,,,,,,,,,,None,163041000000,163041000000,,,,,,None,2718000000,,2.66,0.0336,,,,-0.432,0.24,4025000000,6743000000,1.36,2018-12-31,11.11,,52300001000.0,31538000000,1406000000,2002000000,,,None,2619000000,2619000000,,None,,,,,-594000000,-596000000,-2619000000,None,0.0227,,27517000000,4021000000,,,,,4000000,,,,,0.564,1.386,0.258,,,,,,,,0.0012,,,2025-10-29,annual,1.6,USD,pre-market,0,,0.025,0.0058,0.078,309.64,20383000000,,,,70.58,79.02,17.6471,,,,,,,194579000000,,209.5,,85.15,41.86
2025-12-28,CVS,0.38,391689994000.0,209.5,,0.48,57.42,,,,,,,,,,,,,,,None,156258000000,156258000000,,,,,,None,2479000000,,2.66,0.0336,,,,-0.432,0.24,9330000000,11809000000,1.36,2017-12-31,11.11,,52300001000.0,28528000000,8268000000,1637000000,,,None,1062000000,21000000,,None,,,,,6622000000,6631000000,-1041000000,None,0.0227,,18990000000,9538000000,,,,,-208000000,,,,,0.564,1.386,0.258,,,,,,,,0.0012,,,2025-10-29,annual,1.6,USD,pre-market,0,,0.025,0.0058,0.078,309.64,18290000000,,,,70.58,79.02,17.6471,,,,,,,184786000000,,209.5,,85.15,41.86
2025-12-28,CVS,0.38,391689994000.0,209.5,,0.48,57.42,,,,,,,,,,,,,,,None,148712000000,148712000000,,,,,,None,2475000000,,2.66,0.0336,,,,-0.432,0.24,9715000000,12190000000,1.36,2016-12-31,11.11,,52300001000.0,28834000000,8637000000,3317000000,,,None,1080000000,20000000,,None,,,,,5317000000,5320000000,-1058000000,None,0.0227,,18448000000,10386000000,,,,,-643000000,,,,,0.564,1.386,0.258,,,,,,,,0.0012,,,2025-10-29,annual,1.6,USD,pre-market,0,,0.025,0.0058,0.078,309.64,18056000000,,,,70.58,79.02,17.6471,,,,,,,177546000000,,209.5,,85.15,41.86
2025-12-28,CVS,0.38,391689994000.0,209.5,,0.48,57.42,,,,,,,,,,,,,,,None,126762000000,126762000000,,,,,,None,2092000000,,2.66,0.0336,,,,-0.432,0.24,9475000000,11567000000,1.36,2015-12-31,11.11,,52300001000.0,26528000000,8616000000,3386000000,,,None,859000000,838000000,,None,,,,,5237000000,5230000000,None,None,0.0227,,17053000000,9475000000,,,,,None,,,,,0.564,1.386,0.258,,,,,,,,0.0012,,,2025-10-29,annual,1.6,USD,pre-market,0,,0.025,0.0058,0.078,309.64,16633000000,,,,70.58,79.02,17.6471,,,,,,,153290000000,,209.5,,85.15,41.86
2025-12-28,CVS,0.38,391689994000.0,209.5,,0.48,57.42,,,,,,,,,,,,,,,None,114000000000,114000000000,,,,,,None,1931000000,,2.66,0.0336,,,,-0.432,0.24,8293000000,10224000000,1.36,2014-12-31,11.11,,52300001000.0,25367000000,7678000000,3033000000,,,None,615000000,None,,None,,,,,4644000000,4645000000,None,None,0.0227,,16568000000,8799000000,,,,,-521000000,,,,,0.564,1.386,0.258,,,,,,,,0.0012,,,2025-10-29,annual,1.6,USD,pre-market,0,,0.025,0.0058,0.078,309.64,16331000000,,,,70.58,79.02,17.6471,,,,,,,139367000000,,209.5,,85.15,41.86
2025-12-28,CVS,0.38,391689994000.0,209.5,,0.48,57.42,,,,,,,,,,,,,,,None,102978000000,102978000000,,,,,,None,1870000000,,2.66,0.0336,,,,-0.432,0.24,8045000000,9915000000,1.36,2013-12-31,11.11,,52300001000.0,23783000000,7528000000,2928000000,,,None,517000000,None,,None,,,,,4592000000,4600000000,None,None,0.0227,,15746000000,8037000000,,,,,None,,,,,0.564,1.386,0.258,,,,,,,,0.0012,,,2025-10-29,annual,1.6,USD,pre-market,0,,0.025,0.0058,0.078,309.64,15641000000,,,,70.58,79.02,17.6471,,,,,,,126761000000,,209.5,,85.15,41.86
2025-12-28,CVS,0.38,391689994000.0,209.5,,0.48,57.42,,,,,,,,,,,,,,,None,100632000000,100632000000,,,,,,None,1753000000,,2.66,0.0336,,,,-0.432,0.24,6866000000,8619000000,1.36,2012-12-31,11.11,,52300001000.0,22488000000,6305000000,2436000000,,,None,561000000,None,,None,,,,,3864000000,3882000000,None,None,0.0227,,15278000000,7210000000,,,,,-348000000,,,,,0.564,1.386,0.258,,,,,,,,0.0012,,,2025-10-29,annual,1.6,USD,pre-market,0,,0.025,0.0058,0.078,309.64,15057000000,,,,70.58,79.02,17.6471,,,,,,,123120000000,,209.5,,85.15,41.86
2025-12-28,CVS,0.38,391689994000.0,209.5,,0.48,57.42,,,,,,,,,,,,,,,None,86518000000,86518000000,,,,,,None,1568000000,,2.66,0.0336,,,,-0.432,0.24,6335000000,7903000000,1.36,2011-12-31,11.11,,52300001000.0,20562000000,5747000000,2258000000,,,None,588000000,None,,None,,,,,3462000000,3488000000,None,None,0.0227,,14231000000,6331000000,,,,,None,,,,,0.564,1.386,0.258,,,,,,,,0.0012,,,2025-10-29,annual,1.6,USD,pre-market,0,,0.025,0.0058,0.078,309.64,14231000000,,,,70.58,79.02,17.6471,,,,,,,107080000000,,209.5,,85.15,41.86
2025-12-28,CVS,0.38,391689994000.0,209.5,,0.48,57.42,,,,,,,,,,,,,,,None,75559000000,75559000000,,,,,,None,1469000000,,2.66,0.0336,,,,-0.432,0.24,6140000000,7609000000,1.36,2010-12-31,11.11,,52300001000.0,20219000000,5601000000,2179000000,,,None,539000000,None,,None,,,,,3427000000,3439000000,None,None,0.0227,,14082000000,6137000000,,,,,None,,,,,0.564,1.386,0.258,,,,,,,,0.0012,,,2025-10-29,annual,1.6,USD,pre-market,0,,0.025,0.0058,0.078,309.64,14092000000,,,,70.58,79.02,17.6471,,,,,,,95778000000,,209.5,,85.15,41.86
2025-12-28,CVS,0.38,391689994000.0,209.5,,0.48,57.42,,,,,,,,,,,,,,,None,77857000000,77857000000,,,,,,None,1389000000,,2.66,0.0336,,,,-0.432,0.24,6430000000,7819000000,1.36,2009-12-31,11.11,,52300001000.0,20358000000,5900000000,2200000000,,,None,530000000,None,,None,,,,,3696000000,3708000000,None,None,0.0227,,13933000000,6425000000,,,,,None,,,,,0.564,1.386,0.258,,,,,,,,0.0012,,,2025-10-29,annual,1.6,USD,pre-market,0,,0.025,0.0058,0.078,309.64,13942000000,,,,70.58,79.02,17.6471,,,,,,,98215000000,,209.5,,85.15,41.86
2025-12-28,CVS,0.38,391689994000.0,209.5,,0.48,57.42,,,,,,,,,,,,,,,None,69182000000,69182000000,,,,,,None,1274000000,,2.66,0.0336,,,,-0.432,0.24,6067000000,7341000000,1.36,2008-12-31,11.11,,52300001000.0,18290000000,5537000000,2193000000,,,None,530000000,None,,None,,,,,3212000000,None,None,None,0.0227,,12244000000,6046000000,,,,,None,,,,,0.564,1.386,0.258,,,,,,,,0.0012,,,2025-10-29,annual,1.6,USD,pre-market,None,,0.025,0.0058,0.078,309.64,12244200000,,,,70.58,79.02,17.6471,,,,,,,87472000000,,209.5,,85.15,41.86
2025-12-28,CVS,0.38,391689994000.0,209.5,,0.48,57.42,,,,,,,,,,,,,,,None,60221800000,60221800000,,,,,,None,1094600000,,2.66,0.0336,,,,-0.432,0.24,4793300000,5887900000,1.36,2007-12-31,11.11,,52300001000.0,16107700000,4358700000,1721700000,,,None,435000000,None,,None,,,,,2637000000,None,None,None,0.0227,,11314400000,4793300000,,,,,None,,,,,0.564,1.386,0.258,,,,,,,,0.0012,,,2025-10-29,annual,1.6,USD,pre-market,None,,0.025,0.0058,0.078,309.64,11232700000,,,,70.58,79.02,17.6471,,,,,,,76329500000,,209.5,,85.15,41.86
2025-12-28,CVS,0.38,391689994000.0,209.5,,0.48,57.42,,,,,,,,,,,,,,,None,32079200000,32079200000,,,,,,None,733300000,,2.66,0.0336,,,,-0.432,0.24,2441600000,3174900000,1.36,2006-12-31,11.11,,52300001000.0,11742200000,2225800000,856900000,,,None,216000000,None,,None,,,,,1368900000,None,None,None,0.0227,,9300600000,2441600000,,,,,None,,,,,0.564,1.386,0.258,,,,,,,,0.0012,,,2025-10-29,annual,1.6,USD,pre-market,None,,0.025,0.0058,0.078,309.64,8764000000,,,,70.58,79.02,17.6471,,,,,,,43821400000,,209.5,,85.15,41.86
2025-12-28,CVS,0.38,391689994000.0,209.5,,0.48,57.42,,,,,,,,,,,,,,,None,27312100000,27312100000,,,,,,None,589100000,,2.66,0.0336,,,,-0.432,0.24,2019500000,2608600000,1.36,2005-12-31,11.11,,52300001000.0,9694600000,1909000000,684300000,,,None,0,None,,None,,,,,1224700000,None,None,None,0.0227,,7675100000,2019500000,,,,,None,,,,,0.564,1.386,0.258,,,,,,,,0.0012,,,2025-10-29,annual,1.6,USD,pre-market,None,,0.025,0.0058,0.078,309.64,7292600000,,,,70.58,79.02,17.6471,,,,,,,37006700000,,209.5,,85.15,41.86
2025-12-28,CVS,0.38,391689994000.0,209.5,None,0.48,57.42,,15916000000,9155000000,9155000000,,,,,,,,,50181000000,1269000000,None,27312100000,27312100000,60947000000,None,5328000000,43857000000,None,None,589100000,,2.66,0.0336,,,,-0.432,0.24,2019500000,2608600000,1.36,2025-09-30,11.11,85478000000,52300001000.0,9694600000,1909000000,684300000,25984000000,25984000000,None,0,None,18962000000,None,None,60508000000,None,31553000000,1224700000,None,None,None,0.0227,,7675100000,2019500000,3001000000,24511000000,None,9526000000,None,,,,,0.564,1.386,0.258,,,,,,,,0.0012,,28109000000,2025-10-29,quarterly,1.6,USD,pre-market,None,59107000000,0.025,0.0058,0.078,309.64,7292600000,81752000000,7237000000,2134000000,70.58,79.02,17.6471,255327000000,77109000000,92695000000,182217000000,178218000000,89522000000,37006700000,72928000000,209.5,None,85.15,41.86
2025-12-28,CVS,0.38,391689994000.0,209.5,None,0.48,57.42,,16234000000,11787000000,11787000000,,,,,,,,,18000000,1270000000,None,27312100000,27312100000,17258000000,None,9200000000,40651000000,None,None,589100000,,2.66,0.0336,,,,-0.432,0.24,2019500000,2608600000,1.36,2025-06-30,11.11,91203000000,52300001000.0,9694600000,1909000000,684300000,26224000000,26224000000,None,0,None,17447000000,None,None,57290000000,None,29858000000,1224700000,None,None,None,0.0227,,7675100000,2019500000,3335000000,65798000000,None,9551000000,None,,,,,0.564,1.386,0.258,,,,,,,,0.0012,,28337000000,2025-10-29,quarterly,1.6,USD,pre-market,None,63936000000,0.025,0.0058,0.078,309.64,7292600000,82724000000,11106000000,2386000000,70.58,79.02,17.6471,258343000000,75649000000,94162000000,180792000000,182694000000,86630000000,37006700000,77379000000,209.5,None,85.15,41.86
2025-12-28,CVS,0.38,391689994000.0,209.5,None,0.48,57.42,,16503000000,10076000000,10076000000,,,,,,,,,49837000000,1264000000,None,27312100000,27312100000,16534000000,None,5670000000,39625000000,None,None,589100000,,2.66,0.0336,,,,-0.432,0.24,2019500000,2608600000,1.36,2025-03-31,11.11,91203000000,52300001000.0,9694600000,1909000000,684300000,26570000000,26570000000,None,0,None,17385000000,None,None,59040000000,None,28906000000,1224700000,None,None,None,0.0227,,7675100000,2019500000,3527000000,64848000000,None,10292000000,None,,,,,0.564,1.386,0.258,,,,,,,,0.0012,,28560000000,2025-10-29,quarterly,1.6,USD,pre-market,None,63768000000,0.025,0.0058,0.078,309.64,7292600000,81213000000,7579000000,2578000000,70.58,79.02,17.6471,255585000000,73191000000,88961000000,178475000000,182394000000,89514000000,37006700000,76929000000,209.5,None,85.15,41.86
2025-12-28,CVS,0.38,391689994000.0,209.5,None,0.48,57.42,,16650000000,8586000000,8586000000,,,,,,,,,49661000000,1261000000,None,27312100000,27312100000,15892000000,None,5743000000,36469000000,None,None,589100000,,2.66,0.0336,,,,-0.432,0.24,2019500000,2608600000,1.36,2024-12-31,11.11,91272000000,52300001000.0,9694600000,1909000000,684300000,27323000000,27323000000,None,0,None,18107000000,None,None,60527000000,None,28934000000,1224700000,None,None,None,0.0227,,7675100000,2019500000,3076000000,61223000000,None,10333000000,None,,,,,0.564,1.386,0.258,,,,,,,,0.0012,,28937000000,2025-10-29,quarterly,1.6,USD,pre-market,None,62837000000,0.025,0.0058,0.078,309.64,7292600000,82920000000,7494000000,2407000000,70.58,79.02,17.6471,253215000000,68645000000,84609000000,177485000000,184570000000,92876000000,37006700000,75560000000,209.5,None,85.15,41.86
2025-12-28,CVS,0.38,391689994000.0,209.5,None,0.48,57.42,,17170000000,6875000000,6875000000,,,,,,,,,49510000000,1259000000,None,27312100000,27312100000,15713000000,None,5710000000,36179000000,None,None,589100000,,2.66,0.0336,,,,-0.432,0.24,2019500000,2608600000,1.36,2024-09-30,11.11,91272000000,52300001000.0,9694600000,1909000000,684300000,27817000000,27817000000,None,0,None,17649000000,None,None,59824000000,None,28939000000,1224700000,None,None,None,0.0227,,7675100000,2019500000,3835000000,61292000000,None,10646000000,None,,,,,0.564,1.386,0.258,,,,,,,,0.0012,,28959000000,2025-10-29,quarterly,1.6,USD,pre-market,None,62038000000,0.025,0.0058,0.078,309.64,7292600000,82704000000,7622000000,2805000000,70.58,79.02,17.6471,252427000000,67343000000,84627000000,177321000000,185084000000,92694000000,37006700000,74944000000,209.5,None,85.15,41.86
2025-12-28,CVS,0.38,391689994000.0,209.5,None,0.48,57.42,,17448000000,12507000000,12507000000,,,,,,,,,49371000000,1259000000,None,27312100000,27312100000,14416000000,None,3731000000,32385000000,None,None,589100000,,2.66,0.0336,,,,-0.432,0.24,2019500000,2608600000,1.36,2024-06-30,11.11,91272000000,52300001000.0,9694600000,1909000000,684300000,28311000000,28311000000,None,0,None,16068000000,None,None,62643000000,None,25028000000,1224700000,None,None,None,0.0227,,7675100000,2019500000,5237000000,61328000000,None,10565000000,None,,,,,0.564,1.386,0.258,,,,,,,,0.0012,,None,2025-10-29,quarterly,1.6,USD,pre-market,None,62797000000,0.025,0.0058,0.078,309.64,7292600000,83822000000,5642000000,3755000000,70.58,79.02,17.6471,252481000000,69952000000,81386000000,177370000000,182529000000,95984000000,37006700000,74930000000,209.5,None,85.15,41.86
2025-12-28,CVS,0.38,391689994000.0,209.5,None,0.48,57.42,,17648000000,9801000000,9801000000,,,,,,,,,49209000000,1267000000,None,27312100000,27312100000,13717000000,None,6450000000,32217000000,None,None,589100000,,2.66,0.0336,,,,-0.432,0.24,2019500000,2608600000,1.36,2024-03-31,11.11,91272000000,52300001000.0,9694600000,1909000000,684300000,28770000000,28770000000,None,0,None,16346000000,None,None,57694000000,None,24074000000,1224700000,None,None,None,0.0227,,7675100000,2019500000,5821000000,61246000000,None,11383000000,None,,,,,0.564,1.386,0.258,,,,,,,,0.0012,,None,2025-10-29,quarterly,1.6,USD,pre-market,None,61873000000,0.025,0.0058,0.078,309.64,7292600000,81792000000,8356000000,3288000000,70.58,79.02,17.6471,249743000000,67473000000,83319000000,175593000000,182270000000,92274000000,37006700000,73968000000,209.5,None,85.15,41.86
2025-12-28,CVS,0.38,391689994000.0,209.5,None,0.48,57.42,,17775000000,8196000000,8196000000,,,,,,,,,48992000000,1293000000,None,27312100000,27312100000,14897000000,None,2972000000,35227000000,None,None,589100000,,2.66,0.0336,,,,-0.432,0.24,2019500000,2608600000,1.36,2023-12-31,11.11,91272000000,52300001000.0,9694600000,1909000000,684300000,29234000000,29234000000,None,0,None,18025000000,None,None,58638000000,None,23019000000,1224700000,None,None,None,0.0227,,7675100000,2019500000,3151000000,59579000000,None,11670000000,None,,,,,0.564,1.386,0.258,,,,,,,,0.0012,,None,2025-10-29,quarterly,1.6,USD,pre-market,None,61604000000,0.025,0.0058,0.078,309.64,7292600000,79385000000,4713000000,3259000000,70.58,79.02,17.6471,249728000000,67858000000,79189000000,173092000000,181870000000,93903000000,37006700000,76461000000,209.5,None,85.15,41.86
2025-12-28,CVS,0.38,391689994000.0,209.5,None,0.48,57.42,,18182000000,13043000000,13043000000,,,,,,,,,48829000000,1290000000,None,27312100000,27312100000,14874000000,None,2132000000,32927000000,None,None,589100000,,2.66,0.0336,,,,-0.432,0.24,2019500000,2608600000,1.36,2023-09-30,11.11,91261000000,52300001000.0,9694600000,1909000000,684300000,29624000000,29624000000,None,0,None,17954000000,None,None,59782000000,None,21667000000,1224700000,None,None,None,0.0227,,7675100000,2019500000,3074000000,62806000000,None,11570000000,None,,,,,0.564,1.386,0.258,,,,,,,,0.0012,,30586000000,2025-10-29,quarterly,1.6,USD,pre-market,None,60343000000,0.025,0.0058,0.078,309.64,7292600000,80096000000,3873000000,3145000000,70.58,79.02,17.6471,251306000000,70143000000,81553000000,176796000000,181163000000,95243000000,37006700000,74337000000,209.5,None,85.15,41.86
2025-12-28,CVS,0.38,391689994000.0,209.5,None,0.48,57.42,,18315000000,13807000000,13807000000,,,,,,,,,48649000000,1287000000,None,27312100000,27312100000,13367000000,None,2402000000,29546000000,None,None,589100000,,2.66,0.0336,,,,-0.432,0.24,2019500000,2608600000,1.36,2023-06-30,11.11,91260000000,52300001000.0,9694600000,1909000000,684300000,30118000000,30118000000,None,0,None,17291000000,None,None,61419000000,None,22114000000,1224700000,None,None,None,0.0227,,7675100000,2019500000,4032000000,61731000000,None,31856000000,None,,,,,0.564,1.386,0.258,,,,,,,,0.0012,,13001000000,2025-10-29,quarterly,1.6,USD,pre-market,None,58868000000,0.025,0.0058,0.078,309.64,7292600000,82136000000,4108000000,3080000000,70.58,79.02,17.6471,250071000000,67756000000,79206000000,177069000000,182315000000,97863000000,37006700000,72726000000,209.5,None,85.15,41.86
2025-12-28,CVS,0.38,391689994000.0,209.5,None,0.48,57.42,,18250000000,14618000000,14618000000,,,,,,,,,48306000000,1291000000,None,27312100000,27312100000,12527000000,None,1778000000,28331000000,None,None,589100000,,2.66,0.0336,,,,-0.432,0.24,2019500000,2608600000,1.36,2023-03-31,11.11,84057000000,52300001000.0,9694600000,1909000000,684300000,26368000000,26368000000,None,0,None,18263000000,None,None,56450000000,None,21612000000,1224700000,None,None,None,0.0227,,7675100000,2019500000,4392000000,59070000000,None,32151000000,None,,,,,0.564,1.386,0.258,,,,,,,,0.0012,,12872000000,2025-10-29,quarterly,1.6,USD,pre-market,None,57753000000,0.025,0.0058,0.078,309.64,7292600000,76478000000,3457000000,3102000000,70.58,79.02,17.6471,239330000000,68706000000,75054000000,167750000000,170624000000,92696000000,37006700000,71382000000,209.5,-33802000000,85.15,41.86
2025-12-28,CVS,0.38,391689994000.0,209.5,None,0.48,57.42,,18478000000,12945000000,12945000000,,,,,,,,,48193000000,1319000000,None,27312100000,27312100000,14838000000,None,1778000000,27276000000,None,None,589100000,,2.66,0.0336,,,,-0.432,0.24,2019500000,2608600000,1.36,2022-12-31,11.11,78150000000,52300001000.0,9694600000,1909000000,684300000,24803000000,24803000000,None,0,None,19090000000,None,None,50476000000,None,21096000000,1224700000,None,None,None,0.0227,,7675100000,2019500000,3544000000,51127000000,None,32868000000,None,,,,,0.564,1.386,0.258,,,,,,,,0.0012,,12873000000,2025-10-29,quarterly,1.6,USD,pre-market,None,56398000000,0.025,0.0058,0.078,309.64,7292600000,70732000000,3456000000,2778000000,70.58,79.02,17.6471,228275000000,65633000000,69421000000,156506000000,162642000000,87085000000,37006700000,71469000000,209.5,-31858000000,85.15,41.86
2025-12-28,CVS,0.38,391689994000.0,209.5,None,0.48,57.42,,18861000000,17197000000,17197000000,,,,,,,,,48047000000,1315000000,None,27312100000,27312100000,13925000000,None,1363000000,26565000000,None,None,589100000,,2.66,0.0336,,,,-0.432,0.24,2019500000,2608600000,1.36,2022-09-30,11.11,78086000000,52300001000.0,9694600000,1909000000,684300000,25157000000,25157000000,None,0,None,18058000000,None,None,50848000000,None,20565000000,1224700000,None,None,None,0.0227,,7675100000,2019500000,3729000000,55434000000,None,33436000000,None,,,,,0.564,1.386,0.258,,,,,,,,0.0012,,30896000000,2025-10-29,quarterly,1.6,USD,pre-market,None,54571000000,0.025,0.0058,0.078,309.64,7292600000,71072000000,3050000000,2792000000,70.58,79.02,17.6471,231212000000,68341000000,72409000000,160201000000,162871000000,87792000000,37006700000,70683000000,209.5,-30326000000,85.15,41.86
2025-12-28,CVS,0.38,391689994000.0,209.5,None,0.48,57.42,,19356000000,12116000000,12116000000,,,,,,,,,47874000000,1321000000,None,27312100000,27312100000,13238000000,None,4019000000,27233000000,None,None,589100000,,2.66,0.0336,,,,-0.432,0.24,2019500000,2608600000,1.36,2022-06-30,11.11,78560000000,52300001000.0,9694600000,1909000000,684300000,28135000000,28135000000,None,0,None,17375000000,None,None,50797000000,None,21124000000,1224700000,None,None,None,0.0227,,7675100000,2019500000,2541000000,49346000000,None,30069000000,None,,,,,0.564,1.386,0.258,,,,,,,,0.0012,,12764000000,2025-10-29,quarterly,1.6,USD,pre-market,None,58710000000,0.025,0.0058,0.078,309.64,7292600000,74172000000,5873000000,2877000000,70.58,79.02,17.6471,230279000000,62142000000,68457000000,154773000000,168137000000,86316000000,37006700000,75184000000,209.5,-30412000000,85.15,41.86
2025-12-28,CVS,0.38,391689994000.0,209.5,None,0.48,57.42,,19635000000,8442000000,8442000000,,,,,,,,,47677000000,1328000000,None,27312100000,27312100000,12738000000,None,4217000000,26451000000,None,None,589100000,,2.66,0.0336,,,,-0.432,0.24,2019500000,2608600000,1.36,2022-03-31,11.11,79060000000,52300001000.0,9694600000,1909000000,684300000,28543000000,28543000000,None,0,None,18160000000,None,None,52063000000,None,22595000000,1224700000,None,None,None,0.0227,,7675100000,2019500000,5530000000,50976000000,None,31061000000,None,,,,,0.564,1.386,0.258,,,,,,,,0.0012,,12844000000,2025-10-29,quarterly,1.6,USD,pre-market,None,56488000000,0.025,0.0058,0.078,309.64,7292600000,75915000000,6066000000,2900000000,70.58,79.02,17.6471,232873000000,61483000000,69780000000,158733000000,171390000000,88953000000,37006700000,73830000000,209.5,-30145000000,85.15,41.86
2025-12-28,CVS,0.38,391689994000.0,209.5,None,0.48,57.42,,19823000000,9408000000,9408000000,,,,,,,,,47377000000,1336000000,None,27312100000,27312100000,12544000000,None,4205000000,24431000000,None,None,589100000,,2.66,0.0336,,,,-0.432,0.24,2019500000,2608600000,1.36,2021-12-31,11.11,79121000000,52300001000.0,9694600000,1909000000,684300000,29026000000,29026000000,None,0,None,17760000000,None,None,51971000000,None,23025000000,1224700000,None,None,None,0.0227,,7675100000,2019500000,5292000000,49412000000,None,31570000000,None,,,,,0.564,1.386,0.258,,,,,,,,0.0012,,12896000000,2025-10-29,quarterly,1.6,USD,pre-market,None,54906000000,0.025,0.0058,0.078,309.64,7292600000,75999000000,5851000000,3117000000,70.58,79.02,17.6471,232999000000,60008000000,67807000000,157618000000,172991000000,89811000000,37006700000,75075000000,209.5,-28173000000,85.15,41.86
2025-12-28,CVS,0.38,391689994000.0,209.5,None,0.48,57.42,,20265000000,9826000000,9826000000,,,,,,,,,47133000000,1329000000,None,27312100000,27312100000,12696000000,None,1561000000,25283000000,None,None,589100000,,2.66,0.0336,,,,-0.432,0.24,2019500000,2608600000,1.36,2021-09-30,11.11,79121000000,52300001000.0,9694600000,1909000000,684300000,29545000000,29545000000,None,0,None,17399000000,None,None,56832000000,None,22370000000,1224700000,None,None,None,0.0227,,7675100000,2019500000,5319000000,48643000000,None,32403000000,None,,,,,0.564,1.386,0.258,,,,,,,,0.0012,,12771000000,2025-10-29,quarterly,1.6,USD,pre-market,None,54264000000,0.025,0.0058,0.078,309.64,7292600000,78658000000,3370000000,3015000000,70.58,79.02,17.6471,234891000000,60842000000,64709000000,160273000000,174049000000,95564000000,37006700000,74308000000,209.5,-28166000000,85.15,41.86
2025-12-28,CVS,0.38,391689994000.0,209.5,None,0.48,57.42,,20300000000,7119000000,7119000000,,,,,,,,,46995000000,1327000000,None,27312100000,27312100000,11052000000,None,60000000,24164000000,None,None,589100000,,2.66,0.0336,,,,-0.432,0.24,2019500000,2608600000,1.36,2021-06-30,11.11,79552000000,52300001000.0,9694600000,1909000000,684300000,30080000000,30080000000,None,0,None,16979000000,None,None,59294000000,None,22136000000,1224700000,None,None,None,0.0227,,7675100000,2019500000,5291000000,46408000000,None,9048000000,None,,,,,0.564,1.386,0.258,,,,,,,,0.0012,,33140000000,2025-10-29,quarterly,1.6,USD,pre-market,None,53331000000,0.025,0.0058,0.078,309.64,7292600000,79654000000,1851000000,3006000000,70.58,79.02,17.6471,231164000000,56559000000,59311000000,157599000000,174605000000,98288000000,37006700000,73244000000,209.5,-28252000000,85.15,41.86
2025-12-28,CVS,0.38,391689994000.0,209.5,None,0.48,57.42,,20373000000,5598000000,5598000000,,,,,,,,,46727000000,1322000000,None,27312100000,27312100000,10804000000,None,2674000000,23855000000,None,None,589100000,,2.66,0.0336,,,,-0.432,0.24,2019500000,2608600000,1.36,2021-03-31,11.11,79552000000,52300001000.0,9694600000,1909000000,684300000,30639000000,30639000000,None,0,None,17618000000,None,None,59270000000,None,21025000000,1224700000,None,None,None,0.0227,,7675100000,2019500000,5458000000,44840000000,None,32458000000,None,,,,,0.564,1.386,0.258,,,,,,,,0.0012,,12611000000,2025-10-29,quarterly,1.6,USD,pre-market,None,51203000000,0.025,0.0058,0.078,309.64,7292600000,82317000000,4460000000,3190000000,70.58,79.02,17.6471,229606000000,55719000000,60104000000,158442000000,173887000000,98338000000,37006700000,70850000000,209.5,-28102000000,85.15,41.86
2025-12-28,CVS,0.38,391689994000.0,209.5,None,0.48,57.42,,20395000000,7854000000,7854000000,,,,,,,,,46513000000,1317000000,None,27312100000,27312100000,11138000000,None,5440000000,21742000000,None,None,589100000,,2.66,0.0336,,,,-0.432,0.24,2019500000,2608600000,1.36,2020-12-31,11.11,79552000000,52300001000.0,9694600000,1909000000,684300000,31142000000,31142000000,None,0,None,18496000000,None,None,59207000000,None,20812000000,1224700000,None,None,None,0.0227,,7675100000,2019500000,5277000000,43801000000,None,32996000000,None,,,,,0.564,1.386,0.258,,,,,,,,0.0012,,12606000000,2025-10-29,quarterly,1.6,USD,pre-market,None,49640000000,0.025,0.0058,0.078,309.64,7292600000,85042000000,7078000000,3000000000,70.58,79.02,17.6471,230715000000,56369000000,62017000000,161014000000,174346000000,98997000000,37006700000,69389000000,209.5,-28178000000,85.15,41.86
2025-12-28,CVS,0.38,391689994000.0,209.5,None,0.48,57.42,,20278000000,9256000000,9256000000,,,,,,,,,46388000000,1315000000,None,27312100000,27312100000,11677000000,None,5443000000,23816000000,None,None,589100000,,2.66,0.0336,,,,-0.432,0.24,2019500000,2608600000,1.36,2020-09-30,11.11,79579000000,52300001000.0,9694600000,1909000000,684300000,31697000000,31697000000,None,0,None,17478000000,None,None,61552000000,None,20216000000,1224700000,None,None,None,0.0227,,7675100000,2019500000,5830000000,43135000000,None,32937000000,None,,,,,0.564,1.386,0.258,,,,,,,,0.0012,,12349000000,2025-10-29,quarterly,1.6,USD,pre-market,None,49328000000,0.025,0.0058,0.078,309.64,7292600000,87273000000,7232000000,2831000000,70.58,79.02,17.6471,232898000000,59211000000,62044000000,163786000000,173687000000,101742000000,37006700000,68807000000,209.5,-28164000000,85.15,41.86
2025-12-28,CVS,0.38,391689994000.0,209.5,None,0.48,57.42,,20378000000,14869000000,14869000000,,,,,,,,,46276000000,1314000000,None,27312100000,27312100000,9919000000,None,8192000000,22520000000,None,None,589100000,,2.66,0.0336,,,,-0.432,0.24,2019500000,2608600000,1.36,2020-06-30,11.11,80057000000,52300001000.0,9694600000,1909000000,684300000,32225000000,32225000000,None,0,None,16519000000,None,None,63481000000,None,18594000000,1224700000,None,None,None,0.0227,,7675100000,2019500000,6002000000,43817000000,None,9578000000,None,,,,,0.564,1.386,0.258,,,,,,,,0.0012,,12221000000,2025-10-29,quarterly,1.6,USD,pre-market,None,48768000000,0.025,0.0058,0.078,309.64,7292600000,92051000000,9958000000,2596000000,70.58,79.02,17.6471,235495000000,62506000000,63694000000,167140000000,172989000000,103446000000,37006700000,68022000000,209.5,-28235000000,85.15,41.86
2025-12-28,CVS,0.38,391689994000.0,209.5,None,0.48,57.42,,20501000000,10081000000,10081000000,,,,,,,,,46180000000,1312000000,None,27312100000,27312100000,10223000000,None,6083000000,23037000000,None,None,589100000,,2.66,0.0336,,,,-0.432,0.24,2019500000,2608600000,1.36,2020-03-31,11.11,79993000000,52300001000.0,9694600000,1909000000,684300000,32727000000,32727000000,None,0,None,16976000000,None,None,65735000000,None,16840000000,1224700000,None,None,None,0.0227,,7675100000,2019500000,6232000000,41492000000,None,9455000000,None,,,,,0.564,1.386,0.258,,,,,,,,0.0012,,12146000000,2025-10-29,quarterly,1.6,USD,pre-market,None,46455000000,0.025,0.0058,0.078,309.64,7292600000,92319000000,7845000000,2632000000,70.58,79.02,17.6471,230639000000,58958000000,59560000000,165165000000,171681000000,105605000000,37006700000,65140000000,209.5,-28182000000,85.15,41.86
2025-12-28,CVS,0.38,391689994000.0,209.5,None,0.48,57.42,,20522000000,5683000000,5683000000,,,,,,,,,45972000000,1310000000,None,27312100000,27312100000,10492000000,None,3781000000,19617000000,None,None,589100000,,2.66,0.0336,,,,-0.432,0.24,2019500000,2608600000,1.36,2019-12-31,11.11,79749000000,52300001000.0,9694600000,1909000000,684300000,33121000000,33121000000,None,0,None,17516000000,None,None,64699000000,None,17314000000,1224700000,None,None,None,0.0227,,7675100000,2019500000,5113000000,37434000000,None,32983000000,None,,,,,0.564,1.386,0.258,,,,,,,,0.0012,,32904000000,2025-10-29,quarterly,1.6,USD,pre-market,None,45108000000,0.025,0.0058,0.078,309.64,7292600000,89002000000,5377000000,2373000000,70.58,79.02,17.6471,222449000000,50302000000,53303000000,158279000000,172147000000,104976000000,37006700000,63864000000,209.5,-28235000000,85.15,41.86
2025-12-28,CVS,0.38,391689994000.0,209.5,None,0.48,57.42,,20624000000,5193000000,5193000000,,,,,,,,,45854000000,1305000000,None,27312100000,27312100000,9442000000,None,4848000000,19789000000,None,None,589100000,,2.66,0.0336,,,,-0.432,0.24,2019500000,2608600000,1.36,2019-09-30,11.11,79548000000,52300001000.0,9694600000,1909000000,684300000,33655000000,33655000000,None,0,None,16028000000,None,None,64206000000,None,17342000000,1224700000,None,None,None,0.0227,,7675100000,2019500000,4841000000,36456000000,None,33151000000,None,,,,,0.564,1.386,0.258,,,,,,,,0.0012,,11651000000,2025-10-29,quarterly,1.6,USD,pre-market,None,44017000000,0.025,0.0058,0.078,309.64,7292600000,89678000000,6646000000,2334000000,70.58,79.02,17.6471,220113000000,48185000000,52544000000,157180000000,171928000000,104636000000,37006700000,62614000000,209.5,-28207000000,85.15,41.86
2025-12-28,CVS,0.38,391689994000.0,209.5,None,0.48,57.42,,20642000000,6063000000,6063000000,,,,,,,,,45719000000,1302000000,None,27312100000,27312100000,9160000000,None,4340000000,18174000000,None,None,589100000,,2.66,0.0336,,,,-0.432,0.24,2019500000,2608600000,1.36,2019-06-30,11.11,79485000000,52300001000.0,9694600000,1909000000,684300000,34163000000,34163000000,None,0,None,15511000000,None,None,66941000000,None,16973000000,1224700000,None,None,None,0.0227,,7675100000,2019500000,4691000000,34083000000,None,33613000000,None,,,,,0.564,1.386,0.258,,,,,,,,0.0012,,11483000000,2025-10-29,quarterly,1.6,USD,pre-market,None,43136000000,0.025,0.0058,0.078,309.64,7292600000,91923000000,6133000000,2462000000,70.58,79.02,17.6471,218904000000,46901000000,49376000000,157305000000,172003000000,107929000000,37006700000,61282000000,209.5,-28257000000,85.15,41.86
2025-12-28,CVS,0.38,391689994000.0,209.5,None,0.48,57.42,,20764000000,5896000000,5896000000,,,,,,,,,45615000000,1302000000,None,27312100000,27312100000,8290000000,None,6898000000,19509000000,None,None,589100000,,2.66,0.0336,,,,-0.432,0.24,2019500000,2608600000,1.36,2019-03-31,11.11,79075000000,52300001000.0,9694600000,1909000000,684300000,35147000000,35147000000,None,0,None,15448000000,None,None,67888000000,None,16410000000,1224700000,None,None,None,0.0227,,7675100000,2019500000,4578000000,33640000000,None,6690000000,None,,,,,0.564,1.386,0.258,,,,,,,,0.0012,,11348000000,2025-10-29,quarterly,1.6,USD,pre-market,None,41859000000,0.025,0.0058,0.078,309.64,7292600000,95550000000,8701000000,2426000000,70.58,79.02,17.6471,219768000000,47857000000,50631000000,159762000000,171911000000,109131000000,37006700000,59686000000,209.5,-28221000000,85.15,41.86
2025-12-28,CVS,0.38,391689994000.0,209.5,None,0.48,57.42,,None,4059000000,4059000000,,,,,,,,,45440000000,1121000000,None,27312100000,27312100000,8925000000,None,1265000000,17631000000,None,None,589100000,,2.66,0.0336,,,,-0.432,0.24,2019500000,2608600000,1.36,2018-12-31,11.11,78678000000,52300001000.0,9694600000,1909000000,684300000,36524000000,36524000000,None,0,None,16450000000,None,None,71444000000,None,15732000000,1224700000,None,None,None,0.0227,,7675100000,2019500000,4581000000,33099000000,None,14783000000,None,,,,,0.564,1.386,0.258,,,,,,,,0.0012,,11349000000,2025-10-29,quarterly,1.6,USD,pre-market,None,40911000000,0.025,0.0058,0.078,309.64,7292600000,73429000000,1985000000,2522000000,70.58,79.02,17.6471,196456000000,45243000000,44009000000,137913000000,151213000000,93904000000,37006700000,58225000000,209.5,-28228000000,85.15,41.86
2025-12-28,CVS,0.38,391689994000.0,209.5,None,0.48,57.42,,None,41587000000,41587000000,,,,,,,,,17000000,1022000000,None,27312100000,27312100000,8813000000,None,2139000000,14837000000,None,None,589100000,,2.66,0.0336,,,,-0.432,0.24,2019500000,2608600000,1.36,2018-09-30,11.11,34216000000,52300001000.0,9694600000,1909000000,684300000,13166000000,13166000000,None,0,None,14818000000,None,None,60747000000,None,None,1224700000,None,None,None,0.0227,,7675100000,2019500000,634000000,18508000000,None,None,None,,,,,0.564,1.386,0.258,,,,,,,,0.0012,,10419000000,2025-10-29,quarterly,1.6,USD,pre-market,None,41843000000,0.025,0.0058,0.078,309.64,7292600000,62886000000,2139000000,105000000,70.58,79.02,17.6471,131506000000,71981000000,29460000000,94884000000,59525000000,65424000000,37006700000,36618000000,209.5,-37702000000,85.15,41.86
2025-12-28,CVS,0.38,391689994000.0,209.5,None,0.48,57.42,,None,43815000000,43815000000,,,,,,,,,17000000,1018000000,None,27312100000,27312100000,8570000000,None,3540000000,14158000000,None,None,589100000,,2.66,0.0336,,,,-0.432,0.24,2019500000,2608600000,1.36,2018-06-30,11.11,34220000000,52300001000.0,9694600000,1909000000,684300000,13322000000,13322000000,None,0,None,14922000000,None,None,61569000000,None,None,1224700000,None,None,None,0.0227,,7675100000,2019500000,799000000,19383000000,None,None,None,,,,,0.564,1.386,0.258,,,,,,,,0.0012,,10249000000,2025-10-29,quarterly,1.6,USD,pre-market,None,40965000000,0.025,0.0058,0.078,309.64,7292600000,65109000000,3540000000,96000000,70.58,79.02,17.6471,133290000000,73790000000,31493000000,97679000000,59500000000,66186000000,37006700000,35607000000,209.5,-37749000000,85.15,41.86
2025-12-28,CVS,0.38,391689994000.0,209.5,None,0.48,57.42,,None,42023000000,42023000000,,,,,,,,,17000000,1019000000,None,27312100000,27312100000,7741000000,None,3542000000,13964000000,None,None,589100000,,2.66,0.0336,,,,-0.432,0.24,2019500000,2608600000,1.36,2018-03-31,11.11,38115000000,52300001000.0,9694600000,1909000000,684300000,13388000000,13388000000,None,0,None,14824000000,None,None,61552000000,None,None,1224700000,None,None,None,0.0227,,7675100000,2019500000,868000000,18965000000,None,None,None,,,,,0.564,1.386,0.258,,,,,,,,0.0012,,10144000000,2025-10-29,quarterly,1.6,USD,pre-market,None,44040000000,0.025,0.0058,0.078,309.64,7292600000,65094000000,3542000000,119000000,70.58,79.02,17.6471,135139000000,71798000000,30248000000,96462000000,63341000000,66214000000,37006700000,38673000000,209.5,-37716000000,85.15,41.86
2025-12-28,CVS,0.38,391689994000.0,209.5,None,0.48,57.42,,None,1696000000,1696000000,,,,,,,,,32096000000,1018000000,None,27312100000,27312100000,8863000000,None,3568000000,13181000000,None,None,589100000,,2.66,0.0336,,,,-0.432,0.24,2019500000,2608600000,1.36,2017-12-31,11.11,38451000000,52300001000.0,9694600000,1909000000,684300000,13630000000,13630000000,None,0,None,15296000000,None,None,22181000000,None,None,1224700000,None,None,None,0.0227,,7675100000,2019500000,945000000,16964000000,None,1611000000,None,,,,,0.564,1.386,0.258,,,,,,,,0.0012,,10292000000,2025-10-29,quarterly,1.6,USD,pre-market,None,43556000000,0.025,0.0058,0.078,309.64,7292600000,27002000000,4821000000,111000000,70.58,79.02,17.6471,95131000000,31229000000,30648000000,57436000000,63902000000,26788000000,37006700000,37691000000,209.5,-37765000000,85.15,41.86
2025-12-28,CVS,0.38,391689994000.0,209.5,None,0.48,57.42,,None,2485000000,2485000000,,,,,,,,,17000000,1020000000,None,27312100000,27312100000,7899000000,None,2293000000,12440000000,None,None,589100000,,2.66,0.0336,,,,-0.432,0.24,2019500000,2608600000,1.36,2017-09-30,11.11,38169000000,52300001000.0,9694600000,1909000000,684300000,13303000000,13303000000,None,0,None,14147000000,None,None,23386000000,None,None,1224700000,None,None,None,0.0227,,7675100000,2019500000,776000000,18211000000,None,1644000000,None,,,,,0.564,1.386,0.258,,,,,,,,0.0012,,9914000000,2025-10-29,quarterly,1.6,USD,pre-market,None,40779000000,0.025,0.0058,0.078,309.64,7292600000,25789000000,2403000000,75000000,70.58,79.02,17.6471,92853000000,29923000000,28513000000,57985000000,62930000000,29472000000,37006700000,34863000000,209.5,-37764000000,85.15,41.86
2025-12-28,CVS,0.38,391689994000.0,209.5,None,0.48,57.42,,None,2094000000,2094000000,,,,,,,,,17000000,1024000000,None,27312100000,27312100000,7874000000,None,26764000000,12274000000,None,None,589100000,,2.66,0.0336,,,,-0.432,0.24,2019500000,2608600000,1.36,2017-06-30,11.11,38130000000,52300001000.0,9694600000,1909000000,684300000,13354000000,13354000000,None,0,None,14271000000,None,None,25622000000,None,None,1224700000,None,None,None,0.0227,,7675100000,2019500000,690000000,17841000000,None,1689000000,None,,,,,0.564,1.386,0.258,,,,,,,,0.0012,,10073000000,2025-10-29,quarterly,1.6,USD,pre-market,None,40005000000,0.025,0.0058,0.078,309.64,7292600000,26764000000,1142000000,75000000,70.58,79.02,17.6471,92525000000,29404000000,26857000000,58378000000,63121000000,31521000000,37006700000,34142000000,209.5,-37414000000,85.15,41.86
2025-12-28,CVS,0.38,391689994000.0,209.5,None,0.48,57.42,,None,2217000000,2217000000,,,,,,,,,17000000,1035000000,None,27312100000,27312100000,7344000000,None,27433000000,12114000000,None,None,589100000,,2.66,0.0336,,,,-0.432,0.24,2019500000,2608600000,1.36,2017-03-31,11.11,38263000000,52300001000.0,9694600000,1909000000,684300000,13390000000,13390000000,None,0,None,14306000000,None,None,25622000000,None,None,1224700000,None,None,None,0.0227,,7675100000,2019500000,735000000,18133000000,None,1704000000,None,,,,,0.564,1.386,0.258,,,,,,,,0.0012,,10057000000,2025-10-29,quarterly,1.6,USD,pre-market,None,39419000000,0.025,0.0058,0.078,309.64,7292600000,27433000000,1811000000,85000000,70.58,79.02,17.6471,92670000000,29457000000,27288000000,58828000000,63213000000,31540000000,37006700000,33837000000,209.5,-36306000000,85.15,41.86
2025-12-28,CVS,0.38,391689994000.0,209.5,None,0.48,57.42,,None,3371000000,3371000000,,,,,,,,,17000000,1069000000,None,27312100000,27312100000,7946000000,None,42000000,12164000000,None,None,589100000,,2.66,0.0336,,,,-0.432,0.24,2019500000,2608600000,1.36,2016-12-31,11.11,38249000000,52300001000.0,9694600000,1909000000,684300000,13511000000,13511000000,None,0,None,14760000000,None,None,25615000000,None,None,1224700000,None,None,None,0.0227,,7675100000,2019500000,660000000,13071000000,None,1549000000,None,,,,,0.564,1.386,0.258,,,,,,,,0.0012,,10175000000,2025-10-29,quarterly,1.6,USD,pre-market,None,38983000000,0.025,0.0058,0.078,309.64,7292600000,27531000000,1916000000,87000000,70.58,79.02,17.6471,94462000000,31042000000,26250000000,57628000000,63420000000,31378000000,37006700000,36830000000,209.5,-33452000000,85.15,41.86
2025-12-28,CVS,0.38,391689994000.0,209.5,None,0.48,57.42,,None,2189000000,2189000000,,,,,,,,,17000000,1073000000,None,27312100000,27312100000,7584000000,None,10301000000,13625000000,None,None,589100000,,2.66,0.0336,,,,-0.432,0.24,2019500000,2608600000,1.36,2016-09-30,11.11,38214000000,52300001000.0,9694600000,1909000000,684300000,13567000000,13567000000,None,0,None,14348000000,None,None,25610000000,None,None,1224700000,None,None,None,0.0227,,7675100000,2019500000,703000000,18034000000,None,1597000000,None,,,,,0.564,1.386,0.258,,,,,,,,0.0012,,9901000000,2025-10-29,quarterly,1.6,USD,pre-market,None,37732000000,0.025,0.0058,0.078,309.64,7292600000,26733000000,1123000000,74000000,70.58,79.02,17.6471,94156000000,30939000000,26741000000,58202000000,63217000000,31461000000,37006700000,35949000000,209.5,-32991000000,85.15,41.86
2025-12-28,CVS,0.38,391689994000.0,209.5,None,0.48,57.42,,None,1127000000,1127000000,,,,,,,,,17000000,1075000000,None,27312100000,27312100000,7351000000,None,11974000000,13183000000,None,None,589100000,,2.66,0.0336,,,,-0.432,0.24,2019500000,2608600000,1.36,2016-06-30,11.11,38190000000,52300001000.0,9694600000,1909000000,684300000,13639000000,13639000000,None,0,None,14177000000,None,None,25600000000,None,None,1224700000,None,None,None,0.0227,,7675100000,2019500000,881000000,16182000000,None,1553000000,None,,,,,0.564,1.386,0.258,,,,,,,,0.0012,,9981000000,2025-10-29,quarterly,1.6,USD,pre-market,None,36647000000,0.025,0.0058,0.078,309.64,7292600000,28636000000,3036000000,80000000,70.58,79.02,17.6471,92748000000,29448000000,26569000000,57982000000,63300000000,31413000000,37006700000,34760000000,209.5,-33010000000,85.15,41.86
2025-12-28,CVS,0.38,391689994000.0,209.5,None,0.48,57.42,,None,1779000000,1779000000,,,,,,,,,17000000,1099000000,None,27312100000,27312100000,7361000000,None,9732000000,13025000000,None,None,589100000,,2.66,0.0336,,,,-0.432,0.24,2019500000,2608600000,1.36,2016-03-31,11.11,38115000000,52300001000.0,9694600000,1909000000,684300000,13750000000,13750000000,None,0,None,13912000000,None,None,26267000000,None,None,1224700000,None,None,None,0.0227,,7675100000,2019500000,612000000,15974000000,None,1567000000,None,,,,,0.564,1.386,0.258,,,,,,,,0.0012,,9862000000,2025-10-29,quarterly,1.6,USD,pre-market,None,36182000000,0.025,0.0058,0.078,309.64,7292600000,27469000000,1202000000,85000000,70.58,79.02,17.6471,92634000000,29413000000,24537000000,56603000000,63221000000,32066000000,37006700000,36025000000,209.5,-31058000000,85.15,41.86
2025-12-28,CVS,0.38,391689994000.0,209.5,None,0.48,57.42,,None,2459000000,2459000000,,,,,,,,,17000000,1114000000,None,27312100000,27312100000,7490000000,None,1197000000,11888000000,None,None,589100000,,2.66,0.0336,,,,-0.432,0.24,2019500000,2608600000,1.36,2015-12-31,11.11,38106000000,52300001000.0,9694600000,1909000000,684300000,13878000000,13878000000,None,0,None,14001000000,None,None,26267000000,None,None,1224700000,None,None,None,0.0227,,7675100000,2019500000,722000000,11096000000,None,1542000000,None,,,,,0.564,1.386,0.258,,,,,,,,0.0012,,9855000000,2025-10-29,quarterly,1.6,USD,pre-market,None,35506000000,0.025,0.0058,0.078,309.64,7292600000,27464000000,1197000000,88000000,70.58,79.02,17.6471,92437000000,29158000000,23169000000,55234000000,63279000000,32065000000,37006700000,37196000000,209.5,-28886000000,85.15,41.86
2025-12-28,CVS,0.38,391689994000.0,209.5,None,0.48,57.42,,None,2890000000,2890000000,,,,,,,,,17000000,1121000000,None,27312100000,27312100000,7064000000,None,None,12804000000,None,None,589100000,,2.66,0.0336,,,,-0.432,0.24,2019500000,2608600000,1.36,2015-09-30,11.11,37135000000,52300001000.0,9694600000,1909000000,684300000,13504000000,13504000000,None,0,None,13282000000,None,None,26771000000,None,None,1224700000,None,None,None,0.0227,,7675100000,2019500000,1656000000,13919000000,None,1528000000,None,,,,,0.564,1.386,0.258,,,,,,,,0.0012,,9494000000,2025-10-29,quarterly,1.6,USD,pre-market,None,34398000000,0.025,0.0058,0.078,309.64,7292600000,27222000000,451000000,121000000,70.58,79.02,17.6471,92362000000,30753000000,21434000000,55182000000,61609000000,33748000000,37006700000,37174000000,209.5,-27899000000,85.15,41.86
2025-12-28,CVS,0.38,391689994000.0,209.5,None,0.48,57.42,,None,1244000000,1244000000,,,,,,,,,17000000,1132000000,None,27312100000,27312100000,6370000000,None,None,10892000000,None,None,589100000,,2.66,0.0336,,,,-0.432,0.24,2019500000,2608600000,1.36,2015-06-30,11.11,28122000000,52300001000.0,9694600000,1909000000,684300000,9683000000,9683000000,None,0,None,12384000000,None,None,11633000000,None,None,1224700000,None,None,None,0.0227,,7675100000,2019500000,1721000000,12504000000,None,1490000000,None,,,,,0.564,1.386,0.258,,,,,,,,0.0012,,9019000000,2025-10-29,quarterly,1.6,USD,pre-market,None,33544000000,0.025,0.0058,0.078,309.64,7292600000,13145000000,1512000000,160000000,70.58,79.02,17.6471,74668000000,26401000000,20386000000,37535000000,48267000000,17149000000,37006700000,37127000000,209.5,-26988000000,85.15,41.86
2025-12-28,CVS,0.38,391689994000.0,209.5,None,0.48,57.42,,None,1518000000,1518000000,,,,,,,,,17000000,1136000000,None,27312100000,27312100000,6431000000,None,None,10162000000,None,None,589100000,,2.66,0.0336,,,,-0.432,0.24,2019500000,2608600000,1.36,2015-03-31,11.11,28123000000,52300001000.0,9694600000,1909000000,684300000,9759000000,9759000000,None,0,None,12231000000,None,None,11689000000,None,None,1224700000,None,None,None,0.0227,,7675100000,2019500000,1595000000,12209000000,None,1513000000,None,,,,,0.564,1.386,0.258,,,,,,,,0.0012,,8871000000,2025-10-29,quarterly,1.6,USD,pre-market,None,32667000000,0.025,0.0058,0.078,309.64,7292600000,12762000000,1073000000,116000000,70.58,79.02,17.6471,73930000000,25622000000,19713000000,36935000000,48308000000,17222000000,37006700000,36990000000,209.5,-25634000000,85.15,41.86
2025-12-28,CVS,0.38,391689994000.0,209.5,None,0.48,57.42,,None,2481000000,2481000000,,,,,,,,,17000000,1128000000,None,27312100000,27312100000,6547000000,None,575000000,9687000000,None,None,589100000,,2.66,0.0336,,,,-0.432,0.24,2019500000,2608600000,1.36,2014-12-31,11.11,28142000000,52300001000.0,9694600000,1909000000,684300000,9774000000,9774000000,None,0,None,11930000000,None,None,11695000000,None,None,1224700000,None,None,None,0.0227,,7675100000,2019500000,1851000000,8187000000,None,1531000000,None,,,,,0.564,1.386,0.258,,,,,,,,0.0012,,8843000000,2025-10-29,quarterly,1.6,USD,pre-market,None,31849000000,0.025,0.0058,0.078,309.64,7292600000,12890000000,1260000000,34000000,70.58,79.02,17.6471,74187000000,25983000000,19027000000,36224000000,48204000000,17197000000,37006700000,37958000000,209.5,-24078000000,85.15,41.86
2025-12-28,CVS,0.38,391689994000.0,209.5,None,0.48,57.42,,None,1132000000,1132000000,,,,,,,,,17000000,1164000000,None,27312100000,27312100000,6033000000,None,None,10828000000,None,None,589100000,,2.66,0.0336,,,,-0.432,0.24,2019500000,2608600000,1.36,2014-09-30,11.11,28151000000,52300001000.0,9694600000,1909000000,684300000,9854000000,9854000000,None,0,None,11613000000,None,None,11709000000,None,None,1224700000,None,None,None,0.0227,,7675100000,2019500000,1686000000,10833000000,None,1494000000,None,,,,,0.564,1.386,0.258,,,,,,,,0.0012,,8694000000,2025-10-29,quarterly,1.6,USD,pre-market,None,30845000000,0.025,0.0058,0.078,309.64,7292600000,13056000000,1347000000,78000000,70.58,79.02,17.6471,73576000000,25337000000,18213000000,35467000000,48239000000,17254000000,37006700000,38104000000,209.5,-22877000000,85.15,41.86
2025-12-28,CVS,0.38,391689994000.0,209.5,None,0.48,57.42,,None,1612000000,1612000000,,,,,,,,,17000000,1174000000,None,27312100000,27312100000,5780000000,None,None,9533000000,None,None,589100000,,2.66,0.0336,,,,-0.432,0.24,2019500000,2608600000,1.36,2014-06-30,11.11,28126000000,52300001000.0,9694600000,1909000000,684300000,9906000000,9906000000,None,0,None,11360000000,None,None,12252000000,None,None,1224700000,None,None,None,0.0227,,7675100000,2019500000,1533000000,9730000000,None,1489000000,None,,,,,0.564,1.386,0.258,,,,,,,,0.0012,,8820000000,2025-10-29,quarterly,1.6,USD,pre-market,None,30221000000,0.025,0.0058,0.078,309.64,7292600000,13371000000,1119000000,100000000,70.58,79.02,17.6471,72593000000,24138000000,16629000000,34461000000,48455000000,17832000000,37006700000,38130000000,209.5,-22131000000,85.15,41.86
2025-12-28,CVS,0.38,391689994000.0,209.5,None,0.48,57.42,,None,2766000000,2766000000,,,,,,,,,17000000,1190000000,None,27312100000,27312100000,5638000000,None,None,9086000000,None,None,589100000,,2.66,0.0336,,,,-0.432,0.24,2019500000,2608600000,1.36,2014-03-31,11.11,28139000000,52300001000.0,9694600000,1909000000,684300000,9986000000,9986000000,None,0,None,11188000000,None,None,12845000000,None,None,1224700000,None,None,None,0.0227,,7675100000,2019500000,1338000000,10010000000,None,1499000000,None,,,,,0.564,1.386,0.258,,,,,,,,0.0012,,8676000000,2025-10-29,quarterly,1.6,USD,pre-market,None,29297000000,0.025,0.0058,0.078,309.64,7292600000,13410000000,565000000,82000000,70.58,79.02,17.6471,72822000000,24460000000,16213000000,34610000000,48362000000,18397000000,37006700000,38210000000,209.5,-20919000000,85.15,41.86
2025-12-28,CVS,0.38,391689994000.0,209.5,None,0.48,57.42,,None,4089000000,4089000000,,,,,,,,,17000000,1201000000,None,27312100000,27312100000,5548000000,None,None,8729000000,None,None,589100000,,2.66,0.0336,,,,-0.432,0.24,2019500000,2608600000,1.36,2013-12-31,11.11,26542000000,52300001000.0,9694600000,1909000000,684300000,9529000000,9529000000,None,0,None,11045000000,None,None,12841000000,None,None,1224700000,None,None,None,0.0227,,7675100000,2019500000,1374000000,9311000000,None,1421000000,None,,,,,0.564,1.386,0.258,,,,,,,,0.0012,,8615000000,2025-10-29,quarterly,1.6,USD,pre-market,None,28493000000,0.025,0.0058,0.078,309.64,7292600000,13402000000,561000000,88000000,70.58,79.02,17.6471,71526000000,25325000000,15425000000,33588000000,46201000000,18163000000,37006700000,37938000000,209.5,-20169000000,85.15,41.86
2025-12-28,CVS,0.38,391689994000.0,209.5,None,0.48,57.42,,None,1505000000,1505000000,,,,,,,,,17000000,1226000000,None,27312100000,27312100000,5412000000,None,None,8035000000,None,None,589100000,,2.66,0.0336,,,,-0.432,0.24,2019500000,2608600000,1.36,2013-09-30,11.11,26550000000,52300001000.0,9694600000,1909000000,684300000,9587000000,9587000000,None,0,None,10825000000,None,None,8819000000,None,None,1224700000,None,None,None,0.0227,,7675100000,2019500000,959000000,8300000000,None,1563000000,None,,,,,0.564,1.386,0.258,,,,,,,,0.0012,,8749000000,2025-10-29,quarterly,1.6,USD,pre-market,None,27551000000,0.025,0.0058,0.078,309.64,7292600000,10205000000,1386000000,108000000,70.58,79.02,17.6471,67805000000,21432000000,15098000000,29271000000,46373000000,14173000000,37006700000,38534000000,209.5,-18462000000,85.15,41.86
2025-12-28,CVS,0.38,391689994000.0,209.5,None,0.48,57.42,,None,1174000000,1174000000,,,,,,,,,17000000,1236000000,None,27312100000,27312100000,5178000000,None,None,7093000000,None,None,589100000,,2.66,0.0336,,,,-0.432,0.24,2019500000,2608600000,1.36,2013-06-30,11.11,26554000000,52300001000.0,9694600000,1909000000,684300000,9657000000,9657000000,None,0,None,10578000000,None,None,9358000000,None,None,1224700000,None,None,None,0.0227,,7675100000,2019500000,1019000000,7494000000,None,1534000000,None,,,,,0.564,1.386,0.258,,,,,,,,0.0012,,8708000000,2025-10-29,quarterly,1.6,USD,pre-market,None,26573000000,0.025,0.0058,0.078,309.64,7292600000,9376000000,18000000,5000000,70.58,79.02,17.6471,66284000000,19869000000,12690000000,27378000000,46415000000,14688000000,37006700000,38906000000,209.5,-16987000000,85.15,41.86
2025-12-28,CVS,0.38,391689994000.0,209.5,None,0.48,57.42,,None,1551000000,1551000000,,,,,,,,,17000000,1241000000,None,27312100000,27312100000,5506000000,None,None,6635000000,None,None,589100000,,2.66,0.0336,,,,-0.432,0.24,2019500000,2608600000,1.36,2013-03-31,11.11,26575000000,52300001000.0,9694600000,1909000000,684300000,9738000000,9738000000,None,0,None,10592000000,None,None,9352000000,None,None,1224700000,None,None,None,0.0227,,7675100000,2019500000,944000000,7377000000,None,1538000000,None,,,,,0.564,1.386,0.258,,,,,,,,0.0012,,8556000000,2025-10-29,quarterly,1.6,USD,pre-market,None,25728000000,0.025,0.0058,0.078,309.64,7292600000,9664000000,312000000,5000000,70.58,79.02,17.6471,66068000000,19727000000,13195000000,27859000000,46341000000,14664000000,37006700000,38209000000,209.5,-16625000000,85.15,41.86
2025-12-28,CVS,0.38,391689994000.0,209.5,None,0.48,57.42,,None,1375000000,1375000000,,,,,,,,,17000000,1249000000,None,27312100000,27312100000,5070000000,None,None,6479000000,None,None,589100000,,2.66,0.0336,,,,-0.432,0.24,2019500000,2608600000,1.36,2012-12-31,11.11,26395000000,52300001000.0,9694600000,1909000000,684300000,9753000000,9753000000,None,0,None,11032000000,None,None,9133000000,None,None,1224700000,None,None,None,0.0227,,7675100000,2019500000,1270000000,8385000000,None,1501000000,None,,,,,0.564,1.386,0.258,,,,,,,,0.0012,,8632000000,2025-10-29,quarterly,1.6,USD,pre-market,None,24998000000,0.025,0.0058,0.078,309.64,7292600000,9828000000,695000000,5000000,70.58,79.02,17.6471,66221000000,20161000000,14150000000,28568000000,46060000000,14418000000,37006700000,37653000000,209.5,-16270000000,85.15,41.86
2025-12-28,CVS,0.38,391689994000.0,209.5,None,0.48,57.42,,None,1233000000,1233000000,,,,,,,,,17000000,1274000000,None,27312100000,27312100000,5091000000,None,None,6407000000,None,None,589100000,,2.66,0.0336,,,,-0.432,0.24,2019500000,2608600000,1.36,2012-09-30,11.11,26422000000,52300001000.0,9694600000,1909000000,684300000,9801000000,9801000000,None,0,None,10487000000,None,None,9210000000,None,None,1224700000,None,None,None,0.0227,,7675100000,2019500000,747000000,7342000000,None,1513000000,None,,,,,0.564,1.386,0.258,,,,,,,,0.0012,,8369000000,2025-10-29,quarterly,1.6,USD,pre-market,None,24123000000,0.025,0.0058,0.078,309.64,7292600000,10040000000,830000000,5000000,70.58,79.02,17.6471,64796000000,18879000000,13263000000,27880000000,45917000000,14617000000,37006700000,36916000000,209.5,-15937000000,85.15,41.86
2025-12-28,CVS,0.38,391689994000.0,209.5,None,0.48,57.42,,None,1823000000,1823000000,,,,,,,,,17000000,1287000000,None,27312100000,27312100000,4903000000,None,None,6124000000,None,None,589100000,,2.66,0.0336,,,,-0.432,0.24,2019500000,2608600000,1.36,2012-06-30,11.11,26425000000,52300001000.0,9694600000,1909000000,684300000,9891000000,9891000000,None,0,None,10428000000,None,None,9208000000,None,None,1224700000,None,None,None,0.0227,,7675100000,2019500000,919000000,8028000000,None,1438000000,None,,,,,0.564,1.386,0.258,,,,,,,,0.0012,,8614000000,2025-10-29,quarterly,1.6,USD,pre-market,None,23324000000,0.025,0.0058,0.078,309.64,7292600000,9413000000,205000000,5000000,70.58,79.02,17.6471,65589000000,19299000000,13136000000,27676000000,46290000000,14540000000,37006700000,37913000000,209.5,-13945000000,85.15,41.86
2025-12-28,CVS,0.38,391689994000.0,209.5,None,0.48,57.42,,None,2211000000,2211000000,,,,,,,,,16000000,1309000000,None,27312100000,27312100000,5240000000,None,None,6109000000,None,None,589100000,,2.66,0.0336,,,,-0.432,0.24,2019500000,2608600000,1.36,2012-03-31,11.11,26431000000,52300001000.0,9694600000,1909000000,684300000,9799000000,9799000000,None,0,None,10677000000,None,None,9206000000,None,None,1224700000,None,None,None,0.0227,,7675100000,2019500000,889000000,8167000000,None,1431000000,None,,,,,0.564,1.386,0.258,,,,,,,,0.0012,,8517000000,2025-10-29,quarterly,1.6,USD,pre-market,None,22566000000,0.025,0.0058,0.078,309.64,7292600000,9211000000,5000000,5000000,70.58,79.02,17.6471,66006000000,19891000000,13412000000,27953000000,46115000000,14541000000,37006700000,38053000000,209.5,-12752000000,85.15,41.86
2025-12-28,CVS,0.38,391689994000.0,209.5,None,0.48,57.42,,None,1413000000,1413000000,,,,,,,,,16000000,1299000000,None,27312100000,27312100000,4370000000,None,None,6047000000,None,None,589100000,,2.66,0.0336,,,,-0.432,0.24,2019500000,2608600000,1.36,2011-12-31,11.11,26458000000,52300001000.0,9694600000,1909000000,684300000,9869000000,9869000000,None,0,None,10046000000,None,None,9208000000,None,None,1224700000,None,None,None,0.0227,,7675100000,2019500000,1083000000,6782000000,None,1445000000,None,,,,,0.564,1.386,0.258,,,,,,,,0.0012,,8467000000,2025-10-29,quarterly,1.6,USD,pre-market,None,22090000000,0.025,0.0058,0.078,309.64,7292600000,10014000000,806000000,5000000,70.58,79.02,17.6471,64543000000,18594000000,11956000000,26492000000,45949000000,14536000000,37006700000,38051000000,209.5,-11953000000,85.15,41.86
2025-12-28,CVS,0.38,391689994000.0,209.5,None,0.48,57.42,,None,1707000000,1707000000,,,,,,,,,16000000,1340000000,None,27312100000,27312100000,4387000000,None,None,5901000000,None,None,589100000,,2.66,0.0336,,,,-0.432,0.24,2019500000,2608600000,1.36,2011-09-30,11.11,26506000000,52300001000.0,9694600000,1909000000,684300000,9947000000,9947000000,None,0,None,10379000000,None,None,10167000000,None,None,1224700000,None,None,None,0.0227,,7675100000,2019500000,946000000,7362000000,None,1348000000,None,,,,,0.564,1.386,0.258,,,,,,,,0.0012,,8642000000,2025-10-29,quarterly,1.6,USD,pre-market,None,21192000000,0.025,0.0058,0.078,309.64,7292600000,10768000000,601000000,5000000,70.58,79.02,17.6471,65251000000,18938000000,12350000000,27733000000,46313000000,15383000000,37006700000,37487000000,209.5,-11500000000,85.15,41.86
2025-12-28,CVS,0.38,391689994000.0,209.5,None,0.48,57.42,,None,2228000000,2228000000,,,,,,,,,16000000,1364000000,None,27312100000,27312100000,4446000000,None,None,5892000000,None,None,589100000,,2.66,0.0336,,,,-0.432,0.24,2019500000,2608600000,1.36,2011-06-30,11.11,26697000000,52300001000.0,9694600000,1909000000,684300000,10022000000,10022000000,None,0,None,10111000000,None,None,10168000000,None,None,1224700000,None,None,None,0.0227,,7675100000,2019500000,829000000,6390000000,None,1343000000,None,,,,,0.564,1.386,0.258,,,,,,,,0.0012,,8483000000,2025-10-29,quarterly,1.6,USD,pre-market,None,20491000000,0.025,0.0058,0.078,309.64,7292600000,11084000000,916000000,5000000,70.58,79.02,17.6471,65487000000,19065000000,11752000000,27211000000,46422000000,15459000000,37006700000,38244000000,209.5,-9956000000,85.15,41.86
2025-12-28,CVS,0.38,391689994000.0,209.5,None,0.48,57.42,,None,2162000000,2162000000,,,,,,,,,16000000,1371000000,None,27312100000,27312100000,4354000000,None,None,5348000000,None,None,589100000,,2.66,0.0336,,,,-0.432,0.24,2019500000,2608600000,1.36,2011-03-31,11.11,25666000000,52300001000.0,9694600000,1909000000,684300000,9692000000,9692000000,None,0,None,10181000000,None,None,8669000000,None,None,1224700000,None,None,None,0.0227,,7675100000,2019500000,683000000,6005000000,None,1032000000,None,,,,,0.564,1.386,0.258,,,,,,,,0.0012,,8350000000,2025-10-29,quarterly,1.6,USD,pre-market,None,19845000000,0.025,0.0058,0.078,309.64,7292600000,9775000000,1106000000,6000000,70.58,79.02,17.6471,62828000000,18380000000,11465000000,24876000000,44448000000,13411000000,37006700000,37919000000,209.5,-9449000000,85.15,41.86
2025-12-28,CVS,0.38,391689994000.0,209.5,None,0.48,57.42,,None,1427000000,1427000000,,,,,,,,,16000000,1362000000,None,27312100000,27312100000,4026000000,None,None,4925000000,None,None,589100000,,2.66,0.0336,,,,-0.432,0.24,2019500000,2608600000,1.36,2010-12-31,11.11,25669000000,52300001000.0,9694600000,1909000000,684300000,9784000000,9784000000,None,0,None,10695000000,None,None,8652000000,None,None,1224700000,None,None,None,0.0227,,7675100000,2019500000,655000000,5639000000,None,1058000000,None,,,,,0.564,1.386,0.258,,,,,,,,0.0012,,8322000000,2025-10-29,quarterly,1.6,USD,pre-market,None,19303000000,0.025,0.0058,0.078,309.64,7292600000,10057000000,1405000000,4000000,70.58,79.02,17.6471,62169000000,17706000000,11070000000,24435000000,44463000000,13365000000,37006700000,37700000000,209.5,-9030000000,85.15,41.86
2025-12-28,CVS,0.38,391689994000.0,209.5,None,0.48,57.42,,None,979000000,979000000,,,,,,,,,16000000,1368000000,None,27312100000,27312100000,4162000000,None,None,5111000000,None,None,589100000,,2.66,0.0336,,,,-0.432,0.24,2019500000,2608600000,1.36,2010-09-30,11.11,25673000000,52300001000.0,9694600000,1909000000,684300000,9876000000,9876000000,None,0,None,10585000000,None,None,8653000000,None,None,1224700000,None,None,None,0.0227,,7675100000,2019500000,181000000,-4162000000,None,1061000000,None,,,,,0.564,1.386,0.258,,,,,,,,0.0012,,8356000000,2025-10-29,quarterly,1.6,USD,pre-market,None,18396000000,0.025,0.0058,0.078,309.64,7292600000,11141000000,2488000000,4000000,70.58,79.02,17.6471,61713000000,17339000000,11674000000,25041000000,44374000000,13367000000,37006700000,36637000000,209.5,-9029000000,85.15,41.86
2025-12-28,CVS,0.38,391689994000.0,209.5,None,0.48,57.42,,None,1107000000,1107000000,,,,,,,,,16000000,1369000000,None,27312100000,27312100000,3867000000,None,None,5101000000,None,None,589100000,,2.66,0.0336,,,,-0.432,0.24,2019500000,2608600000,1.36,2010-06-30,11.11,25672000000,52300001000.0,9694600000,1909000000,684300000,9949000000,9949000000,None,0,None,10389000000,None,None,9454000000,None,None,1224700000,None,None,None,0.0227,,7675100000,2019500000,669000000,5085000000,None,1070000000,None,,,,,0.564,1.386,0.258,,,,,,,,0.0012,,8248000000,2025-10-29,quarterly,1.6,USD,pre-market,None,17705000000,0.025,0.0058,0.078,309.64,7292600000,11961000000,2507000000,4000000,70.58,79.02,17.6471,61524000000,17270000000,11459000000,25616000000,44254000000,14157000000,37006700000,35872000000,209.5,-9073000000,85.15,41.86
2025-12-28,CVS,0.38,391689994000.0,209.5,None,0.48,57.42,,None,1047000000,1047000000,,,,,,,,,16000000,1396000000,None,27312100000,27312100000,4043000000,None,None,5149000000,None,None,589100000,,2.66,0.0336,,,,-0.432,0.24,2019500000,2608600000,1.36,2010-03-31,11.11,25674000000,52300001000.0,9694600000,1909000000,684300000,10037000000,10037000000,None,0,None,10275000000,None,None,8454000000,None,None,1224700000,None,None,None,0.0227,,7675100000,2019500000,680000000,5375000000,None,1108000000,None,,,,,0.564,1.386,0.258,,,,,,,,0.0012,,8044000000,2025-10-29,quarterly,1.6,USD,pre-market,None,17004000000,0.025,0.0058,0.078,309.64,7292600000,11373000000,2919000000,4000000,70.58,79.02,17.6471,61284000000,17155000000,12337000000,25590000000,44129000000,13253000000,37006700000,35694000000,209.5,-8454000000,85.15,41.86
2025-12-28,CVS,0.38,391689994000.0,209.5,None,0.48,57.42,,None,1086000000,1086000000,,,,,,,,,16000000,1386000000,None,27312100000,27312100000,3560000000,None,None,5457000000,None,None,589100000,,2.66,0.0336,,,,-0.432,0.24,2019500000,2608600000,1.36,2009-12-31,11.11,25680000000,52300001000.0,9694600000,1909000000,684300000,10127000000,10127000000,None,0,None,10343000000,None,None,8756000000,None,None,1224700000,None,None,None,0.0227,,7675100000,2019500000,646000000,6321000000,None,1102000000,None,,,,,0.564,1.386,0.258,,,,,,,,0.0012,,7923000000,2025-10-29,quarterly,1.6,USD,pre-market,None,16355000000,0.025,0.0058,0.078,309.64,7292600000,11175000000,2419000000,5000000,70.58,79.02,17.6471,61641000000,17537000000,12300000000,25873000000,44104000000,13573000000,37006700000,35768000000,209.5,-7610000000,85.15,41.86
2025-12-28,CVS,0.38,391689994000.0,209.5,None,0.48,57.42,,None,1130600000,1130600000,,,,,,,,,16100000,1445000000,None,27312100000,27312100000,3963200000,None,None,5692900000,None,None,589100000,,2.66,0.0336,,,,-0.432,0.24,2019500000,2608600000,1.36,2009-09-30,11.11,25622100000,52300001000.0,9694600000,1909000000,684300000,10204300000,10204300000,None,0,None,9975900000,None,None,8756200000,None,None,1224700000,None,None,None,0.0227,,7675100000,2019500000,593800000,5533300000,None,1152300000,None,,,,,0.564,1.386,0.258,,,,,,,,0.0012,,8277400000,2025-10-29,quarterly,1.6,USD,pre-market,None,15412700000,0.025,0.0058,0.078,309.64,7292600000,11960100000,3203900000,4700000,70.58,79.02,17.6471,61879300000,17397900000,12700400000,26204400000,44481400000,13504000000,37006700000,35674900000,209.5,-6669100000,85.15,41.86
2025-12-28,CVS,0.38,391689994000.0,209.5,None,0.48,57.42,,None,1225300000,1225300000,,,,,,,,,16000000,1471800000,None,27312100000,27312100000,3599900000,None,None,5519800000,None,None,589100000,,2.66,0.0336,,,,-0.432,0.24,2019500000,2608600000,1.36,2009-06-30,11.11,25483800000,52300001000.0,9694600000,1909000000,684300000,10296800000,10296800000,None,0,None,9400500000,None,None,7305200000,None,None,1224700000,None,None,None,0.0227,,7675100000,2019500000,626000000,5432300000,None,1108300000,None,,,,,0.564,1.386,0.258,,,,,,,,0.0012,,8119700000,2025-10-29,quarterly,1.6,USD,pre-market,None,14501400000,0.025,0.0058,0.078,309.64,7292600000,11036800000,3731600000,0,70.58,79.02,17.6471,61036000000,16771600000,12763800000,24884400000,44264400000,12120600000,37006700000,36151600000,209.5,-5182500000,85.15,41.86
2025-12-28,CVS,0.38,391689994000.0,209.5,None,0.48,57.42,,None,997400000,997400000,,,,,,,,,16000000,1469000000,None,27312100000,27312100000,3566300000,None,None,5358200000,None,None,589100000,,2.66,0.0336,,,,-0.432,0.24,2019500000,2608600000,1.36,2009-03-31,11.11,25491400000,52300001000.0,9694600000,1909000000,684300000,10365300000,10365300000,None,0,None,9052400000,None,None,9056300000,None,None,1224700000,None,None,None,0.0227,,7675100000,2019500000,680600000,5861200000,None,None,None,,,,,0.564,1.386,0.258,,,,,,,,0.0012,,8325400000,2025-10-29,quarterly,1.6,USD,pre-market,None,13726500000,0.025,0.0058,0.078,309.64,7292600000,11127600000,2071300000,None,70.58,79.02,17.6471,60656100000,16088600000,11498800000,25366900000,44567500000,13868100000,37006700000,35289200000,209.5,-5236400000,85.15,41.86
2025-12-28,CVS,0.38,391689994000.0,209.5,None,0.48,57.42,,None,1352000000,1352000000,,,,,,,,,16000000,1450000000,None,27312100000,27312100000,3801000000,None,None,5384000000,None,None,589100000,,2.66,0.0336,,,,-0.432,0.24,2019500000,2608600000,1.36,2008-12-31,11.11,25494000000,52300001000.0,9694600000,1909000000,684300000,10446000000,10446000000,None,0,None,9153000000,None,None,8057200000,None,None,1224700000,None,None,None,0.0227,,7675100000,2019500000,637000000,5135100000,None,None,None,,,,,0.564,1.386,0.258,,,,,,,,0.0012,,8125200000,2025-10-29,quarterly,1.6,USD,pre-market,None,13098000000,0.025,0.0058,0.078,309.64,7292600000,11754000000,3697000000,None,70.58,79.02,17.6471,60960000000,16526000000,13490000000,26386000000,44434000000,12896000000,37006700000,34574000000,209.5,-5867800000,85.15,41.86
2025-12-28,CVS,0.38,391689994000.0,209.5,None,0.48,57.42,,None,1282300000,1282300000,,,,,,,,,16000000,1469700000,None,27312100000,27312100000,3284400000,None,None,4799500000,None,None,589100000,,2.66,0.0336,,,,-0.432,0.24,2019500000,2608600000,1.36,2008-09-30,11.11,23925000000,52300001000.0,9694600000,1909000000,684300000,10197200000,10197200000,None,0,None,8345400000,None,None,8047500000,None,None,1224700000,None,None,None,0.0227,,7675100000,2019500000,541600000,4919700000,None,None,None,,,,,0.564,1.386,0.258,,,,,,,,0.0012,,6489500000,2025-10-29,quarterly,1.6,USD,pre-market,None,12245700000,0.025,0.0058,0.078,309.64,7292600000,9726900000,1679400000,None,70.58,79.02,17.6471,55951500000,14968800000,9883500000,22215700000,40982700000,12332200000,37006700000,33735800000,209.5,-5879900000,85.15,41.86
2025-12-28,CVS,0.38,391689994000.0,209.5,None,0.48,57.42,,None,615700000,615700000,,,,,,,,,16000000,1468700000,None,27312100000,27312100000,3287000000,None,None,4457700000,None,None,589100000,,2.66,0.0336,,,,-0.432,0.24,2019500000,2608600000,1.36,2008-06-30,11.11,23926000000,52300001000.0,9694600000,1909000000,684300000,10271200000,10271200000,None,0,None,8001400000,None,None,8348300000,None,None,1224700000,None,None,None,0.0227,,7675100000,2019500000,530600000,4496500000,None,None,None,,,,,0.564,1.386,0.258,,,,,,,,0.0012,,6305100000,2025-10-29,quarterly,1.6,USD,pre-market,None,11608300000,0.025,0.0058,0.078,309.64,7292600000,9375600000,1027300000,None,70.58,79.02,17.6471,54467000000,13605400000,8810800000,21456800000,40861600000,12646000000,37006700000,33010200000,209.5,-5925100000,85.15,41.86
2025-12-28,CVS,0.38,391689994000.0,209.5,None,0.48,57.42,,None,818200000,818200000,,,,,,,,,16000000,1467700000,None,27312100000,27312100000,3405000000,None,None,4623500000,None,None,589100000,,2.66,0.0336,,,,-0.432,0.24,2019500000,2608600000,1.36,2008-03-31,11.11,23922100000,52300001000.0,9694600000,1909000000,684300000,10344300000,10344300000,None,0,None,7989300000,None,None,8349000000,None,None,1224700000,None,None,None,0.0227,,7675100000,2019500000,483200000,4985900000,None,None,None,,,,,0.564,1.386,0.258,,,,,,,,0.0012,,6021500000,2025-10-29,quarterly,1.6,USD,pre-market,None,10919700000,0.025,0.0058,0.078,309.64,7292600000,9738200000,1389200000,None,70.58,79.02,17.6471,54567000000,13914200000,9780100000,22415200000,40652800000,12635100000,37006700000,32151800000,209.5,-5910100000,85.15,41.86
2025-12-28,CVS,0.38,391689994000.0,209.5,None,0.48,57.42,,None,1056600000,1056600000,,,,,,,,,15900000,1483000000,None,27312100000,27312100000,3593000000,None,None,4579600000,None,None,589100000,,2.66,0.0336,,,,-0.432,0.24,2019500000,2608600000,1.36,2007-12-31,11.11,23922300000,52300001000.0,9694600000,1909000000,684300000,10429600000,10429600000,None,0,None,8008200000,None,None,8349700000,None,None,1224700000,None,None,None,0.0227,,7675100000,2019500000,477500000,4184200000,None,None,None,,,,,0.564,1.386,0.258,,,,,,,,0.0012,,5852800000,2025-10-29,quarterly,1.6,USD,pre-market,None,10287000000,0.025,0.0058,0.078,309.64,7292600000,10481900000,2132200000,27500000,70.58,79.02,17.6471,54721900000,14149400000,10766300000,23400000000,40572500000,12633700000,37006700000,31321900000,209.5,-5921700000,85.15,41.86
2025-12-28,CVS,0.38,391689994000.0,209.5,None,0.48,57.42,,None,727100000,727100000,,,,,,,,,15800000,1521200000,None,27312100000,27312100000,3414200000,None,None,4512900000,None,None,589100000,,2.66,0.0336,,,,-0.432,0.24,2019500000,2608600000,1.36,2007-09-30,11.11,23424700000,52300001000.0,9694600000,1909000000,684300000,11288900000,11288900000,None,0,None,7891600000,None,None,8395000000,None,None,1224700000,None,None,None,0.0227,,7675100000,2019500000,576300000,4903400000,None,None,None,,,,,0.564,1.386,0.258,,,,,,,,0.0012,,6075100000,2025-10-29,quarterly,1.6,USD,pre-market,None,9573800000,0.025,0.0058,0.078,309.64,7292600000,9160200000,765200000,27500000,70.58,79.02,17.6471,54891600000,13735400000,9082800000,22105900000,41156200000,13023100000,37006700000,32785700000,209.5,-3427000000,85.15,41.86
2025-12-28,CVS,0.38,391689994000.0,209.5,None,0.48,57.42,,None,812300000,812300000,,,,,,,,,15700000,1542500000,None,27312100000,27312100000,3352300000,None,None,4283700000,None,None,589100000,,2.66,0.0336,,,,-0.432,0.24,2019500000,2608600000,1.36,2007-06-30,11.11,23472100000,52300001000.0,9694600000,1909000000,684300000,11377800000,11377800000,None,0,None,7749000000,None,None,8395600000,None,None,1224700000,None,None,None,0.0227,,7675100000,2019500000,561900000,5162800000,None,None,None,,,,,0.564,1.386,0.258,,,,,,,,0.0012,,5870700000,2025-10-29,quarterly,1.6,USD,pre-market,None,8972500000,0.025,0.0058,0.078,309.64,7292600000,9396100000,1000500000,123500000,70.58,79.02,17.6471,54606100000,13530400000,9515600000,22581200000,41075700000,13065600000,37006700000,32024900000,209.5,-3469700000,85.15,41.86
2025-12-28,CVS,0.38,391689994000.0,209.5,None,0.48,57.42,,None,710700000,710700000,,,,,,,,,15600000,939800000,None,27312100000,27312100000,3371100000,None,None,4485400000,None,None,589100000,,2.66,0.0336,,,,-0.432,0.24,2019500000,2608600000,1.36,2007-03-31,11.11,28533200000,52300001000.0,9694600000,1909000000,684300000,3304800000,3304800000,None,0,None,7427100000,None,None,2895400000,None,None,1224700000,None,None,None,0.0227,,7675100000,2019500000,581400000,5324800000,None,None,None,,,,,0.564,1.386,0.258,,,,,,,,0.0012,,5675200000,2025-10-29,quarterly,1.6,USD,pre-market,None,8341000000,0.025,0.0058,0.078,309.64,7292600000,6810800000,3915400000,27500000,70.58,79.02,17.6471,51035800000,13232100000,12611300000,17004400000,37803700000,4393100000,37006700000,34031400000,209.5,-606500000,85.15,41.86
2025-12-28,CVS,0.38,391689994000.0,209.5,None,0.48,57.42,,None,530700000,530700000,,,,,,,,,8500000,855000000,None,27312100000,27312100000,2521500000,None,None,2381700000,None,None,589100000,,2.66,0.0336,,,,-0.432,0.24,2019500000,2608600000,1.36,2006-12-31,11.11,3195200000,52300001000.0,9694600000,1909000000,684300000,1318200000,1318200000,None,0,None,7108900000,None,None,2870400000,None,None,1224700000,None,None,None,0.0227,,7675100000,2019500000,374500000,2296500000,None,None,None,,,,,0.564,1.386,0.258,,,,,,,,0.0012,,5333600000,2025-10-29,quarterly,1.6,USD,pre-market,None,7966600000,0.025,0.0058,0.078,309.64,7292600000,5057400000,2187000000,None,70.58,79.02,17.6471,20574100000,10395800000,7005000000,10656500000,10178300000,3651500000,37006700000,9917600000,209.5,-314500000,85.15,41.86
2025-12-28,CVS,0.38,391689994000.0,209.5,None,0.48,57.42,,None,394600000,394600000,,,,,,,,,8500000,855400000,None,27312100000,27312100000,2816700000,None,None,2197400000,None,None,589100000,,2.66,0.0336,,,,-0.432,0.24,2019500000,2608600000,1.36,2006-09-30,11.11,3265200000,52300001000.0,9694600000,1909000000,684300000,1346900000,1346900000,None,0,None,7014500000,None,None,3279900000,None,None,1224700000,None,None,None,0.0227,,7675100000,2019500000,336600000,1592900000,None,None,None,,,,,0.564,1.386,0.258,,,,,,,,0.0012,,6192600000,2025-10-29,quarterly,1.6,USD,pre-market,None,7595200000,0.025,0.0058,0.078,309.64,7292600000,6486500000,3206600000,None,70.58,79.02,17.6471,21127400000,9943100000,7616200000,11693000000,11184300000,4076800000,37006700000,9434400000,209.5,-319500000,85.15,41.86
2025-12-28,CVS,0.38,391689994000.0,209.5,None,0.48,57.42,,None,532300000,532300000,,,,,,,,,8400000,850600000,None,27312100000,27312100000,2707100000,None,None,2031500000,None,None,589100000,,2.66,0.0336,,,,-0.432,0.24,2019500000,2608600000,1.36,2006-06-30,11.11,3464600000,52300001000.0,9694600000,1909000000,684300000,1076800000,1076800000,None,0,None,6638800000,None,None,1780200000,None,None,1224700000,None,None,None,0.0227,,7675100000,2019500000,347100000,1415700000,None,None,None,,,,,0.564,1.386,0.258,,,,,,,,0.0012,,5839500000,2025-10-29,quarterly,1.6,USD,pre-market,None,7342800000,0.025,0.0058,0.078,309.64,7292600000,6289500000,4509300000,None,70.58,79.02,17.6471,20301400000,9549700000,8632100000,11219400000,10751700000,2587300000,37006700000,9082000000,209.5,-337100000,85.15,41.86
2025-12-28,CVS,0.38,391689994000.0,209.5,None,0.48,57.42,,None,387100000,387100000,,,,,,,,,8400000,848500000,None,27312100000,27312100000,2437600000,None,None,2015000000,None,None,589100000,,2.66,0.0336,,,,-0.432,0.24,2019500000,2608600000,1.36,2006-03-31,11.11,1781500000,52300001000.0,9694600000,1909000000,684300000,784600000,784600000,None,0,None,5704800000,None,None,1592200000,None,None,1224700000,None,None,None,0.0227,,7675100000,2019500000,324400000,1384300000,None,None,None,,,,,0.564,1.386,0.258,,,,,,,,0.0012,,4096400000,2025-10-29,quarterly,1.6,USD,pre-market,None,7036600000,0.025,0.0058,0.078,309.64,7292600000,2145200000,553000000,None,70.58,79.02,17.6471,15448200000,8431300000,4374900000,6728400000,7016900000,2353500000,37006700000,8719800000,209.5,-340500000,85.15,41.86
2025-12-28,CVS,0.38,391689994000.0,209.5,None,0.48,57.42,,None,513400000,513400000,,,,,,,,,8400000,845000000,None,27312100000,27312100000,2467500000,None,None,1839600000,None,None,589100000,,2.66,0.0336,,,,-0.432,0.24,2019500000,2608600000,1.36,2005-12-31,11.11,1789900000,52300001000.0,9694600000,1909000000,684300000,2592100000,2592100000,None,0,None,5719800000,None,None,1594100000,None,None,1224700000,None,None,None,0.0227,,7675100000,2019500000,319900000,1521400000,None,None,None,,,,,0.564,1.386,0.258,,,,,,,,0.0012,,3952600000,2025-10-29,quarterly,1.6,USD,pre-market,None,6738600000,0.025,0.0058,0.078,309.64,7292600000,2189100000,595000000,None,70.58,79.02,17.6471,15283400000,8392700000,4583900000,6952200000,6890700000,2368300000,37006700000,8331200000,209.5,-356500000,85.15,41.86
2025-12-28,CVS,0.38,391689994000.0,209.5,None,0.48,57.42,,None,368200000,368200000,,,,,,,,,8400000,845000000,None,27312100000,27312100000,2324900000,None,None,1783200000,None,None,589100000,,2.66,0.0336,,,,-0.432,0.24,2019500000,2608600000,1.36,2005-09-30,11.11,1792000000,52300001000.0,9694600000,1909000000,684300000,2603900000,2603900000,None,0,None,5696700000,None,None,1627900000,None,None,1224700000,None,None,None,0.0227,,7675100000,2019500000,311800000,1431800000,None,None,None,,,,,0.564,1.386,0.258,,,,,,,,0.0012,,4108500000,2025-10-29,quarterly,1.6,USD,pre-market,None,6375900000,0.025,0.0058,0.078,309.64,7292600000,2790700000,1162800000,None,70.58,79.02,17.6471,15225900000,8159900000,4919500000,7270300000,7066000000,2350800000,37006700000,7955600000,209.5,-358700000,85.15,41.86
2025-12-28,CVS,0.38,391689994000.0,209.5,None,0.48,57.42,,16650000000,8586000000,8586000000,,,,,,,,,18000000,1262000000,None,27312100000,27312100000,15892000000,None,5743000000,36469000000,None,None,589100000,,2.66,0.0336,,,,-0.432,0.24,2019500000,2608600000,1.36,2024-12-31,11.11,91272000000,52300001000.0,9694600000,1909000000,684300000,27323000000,27323000000,None,0,None,18107000000,None,None,60527000000,None,28934000000,1224700000,None,None,None,0.0227,,7675100000,2019500000,3076000000,61223000000,None,10333000000,None,,,,,0.564,1.386,0.258,,,,,,,,0.0012,,28937000000,2025-10-29,annual,1.6,USD,pre-market,None,62837000000,0.025,0.0058,0.078,309.64,7292600000,82920000000,7494000000,2407000000,70.58,79.02,17.6471,253215000000,68645000000,84609000000,177485000000,184570000000,92876000000,37006700000,75560000000,209.5,None,85.15,41.86
2025-12-28,CVS,0.38,391689994000.0,209.5,None,0.48,57.42,,17775000000,8196000000,8196000000,,,,,,,,,48992000000,1290000000,None,27312100000,27312100000,14897000000,None,2972000000,35227000000,None,None,589100000,,2.66,0.0336,,,,-0.432,0.24,2019500000,2608600000,1.36,2023-12-31,11.11,91272000000,52300001000.0,9694600000,1909000000,684300000,29234000000,29234000000,None,0,None,18025000000,None,None,58638000000,None,23019000000,1224700000,None,None,None,0.0227,,7675100000,2019500000,3151000000,59579000000,None,11670000000,None,,,,,0.564,1.386,0.258,,,,,,,,0.0012,,30435000000,2025-10-29,annual,1.6,USD,pre-market,None,61604000000,0.025,0.0058,0.078,309.64,7292600000,79385000000,4713000000,3259000000,70.58,79.02,17.6471,249728000000,67858000000,79189000000,173092000000,181870000000,93903000000,37006700000,76461000000,209.5,None,85.15,41.86
2025-12-28,CVS,0.38,391689994000.0,209.5,None,0.48,57.42,,18478000000,12945000000,12945000000,,,,,,,,,48193000000,1323000000,None,27312100000,27312100000,14838000000,None,1778000000,27276000000,None,None,589100000,,2.66,0.0336,,,,-0.432,0.24,2019500000,2608600000,1.36,2022-12-31,11.11,78150000000,52300001000.0,9694600000,1909000000,684300000,24803000000,24803000000,None,0,None,19090000000,None,None,50476000000,None,21096000000,1224700000,None,None,None,0.0227,,7675100000,2019500000,3544000000,51127000000,None,32868000000,None,,,,,0.564,1.386,0.258,,,,,,,,0.0012,,12873000000,2025-10-29,annual,1.6,USD,pre-market,None,56398000000,0.025,0.0058,0.078,309.64,7292600000,70732000000,3456000000,2778000000,70.58,79.02,17.6471,228275000000,65633000000,69421000000,156506000000,162642000000,87085000000,37006700000,71469000000,209.5,-31858000000,85.15,41.86
2025-12-28,CVS,0.38,391689994000.0,209.5,None,0.48,57.42,,19823000000,9408000000,9408000000,,,,,,,,,47377000000,1329000000,None,27312100000,27312100000,12544000000,None,4205000000,24431000000,None,None,589100000,,2.66,0.0336,,,,-0.432,0.24,2019500000,2608600000,1.36,2021-12-31,11.11,79121000000,52300001000.0,9694600000,1909000000,684300000,29026000000,29026000000,None,0,None,17760000000,None,None,51971000000,None,23025000000,1224700000,None,None,None,0.0227,,7675100000,2019500000,5292000000,49412000000,None,31570000000,None,,,,,0.564,1.386,0.258,,,,,,,,0.0012,,12896000000,2025-10-29,annual,1.6,USD,pre-market,None,54906000000,0.025,0.0058,0.078,309.64,7292600000,75999000000,5851000000,3117000000,70.58,79.02,17.6471,232999000000,60008000000,67807000000,157618000000,172991000000,89811000000,37006700000,75075000000,209.5,-28173000000,85.15,41.86
2025-12-28,CVS,0.38,391689994000.0,209.5,None,0.48,57.42,,20395000000,7854000000,7854000000,,,,,,,,,46513000000,1314000000,None,27312100000,27312100000,11138000000,None,5440000000,21742000000,None,None,589100000,,2.66,0.0336,,,,-0.432,0.24,2019500000,2608600000,1.36,2020-12-31,11.11,79552000000,52300001000.0,9694600000,1909000000,684300000,31142000000,31142000000,None,0,None,18496000000,None,None,59207000000,None,20812000000,1224700000,None,None,None,0.0227,,7675100000,2019500000,5277000000,43801000000,None,32996000000,None,,,,,0.564,1.386,0.258,,,,,,,,0.0012,,12606000000,2025-10-29,annual,1.6,USD,pre-market,None,49640000000,0.025,0.0058,0.078,309.64,7292600000,85042000000,7078000000,3000000000,70.58,79.02,17.6471,230715000000,56369000000,62017000000,161014000000,174346000000,98997000000,37006700000,69389000000,209.5,-28178000000,85.15,41.86
2025-12-28,CVS,0.38,391689994000.0,209.5,None,0.48,57.42,,20522000000,5683000000,5683000000,,,,,,,,,45972000000,1305000000,None,27312100000,27312100000,10492000000,None,3781000000,19617000000,None,None,589100000,,2.66,0.0336,,,,-0.432,0.24,2019500000,2608600000,1.36,2019-12-31,11.11,79749000000,52300001000.0,9694600000,1909000000,684300000,33121000000,33121000000,None,0,None,17516000000,None,None,64699000000,None,17314000000,1224700000,None,None,None,0.0227,,7675100000,2019500000,5113000000,37434000000,None,32983000000,None,,,,,0.564,1.386,0.258,,,,,,,,0.0012,,32904000000,2025-10-29,annual,1.6,USD,pre-market,None,45108000000,0.025,0.0058,0.078,309.64,7292600000,89002000000,5377000000,2373000000,70.58,79.02,17.6471,222449000000,50302000000,53303000000,158279000000,172147000000,104976000000,37006700000,63864000000,209.5,-28235000000,85.15,41.86
2025-12-28,CVS,0.38,391689994000.0,209.5,None,0.48,57.42,,None,4059000000,4059000000,,,,,,,,,45440000000,1044000000,None,27312100000,27312100000,8925000000,None,1985000000,17631000000,None,None,589100000,,2.66,0.0336,,,,-0.432,0.24,2019500000,2608600000,1.36,2018-12-31,11.11,78678000000,52300001000.0,9694600000,1909000000,684300000,36524000000,36524000000,None,0,None,16450000000,None,None,71444000000,None,15732000000,1224700000,None,None,None,0.0227,,7675100000,2019500000,4581000000,33099000000,None,14783000000,None,,,,,0.564,1.386,0.258,,,,,,,,0.0012,,11349000000,2025-10-29,annual,1.6,USD,pre-market,None,40911000000,0.025,0.0058,0.078,309.64,7292600000,73429000000,1985000000,2522000000,70.58,79.02,17.6471,196456000000,45243000000,44009000000,137913000000,151213000000,93904000000,37006700000,58225000000,209.5,-28228000000,85.15,41.86
2025-12-28,CVS,0.38,391689994000.0,209.5,None,0.48,57.42,,None,1696000000,1696000000,,,,,,,,,32096000000,1024000000,None,27312100000,27312100000,8863000000,None,4821000000,13181000000,None,None,589100000,,2.66,0.0336,,,,-0.432,0.24,2019500000,2608600000,1.36,2017-12-31,11.11,38451000000,52300001000.0,9694600000,1909000000,684300000,13630000000,13630000000,None,0,None,15296000000,None,None,22181000000,None,112000000,1224700000,None,None,None,0.0227,,7675100000,2019500000,945000000,16964000000,None,1611000000,None,,,,,0.564,1.386,0.258,,,,,,,,0.0012,,10292000000,2025-10-29,annual,1.6,USD,pre-market,None,43556000000,0.025,0.0058,0.078,309.64,7292600000,27002000000,4821000000,111000000,70.58,79.02,17.6471,95131000000,31229000000,30648000000,57436000000,63902000000,26788000000,37006700000,37691000000,209.5,-37765000000,85.15,41.86
2025-12-28,CVS,0.38,391689994000.0,209.5,None,0.48,57.42,,None,3371000000,3371000000,,,,,,,,,17000000,1079000000,None,27312100000,27312100000,7946000000,None,1916000000,12164000000,None,None,589100000,,2.66,0.0336,,,,-0.432,0.24,2019500000,2608600000,1.36,2016-12-31,11.11,38249000000,52300001000.0,9694600000,1909000000,684300000,13511000000,13511000000,None,0,None,14760000000,None,None,25615000000,None,None,1224700000,None,None,None,0.0227,,7675100000,2019500000,660000000,13071000000,None,1549000000,None,,,,,0.564,1.386,0.258,,,,,,,,0.0012,,10175000000,2025-10-29,annual,1.6,USD,pre-market,None,38983000000,0.025,0.0058,0.078,309.64,7292600000,27531000000,1916000000,87000000,70.58,79.02,17.6471,94462000000,31042000000,26250000000,57628000000,63420000000,31378000000,37006700000,36830000000,209.5,-33452000000,85.15,41.86
2025-12-28,CVS,0.38,391689994000.0,209.5,None,0.48,57.42,,None,2459000000,2459000000,,,,,,,,,17000000,1126000000,None,27312100000,27312100000,7490000000,None,1197000000,11888000000,None,None,589100000,,2.66,0.0336,,,,-0.432,0.24,2019500000,2608600000,1.36,2015-12-31,11.11,38106000000,52300001000.0,9694600000,1909000000,684300000,13878000000,13878000000,None,0,None,14001000000,None,None,26267000000,None,None,1224700000,None,None,None,0.0227,,7675100000,2019500000,722000000,11096000000,None,1542000000,None,,,,,0.564,1.386,0.258,,,,,,,,0.0012,,9855000000,2025-10-29,annual,1.6,USD,pre-market,None,35506000000,0.025,0.0058,0.078,309.64,7292600000,27464000000,1197000000,88000000,70.58,79.02,17.6471,92437000000,29158000000,23169000000,55234000000,63279000000,32065000000,37006700000,37196000000,209.5,-28886000000,85.15,41.86
2025-12-28,CVS,0.38,391689994000.0,209.5,None,0.48,57.42,,None,2481000000,2481000000,,,,,,,,,17000000,1169000000,None,27312100000,27312100000,6547000000,None,575000000,9687000000,None,None,589100000,,2.66,0.0336,,,,-0.432,0.24,2019500000,2608600000,1.36,2014-12-31,11.11,28142000000,52300001000.0,9694600000,1909000000,684300000,9774000000,9774000000,None,0,None,11930000000,None,None,11695000000,None,None,1224700000,None,None,None,0.0227,,7675100000,2019500000,1851000000,8187000000,None,1531000000,None,,,,,0.564,1.386,0.258,,,,,,,,0.0012,,8843000000,2025-10-29,annual,1.6,USD,pre-market,None,31849000000,0.025,0.0058,0.078,309.64,7292600000,12890000000,1260000000,34000000,70.58,79.02,17.6471,74187000000,25983000000,19027000000,36224000000,48204000000,17197000000,37006700000,37958000000,209.5,-24078000000,85.15,41.86
2025-12-28,CVS,0.38,391689994000.0,209.5,None,0.48,57.42,,None,4089000000,4089000000,,,,,,,,,17000000,1226000000,None,27312100000,27312100000,5548000000,None,None,8729000000,None,None,589100000,,2.66,0.0336,,,,-0.432,0.24,2019500000,2608600000,1.36,2013-12-31,11.11,26542000000,52300001000.0,9694600000,1909000000,684300000,9529000000,9529000000,None,0,None,11045000000,None,None,12841000000,None,None,1224700000,None,None,None,0.0227,,7675100000,2019500000,1374000000,6880000000,None,1421000000,None,,,,,0.564,1.386,0.258,,,,,,,,0.0012,,8615000000,2025-10-29,annual,1.6,USD,pre-market,None,28493000000,0.025,0.0058,0.078,309.64,7292600000,13402000000,561000000,88000000,70.58,79.02,17.6471,71526000000,25325000000,15425000000,33588000000,46201000000,18163000000,37006700000,37938000000,209.5,-20169000000,85.15,41.86
2025-12-28,CVS,0.38,391689994000.0,209.5,None,0.48,57.42,,None,1375000000,1375000000,,,,,,,,,17000000,1280000000,None,27312100000,27312100000,5070000000,None,None,6479000000,None,None,589100000,,2.66,0.0336,,,,-0.432,0.24,2019500000,2608600000,1.36,2012-12-31,11.11,26395000000,52300001000.0,9694600000,1909000000,684300000,9753000000,9753000000,None,0,None,11032000000,None,None,9133000000,None,None,1224700000,None,None,None,0.0227,,7675100000,2019500000,1270000000,8385000000,None,1501000000,None,,,,,0.564,1.386,0.258,,,,,,,,0.0012,,8632000000,2025-10-29,annual,1.6,USD,pre-market,None,24998000000,0.025,0.0058,0.078,309.64,7292600000,9828000000,695000000,5000000,70.58,79.02,17.6471,66221000000,20161000000,14150000000,28568000000,46060000000,14418000000,37006700000,37653000000,209.5,-16270000000,85.15,41.86
2025-12-28,CVS,0.38,391689994000.0,209.5,None,0.48,57.42,,None,1413000000,1413000000,,,,,,,,,16000000,1347000000,None,27312100000,27312100000,4370000000,None,None,6047000000,None,None,589100000,,2.66,0.0336,,,,-0.432,0.24,2019500000,2608600000,1.36,2011-12-31,11.11,26458000000,52300001000.0,9694600000,1909000000,684300000,9869000000,9869000000,None,0,None,10046000000,None,None,9208000000,None,None,1224700000,None,None,None,0.0227,,7675100000,2019500000,1083000000,6780000000,None,1445000000,None,,,,,0.564,1.386,0.258,,,,,,,,0.0012,,8467000000,2025-10-29,annual,1.6,USD,pre-market,None,22090000000,0.025,0.0058,0.078,309.64,7292600000,10014000000,806000000,5000000,70.58,79.02,17.6471,64543000000,18594000000,11956000000,26492000000,45949000000,14536000000,37006700000,38051000000,209.5,-11953000000,85.15,41.86
2025-12-28,CVS,0.38,391689994000.0,209.5,None,0.48,57.42,,None,1427000000,1427000000,,,,,,,,,16000000,1377000000,None,27312100000,27312100000,4026000000,None,None,4925000000,None,None,589100000,,2.66,0.0336,,,,-0.432,0.24,2019500000,2608600000,1.36,2010-12-31,11.11,25669000000,52300001000.0,9694600000,1909000000,684300000,9784000000,9784000000,None,0,None,10695000000,None,None,8652000000,None,None,1224700000,None,None,None,0.0227,,7675100000,2019500000,655000000,5639000000,None,1058000000,None,,,,,0.564,1.386,0.258,,,,,,,,0.0012,,8322000000,2025-10-29,annual,1.6,USD,pre-market,None,19303000000,0.025,0.0058,0.078,309.64,7292600000,10057000000,1405000000,4000000,70.58,79.02,17.6471,62169000000,17706000000,11070000000,24435000000,44463000000,13365000000,37006700000,37700000000,209.5,-9030000000,85.15,41.86
2025-12-28,CVS,0.38,391689994000.0,209.5,None,0.48,57.42,,None,1086000000,1086000000,,,,,,,,,16000000,1450000000,None,27312100000,27312100000,3560000000,None,None,5457000000,None,None,589100000,,2.66,0.0336,,,,-0.432,0.24,2019500000,2608600000,1.36,2009-12-31,11.11,25680000000,52300001000.0,9694600000,1909000000,684300000,10127000000,10127000000,None,0,None,10343000000,None,None,8756000000,None,None,1224700000,None,None,None,0.0227,,7675100000,2019500000,646000000,6321000000,None,1102000000,None,,,,,0.564,1.386,0.258,,,,,,,,0.0012,,7923000000,2025-10-29,annual,1.6,USD,pre-market,None,16355000000,0.025,0.0058,0.078,309.64,7292600000,11175000000,2419000000,5000000,70.58,79.02,17.6471,61641000000,17537000000,12300000000,25873000000,44104000000,13573000000,37006700000,35768000000,209.5,-7610000000,85.15,41.86
2025-12-28,CVS,0.38,391689994000.0,209.5,None,0.48,57.42,,None,1352000000,1352000000,,,,,,,,,16000000,1469000000,None,27312100000,27312100000,3801000000,None,None,5384000000,None,None,589100000,,2.66,0.0336,,,,-0.432,0.24,2019500000,2608600000,1.36,2008-12-31,11.11,25494000000,52300001000.0,9694600000,1909000000,684300000,10446000000,10446000000,None,0,None,9153000000,None,None,8057200000,None,None,1224700000,None,None,None,0.0227,,7675100000,2019500000,637000000,5135100000,None,None,None,,,,,0.564,1.386,0.258,,,,,,,,0.0012,,8125200000,2025-10-29,annual,1.6,USD,pre-market,None,13098000000,0.025,0.0058,0.078,309.64,7292600000,11754000000,3697000000,None,70.58,79.02,17.6471,60960000000,16526000000,13490000000,26386000000,44434000000,12896000000,37006700000,34574000000,209.5,-5867800000,85.15,41.86
2025-12-28,CVS,0.38,391689994000.0,209.5,None,0.48,57.42,,None,1056600000,1056600000,,,,,,,,,15900000,1371800000,None,27312100000,27312100000,3593000000,None,None,4579600000,None,None,589100000,,2.66,0.0336,,,,-0.432,0.24,2019500000,2608600000,1.36,2007-12-31,11.11,23922300000,52300001000.0,9694600000,1909000000,684300000,10429600000,10429600000,None,0,None,8008200000,None,None,8349700000,None,None,1224700000,None,None,None,0.0227,,7675100000,2019500000,477500000,4184200000,None,None,None,,,,,0.564,1.386,0.258,,,,,,,,0.0012,,5852800000,2025-10-29,annual,1.6,USD,pre-market,None,10287000000,0.025,0.0058,0.078,309.64,7292600000,10481900000,2132200000,27500000,70.58,79.02,17.6471,54721900000,14149400000,10766300000,23400000000,40572500000,12633700000,37006700000,31321900000,209.5,-5921700000,85.15,41.86
2025-12-28,CVS,0.38,391689994000.0,209.5,None,0.48,57.42,,None,530700000,530700000,,,,,,,,,8500000,853200000,None,27312100000,27312100000,2521500000,None,None,2381700000,None,None,589100000,,2.66,0.0336,,,,-0.432,0.24,2019500000,2608600000,1.36,2006-12-31,11.11,3195200000,52300001000.0,9694600000,1909000000,684300000,1318200000,1318200000,None,0,None,7108900000,None,None,2870400000,None,None,1224700000,None,None,None,0.0227,,7675100000,2019500000,374500000,2296500000,None,None,None,,,,,0.564,1.386,0.258,,,,,,,,0.0012,,5333600000,2025-10-29,annual,1.6,USD,pre-market,None,7966600000,0.025,0.0058,0.078,309.64,7292600000,5057400000,2187000000,None,70.58,79.02,17.6471,20574100000,10395800000,7005000000,10656500000,10178300000,3651500000,37006700000,9917600000,209.5,-314500000,85.15,41.86
2025-12-28,CVS,0.38,391689994000.0,209.5,None,0.48,57.42,,None,513400000,513400000,,,,,,,,,8400000,841600000,None,27312100000,27312100000,2467500000,None,None,1839600000,None,None,589100000,,2.66,0.0336,,,,-0.432,0.24,2019500000,2608600000,1.36,2005-12-31,11.11,1789900000,52300001000.0,9694600000,1909000000,684300000,2592100000,2592100000,None,0,None,5719800000,None,None,1594100000,None,None,1224700000,None,None,None,0.0227,,7675100000,2019500000,319900000,1521400000,None,None,None,,,,,0.564,1.386,0.258,,,,,,,,0.0012,,3952600000,2025-10-29,annual,1.6,USD,pre-market,None,6738600000,0.025,0.0058,0.078,309.64,7292600000,2189100000,595000000,None,70.58,79.02,17.6471,15283400000,8392700000,4583900000,6952200000,6890700000,2368300000,37006700000,8331200000,209.5,-356500000,85.15,41.86
2025-12-28,CVS,0.38,391689994000.0,209.5,None,0.48,57.42,698000000,None,513400000,513400000,-1382000000,-2087000000,None,None,-1653000000,None,None,None,8400000,841600000,None,27312100000,27312100000,2467500000,None,None,1839600000,None,None,589100000,-2325000000,2.66,0.0336,846000000,846000000,None,-0.432,0.24,2019500000,2608600000,1.36,2025-09-30,11.11,1789900000,52300001000.0,9694600000,1909000000,684300000,2592100000,2592100000,None,0,None,5719800000,None,None,1594100000,None,None,-2800000000,None,None,None,0.0227,796000000,7675100000,2019500000,319900000,1521400000,None,None,None,None,None,None,None,0.564,1.386,0.258,None,None,None,None,None,308000000,None,0.0012,None,3952600000,2025-10-29,quarterly,1.6,USD,pre-market,None,6738600000,0.025,0.0058,0.078,309.64,7292600000,2189100000,595000000,None,70.58,79.02,17.6471,15283400000,8392700000,4583900000,6952200000,6890700000,2368300000,37006700000,8331200000,209.5,-356500000,85.15,41.86
2025-12-28,CVS,0.38,391689994000.0,209.5,None,0.48,57.42,607000000,None,513400000,513400000,806000000,-1024000000,None,None,-51000000,None,None,None,8400000,841600000,None,27312100000,27312100000,2467500000,None,None,1839600000,None,None,589100000,1171000000,2.66,0.0336,866000000,866000000,None,-0.432,0.24,2019500000,2608600000,1.36,2025-06-30,11.11,1789900000,52300001000.0,9694600000,1909000000,684300000,2592100000,2592100000,None,0,None,5719800000,None,None,1594100000,None,None,1021000000,None,None,None,0.0227,1897000000,7675100000,2019500000,319900000,1521400000,None,None,None,None,None,None,None,0.564,1.386,0.258,None,None,None,None,None,191000000,None,0.0012,None,3952600000,2025-10-29,quarterly,1.6,USD,pre-market,None,6738600000,0.025,0.0058,0.078,309.64,7292600000,2189100000,595000000,None,70.58,79.02,17.6471,15283400000,8392700000,4583900000,6952200000,6890700000,2368300000,37006700000,8331200000,209.5,-356500000,85.15,41.86
2025-12-28,CVS,0.38,391689994000.0,209.5,None,0.48,57.42,743000000,None,513400000,513400000,-2332000000,-762000000,None,None,722000000,None,None,None,8400000,841600000,None,27312100000,27312100000,2467500000,None,None,1839600000,None,None,589100000,1154000000,2.66,0.0336,840000000,840000000,None,-0.432,0.24,2019500000,2608600000,1.36,2025-03-31,11.11,1789900000,52300001000.0,9694600000,1909000000,684300000,2592100000,2592100000,None,0,None,5719800000,None,None,1594100000,None,None,1779000000,None,None,None,0.0227,4556000000,7675100000,2019500000,319900000,1521400000,None,None,None,None,None,None,None,0.564,1.386,0.258,None,None,None,None,None,144000000,None,0.0012,None,3952600000,2025-10-29,quarterly,1.6,USD,pre-market,None,6738600000,0.025,0.0058,0.078,309.64,7292600000,2189100000,595000000,None,70.58,79.02,17.6471,15283400000,8392700000,4583900000,6952200000,6890700000,2368300000,37006700000,8331200000,209.5,-356500000,85.15,41.86
2025-12-28,CVS,0.38,391689994000.0,209.5,None,0.48,57.42,768000000,None,513400000,513400000,431000000,-547000000,None,None,-457000000,None,None,None,8400000,841600000,None,27312100000,27312100000,2467500000,None,None,1839600000,None,None,589100000,1147000000,2.66,0.0336,838000000,838000000,None,-0.432,0.24,2019500000,2608600000,1.36,2024-12-31,11.11,1789900000,52300001000.0,9694600000,1909000000,684300000,2592100000,2592100000,None,0,None,5719800000,None,None,1594100000,None,None,1623000000,None,None,None,0.0227,1860000000,7675100000,2019500000,319900000,1521400000,None,None,None,None,None,None,None,0.564,1.386,0.258,None,None,None,None,None,-2662000000,None,0.0012,None,3952600000,2025-10-29,quarterly,1.6,USD,pre-market,None,6738600000,0.025,0.0058,0.078,309.64,7292600000,2189100000,595000000,None,70.58,79.02,17.6471,15283400000,8392700000,4583900000,6952200000,6890700000,2368300000,37006700000,8331200000,209.5,-356500000,85.15,41.86
2025-12-28,CVS,0.38,391689994000.0,209.5,None,0.48,57.42,670000000,None,513400000,513400000,-1588000000,-3347000000,None,None,-1582000000,None,None,None,8400000,841600000,None,27312100000,27312100000,2467500000,None,None,1839600000,None,None,589100000,1161000000,2.66,0.0336,837000000,837000000,None,-0.432,0.24,2019500000,2608600000,1.36,2024-09-30,11.11,1789900000,52300001000.0,9694600000,1909000000,684300000,2592100000,2592100000,None,0,None,5719800000,None,None,1594100000,None,None,71000000,None,None,None,0.0227,-745000000,7675100000,2019500000,319900000,1521400000,None,None,None,None,None,None,None,0.564,1.386,0.258,None,None,None,None,None,1000000,None,0.0012,None,3952600000,2025-10-29,quarterly,1.6,USD,pre-market,None,6738600000,0.025,0.0058,0.078,309.64,7292600000,2189100000,595000000,None,70.58,79.02,17.6471,15283400000,8392700000,4583900000,6952200000,6890700000,2368300000,37006700000,8331200000,209.5,-356500000,85.15,41.86
2025-12-28,CVS,0.38,391689994000.0,209.5,None,0.48,57.42,638000000,None,513400000,513400000,1249000000,-1625000000,None,None,277000000,None,None,None,8400000,841600000,None,27312100000,27312100000,2467500000,None,None,1839600000,None,None,589100000,1151000000,2.66,0.0336,858000000,858000000,None,-0.432,0.24,2019500000,2608600000,1.36,2024-06-30,11.11,1789900000,52300001000.0,9694600000,1909000000,684300000,2592100000,2592100000,None,0,None,5719800000,None,None,1594100000,None,None,1768000000,None,None,None,0.0227,3089000000,7675100000,2019500000,319900000,1521400000,None,None,None,None,None,None,None,0.564,1.386,0.258,None,None,None,None,None,3000000,None,0.0012,None,3952600000,2025-10-29,quarterly,1.6,USD,pre-market,None,6738600000,0.025,0.0058,0.078,309.64,7292600000,2189100000,595000000,None,70.58,79.02,17.6471,15283400000,8392700000,4583900000,6952200000,6890700000,2368300000,37006700000,8331200000,209.5,-356500000,85.15,41.86
2025-12-28,CVS,0.38,391689994000.0,209.5,None,0.48,57.42,705000000,None,513400000,513400000,-1227000000,-2094000000,None,None,1660000000,None,None,None,8400000,841600000,None,27312100000,27312100000,2467500000,None,None,1839600000,None,None,589100000,1138000000,2.66,0.0336,840000000,840000000,None,-0.432,0.24,2019500000,2608600000,1.36,2024-03-31,11.11,1789900000,52300001000.0,9694600000,1909000000,684300000,2592100000,2592100000,None,0,None,5719800000,None,None,1594100000,None,None,1124000000,None,None,None,0.0227,4903000000,7675100000,2019500000,319900000,1521400000,None,None,None,None,None,None,None,0.564,1.386,0.258,None,None,None,None,None,-3027000000,None,0.0012,None,3952600000,2025-10-29,quarterly,1.6,USD,pre-market,None,6738600000,0.025,0.0058,0.078,309.64,7292600000,2189100000,595000000,None,70.58,79.02,17.6471,15283400000,8392700000,4583900000,6952200000,6890700000,2368300000,37006700000,8331200000,209.5,-356500000,85.15,41.86
2025-12-28,CVS,0.38,391689994000.0,209.5,None,0.48,57.42,911000000,None,513400000,513400000,-972000000,-1242000000,None,None,-72000000,None,None,None,8400000,841600000,None,27312100000,27312100000,2467500000,None,None,1839600000,None,None,589100000,1134000000,2.66,0.0336,779000000,779000000,None,-0.432,0.24,2019500000,2608600000,1.36,2023-12-31,11.11,1789900000,52300001000.0,9694600000,1909000000,684300000,2592100000,2592100000,None,0,None,5719800000,None,None,1594100000,None,None,2047000000,None,None,None,0.0227,-2636000000,7675100000,2019500000,319900000,1521400000,None,None,None,None,None,None,None,0.564,1.386,0.258,None,None,None,None,None,1000000,None,0.0012,None,3952600000,2025-10-29,quarterly,1.6,USD,pre-market,None,6738600000,0.025,0.0058,0.078,309.64,7292600000,2189100000,595000000,None,70.58,79.02,17.6471,15283400000,8392700000,4583900000,6952200000,6890700000,2368300000,37006700000,8331200000,209.5,-356500000,85.15,41.86
2025-12-28,CVS,0.38,391689994000.0,209.5,None,0.48,57.42,545000000,None,513400000,513400000,-2697000000,-19647000000,None,None,-495000000,None,None,None,8400000,841600000,None,27312100000,27312100000,2467500000,None,None,1839600000,None,None,589100000,1127000000,2.66,0.0336,779000000,779000000,None,-0.432,0.24,2019500000,2608600000,1.36,2023-09-30,11.11,1789900000,52300001000.0,9694600000,1909000000,684300000,2592100000,2592100000,None,0,None,5719800000,None,None,1594100000,None,None,2265000000,None,None,None,0.0227,2716000000,7675100000,2019500000,319900000,1521400000,None,None,None,None,None,None,None,0.564,1.386,0.258,None,None,None,None,None,3000000,None,0.0012,None,3952600000,2025-10-29,quarterly,1.6,USD,pre-market,None,6738600000,0.025,0.0058,0.078,309.64,7292600000,2189100000,595000000,None,70.58,79.02,17.6471,15283400000,8392700000,4583900000,6952200000,6890700000,2368300000,37006700000,8331200000,209.5,-356500000,85.15,41.86
2025-12-28,CVS,0.38,391689994000.0,209.5,None,0.48,57.42,591000000,None,513400000,513400000,3626000000,-10362000000,-828000000,None,972000000,None,None,1555000000,8400000,841600000,None,27312100000,27312100000,2467500000,None,None,1839600000,None,None,589100000,1104000000,2.66,0.0336,795000000,795000000,None,-0.432,0.24,2019500000,2608600000,1.36,2023-06-30,11.11,1789900000,52300001000.0,9694600000,1909000000,684300000,2592100000,2592100000,None,0,None,5719800000,None,None,1594100000,None,None,1914000000,None,None,None,0.0227,5908000000,7675100000,2019500000,319900000,1521400000,None,None,None,None,None,None,None,0.564,1.386,0.258,None,None,None,None,None,2000000,None,0.0012,None,3952600000,2025-10-29,quarterly,1.6,USD,pre-market,None,6738600000,0.025,0.0058,0.078,309.64,7292600000,2189100000,595000000,None,70.58,79.02,17.6471,15283400000,8392700000,4583900000,6952200000,6890700000,2368300000,37006700000,8331200000,209.5,-356500000,85.15,41.86
2025-12-28,CVS,0.38,391689994000.0,209.5,None,0.48,57.42,984000000,None,513400000,513400000,2726000000,-8514000000,1650000000,None,828000000,None,None,-751000000,8400000,841600000,None,27312100000,27312100000,2467500000,None,None,1839600000,None,None,589100000,1001000000,2.66,0.0336,779000000,779000000,None,-0.432,0.24,2019500000,2608600000,1.36,2023-03-31,11.11,1789900000,52300001000.0,9694600000,1909000000,684300000,2592100000,2592100000,None,0,None,5719800000,None,None,1594100000,None,None,2142000000,None,None,None,0.0227,7438000000,7675100000,2019500000,319900000,1521400000,None,None,None,None,None,None,None,0.564,1.386,0.258,None,None,None,None,None,-2018000000,None,0.0012,None,3952600000,2025-10-29,quarterly,1.6,USD,pre-market,None,6738600000,0.025,0.0058,0.078,309.64,7292600000,2189100000,595000000,None,70.58,79.02,17.6471,15283400000,8392700000,4583900000,6952200000,6890700000,2368300000,37006700000,8331200000,209.5,-356500000,85.15,41.86
2025-12-28,CVS,0.38,391689994000.0,209.5,None,0.48,57.42,688000000,None,513400000,513400000,-2187000000,-119000000,-4258000000,None,-1020000000,None,None,962000000,8400000,841600000,None,27312100000,27312100000,2467500000,None,None,1839600000,None,None,589100000,1049000000,2.66,0.0336,719000000,719000000,None,-0.432,0.24,2019500000,2608600000,1.36,2022-12-31,11.11,1789900000,52300001000.0,9694600000,1909000000,684300000,2592100000,2592100000,None,0,None,5719800000,None,None,1594100000,None,None,2300000000,None,None,None,0.0227,-1952000000,7675100000,2019500000,319900000,1521400000,None,None,None,None,None,None,None,0.564,1.386,0.258,None,None,None,None,None,-1500000000,None,0.0012,None,3952600000,2025-10-29,quarterly,1.6,USD,pre-market,None,6738600000,0.025,0.0058,0.078,309.64,7292600000,2189100000,595000000,None,70.58,79.02,17.6471,15283400000,8392700000,4583900000,6952200000,6890700000,2368300000,37006700000,8331200000,209.5,-356500000,85.15,41.86
2025-12-28,CVS,0.38,391689994000.0,209.5,None,0.48,57.42,580000000,None,513400000,513400000,-3218000000,-805000000,5100000000,None,-884000000,None,None,4696000000,8400000,841600000,None,27312100000,27312100000,2467500000,None,None,1839600000,None,None,589100000,1050000000,2.66,0.0336,726000000,726000000,None,-0.432,0.24,2019500000,2608600000,1.36,2022-09-30,11.11,1789900000,52300001000.0,9694600000,1909000000,684300000,2592100000,2592100000,None,0,None,5719800000,None,None,1594100000,None,None,-3399000000,None,None,None,0.0227,9123000000,7675100000,2019500000,319900000,1521400000,None,None,None,None,None,None,None,0.564,1.386,0.258,None,None,None,None,None,-8000000,None,0.0012,None,3952600000,2025-10-29,quarterly,1.6,USD,pre-market,None,6738600000,0.025,0.0058,0.078,309.64,7292600000,2189100000,595000000,None,70.58,79.02,17.6471,15283400000,8392700000,4583900000,6952200000,6890700000,2368300000,37006700000,8331200000,209.5,-356500000,85.15,41.86
2025-12-28,CVS,0.38,391689994000.0,209.5,None,0.48,57.42,408000000,None,513400000,513400000,-2461000000,-2130000000,852000000,None,869000000,None,None,-720000000,8400000,841600000,None,27312100000,27312100000,2467500000,None,None,1839600000,None,None,589100000,1082000000,2.66,0.0336,740000000,740000000,None,-0.432,0.24,2019500000,2608600000,1.36,2022-06-30,11.11,1789900000,52300001000.0,9694600000,1909000000,684300000,2592100000,2592100000,None,0,None,5719800000,None,None,1594100000,None,None,3039000000,None,None,None,0.0227,5443000000,7675100000,2019500000,319900000,1521400000,None,None,None,None,None,None,None,0.564,1.386,0.258,None,None,None,None,None,-267000000,None,0.0012,None,3952600000,2025-10-29,quarterly,1.6,USD,pre-market,None,6738600000,0.025,0.0058,0.078,309.64,7292600000,2189100000,595000000,None,70.58,79.02,17.6471,15283400000,8392700000,4583900000,6952200000,6890700000,2368300000,37006700000,8331200000,209.5,-356500000,85.15,41.86
2025-12-28,CVS,0.38,391689994000.0,209.5,None,0.48,57.42,1051000000,None,513400000,513400000,-2650000000,-1993000000,-1080000000,None,-400000000,None,None,-1967000000,8400000,841600000,None,27312100000,27312100000,2467500000,None,None,1839600000,None,None,589100000,1049000000,2.66,0.0336,722000000,722000000,None,-0.432,0.24,2019500000,2608600000,1.36,2022-03-31,11.11,1789900000,52300001000.0,9694600000,1909000000,684300000,2592100000,2592100000,None,0,None,5719800000,None,None,1594100000,None,None,2355000000,None,None,None,0.0227,3563000000,7675100000,2019500000,319900000,1521400000,None,None,None,None,None,None,None,0.564,1.386,0.258,None,None,None,None,None,-2000000000,None,0.0012,None,3952600000,2025-10-29,quarterly,1.6,USD,pre-market,None,6738600000,0.025,0.0058,0.078,309.64,7292600000,2189100000,595000000,None,70.58,79.02,17.6471,15283400000,8392700000,4583900000,6952200000,6890700000,2368300000,37006700000,8331200000,209.5,-356500000,85.15,41.86
2025-12-28,CVS,0.38,391689994000.0,209.5,None,0.48,57.42,597000000,None,513400000,513400000,-2831000000,-1440000000,-266000000,None,-362000000,None,None,-6207000000,8400000,841600000,None,27312100000,27312100000,2467500000,None,None,1839600000,None,None,589100000,1115000000,2.66,0.0336,660000000,660000000,None,-0.432,0.24,2019500000,2608600000,1.36,2021-12-31,11.11,1789900000,52300001000.0,9694600000,1909000000,684300000,2592100000,2592100000,None,0,None,5719800000,None,None,1594100000,None,None,1296000000,None,None,None,0.0227,4005000000,7675100000,2019500000,319900000,1521400000,None,None,None,None,None,None,None,0.564,1.386,0.258,None,None,None,None,None,-549000000,None,0.0012,None,3952600000,2025-10-29,quarterly,1.6,USD,pre-market,None,6738600000,0.025,0.0058,0.078,309.64,7292600000,2189100000,595000000,None,70.58,79.02,17.6471,15283400000,8392700000,4583900000,6952200000,6890700000,2368300000,37006700000,8331200000,209.5,-356500000,85.15,41.86
2025-12-28,CVS,0.38,391689994000.0,209.5,None,0.48,57.42,608000000,None,513400000,513400000,-1930000000,-847000000,2707000000,None,-420000000,None,None,1120000000,8400000,841600000,None,27312100000,27312100000,2467500000,None,None,1839600000,None,None,589100000,1134000000,2.66,0.0336,659000000,659000000,None,-0.432,0.24,2019500000,2608600000,1.36,2021-09-30,11.11,1789900000,52300001000.0,9694600000,1909000000,684300000,2592100000,2592100000,None,0,None,5719800000,None,None,1594100000,None,None,1587000000,None,None,None,0.0227,5521000000,7675100000,2019500000,319900000,1521400000,None,None,None,None,None,None,None,0.564,1.386,0.258,None,None,None,None,None,-2000000,None,0.0012,None,3952600000,2025-10-29,quarterly,1.6,USD,pre-market,None,6738600000,0.025,0.0058,0.078,309.64,7292600000,2189100000,595000000,None,70.58,79.02,17.6471,15283400000,8392700000,4583900000,6952200000,6890700000,2368300000,37006700000,8331200000,209.5,-356500000,85.15,41.86
2025-12-28,CVS,0.38,391689994000.0,209.5,None,0.48,57.42,486000000,None,513400000,513400000,-3327000000,-1107000000,1426000000,None,638000000,None,None,291000000,8400000,841600000,None,27312100000,27312100000,2467500000,None,None,1839600000,None,None,589100000,1137000000,2.66,0.0336,650000000,650000000,None,-0.432,0.24,2019500000,2608600000,1.36,2021-06-30,11.11,1789900000,52300001000.0,9694600000,1909000000,684300000,2592100000,2592100000,None,0,None,5719800000,None,None,1594100000,None,None,2791000000,None,None,None,0.0227,5847000000,7675100000,2019500000,319900000,1521400000,None,None,None,None,None,None,None,0.564,1.386,0.258,None,None,None,None,None,-156000000,None,0.0012,None,3952600000,2025-10-29,quarterly,1.6,USD,pre-market,None,6738600000,0.025,0.0058,0.078,309.64,7292600000,2189100000,595000000,None,70.58,79.02,17.6471,15283400000,8392700000,4583900000,6952200000,6890700000,2368300000,37006700000,8331200000,209.5,-356500000,85.15,41.86
2025-12-28,CVS,0.38,391689994000.0,209.5,None,0.48,57.42,829000000,None,513400000,513400000,-3185000000,-1867000000,-2219000000,None,879000000,None,None,2093000000,8400000,841600000,None,27312100000,27312100000,2467500000,None,None,1839600000,None,None,589100000,1126000000,2.66,0.0336,656000000,656000000,None,-0.432,0.24,2019500000,2608600000,1.36,2021-03-31,11.11,1789900000,52300001000.0,9694600000,1909000000,684300000,2592100000,2592100000,None,0,None,5719800000,None,None,1594100000,None,None,2224000000,None,None,None,0.0227,2892000000,7675100000,2019500000,319900000,1521400000,None,None,None,None,None,None,None,0.564,1.386,0.258,None,None,None,None,None,-3000000,None,0.0012,None,3952600000,2025-10-29,quarterly,1.6,USD,pre-market,None,6738600000,0.025,0.0058,0.078,309.64,7292600000,2189100000,595000000,None,70.58,79.02,17.6471,15283400000,8392700000,4583900000,6952200000,6890700000,2368300000,37006700000,8331200000,209.5,-356500000,85.15,41.86
2025-12-28,CVS,0.38,391689994000.0,209.5,None,0.48,57.42,713000000,None,513400000,513400000,-3735000000,-1234000000,-1402000000,None,-1018000000,None,None,2054000000,8400000,841600000,None,27312100000,27312100000,2467500000,None,None,1839600000,None,None,589100000,1139000000,2.66,0.0336,644000000,644000000,None,-0.432,0.24,2019500000,2608600000,1.36,2020-12-31,11.11,1789900000,52300001000.0,9694600000,1909000000,684300000,2592100000,2592100000,None,0,None,5719800000,None,None,1594100000,None,None,975000000,None,None,None,0.0227,3567000000,7675100000,2019500000,319900000,1521400000,None,None,None,None,None,None,None,0.564,1.386,0.258,None,None,None,None,None,-13000000,None,0.0012,None,3952600000,2025-10-29,quarterly,1.6,USD,pre-market,None,6738600000,0.025,0.0058,0.078,309.64,7292600000,2189100000,595000000,None,70.58,79.02,17.6471,15283400000,8392700000,4583900000,6952200000,6890700000,2368300000,37006700000,8331200000,209.5,-356500000,85.15,41.86
2025-12-28,CVS,0.38,391689994000.0,209.5,None,0.48,57.42,534000000,None,513400000,513400000,-6117000000,-1370000000,-5613000000,None,-958000000,None,None,-5797000000,8400000,841600000,None,27312100000,27312100000,2467500000,None,None,1839600000,None,None,589100000,1114000000,2.66,0.0336,665000000,665000000,None,-0.432,0.24,2019500000,2608600000,1.36,2020-09-30,11.11,1789900000,52300001000.0,9694600000,1909000000,684300000,2592100000,2592100000,None,0,None,5719800000,None,None,1594100000,None,None,1219000000,None,None,None,0.0227,1874000000,7675100000,2019500000,319900000,1521400000,None,None,None,None,None,None,None,0.564,1.386,0.258,None,None,None,None,None,-7000000,None,0.0012,None,3952600000,2025-10-29,quarterly,1.6,USD,pre-market,None,6738600000,0.025,0.0058,0.078,309.64,7292600000,2189100000,595000000,None,70.58,79.02,17.6471,15283400000,8392700000,4583900000,6952200000,6890700000,2368300000,37006700000,8331200000,209.5,-356500000,85.15,41.86
2025-12-28,CVS,0.38,391689994000.0,209.5,None,0.48,57.42,448000000,None,513400000,513400000,-978000000,-1333000000,4808000000,None,462000000,None,None,-482000000,8400000,841600000,None,27312100000,27312100000,2467500000,None,None,1839600000,None,None,589100000,1102000000,2.66,0.0336,663000000,663000000,None,-0.432,0.24,2019500000,2608600000,1.36,2020-06-30,11.11,1789900000,52300001000.0,9694600000,1909000000,684300000,2592100000,2592100000,None,0,None,5719800000,None,None,1594100000,None,None,2986000000,None,None,None,0.0227,7119000000,7675100000,2019500000,319900000,1521400000,None,None,None,None,None,None,None,0.564,1.386,0.258,None,None,None,None,None,-52000000,None,0.0012,None,3952600000,2025-10-29,quarterly,1.6,USD,pre-market,None,6738600000,0.025,0.0058,0.078,309.64,7292600000,2189100000,595000000,None,70.58,79.02,17.6471,15283400000,8392700000,4583900000,6952200000,6890700000,2368300000,37006700000,8331200000,209.5,-356500000,85.15,41.86
2025-12-28,CVS,0.38,391689994000.0,209.5,None,0.48,57.42,742000000,None,513400000,513400000,2675000000,-1597000000,4383000000,None,541000000,None,None,2715000000,8400000,841600000,None,27312100000,27312100000,2467500000,None,None,1839600000,None,None,589100000,1086000000,2.66,0.0336,652000000,652000000,None,-0.432,0.24,2019500000,2608600000,1.36,2020-03-31,11.11,1789900000,52300001000.0,9694600000,1909000000,684300000,2592100000,2592100000,None,0,None,5719800000,None,None,1594100000,None,None,2012000000,None,None,None,0.0227,3305000000,7675100000,2019500000,319900000,1521400000,None,None,None,None,None,None,None,0.564,1.386,0.258,None,None,None,None,None,-16000000,None,0.0012,None,3952600000,2025-10-29,quarterly,1.6,USD,pre-market,None,6738600000,0.025,0.0058,0.078,309.64,7292600000,2189100000,595000000,None,70.58,79.02,17.6471,15283400000,8392700000,4583900000,6952200000,6890700000,2368300000,37006700000,8331200000,209.5,-356500000,85.15,41.86
2025-12-28,CVS,0.38,391689994000.0,209.5,None,0.48,57.42,567000000,None,513400000,513400000,-1440000000,-709000000,485000000,None,-1488000000,None,None,-154000000,8400000,841600000,None,27312100000,27312100000,2467500000,None,None,1839600000,None,None,589100000,1096000000,2.66,0.0336,651000000,651000000,None,-0.432,0.24,2019500000,2608600000,1.36,2019-12-31,11.11,1789900000,52300001000.0,9694600000,1909000000,684300000,2592100000,2592100000,None,0,None,5719800000,None,None,1594100000,None,None,1744000000,None,None,None,0.0227,2634000000,7675100000,2019500000,319900000,1521400000,None,None,None,None,None,None,None,0.564,1.386,0.258,None,None,None,None,None,-255000000,None,0.0012,None,3952600000,2025-10-29,quarterly,1.6,USD,pre-market,None,6738600000,0.025,0.0058,0.078,309.64,7292600000,2189100000,595000000,None,70.58,79.02,17.6471,15283400000,8392700000,4583900000,6952200000,6890700000,2368300000,37006700000,8331200000,209.5,-356500000,85.15,41.86
2025-12-28,CVS,0.38,391689994000.0,209.5,None,0.48,57.42,601000000,None,513400000,513400000,-2968000000,-829000000,-869000000,None,-526000000,None,None,1631000000,8400000,841600000,None,27312100000,27312100000,2467500000,None,None,1839600000,None,None,589100000,1092000000,2.66,0.0336,646000000,646000000,None,-0.432,0.24,2019500000,2608600000,1.36,2019-09-30,11.11,1789900000,52300001000.0,9694600000,1909000000,684300000,2592100000,2592100000,None,0,None,5719800000,None,None,1594100000,None,None,1529000000,None,None,None,0.0227,2928000000,7675100000,2019500000,319900000,1521400000,None,None,None,None,None,None,None,0.564,1.386,0.258,None,None,None,None,None,-5000000,None,0.0012,None,3952600000,2025-10-29,quarterly,1.6,USD,pre-market,None,6738600000,0.025,0.0058,0.078,309.64,7292600000,2189100000,595000000,None,70.58,79.02,17.6471,15283400000,8392700000,4583900000,6952200000,6890700000,2368300000,37006700000,8331200000,209.5,-356500000,85.15,41.86
2025-12-28,CVS,0.38,391689994000.0,209.5,None,0.48,57.42,573000000,None,513400000,513400000,-4258000000,-910000000,170000000,None,-62000000,None,None,2670000000,8400000,841600000,None,27312100000,27312100000,2467500000,None,None,1839600000,None,None,589100000,1072000000,2.66,0.0336,657000000,657000000,None,-0.432,0.24,2019500000,2608600000,1.36,2019-06-30,11.11,1789900000,52300001000.0,9694600000,1909000000,684300000,2592100000,2592100000,None,0,None,5719800000,None,None,1594100000,None,None,1931000000,None,None,None,0.0227,5338000000,7675100000,2019500000,319900000,1521400000,None,None,None,None,None,None,None,0.564,1.386,0.258,None,None,None,None,None,-36000000,None,0.0012,None,3952600000,2025-10-29,quarterly,1.6,USD,pre-market,None,6738600000,0.025,0.0058,0.078,309.64,7292600000,2189100000,595000000,None,70.58,79.02,17.6471,15283400000,8392700000,4583900000,6952200000,6890700000,2368300000,37006700000,8331200000,209.5,-356500000,85.15,41.86
2025-12-28,CVS,0.38,391689994000.0,209.5,None,0.48,57.42,716000000,None,513400000,513400000,816000000,-891000000,1873000000,None,1001000000,None,None,-1989000000,8400000,841600000,None,27312100000,27312100000,2467500000,None,None,1839600000,None,None,589100000,1111000000,2.66,0.0336,649000000,649000000,None,-0.432,0.24,2019500000,2608600000,1.36,2019-03-31,11.11,1789900000,52300001000.0,9694600000,1909000000,684300000,2592100000,2592100000,None,0,None,5719800000,None,None,1594100000,None,None,1427000000,None,None,None,0.0227,1948000000,7675100000,2019500000,319900000,1521400000,None,None,None,None,None,None,None,0.564,1.386,0.258,None,None,None,None,None,-44000000,None,0.0012,None,3952600000,2025-10-29,quarterly,1.6,USD,pre-market,None,6738600000,0.025,0.0058,0.078,309.64,7292600000,2189100000,595000000,None,70.58,79.02,17.6471,15283400000,8392700000,4583900000,6952200000,6890700000,2368300000,37006700000,8331200000,209.5,-356500000,85.15,41.86
2025-12-28,CVS,0.38,391689994000.0,209.5,None,0.48,57.42,585000000,None,513400000,513400000,1892000000,-41899000000,-37528000000,None,-1625000000,None,None,586000000,8400000,841600000,None,27312100000,27312100000,2467500000,None,None,1839600000,None,None,589100000,807000000,2.66,0.0336,510000000,510000000,None,-0.432,0.24,2019500000,2608600000,1.36,2018-12-31,11.11,1789900000,52300001000.0,9694600000,1909000000,684300000,2592100000,2592100000,None,0,None,5719800000,None,None,1594100000,None,None,-421000000,None,None,None,0.0227,2479000000,7675100000,2019500000,319900000,1521400000,None,None,None,None,None,None,None,0.564,1.386,0.258,None,None,None,None,None,-58000000,None,0.0012,None,3952600000,2025-10-29,quarterly,1.6,USD,pre-market,None,6738600000,0.025,0.0058,0.078,309.64,7292600000,2189100000,595000000,None,70.58,79.02,17.6471,15283400000,8392700000,4583900000,6952200000,6890700000,2368300000,37006700000,8331200000,209.5,-356500000,85.15,41.86
2025-12-28,CVS,0.38,391689994000.0,209.5,None,0.48,57.42,540000000,None,513400000,513400000,-2693000000,-634000000,-2230000000,None,103000000,None,None,-666000000,8400000,841600000,None,27312100000,27312100000,2467500000,None,None,1839600000,None,None,589100000,620000000,2.66,0.0336,510000000,510000000,None,-0.432,0.24,2019500000,2608600000,1.36,2018-09-30,11.11,1789900000,52300001000.0,9694600000,1909000000,684300000,2592100000,2592100000,None,0,None,5719800000,None,None,1594100000,None,None,1390000000,None,None,None,0.0227,1097000000,7675100000,2019500000,319900000,1521400000,None,None,None,None,None,None,None,0.564,1.386,0.258,None,None,None,None,None,-2000000,None,0.0012,None,3952600000,2025-10-29,quarterly,1.6,USD,pre-market,None,6738600000,0.025,0.0058,0.078,309.64,7292600000,2189100000,595000000,None,70.58,79.02,17.6471,15283400000,8392700000,4583900000,6952200000,6890700000,2368300000,37006700000,8331200000,209.5,-356500000,85.15,41.86
2025-12-28,CVS,0.38,391689994000.0,209.5,None,0.48,57.42,430000000,None,513400000,513400000,-520000000,-621000000,1793000000,None,-95000000,None,None,-202000000,8400000,841600000,None,27312100000,27312100000,2467500000,None,None,1839600000,None,None,589100000,647000000,2.66,0.0336,510000000,510000000,None,-0.432,0.24,2019500000,2608600000,1.36,2018-06-30,11.11,1789900000,52300001000.0,9694600000,1909000000,684300000,2592100000,2592100000,None,0,None,5719800000,None,None,1594100000,None,None,-2563000000,None,None,None,0.0227,2934000000,7675100000,2019500000,319900000,1521400000,None,None,None,None,None,None,None,0.564,1.386,0.258,None,None,None,None,None,-33000000,None,0.0012,None,3952600000,2025-10-29,quarterly,1.6,USD,pre-market,None,6738600000,0.025,0.0058,0.078,309.64,7292600000,2189100000,595000000,None,70.58,79.02,17.6471,15283400000,8392700000,4583900000,6952200000,6890700000,2368300000,37006700000,8331200000,209.5,-356500000,85.15,41.86
2025-12-28,CVS,0.38,391689994000.0,209.5,None,0.48,57.42,482000000,None,513400000,513400000,38140000000,-131000000,40364000000,None,464000000,None,None,-857000000,8400000,841600000,None,27312100000,27312100000,2467500000,None,None,1839600000,None,None,589100000,644000000,2.66,0.0336,508000000,508000000,None,-0.432,0.24,2019500000,2608600000,1.36,2018-03-31,11.11,1789900000,52300001000.0,9694600000,1909000000,684300000,2592100000,2592100000,None,0,None,5719800000,None,None,1594100000,None,None,998000000,None,None,None,0.0227,2355000000,7675100000,2019500000,319900000,1521400000,None,None,None,None,None,None,None,0.564,1.386,0.258,None,None,None,None,None,-4000000,None,0.0012,None,3952600000,2025-10-29,quarterly,1.6,USD,pre-market,None,6738600000,0.025,0.0058,0.078,309.64,7292600000,2189100000,595000000,None,70.58,79.02,17.6471,15283400000,8392700000,4583900000,6952200000,6890700000,2368300000,37006700000,8331200000,209.5,-356500000,85.15,41.86
2025-12-28,CVS,0.38,391689994000.0,209.5,None,0.48,57.42,506000000,None,513400000,513400000,670000000,-1324000000,-789000000,1000000,-1134000000,None,None,-661000000,8400000,841600000,None,27312100000,27312100000,2467500000,None,None,1839600000,None,None,589100000,622000000,2.66,0.0336,510000000,510000000,None,-0.432,0.24,2019500000,2608600000,1.36,2017-12-31,11.11,1789900000,52300001000.0,9694600000,1909000000,684300000,2592100000,2592100000,None,0,None,5719800000,None,None,1594100000,None,None,3287000000,None,None,None,0.0227,-136000000,7675100000,2019500000,319900000,1521400000,None,None,None,None,None,None,None,0.564,1.386,0.258,None,None,None,None,None,-1000000,None,0.0012,None,3952600000,2025-10-29,quarterly,1.6,USD,pre-market,None,6738600000,0.025,0.0058,0.078,309.64,7292600000,2189100000,595000000,None,70.58,79.02,17.6471,15283400000,8392700000,4583900000,6952200000,6890700000,2368300000,37006700000,8331200000,209.5,-356500000,85.15,41.86
2025-12-28,CVS,0.38,391689994000.0,209.5,None,0.48,57.42,524000000,None,513400000,513400000,-1786000000,-433000000,391000000,None,128000000,None,None,-166000000,8400000,841600000,None,27312100000,27312100000,2467500000,None,None,1839600000,None,None,589100000,615000000,2.66,0.0336,511000000,511000000,None,-0.432,0.24,2019500000,2608600000,1.36,2017-09-30,11.11,1789900000,52300001000.0,9694600000,1909000000,684300000,2592100000,2592100000,None,0,None,5719800000,None,None,1594100000,None,None,1285000000,None,None,None,0.0227,2611000000,7675100000,2019500000,319900000,1521400000,None,None,None,None,None,None,None,0.564,1.386,0.258,None,None,None,None,None,-400000000,None,0.0012,None,3952600000,2025-10-29,quarterly,1.6,USD,pre-market,None,6738600000,0.025,0.0058,0.078,309.64,7292600000,2189100000,595000000,None,70.58,79.02,17.6471,15283400000,8392700000,4583900000,6952200000,6890700000,2368300000,37006700000,8331200000,209.5,-356500000,85.15,41.86
2025-12-28,CVS,0.38,391689994000.0,209.5,None,0.48,57.42,431000000,None,513400000,513400000,-1502000000,-597000000,-123000000,None,36000000,None,None,-162000000,8400000,841600000,None,27312100000,27312100000,2467500000,None,None,1839600000,None,None,589100000,623000000,2.66,0.0336,512000000,512000000,None,-0.432,0.24,2019500000,2608600000,1.36,2017-06-30,11.11,1789900000,52300001000.0,9694600000,1909000000,684300000,2592100000,2592100000,None,0,None,5719800000,None,None,1594100000,None,None,1098000000,None,None,None,0.0227,1999000000,7675100000,2019500000,319900000,1521400000,None,None,None,None,None,None,None,0.564,1.386,0.258,None,None,None,None,None,-340000000,None,0.0012,None,3952600000,2025-10-29,quarterly,1.6,USD,pre-market,None,6738600000,0.025,0.0058,0.078,309.64,7292600000,2189100000,595000000,None,70.58,79.02,17.6471,15283400000,8392700000,4583900000,6952200000,6890700000,2368300000,37006700000,8331200000,209.5,-356500000,85.15,41.86
2025-12-28,CVS,0.38,391689994000.0,209.5,None,0.48,57.42,457000000,None,513400000,513400000,-4133000000,-537000000,-1154000000,None,456000000,None,None,48000000,8400000,841600000,None,27312100000,27312100000,2467500000,None,None,1839600000,None,None,589100000,619000000,2.66,0.0336,516000000,516000000,None,-0.432,0.24,2019500000,2608600000,1.36,2017-03-31,11.11,1789900000,52300001000.0,9694600000,1909000000,684300000,2592100000,2592100000,None,0,None,5719800000,None,None,1594100000,None,None,953000000,None,None,None,0.0227,3533000000,7675100000,2019500000,319900000,1521400000,None,None,None,None,None,None,None,0.564,1.386,0.258,None,None,None,None,None,-3621000000,None,0.0012,None,3952600000,2025-10-29,quarterly,1.6,USD,pre-market,None,6738600000,0.025,0.0058,0.078,309.64,7292600000,2189100000,595000000,None,70.58,79.02,17.6471,15283400000,8392700000,4583900000,6952200000,6890700000,2368300000,37006700000,8331200000,209.5,-356500000,85.15,41.86
2025-12-28,CVS,0.38,391689994000.0,209.5,None,0.48,57.42,617000000,None,513400000,513400000,-121000000,-818000000,1182000000,None,-405000000,None,None,-1957000000,8400000,841600000,None,27312100000,27312100000,2467500000,None,None,1839600000,None,None,589100000,628000000,2.66,0.0336,456000000,456000000,None,-0.432,0.24,2019500000,2608600000,1.36,2016-12-31,11.11,1789900000,52300001000.0,9694600000,1909000000,684300000,2592100000,2592100000,None,0,None,5719800000,None,None,1594100000,None,None,1707000000,None,None,None,0.0227,2121000000,7675100000,2019500000,319900000,1521400000,None,None,None,None,None,None,None,0.564,1.386,0.258,None,None,None,None,None,-461000000,None,0.0012,None,3952600000,2025-10-29,quarterly,1.6,USD,pre-market,None,6738600000,0.025,0.0058,0.078,309.64,7292600000,2189100000,595000000,None,70.58,79.02,17.6471,15283400000,8392700000,4583900000,6952200000,6890700000,2368300000,37006700000,8331200000,209.5,-356500000,85.15,41.86
2025-12-28,CVS,0.38,391689994000.0,209.5,None,0.48,57.42,505000000,None,513400000,513400000,-2451000000,-421000000,1062000000,None,-170000000,None,None,435000000,8400000,841600000,None,27312100000,27312100000,2467500000,None,None,1839600000,None,None,589100000,611000000,2.66,0.0336,455000000,455000000,None,-0.432,0.24,2019500000,2608600000,1.36,2016-09-30,11.11,1789900000,52300001000.0,9694600000,1909000000,684300000,2592100000,2592100000,None,0,None,5719800000,None,None,1594100000,None,None,1541000000,None,None,None,0.0227,3934000000,7675100000,2019500000,319900000,1521400000,None,None,None,None,None,None,None,0.564,1.386,0.258,None,None,None,None,None,-40000000,None,0.0012,None,3952600000,2025-10-29,quarterly,1.6,USD,pre-market,None,6738600000,0.025,0.0058,0.078,309.64,7292600000,2189100000,595000000,None,70.58,79.02,17.6471,15283400000,8392700000,4583900000,6952200000,6890700000,2368300000,37006700000,8331200000,209.5,-356500000,85.15,41.86
2025-12-28,CVS,0.38,391689994000.0,209.5,None,0.48,57.42,504000000,None,513400000,513400000,-1702000000,-598000000,-652000000,1000000,-256000000,None,None,2410000000,8400000,841600000,None,27312100000,27312100000,2467500000,None,None,1839600000,None,None,589100000,619000000,2.66,0.0336,459000000,459000000,None,-0.432,0.24,2019500000,2608600000,1.36,2016-06-30,11.11,1789900000,52300001000.0,9694600000,1909000000,684300000,2592100000,2592100000,None,0,None,5719800000,None,None,1594100000,None,None,924000000,None,None,None,0.0227,1647000000,7675100000,2019500000,319900000,1521400000,None,None,None,None,None,None,None,0.564,1.386,0.258,None,None,None,None,None,-1894000000,None,0.0012,None,3952600000,2025-10-29,quarterly,1.6,USD,pre-market,None,6738600000,0.025,0.0058,0.078,309.64,7292600000,2189100000,595000000,None,70.58,79.02,17.6471,15283400000,8392700000,4583900000,6952200000,6890700000,2368300000,37006700000,8331200000,209.5,-356500000,85.15,41.86
2025-12-28,CVS,0.38,391689994000.0,209.5,None,0.48,57.42,598000000,None,513400000,513400000,-2487000000,-633000000,-680000000,1000000,89000000,None,None,-1131000000,8400000,841600000,None,27312100000,27312100000,2467500000,None,None,1839600000,None,None,589100000,617000000,2.66,0.0336,470000000,470000000,None,-0.432,0.24,2019500000,2608600000,1.36,2016-03-31,11.11,1789900000,52300001000.0,9694600000,1909000000,684300000,2592100000,2592100000,None,0,None,5719800000,None,None,1594100000,None,None,1147000000,None,None,None,0.0227,2439000000,7675100000,2019500000,319900000,1521400000,None,None,None,None,None,None,None,0.564,1.386,0.258,None,None,None,None,None,-2066000000,None,0.0012,None,3952600000,2025-10-29,quarterly,1.6,USD,pre-market,None,6738600000,0.025,0.0058,0.078,309.64,7292600000,2189100000,595000000,None,70.58,79.02,17.6471,15283400000,8392700000,4583900000,6952200000,6890700000,2368300000,37006700000,8331200000,209.5,-356500000,85.15,41.86
2025-12-28,CVS,0.38,391689994000.0,209.5,None,0.48,57.42,877000000,None,513400000,513400000,-1570000000,-2420000000,-431000000,-12000000,-248000000,None,None,936000000,8400000,841600000,None,27312100000,27312100000,2467500000,None,None,1839600000,None,None,589100000,582000000,2.66,0.0336,391000000,391000000,None,-0.432,0.24,2019500000,2608600000,1.36,2015-12-31,11.11,1789900000,52300001000.0,9694600000,1909000000,684300000,2592100000,2592100000,None,0,None,5719800000,None,None,1594100000,None,None,1499000000,None,None,None,0.0227,3571000000,7675100000,2019500000,319900000,1521400000,None,None,None,None,None,None,None,0.564,1.386,0.258,None,None,None,None,None,-1130000000,None,0.0012,None,3952600000,2025-10-29,quarterly,1.6,USD,pre-market,None,6738600000,0.025,0.0058,0.078,309.64,7292600000,2189100000,595000000,None,70.58,79.02,17.6471,15283400000,8392700000,4583900000,6952200000,6890700000,2368300000,37006700000,8331200000,209.5,-356500000,85.15,41.86
2025-12-28,CVS,0.38,391689994000.0,209.5,None,0.48,57.42,548000000,None,513400000,513400000,9743000000,-9910000000,1646000000,-7000000,-428000000,None,None,-1319000000,8400000,841600000,None,27312100000,27312100000,2467500000,None,None,1839600000,None,None,589100000,532000000,2.66,0.0336,391000000,391000000,None,-0.432,0.24,2019500000,2608600000,1.36,2015-09-30,11.11,1789900000,52300001000.0,9694600000,1909000000,684300000,2592100000,2592100000,None,0,None,5719800000,None,None,1594100000,None,None,1247000000,None,None,None,0.0227,1820000000,7675100000,2019500000,319900000,1521400000,None,None,None,None,None,None,None,0.564,1.386,0.258,None,None,None,None,None,-937000000,None,0.0012,None,3952600000,2025-10-29,quarterly,1.6,USD,pre-market,None,6738600000,0.025,0.0058,0.078,309.64,7292600000,2189100000,595000000,None,70.58,79.02,17.6471,15283400000,8392700000,4583900000,6952200000,6890700000,2368300000,37006700000,8331200000,209.5,-356500000,85.15,41.86
2025-12-28,CVS,0.38,391689994000.0,209.5,None,0.48,57.42,523000000,None,513400000,513400000,-761000000,-546000000,-274000000,-4000000,-152000000,None,None,-730000000,8400000,841600000,None,27312100000,27312100000,2467500000,None,None,1839600000,None,None,589100000,488000000,2.66,0.0336,395000000,395000000,None,-0.432,0.24,2019500000,2608600000,1.36,2015-06-30,11.11,1789900000,52300001000.0,9694600000,1909000000,684300000,2592100000,2592100000,None,0,None,5719800000,None,None,1594100000,None,None,1272000000,None,None,None,0.0227,1037000000,7675100000,2019500000,319900000,1521400000,None,None,None,None,None,None,None,0.564,1.386,0.258,None,None,None,None,None,-927000000,None,0.0012,None,3952600000,2025-10-29,quarterly,1.6,USD,pre-market,None,6738600000,0.025,0.0058,0.078,309.64,7292600000,2189100000,595000000,None,70.58,79.02,17.6471,15283400000,8392700000,4583900000,6952200000,6890700000,2368300000,37006700000,8331200000,209.5,-356500000,85.15,41.86
2025-12-28,CVS,0.38,391689994000.0,209.5,None,0.48,57.42,419000000,None,513400000,513400000,-2406000000,-544000000,-963000000,3000000,-313000000,None,None,-481000000,8400000,841600000,None,27312100000,27312100000,2467500000,None,None,1839600000,None,None,589100000,490000000,2.66,0.0336,399000000,399000000,None,-0.432,0.24,2019500000,2608600000,1.36,2015-03-31,11.11,1789900000,52300001000.0,9694600000,1909000000,684300000,2592100000,2592100000,None,0,None,5719800000,None,None,1594100000,None,None,1221000000,None,None,None,0.0227,1984000000,7675100000,2019500000,319900000,1521400000,None,None,None,None,None,None,None,0.564,1.386,0.258,None,None,None,None,None,-2007000000,None,0.0012,None,3952600000,2025-10-29,quarterly,1.6,USD,pre-market,None,6738600000,0.025,0.0058,0.078,309.64,7292600000,2189100000,595000000,None,70.58,79.02,17.6471,15283400000,8392700000,4583900000,6952200000,6890700000,2368300000,37006700000,8331200000,209.5,-356500000,85.15,41.86
2025-12-28,CVS,0.38,391689994000.0,209.5,None,0.48,57.42,700000000,None,513400000,513400000,-1561000000,-511000000,1349000000,-2000000,-321000000,None,None,1135000000,8400000,841600000,None,27312100000,27312100000,2467500000,None,None,1839600000,None,None,589100000,489000000,2.66,0.0336,317000000,317000000,None,-0.432,0.24,2019500000,2608600000,1.36,2014-12-31,11.11,1789900000,52300001000.0,9694600000,1909000000,684300000,2592100000,2592100000,None,0,None,5719800000,None,None,1594100000,None,None,1321000000,None,None,None,0.0227,3423000000,7675100000,2019500000,319900000,1521400000,None,None,None,None,None,None,None,0.564,1.386,0.258,None,None,None,None,None,-1200000000,None,0.0012,None,3952600000,2025-10-29,quarterly,1.6,USD,pre-market,None,6738600000,0.025,0.0058,0.078,309.64,7292600000,2189100000,595000000,None,70.58,79.02,17.6471,15283400000,8392700000,4583900000,6952200000,6890700000,2368300000,37006700000,8331200000,209.5,-356500000,85.15,41.86
2025-12-28,CVS,0.38,391689994000.0,209.5,None,0.48,57.42,545000000,None,513400000,513400000,-1775000000,-349000000,-480000000,-1000000,-214000000,None,None,-1288000000,8400000,841600000,None,27312100000,27312100000,2467500000,None,None,1839600000,None,None,589100000,477000000,2.66,0.0336,324000000,324000000,None,-0.432,0.24,2019500000,2608600000,1.36,2014-09-30,11.11,1789900000,52300001000.0,9694600000,1909000000,684300000,2592100000,2592100000,None,0,None,5719800000,None,None,1594100000,None,None,948000000,None,None,None,0.0227,1645000000,7675100000,2019500000,319900000,1521400000,None,None,None,None,None,None,None,0.564,1.386,0.258,None,None,None,None,None,-800000000,None,0.0012,None,3952600000,2025-10-29,quarterly,1.6,USD,pre-market,None,6738600000,0.025,0.0058,0.078,309.64,7292600000,2189100000,595000000,None,70.58,79.02,17.6471,15283400000,8392700000,4583900000,6952200000,6890700000,2368300000,37006700000,8331200000,209.5,-356500000,85.15,41.86
2025-12-28,CVS,0.38,391689994000.0,209.5,None,0.48,57.42,503000000,None,513400000,513400000,-1423000000,-625000000,-1154000000,-3000000,-171000000,None,None,-445000000,8400000,841600000,None,27312100000,27312100000,2467500000,None,None,1839600000,None,None,589100000,488000000,2.66,0.0336,322000000,322000000,None,-0.432,0.24,2019500000,2608600000,1.36,2014-06-30,11.11,1789900000,52300001000.0,9694600000,1909000000,684300000,2592100000,2592100000,None,0,None,5719800000,None,None,1594100000,None,None,1246000000,None,None,None,0.0227,897000000,7675100000,2019500000,319900000,1521400000,None,None,None,None,None,None,None,0.564,1.386,0.258,None,None,None,None,None,-1200000000,None,0.0012,None,3952600000,2025-10-29,quarterly,1.6,USD,pre-market,None,6738600000,0.025,0.0058,0.078,309.64,7292600000,2189100000,595000000,None,70.58,79.02,17.6471,15283400000,8392700000,4583900000,6952200000,6890700000,2368300000,37006700000,8331200000,209.5,-356500000,85.15,41.86
2025-12-28,CVS,0.38,391689994000.0,209.5,None,0.48,57.42,388000000,None,513400000,513400000,-935000000,-2560000000,-1323000000,None,-64000000,None,None,-139000000,8400000,841600000,None,27312100000,27312100000,2467500000,None,None,1839600000,None,None,589100000,477000000,2.66,0.0336,325000000,325000000,None,-0.432,0.24,2019500000,2608600000,1.36,2014-03-31,11.11,1789900000,52300001000.0,9694600000,1909000000,684300000,2592100000,2592100000,None,0,None,5719800000,None,None,1594100000,None,None,1129000000,None,None,None,0.0227,2172000000,7675100000,2019500000,319900000,1521400000,None,None,None,None,None,None,None,0.564,1.386,0.258,None,None,None,None,None,-801000000,None,0.0012,None,3952600000,2025-10-29,quarterly,1.6,USD,pre-market,None,6738600000,0.025,0.0058,0.078,309.64,7292600000,2189100000,595000000,None,70.58,79.02,17.6471,15283400000,8392700000,4583900000,6952200000,6890700000,2368300000,37006700000,8331200000,209.5,-356500000,85.15,41.86
2025-12-28,CVS,0.38,391689994000.0,209.5,None,0.48,57.42,654000000,None,513400000,513400000,1261000000,-213000000,2584000000,-2000000,51000000,None,None,-3728000000,8400000,841600000,None,27312100000,27312100000,2467500000,None,None,1839600000,None,None,589100000,458000000,2.66,0.0336,268000000,268000000,None,-0.432,0.24,2019500000,2608600000,1.36,2013-12-31,11.11,1789900000,52300001000.0,9694600000,1909000000,684300000,2592100000,2592100000,None,0,None,5719800000,None,None,1594100000,None,None,1261000000,None,None,None,0.0227,1538000000,7675100000,2019500000,319900000,1521400000,None,None,None,None,None,None,None,0.564,1.386,0.258,None,None,None,None,None,-1704000000,None,0.0012,None,3952600000,2025-10-29,quarterly,1.6,USD,pre-market,None,6738600000,0.025,0.0058,0.078,309.64,7292600000,2189100000,595000000,None,70.58,79.02,17.6471,15283400000,8392700000,4583900000,6952200000,6890700000,2368300000,37006700000,8331200000,209.5,-356500000,85.15,41.86
2025-12-28,CVS,0.38,391689994000.0,209.5,None,0.48,57.42,526000000,None,513400000,513400000,-850000000,-529000000,331000000,7000000,-271000000,None,None,943000000,8400000,841600000,None,27312100000,27312100000,2467500000,None,None,1839600000,None,None,589100000,461000000,2.66,0.0336,276000000,276000000,None,-0.432,0.24,2019500000,2608600000,1.36,2013-09-30,11.11,1789900000,52300001000.0,9694600000,1909000000,684300000,2592100000,2592100000,None,0,None,5719800000,None,None,1594100000,None,None,1249000000,None,None,None,0.0227,1703000000,7675100000,2019500000,319900000,1521400000,None,None,None,None,None,None,None,0.564,1.386,0.258,None,None,None,None,None,-1524000000,None,0.0012,None,3952600000,2025-10-29,quarterly,1.6,USD,pre-market,None,6738600000,0.025,0.0058,0.078,309.64,7292600000,2189100000,595000000,None,70.58,79.02,17.6471,15283400000,8392700000,4583900000,6952200000,6890700000,2368300000,37006700000,8331200000,209.5,-356500000,85.15,41.86
2025-12-28,CVS,0.38,391689994000.0,209.5,None,0.48,57.42,486000000,None,513400000,513400000,-751000000,-526000000,-377000000,-2000000,6000000,None,None,462000000,8400000,841600000,None,27312100000,27312100000,2467500000,None,None,1839600000,None,None,589100000,449000000,2.66,0.0336,276000000,276000000,None,-0.432,0.24,2019500000,2608600000,1.36,2013-06-30,11.11,1789900000,52300001000.0,9694600000,1909000000,684300000,2592100000,2592100000,None,0,None,5719800000,None,None,1594100000,None,None,1124000000,None,None,None,0.0227,902000000,7675100000,2019500000,319900000,1521400000,None,None,None,None,None,None,None,0.564,1.386,0.258,None,None,None,None,None,-355000000,None,0.0012,None,3952600000,2025-10-29,quarterly,1.6,USD,pre-market,None,6738600000,0.025,0.0058,0.078,309.64,7292600000,2189100000,595000000,None,70.58,79.02,17.6471,15283400000,8392700000,4583900000,6952200000,6890700000,2368300000,37006700000,8331200000,209.5,-356500000,85.15,41.86
2025-12-28,CVS,0.38,391689994000.0,209.5,None,0.48,57.42,318000000,None,513400000,513400000,-897000000,-567000000,176000000,None,186000000,None,None,113000000,8400000,841600000,None,27312100000,27312100000,2467500000,None,None,1839600000,None,None,589100000,502000000,2.66,0.0336,277000000,277000000,None,-0.432,0.24,2019500000,2608600000,1.36,2013-03-31,11.11,1789900000,52300001000.0,9694600000,1909000000,684300000,2592100000,2592100000,None,0,None,5719800000,None,None,1594100000,None,None,954000000,None,None,None,0.0227,1640000000,7675100000,2019500000,319900000,1521400000,None,None,None,None,None,None,None,0.564,1.386,0.258,None,None,None,None,None,-393000000,None,0.0012,None,3952600000,2025-10-29,quarterly,1.6,USD,pre-market,None,6738600000,0.025,0.0058,0.078,309.64,7292600000,2189100000,595000000,None,70.58,79.02,17.6471,15283400000,8392700000,4583900000,6952200000,6890700000,2368300000,37006700000,8331200000,209.5,-356500000,85.15,41.86
2025-12-28,CVS,0.38,391689994000.0,209.5,None,0.48,57.42,716000000,None,513400000,513400000,-923000000,-666000000,142000000,None,-272000000,None,None,91000000,8400000,841600000,None,27312100000,27312100000,2467500000,None,None,1839600000,None,None,589100000,456000000,2.66,0.0336,202000000,202000000,None,-0.432,0.24,2019500000,2608600000,1.36,2012-12-31,11.11,1789900000,52300001000.0,9694600000,1909000000,684300000,2592100000,2592100000,None,0,None,5719800000,None,None,1594100000,None,None,1129000000,None,None,None,0.0227,1731000000,7675100000,2019500000,319900000,1521400000,None,None,None,None,None,None,None,0.564,1.386,0.258,None,None,None,None,None,-329000000,None,0.0012,None,3952600000,2025-10-29,quarterly,1.6,USD,pre-market,None,6738600000,0.025,0.0058,0.078,309.64,7292600000,2189100000,595000000,None,70.58,79.02,17.6471,15283400000,8392700000,4583900000,6952200000,6890700000,2368300000,37006700000,8331200000,209.5,-356500000,85.15,41.86
2025-12-28,CVS,0.38,391689994000.0,209.5,None,0.48,57.42,496000000,None,513400000,513400000,-1415000000,-98000000,-590000000,None,-59000000,None,None,283000000,8400000,841600000,None,27312100000,27312100000,2467500000,None,None,1839600000,None,None,589100000,443000000,2.66,0.0336,207000000,207000000,None,-0.432,0.24,2019500000,2608600000,1.36,2012-09-30,11.11,1789900000,52300001000.0,9694600000,1909000000,684300000,2592100000,2592100000,None,0,None,5719800000,None,None,1594100000,None,None,1006000000,None,None,None,0.0227,923000000,7675100000,2019500000,319900000,1521400000,None,None,None,None,None,None,None,0.564,1.386,0.258,None,None,None,None,None,-2003000000,None,0.0012,None,3952600000,2025-10-29,quarterly,1.6,USD,pre-market,None,6738600000,0.025,0.0058,0.078,309.64,7292600000,2189100000,595000000,None,70.58,79.02,17.6471,15283400000,8392700000,4583900000,6952200000,6890700000,2368300000,37006700000,8331200000,209.5,-356500000,85.15,41.86
2025-12-28,CVS,0.38,391689994000.0,209.5,None,0.48,57.42,442000000,None,513400000,513400000,-977000000,-642000000,-388000000,None,249000000,None,None,-57000000,8400000,841600000,None,27312100000,27312100000,2467500000,None,None,1839600000,None,None,589100000,431000000,2.66,0.0336,209000000,209000000,None,-0.432,0.24,2019500000,2608600000,1.36,2012-06-30,11.11,1789900000,52300001000.0,9694600000,1909000000,684300000,2592100000,2592100000,None,0,None,5719800000,None,None,1594100000,None,None,965000000,None,None,None,0.0227,1231000000,7675100000,2019500000,319900000,1521400000,None,None,None,None,None,None,None,0.564,1.386,0.258,None,None,None,None,None,-1188000000,None,0.0012,None,3952600000,2025-10-29,quarterly,1.6,USD,pre-market,None,6738600000,0.025,0.0058,0.078,309.64,7292600000,2189100000,595000000,None,70.58,79.02,17.6471,15283400000,8392700000,4583900000,6952200000,6890700000,2368300000,37006700000,8331200000,209.5,-356500000,85.15,41.86
2025-12-28,CVS,0.38,391689994000.0,209.5,None,0.48,57.42,376000000,None,513400000,513400000,-1545000000,-443000000,798000000,None,-776000000,None,None,70000000,8400000,841600000,None,27312100000,27312100000,2467500000,None,None,1839600000,None,None,589100000,423000000,2.66,0.0336,211000000,211000000,None,-0.432,0.24,2019500000,2608600000,1.36,2012-03-31,11.11,1789900000,52300001000.0,9694600000,1909000000,684300000,2592100000,2592100000,None,0,None,5719800000,None,None,1594100000,None,None,775000000,None,None,None,0.0227,2786000000,7675100000,2019500000,319900000,1521400000,None,None,None,None,None,None,None,0.564,1.386,0.258,None,None,None,None,None,-810000000,None,0.0012,None,3952600000,2025-10-29,quarterly,1.6,USD,pre-market,None,6738600000,0.025,0.0058,0.078,309.64,7292600000,2189100000,595000000,None,70.58,79.02,17.6471,15283400000,8392700000,4583900000,6952200000,6890700000,2368300000,37006700000,8331200000,209.5,-356500000,85.15,41.86
2025-12-28,CVS,0.38,391689994000.0,209.5,None,0.48,57.42,704000000,None,513400000,513400000,-1268000000,153000000,-294000000,None,291000000,None,None,269000000,8400000,841600000,None,27312100000,27312100000,2467500000,None,None,1839600000,None,None,589100000,396000000,2.66,0.0336,166000000,166000000,None,-0.432,0.24,2019500000,2608600000,1.36,2011-12-31,11.11,1789900000,52300001000.0,9694600000,1909000000,684300000,2592100000,2592100000,None,0,None,5719800000,None,None,1594100000,None,None,1063000000,None,None,None,0.0227,821000000,7675100000,2019500000,319900000,1521400000,None,None,None,None,None,None,None,0.564,1.386,0.258,None,None,None,None,None,-448000000,None,0.0012,None,3952600000,2025-10-29,quarterly,1.6,USD,pre-market,None,6738600000,0.025,0.0058,0.078,309.64,7292600000,2189100000,595000000,None,70.58,79.02,17.6471,15283400000,8392700000,4583900000,6952200000,6890700000,2368300000,37006700000,8331200000,209.5,-356500000,85.15,41.86
2025-12-28,CVS,0.38,391689994000.0,209.5,None,0.48,57.42,458000000,None,513400000,513400000,-1986000000,-497000000,-521000000,None,-268000000,None,None,7000000,8400000,841600000,None,27312100000,27312100000,2467500000,None,None,1839600000,None,None,589100000,407000000,2.66,0.0336,167000000,167000000,None,-0.432,0.24,2019500000,2608600000,1.36,2011-09-30,11.11,1789900000,52300001000.0,9694600000,1909000000,684300000,2592100000,2592100000,None,0,None,5719800000,None,None,1594100000,None,None,867000000,None,None,None,0.0227,1962000000,7675100000,2019500000,319900000,1521400000,None,None,None,None,None,None,None,0.564,1.386,0.258,None,None,None,None,None,-1582000000,None,0.0012,None,3952600000,2025-10-29,quarterly,1.6,USD,pre-market,None,6738600000,0.025,0.0058,0.078,309.64,7292600000,2189100000,595000000,None,70.58,79.02,17.6471,15283400000,8392700000,4583900000,6952200000,6890700000,2368300000,37006700000,8331200000,209.5,-356500000,85.15,41.86
2025-12-28,CVS,0.38,391689994000.0,209.5,None,0.48,57.42,401000000,None,513400000,513400000,626000000,-1767000000,66000000,None,70000000,None,None,49000000,8400000,841600000,None,27312100000,27312100000,2467500000,None,None,1839600000,None,None,589100000,391000000,2.66,0.0336,170000000,170000000,None,-0.432,0.24,2019500000,2608600000,1.36,2011-06-30,11.11,1789900000,52300001000.0,9694600000,1909000000,684300000,2592100000,2592100000,None,0,None,5719800000,None,None,1594100000,None,None,815000000,None,None,None,0.0227,1207000000,7675100000,2019500000,319900000,1521400000,None,None,None,None,None,None,None,0.564,1.386,0.258,None,None,None,None,None,-504000000,None,0.0012,None,3952600000,2025-10-29,quarterly,1.6,USD,pre-market,None,6738600000,0.025,0.0058,0.078,309.64,7292600000,2189100000,595000000,None,70.58,79.02,17.6471,15283400000,8392700000,4583900000,6952200000,6890700000,2368300000,37006700000,8331200000,209.5,-356500000,85.15,41.86
2025-12-28,CVS,0.38,391689994000.0,209.5,None,0.48,57.42,309000000,None,513400000,513400000,-832000000,-299000000,735000000,None,514000000,None,None,423000000,8400000,841600000,None,27312100000,27312100000,2467500000,None,None,1839600000,None,None,589100000,374000000,2.66,0.0336,171000000,171000000,None,-0.432,0.24,2019500000,2608600000,1.36,2011-03-31,11.11,1789900000,52300001000.0,9694600000,1909000000,684300000,2592100000,2592100000,None,0,None,5719800000,None,None,1594100000,None,None,712000000,None,None,None,0.0227,1866000000,7675100000,2019500000,319900000,1521400000,None,None,None,None,None,None,None,0.564,1.386,0.258,None,None,None,None,None,-467000000,None,0.0012,None,3952600000,2025-10-29,quarterly,1.6,USD,pre-market,None,6738600000,0.025,0.0058,0.078,309.64,7292600000,2189100000,595000000,None,70.58,79.02,17.6471,15283400000,8392700000,4583900000,6952200000,6890700000,2368300000,37006700000,8331200000,209.5,-356500000,85.15,41.86
2025-12-28,CVS,0.38,391689994000.0,209.5,None,0.48,57.42,626000000,None,513400000,513400000,-1075000000,-252000000,448000000,None,-110000000,None,None,-186000000,8400000,841600000,None,27312100000,27312100000,2467500000,None,None,1839600000,None,None,589100000,373000000,2.66,0.0336,119000000,119000000,None,-0.432,0.24,2019500000,2608600000,1.36,2010-12-31,11.11,1789900000,52300001000.0,9694600000,1909000000,684300000,2592100000,2592100000,None,0,None,5719800000,None,None,1594100000,None,None,1025000000,None,None,None,0.0227,1775000000,7675100000,2019500000,319900000,1521400000,None,None,None,None,None,None,None,0.564,1.386,0.258,None,None,None,None,None,114000000,None,0.0012,None,3952600000,2025-10-29,quarterly,1.6,USD,pre-market,None,6738600000,0.025,0.0058,0.078,309.64,7292600000,2189100000,595000000,None,70.58,79.02,17.6471,15283400000,8392700000,4583900000,6952200000,6890700000,2368300000,37006700000,8331200000,209.5,-356500000,85.15,41.86
2025-12-28,CVS,0.38,391689994000.0,209.5,None,0.48,57.42,513000000,None,513400000,513400000,-912000000,-508000000,-128000000,None,-196000000,None,None,10000000,8400000,841600000,None,27312100000,27312100000,2467500000,None,None,1839600000,None,None,589100000,370000000,2.66,0.0336,119000000,119000000,None,-0.432,0.24,2019500000,2608600000,1.36,2010-09-30,11.11,1789900000,52300001000.0,9694600000,1909000000,684300000,2592100000,2592100000,None,0,None,5719800000,None,None,1594100000,None,None,808000000,None,None,None,0.0227,1292000000,7675100000,2019500000,319900000,1521400000,None,None,None,None,None,None,None,0.564,1.386,0.258,None,None,None,None,None,26000000,None,0.0012,None,3952600000,2025-10-29,quarterly,1.6,USD,pre-market,None,6738600000,0.025,0.0058,0.078,309.64,7292600000,2189100000,595000000,None,70.58,79.02,17.6471,15283400000,8392700000,4583900000,6952200000,6890700000,2368300000,37006700000,8331200000,209.5,-356500000,85.15,41.86
2025-12-28,CVS,0.38,391689994000.0,209.5,None,0.48,57.42,465000000,None,513400000,513400000,-109000000,-483000000,60000000,None,-114000000,None,None,-48000000,8400000,841600000,None,27312100000,27312100000,2467500000,None,None,1839600000,None,None,589100000,368000000,2.66,0.0336,119000000,119000000,None,-0.432,0.24,2019500000,2608600000,1.36,2010-06-30,11.11,1789900000,52300001000.0,9694600000,1909000000,684300000,2592100000,2592100000,None,0,None,5719800000,None,None,1594100000,None,None,821000000,None,None,None,0.0227,652000000,7675100000,2019500000,319900000,1521400000,None,None,None,None,None,None,None,0.564,1.386,0.258,None,None,None,None,None,-613000000,None,0.0012,None,3952600000,2025-10-29,quarterly,1.6,USD,pre-market,None,6738600000,0.025,0.0058,0.078,309.64,7292600000,2189100000,595000000,None,70.58,79.02,17.6471,15283400000,8392700000,4583900000,6952200000,6890700000,2368300000,37006700000,8331200000,209.5,-356500000,85.15,41.86
2025-12-28,CVS,0.38,391689994000.0,209.5,None,0.48,57.42,401000000,None,513400000,513400000,-702000000,-397000000,-39000000,None,68000000,None,None,-308000000,8400000,841600000,None,27312100000,27312100000,2467500000,None,None,1839600000,None,None,589100000,358000000,2.66,0.0336,122000000,122000000,None,-0.432,0.24,2019500000,2608600000,1.36,2010-03-31,11.11,1789900000,52300001000.0,9694600000,1909000000,684300000,2592100000,2592100000,None,0,None,5719800000,None,None,1594100000,None,None,770000000,None,None,None,0.0227,1060000000,7675100000,2019500000,319900000,1521400000,None,None,None,None,None,None,None,0.564,1.386,0.258,None,None,None,None,None,-887000000,None,0.0012,None,3952600000,2025-10-29,quarterly,1.6,USD,pre-market,None,6738600000,0.025,0.0058,0.078,309.64,7292600000,2189100000,595000000,None,70.58,79.02,17.6471,15283400000,8392700000,4583900000,6952200000,6890700000,2368300000,37006700000,8331200000,209.5,-356500000,85.15,41.86
2025-12-28,CVS,0.38,391689994000.0,209.5,None,0.48,57.42,795500000,None,513400000,513400000,-1824900000,-23700000,None,None,-367000000,None,None,None,8400000,841600000,None,27312100000,27312100000,2467500000,None,None,1839600000,None,None,589100000,352500000,2.66,0.0336,108200000,108200000,None,-0.432,0.24,2019500000,2608600000,1.36,2009-12-31,11.11,1789900000,52300001000.0,9694600000,1909000000,684300000,2592100000,2592100000,None,0,None,5719800000,None,None,1594100000,None,None,1049800000,None,None,None,0.0227,1804400000,7675100000,2019500000,319900000,1521400000,None,None,None,None,None,None,None,0.564,1.386,0.258,None,None,None,None,None,-938100000,None,0.0012,None,3952600000,2025-10-29,quarterly,1.6,USD,pre-market,None,6738600000,0.025,0.0058,0.078,309.64,7292600000,2189100000,595000000,None,70.58,79.02,17.6471,15283400000,8392700000,4583900000,6952200000,6890700000,2368300000,37006700000,8331200000,209.5,-356500000,85.15,41.86
2025-12-28,CVS,0.38,391689994000.0,209.5,None,0.48,57.42,661000000,None,513400000,513400000,-565000000,-437000000,None,None,-577000000,None,None,None,8400000,841600000,None,27312100000,27312100000,2467500000,None,None,1839600000,None,None,589100000,301000000,2.66,0.0336,110000000,110000000,None,-0.432,0.24,2019500000,2608600000,1.36,2009-09-30,11.11,1789900000,52300001000.0,9694600000,1909000000,684300000,2592100000,2592100000,None,0,None,5719800000,None,None,1594100000,None,None,1021000000,None,None,None,0.0227,907000000,7675100000,2019500000,319900000,1521400000,None,None,None,None,None,None,None,0.564,1.386,0.258,None,None,None,None,None,-1538900000,None,0.0012,None,3952600000,2025-10-29,quarterly,1.6,USD,pre-market,None,6738600000,0.025,0.0058,0.078,309.64,7292600000,2189100000,595000000,None,70.58,79.02,17.6471,15283400000,8392700000,4583900000,6952200000,6890700000,2368300000,37006700000,8331200000,209.5,-356500000,85.15,41.86
2025-12-28,CVS,0.38,391689994000.0,209.5,None,0.48,57.42,625000000,None,513400000,513400000,-161000000,-163000000,None,None,-348000000,None,None,None,8400000,841600000,None,27312100000,27312100000,2467500000,None,None,1839600000,None,None,589100000,382000000,2.66,0.0336,111000000,111000000,None,-0.432,0.24,2019500000,2608600000,1.36,2009-06-30,11.11,1789900000,52300001000.0,9694600000,1909000000,684300000,2592100000,2592100000,None,0,None,5719800000,None,None,1594100000,None,None,887000000,None,None,None,0.0227,552000000,7675100000,2019500000,319900000,1521400000,None,None,None,None,None,None,None,0.564,1.386,0.258,None,None,None,None,None,0,None,0.0012,None,3952600000,2025-10-29,quarterly,1.6,USD,pre-market,None,6738600000,0.025,0.0058,0.078,309.64,7292600000,2189100000,595000000,None,70.58,79.02,17.6471,15283400000,8392700000,4583900000,6952200000,6890700000,2368300000,37006700000,8331200000,209.5,-356500000,85.15,41.86
2025-12-28,CVS,0.38,391689994000.0,209.5,None,0.48,57.42,466000000,None,513400000,513400000,-681000000,-445000000,None,None,93000000,None,None,None,8400000,841600000,None,27312100000,27312100000,2467500000,None,None,1839600000,None,None,589100000,354000000,2.66,0.0336,110000000,110000000,None,-0.432,0.24,2019500000,2608600000,1.36,2009-03-31,11.11,1789900000,52300001000.0,9694600000,1909000000,684300000,2592100000,2592100000,None,0,None,5719800000,None,None,1594100000,None,None,738000000,None,None,None,0.0227,771000000,7675100000,2019500000,319900000,1521400000,None,None,None,None,None,None,None,0.564,1.386,0.258,None,None,None,None,None,None,None,0.0012,None,3952600000,2025-10-29,quarterly,1.6,USD,pre-market,None,6738600000,0.025,0.0058,0.078,309.64,7292600000,2189100000,595000000,None,70.58,79.02,17.6471,15283400000,8392700000,4583900000,6952200000,6890700000,2368300000,37006700000,8331200000,209.5,-356500000,85.15,41.86
2025-12-28,CVS,0.38,391689994000.0,209.5,None,0.48,57.42,696700000,None,513400000,513400000,1608800000,-3307500000,None,None,-151000000,None,None,None,8400000,841600000,None,27312100000,27312100000,2467500000,None,None,1839600000,None,None,589100000,354000000,2.66,0.0336,112500000,112500000,None,-0.432,0.24,2019500000,2608600000,1.36,2008-12-31,11.11,1789900000,52300001000.0,9694600000,1909000000,684300000,2592100000,2592100000,None,0,None,5719800000,None,None,1594100000,None,None,952800000,None,None,None,0.0227,1768800000,7675100000,2019500000,319900000,1521400000,None,None,None,None,None,None,None,0.564,1.386,0.258,None,None,None,None,None,None,None,0.0012,None,3952600000,2025-10-29,quarterly,1.6,USD,pre-market,None,6738600000,0.025,0.0058,0.078,309.64,7292600000,2189100000,595000000,None,70.58,79.02,17.6471,15283400000,8392700000,4583900000,6952200000,6890700000,2368300000,37006700000,8331200000,209.5,-356500000,85.15,41.86
2025-12-28,CVS,0.38,391689994000.0,209.5,None,0.48,57.42,513900000,None,513400000,513400000,290800000,-410400000,None,None,-344000000,None,None,None,8400000,841600000,None,27312100000,27312100000,2467500000,None,None,1839600000,None,None,589100000,310900000,2.66,0.0336,98400000,98400000,None,-0.432,0.24,2019500000,2608600000,1.36,2008-09-30,11.11,1789900000,52300001000.0,9694600000,1909000000,684300000,2592100000,2592100000,None,0,None,5719800000,None,None,1594100000,None,None,736000000,None,None,None,0.0227,786200000,7675100000,2019500000,319900000,1521400000,None,None,None,None,None,None,None,0.564,1.386,0.258,None,None,None,None,None,35000000,None,0.0012,None,3952600000,2025-10-29,quarterly,1.6,USD,pre-market,None,6738600000,0.025,0.0058,0.078,309.64,7292600000,2189100000,595000000,None,70.58,79.02,17.6471,15283400000,8392700000,4583900000,6952200000,6890700000,2368300000,37006700000,8331200000,209.5,-356500000,85.15,41.86
2025-12-28,CVS,0.38,391689994000.0,209.5,None,0.48,57.42,569000000,None,513400000,513400000,-337900000,-515900000,None,None,-11900000,None,None,None,8400000,841600000,None,27312100000,27312100000,2467500000,None,None,1839600000,None,None,589100000,310000000,2.66,0.0336,86200000,86200000,None,-0.432,0.24,2019500000,2608600000,1.36,2008-06-30,11.11,1789900000,52300001000.0,9694600000,1909000000,684300000,2592100000,2592100000,None,0,None,5719800000,None,None,1594100000,None,None,774800000,None,None,None,0.0227,651300000,7675100000,2019500000,319900000,1521400000,None,None,None,None,None,None,None,0.564,1.386,0.258,None,None,None,None,None,86000000,None,0.0012,None,3952600000,2025-10-29,quarterly,1.6,USD,pre-market,None,6738600000,0.025,0.0058,0.078,309.64,7292600000,2189100000,595000000,None,70.58,79.02,17.6471,15283400000,8392700000,4583900000,6952200000,6890700000,2368300000,37006700000,8331200000,209.5,-356500000,85.15,41.86
2025-12-28,CVS,0.38,391689994000.0,209.5,None,0.48,57.42,400300000,None,513400000,513400000,-632400000,-346800000,None,None,18800000,None,None,None,8400000,841600000,None,27312100000,27312100000,2467500000,None,None,1839600000,None,None,589100000,299300000,2.66,0.0336,85900000,85900000,None,-0.432,0.24,2019500000,2608600000,1.36,2008-03-31,11.11,1789900000,52300001000.0,9694600000,1909000000,684300000,2592100000,2592100000,None,0,None,5719800000,None,None,1594100000,None,None,748500000,None,None,None,0.0227,740800000,7675100000,2019500000,319900000,1521400000,None,None,None,None,None,None,None,0.564,1.386,0.258,None,None,None,None,None,170000000,None,0.0012,None,3952600000,2025-10-29,quarterly,1.6,USD,pre-market,None,6738600000,0.025,0.0058,0.078,309.64,7292600000,2189100000,595000000,None,70.58,79.02,17.6471,15283400000,8392700000,4583900000,6952200000,6890700000,2368300000,37006700000,8331200000,209.5,-356500000,85.15,41.86
2025-12-28,CVS,0.38,391689994000.0,209.5,None,0.48,57.42,572600000,None,513400000,513400000,-997500000,-30000000,None,None,-114600000,None,None,None,8400000,841600000,None,27312100000,27312100000,2467500000,None,None,1839600000,None,None,589100000,276100000,2.66,0.0336,101800000,101800000,None,-0.432,0.24,2019500000,2608600000,1.36,2007-12-31,11.11,1789900000,52300001000.0,9694600000,1909000000,684300000,2592100000,2592100000,None,0,None,5719800000,None,None,1594100000,None,None,815000000,None,None,None,0.0227,1357000000,7675100000,2019500000,319900000,1521400000,None,None,None,None,None,None,None,0.564,1.386,0.258,None,None,None,None,None,-2503500000,None,0.0012,None,3952600000,2025-10-29,quarterly,1.6,USD,pre-market,None,6738600000,0.025,0.0058,0.078,309.64,7292600000,2189100000,595000000,None,70.58,79.02,17.6471,15283400000,8392700000,4583900000,6952200000,6890700000,2368300000,37006700000,8331200000,209.5,-356500000,85.15,41.86
2025-12-28,CVS,0.38,391689994000.0,209.5,None,0.48,57.42,454700000,None,513400000,513400000,-184500000,-346200000,None,None,-142500000,None,None,None,8400000,841600000,None,27312100000,27312100000,2467500000,None,None,1839600000,None,None,589100000,301700000,2.66,0.0336,88200000,88200000,None,-0.432,0.24,2019500000,2608600000,1.36,2007-09-30,11.11,1789900000,52300001000.0,9694600000,1909000000,684300000,2592100000,2592100000,None,0,None,5719800000,None,None,1594100000,None,None,689500000,None,None,None,0.0227,445500000,7675100000,2019500000,319900000,1521400000,None,None,None,None,None,None,None,0.564,1.386,0.258,None,None,None,None,None,-700000,None,0.0012,None,3952600000,2025-10-29,quarterly,1.6,USD,pre-market,None,6738600000,0.025,0.0058,0.078,309.64,7292600000,2189100000,595000000,None,70.58,79.02,17.6471,15283400000,8392700000,4583900000,6952200000,6890700000,2368300000,37006700000,8331200000,209.5,-356500000,85.15,41.86
2025-12-28,CVS,0.38,391689994000.0,209.5,None,0.48,57.42,466100000,None,513400000,513400000,-176200000,-441700000,None,None,-321000000,None,None,None,8400000,841600000,None,27312100000,27312100000,2467500000,None,None,1839600000,None,None,589100000,308000000,2.66,0.0336,92100000,92100000,None,-0.432,0.24,2019500000,2608600000,1.36,2007-06-30,11.11,1789900000,52300001000.0,9694600000,1909000000,684300000,2592100000,2592100000,None,0,None,5719800000,None,None,1594100000,None,None,723600000,None,None,None,0.0227,719500000,7675100000,2019500000,319900000,1521400000,None,None,None,None,None,None,None,0.564,1.386,0.258,None,None,None,None,None,None,None,0.0012,None,3952600000,2025-10-29,quarterly,1.6,USD,pre-market,None,6738600000,0.025,0.0058,0.078,309.64,7292600000,2189100000,595000000,None,70.58,79.02,17.6471,15283400000,8392700000,4583900000,6952200000,6890700000,2368300000,37006700000,8331200000,209.5,-356500000,85.15,41.86
2025-12-28,CVS,0.38,391689994000.0,209.5,None,0.48,57.42,311900000,None,513400000,513400000,1736100000,-2263800000,None,None,130100000,None,None,None,8400000,841600000,None,27312100000,27312100000,2467500000,None,None,1839600000,None,None,589100000,208800000,2.66,0.0336,40300000,40300000,None,-0.432,0.24,2019500000,2608600000,1.36,2007-03-31,11.11,1789900000,52300001000.0,9694600000,1909000000,684300000,2592100000,2592100000,None,0,None,5719800000,None,None,1594100000,None,None,408900000,None,None,None,0.0227,707700000,7675100000,2019500000,319900000,1521400000,None,None,None,None,None,None,None,0.564,1.386,0.258,None,None,None,None,None,None,None,0.0012,None,3952600000,2025-10-29,quarterly,1.6,USD,pre-market,None,6738600000,0.025,0.0058,0.078,309.64,7292600000,2189100000,595000000,None,70.58,79.02,17.6471,15283400000,8392700000,4583900000,6952200000,6890700000,2368300000,37006700000,8331200000,209.5,-356500000,85.15,41.86
2025-12-28,CVS,0.38,391689994000.0,209.5,None,0.48,57.42,652800000,None,513400000,513400000,-1322900000,709800000,None,None,-107400000,None,None,None,8400000,841600000,None,27312100000,27312100000,2467500000,None,None,1839600000,None,None,589100000,201400000,2.66,0.0336,45800000,45800000,None,-0.432,0.24,2019500000,2608600000,1.36,2006-12-31,11.11,1789900000,52300001000.0,9694600000,1909000000,684300000,2592100000,2592100000,None,0,None,5719800000,None,None,1594100000,None,None,417200000,None,None,None,0.0227,749200000,7675100000,2019500000,319900000,1521400000,None,None,None,None,None,None,None,0.564,1.386,0.258,None,None,None,None,None,32000000,None,0.0012,None,3952600000,2025-10-29,quarterly,1.6,USD,pre-market,None,6738600000,0.025,0.0058,0.078,309.64,7292600000,2189100000,595000000,None,70.58,79.02,17.6471,15283400000,8392700000,4583900000,6952200000,6890700000,2368300000,37006700000,8331200000,209.5,-356500000,85.15,41.86
2025-12-28,CVS,0.38,391689994000.0,209.5,None,0.48,57.42,453300000,None,513400000,513400000,251300000,-658600000,None,None,-355700000,None,None,None,8400000,841600000,None,27312100000,27312100000,2467500000,None,None,1839600000,None,None,589100000,193400000,2.66,0.0336,31800000,31800000,None,-0.432,0.24,2019500000,2608600000,1.36,2006-09-30,11.11,1789900000,52300001000.0,9694600000,1909000000,684300000,2592100000,2592100000,None,0,None,5719800000,None,None,1594100000,None,None,284200000,None,None,None,0.0227,269600000,7675100000,2019500000,319900000,1521400000,None,None,None,None,None,None,None,0.564,1.386,0.258,None,None,None,None,None,None,None,0.0012,None,3952600000,2025-10-29,quarterly,1.6,USD,pre-market,None,6738600000,0.025,0.0058,0.078,309.64,7292600000,2189100000,595000000,None,70.58,79.02,17.6471,15283400000,8392700000,4583900000,6952200000,6890700000,2368300000,37006700000,8331200000,209.5,-356500000,85.15,41.86
2025-12-28,CVS,0.38,391689994000.0,209.5,None,0.48,57.42,379100000,None,513400000,513400000,3943400000,-4350100000,None,None,-176000000,None,None,None,8400000,841600000,None,27312100000,27312100000,2467500000,None,None,1839600000,None,None,589100000,183100000,2.66,0.0336,31700000,31700000,None,-0.432,0.24,2019500000,2608600000,1.36,2006-06-30,11.11,1789900000,52300001000.0,9694600000,1909000000,684300000,2592100000,2592100000,None,0,None,5719800000,None,None,1594100000,None,None,337900000,None,None,None,0.0227,551900000,7675100000,2019500000,319900000,1521400000,None,None,None,None,None,None,None,0.564,1.386,0.258,None,None,None,None,None,22000000,None,0.0012,None,3952600000,2025-10-29,quarterly,1.6,USD,pre-market,None,6738600000,0.025,0.0058,0.078,309.64,7292600000,2189100000,595000000,None,70.58,79.02,17.6471,15283400000,8392700000,4583900000,6952200000,6890700000,2368300000,37006700000,8331200000,209.5,-356500000,85.15,41.86
2025-12-28,CVS,0.38,391689994000.0,209.5,None,0.48,57.42,283700000,None,513400000,513400000,-3700000,-294300000,None,None,15000000,None,None,None,8400000,841600000,None,27312100000,27312100000,2467500000,None,None,1839600000,None,None,589100000,155400000,2.66,0.0336,31600000,31600000,None,-0.432,0.24,2019500000,2608600000,1.36,2006-03-31,11.11,1789900000,52300001000.0,9694600000,1909000000,684300000,2592100000,2592100000,None,0,None,5719800000,None,None,1594100000,None,None,329600000,None,None,None,0.0227,171700000,7675100000,2019500000,319900000,1521400000,None,None,None,None,None,None,None,0.564,1.386,0.258,None,None,None,None,None,61000000,None,0.0012,None,3952600000,2025-10-29,quarterly,1.6,USD,pre-market,None,6738600000,0.025,0.0058,0.078,309.64,7292600000,2189100000,595000000,None,70.58,79.02,17.6471,15283400000,8392700000,4583900000,6952200000,6890700000,2368300000,37006700000,8331200000,209.5,-356500000,85.15,41.86
2025-12-28,CVS,0.38,391689994000.0,209.5,None,0.48,57.42,355100000,None,513400000,513400000,-612400000,-3000000,None,None,-23000000,None,None,None,8400000,841600000,None,27312100000,27312100000,2467500000,None,None,1839600000,None,None,589100000,155900000,2.66,0.0336,43700000,43700000,None,-0.432,0.24,2019500000,2608600000,1.36,2005-12-31,11.11,1789900000,52300001000.0,9694600000,1909000000,684300000,2592100000,2592100000,None,0,None,5719800000,None,None,1594100000,None,None,406400000,None,None,None,0.0227,760600000,7675100000,2019500000,319900000,1521400000,None,None,None,None,None,None,None,0.564,1.386,0.258,None,None,None,None,None,None,None,0.0012,None,3952600000,2025-10-29,quarterly,1.6,USD,pre-market,None,6738600000,0.025,0.0058,0.078,309.64,7292600000,2189100000,595000000,None,70.58,79.02,17.6471,15283400000,8392700000,4583900000,6952200000,6890700000,2368300000,37006700000,8331200000,209.5,-356500000,85.15,41.86
2025-12-28,CVS,0.38,391689994000.0,209.5,None,0.48,57.42,408600000,None,513400000,513400000,-39700000,-256600000,None,None,-336300000,None,None,None,8400000,841600000,None,27312100000,27312100000,2467500000,None,None,1839600000,None,None,589100000,147700000,2.66,0.0336,29400000,29400000,None,-0.432,0.24,2019500000,2608600000,1.36,2005-09-30,11.11,1789900000,52300001000.0,9694600000,1909000000,684300000,2592100000,2592100000,None,0,None,5719800000,None,None,1594100000,None,None,252700000,None,None,None,0.0227,250400000,7675100000,2019500000,319900000,1521400000,None,None,None,None,None,None,None,0.564,1.386,0.258,None,None,None,None,None,41000000,None,0.0012,None,3952600000,2025-10-29,quarterly,1.6,USD,pre-market,None,6738600000,0.025,0.0058,0.078,309.64,7292600000,2189100000,595000000,None,70.58,79.02,17.6471,15283400000,8392700000,4583900000,6952200000,6890700000,2368300000,37006700000,8331200000,209.5,-356500000,85.15,41.86
2025-12-28,CVS,0.38,391689994000.0,209.5,None,0.48,57.42,2781000000,None,513400000,513400000,-1135000000,-7613000000,None,None,-102000000,None,None,None,8400000,841600000,None,27312100000,27312100000,2467500000,None,None,1839600000,None,None,589100000,4597000000,2.66,0.0336,3373000000,3373000000,None,-0.432,0.24,2019500000,2608600000,1.36,2024-12-31,11.11,1789900000,52300001000.0,9694600000,1909000000,684300000,2592100000,2592100000,None,0,None,5719800000,None,None,1594100000,None,None,4586000000,None,None,None,0.0227,9107000000,7675100000,2019500000,319900000,1521400000,None,None,None,None,None,None,None,0.564,1.386,0.258,None,None,None,None,None,-3023000000,None,0.0012,None,3952600000,2025-10-29,annual,1.6,USD,pre-market,None,6738600000,0.025,0.0058,0.078,309.64,7292600000,2189100000,595000000,None,70.58,79.02,17.6471,15283400000,8392700000,4583900000,6952200000,6890700000,2368300000,37006700000,8331200000,209.5,-356500000,85.15,41.86
2025-12-28,CVS,0.38,391689994000.0,209.5,None,0.48,57.42,3031000000,None,513400000,513400000,2683000000,-20889000000,None,None,1233000000,None,None,None,8400000,841600000,None,27312100000,27312100000,2467500000,None,None,1839600000,None,None,589100000,4366000000,2.66,0.0336,3132000000,3132000000,None,-0.432,0.24,2019500000,2608600000,1.36,2023-12-31,11.11,1789900000,52300001000.0,9694600000,1909000000,684300000,2592100000,2592100000,None,0,None,5719800000,None,None,1594100000,None,None,8368000000,None,None,None,0.0227,13426000000,7675100000,2019500000,319900000,1521400000,None,None,None,None,None,None,None,0.564,1.386,0.258,None,None,None,None,None,-2012000000,None,0.0012,None,3952600000,2025-10-29,annual,1.6,USD,pre-market,None,6738600000,0.025,0.0058,0.078,309.64,7292600000,2189100000,595000000,None,70.58,79.02,17.6471,15283400000,8392700000,4583900000,6952200000,6890700000,2368300000,37006700000,8331200000,209.5,-356500000,85.15,41.86
2025-12-28,CVS,0.38,391689994000.0,209.5,None,0.48,57.42,2727000000,None,513400000,513400000,-10516000000,-5047000000,614000000,None,-1435000000,None,None,2971000000,8400000,841600000,None,27312100000,27312100000,2467500000,None,None,1839600000,None,None,589100000,4247000000,2.66,0.0336,2907000000,2907000000,None,-0.432,0.24,2019500000,2608600000,1.36,2022-12-31,11.11,1789900000,52300001000.0,9694600000,1909000000,684300000,2592100000,2592100000,None,0,None,5719800000,None,None,1594100000,None,None,4165000000,None,None,None,0.0227,16177000000,7675100000,2019500000,319900000,1521400000,None,None,None,None,None,None,None,0.564,1.386,0.258,None,None,None,None,None,-3500000000,None,0.0012,None,3952600000,2025-10-29,annual,1.6,USD,pre-market,None,6738600000,0.025,0.0058,0.078,309.64,7292600000,2189100000,595000000,None,70.58,79.02,17.6471,15283400000,8392700000,4583900000,6952200000,6890700000,2368300000,37006700000,8331200000,209.5,-356500000,85.15,41.86
2025-12-28,CVS,0.38,391689994000.0,209.5,None,0.48,57.42,2520000000,None,513400000,513400000,-11356000000,-5261000000,1648000000,None,735000000,None,None,-2703000000,8400000,841600000,None,27312100000,27312100000,2467500000,None,None,1839600000,None,None,589100000,4512000000,2.66,0.0336,2625000000,2625000000,None,-0.432,0.24,2019500000,2608600000,1.36,2021-12-31,11.11,1789900000,52300001000.0,9694600000,1909000000,684300000,2592100000,2592100000,None,0,None,5719800000,None,None,1594100000,None,None,7898000000,None,None,None,0.0227,18265000000,7675100000,2019500000,319900000,1521400000,None,None,None,None,None,None,None,0.564,1.386,0.258,None,None,None,None,None,549000000,None,0.0012,None,3952600000,2025-10-29,annual,1.6,USD,pre-market,None,6738600000,0.025,0.0058,0.078,309.64,7292600000,2189100000,595000000,None,70.58,79.02,17.6471,15283400000,8392700000,4583900000,6952200000,6890700000,2368300000,37006700000,8331200000,209.5,-356500000,85.15,41.86
2025-12-28,CVS,0.38,391689994000.0,209.5,None,0.48,57.42,2437000000,None,513400000,513400000,-8155000000,-5534000000,2176000000,None,-973000000,None,None,-1510000000,8400000,841600000,None,27312100000,27312100000,2467500000,None,None,1839600000,None,None,589100000,4441000000,2.66,0.0336,2624000000,2624000000,None,-0.432,0.24,2019500000,2608600000,1.36,2020-12-31,11.11,1789900000,52300001000.0,9694600000,1909000000,684300000,2592100000,2592100000,None,0,None,5719800000,None,None,1594100000,None,None,7192000000,None,None,None,0.0227,15865000000,7675100000,2019500000,319900000,1521400000,None,None,None,None,None,None,None,0.564,1.386,0.258,None,None,None,None,None,257000000,None,0.0012,None,3952600000,2025-10-29,annual,1.6,USD,pre-market,None,6738600000,0.025,0.0058,0.078,309.64,7292600000,2189100000,595000000,None,70.58,79.02,17.6471,15283400000,8392700000,4583900000,6952200000,6890700000,2368300000,37006700000,8331200000,209.5,-356500000,85.15,41.86
2025-12-28,CVS,0.38,391689994000.0,209.5,None,0.48,57.42,2457000000,None,513400000,513400000,-7850000000,-3339000000,1659000000,None,-1075000000,None,None,2158000000,8400000,841600000,None,27312100000,27312100000,2467500000,None,None,1839600000,None,None,589100000,4371000000,2.66,0.0336,2603000000,2603000000,None,-0.432,0.24,2019500000,2608600000,1.36,2019-12-31,11.11,1789900000,52300001000.0,9694600000,1909000000,684300000,2592100000,2592100000,None,0,None,5719800000,None,None,1594100000,None,None,6631000000,None,None,None,0.0227,12848000000,7675100000,2019500000,319900000,1521400000,None,None,None,None,None,None,None,0.564,1.386,0.258,None,None,None,None,None,185000000,None,0.0012,None,3952600000,2025-10-29,annual,1.6,USD,pre-market,None,6738600000,0.025,0.0058,0.078,309.64,7292600000,2189100000,595000000,None,70.58,79.02,17.6471,15283400000,8392700000,4583900000,6952200000,6890700000,2368300000,37006700000,8331200000,209.5,-356500000,85.15,41.86
2025-12-28,CVS,0.38,391689994000.0,209.5,None,0.48,57.42,2037000000,None,513400000,513400000,36819000000,-43285000000,2399000000,None,-1153000000,None,None,-1139000000,8400000,841600000,None,27312100000,27312100000,2467500000,None,None,1839600000,None,None,589100000,2718000000,2.66,0.0336,2038000000,2038000000,None,-0.432,0.24,2019500000,2608600000,1.36,2018-12-31,11.11,1789900000,52300001000.0,9694600000,1909000000,684300000,2592100000,2592100000,None,0,None,5719800000,None,None,1594100000,None,None,-596000000,None,None,None,0.0227,8865000000,7675100000,2019500000,319900000,1521400000,None,None,None,None,None,None,None,0.564,1.386,0.258,None,None,None,None,None,-97000000,None,0.0012,None,3952600000,2025-10-29,annual,1.6,USD,pre-market,None,6738600000,0.025,0.0058,0.078,309.64,7292600000,2189100000,595000000,None,70.58,79.02,17.6471,15283400000,8392700000,4583900000,6952200000,6890700000,2368300000,37006700000,8331200000,209.5,-356500000,85.15,41.86
2025-12-28,CVS,0.38,391689994000.0,209.5,None,0.48,57.42,1918000000,None,513400000,513400000,-6751000000,-2877000000,-1675000000,1000000,-514000000,None,None,-941000000,8400000,841600000,None,27312100000,27312100000,2467500000,None,None,1839600000,None,None,589100000,2479000000,2.66,0.0336,2049000000,2049000000,None,-0.432,0.24,2019500000,2608600000,1.36,2017-12-31,11.11,1789900000,52300001000.0,9694600000,1909000000,684300000,2592100000,2592100000,None,0,None,5719800000,None,None,1594100000,None,None,6623000000,None,None,None,0.0227,8007000000,7675100000,2019500000,319900000,1521400000,None,None,None,None,None,None,None,0.564,1.386,0.258,None,None,None,None,None,-4361000000,None,0.0012,None,3952600000,2025-10-29,annual,1.6,USD,pre-market,None,6738600000,0.025,0.0058,0.078,309.64,7292600000,2189100000,595000000,None,70.58,79.02,17.6471,15283400000,8392700000,4583900000,6952200000,6890700000,2368300000,37006700000,8331200000,209.5,-356500000,85.15,41.86
2025-12-28,CVS,0.38,391689994000.0,209.5,None,0.48,57.42,2224000000,None,513400000,513400000,-6761000000,-2470000000,912000000,2000000,-742000000,None,None,-243000000,8400000,841600000,None,27312100000,27312100000,2467500000,None,None,1839600000,None,None,589100000,2475000000,2.66,0.0336,1840000000,1840000000,None,-0.432,0.24,2019500000,2608600000,1.36,2016-12-31,11.11,1789900000,52300001000.0,9694600000,1909000000,684300000,2592100000,2592100000,None,0,None,5719800000,None,None,1594100000,None,None,5319000000,None,None,None,0.0227,10141000000,7675100000,2019500000,319900000,1521400000,None,None,None,None,None,None,None,0.564,1.386,0.258,None,None,None,None,None,-4461000000,None,0.0012,None,3952600000,2025-10-29,annual,1.6,USD,pre-market,None,6738600000,0.025,0.0058,0.078,309.64,7292600000,2189100000,595000000,None,70.58,79.02,17.6471,15283400000,8392700000,4583900000,6952200000,6890700000,2368300000,37006700000,8331200000,209.5,-356500000,85.15,41.86
2025-12-28,CVS,0.38,391689994000.0,209.5,None,0.48,57.42,2367000000,None,513400000,513400000,4879000000,-13420000000,-22000000,-20000000,-1141000000,None,None,-1594000000,8400000,841600000,None,27312100000,27312100000,2467500000,None,None,1839600000,None,None,589100000,2092000000,2.66,0.0336,1576000000,1576000000,None,-0.432,0.24,2019500000,2608600000,1.36,2015-12-31,11.11,1789900000,52300001000.0,9694600000,1909000000,684300000,2592100000,2592100000,None,0,None,5719800000,None,None,1594100000,None,None,5239000000,None,None,None,0.0227,8539000000,7675100000,2019500000,319900000,1521400000,None,None,None,None,None,None,None,0.564,1.386,0.258,None,None,None,None,None,-5001000000,None,0.0012,None,3952600000,2025-10-29,annual,1.6,USD,pre-market,None,6738600000,0.025,0.0058,0.078,309.64,7292600000,2189100000,595000000,None,70.58,79.02,17.6471,15283400000,8392700000,4583900000,6952200000,6890700000,2368300000,37006700000,8331200000,209.5,-356500000,85.15,41.86
2025-12-28,CVS,0.38,391689994000.0,209.5,None,0.48,57.42,2136000000,None,513400000,513400000,-5694000000,-4045000000,-1608000000,-6000000,-770000000,None,None,-737000000,8400000,841600000,None,27312100000,27312100000,2467500000,None,None,1839600000,None,None,589100000,1931000000,2.66,0.0336,1288000000,1288000000,None,-0.432,0.24,2019500000,2608600000,1.36,2014-12-31,11.11,1789900000,52300001000.0,9694600000,1909000000,684300000,2592100000,2592100000,None,0,None,5719800000,None,None,1594100000,None,None,4644000000,None,None,None,0.0227,8137000000,7675100000,2019500000,319900000,1521400000,None,None,None,None,None,None,None,0.564,1.386,0.258,None,None,None,None,None,-4001000000,None,0.0012,None,3952600000,2025-10-29,annual,1.6,USD,pre-market,None,6738600000,0.025,0.0058,0.078,309.64,7292600000,2189100000,595000000,None,70.58,79.02,17.6471,15283400000,8392700000,4583900000,6952200000,6890700000,2368300000,37006700000,8331200000,209.5,-356500000,85.15,41.86
2025-12-28,CVS,0.38,391689994000.0,209.5,None,0.48,57.42,1984000000,None,513400000,513400000,-1237000000,-1835000000,2714000000,3000000,12000000,None,None,-2210000000,8400000,841600000,None,27312100000,27312100000,2467500000,None,None,1839600000,None,None,589100000,1870000000,2.66,0.0336,1097000000,1097000000,None,-0.432,0.24,2019500000,2608600000,1.36,2013-12-31,11.11,1789900000,52300001000.0,9694600000,1909000000,684300000,2592100000,2592100000,None,0,None,5719800000,None,None,1594100000,None,None,4592000000,None,None,None,0.0227,5783000000,7675100000,2019500000,319900000,1521400000,None,None,None,None,None,None,None,0.564,1.386,0.258,None,None,None,None,None,-3976000000,None,0.0012,None,3952600000,2025-10-29,annual,1.6,USD,pre-market,None,6738600000,0.025,0.0058,0.078,309.64,7292600000,2189100000,595000000,None,70.58,79.02,17.6471,15283400000,8392700000,4583900000,6952200000,6890700000,2368300000,37006700000,8331200000,209.5,-356500000,85.15,41.86
2025-12-28,CVS,0.38,391689994000.0,209.5,None,0.48,57.42,2030000000,None,513400000,513400000,-4860000000,-1849000000,-38000000,None,-853000000,None,None,387000000,8400000,841600000,None,27312100000,27312100000,2467500000,None,None,1839600000,None,None,589100000,1753000000,2.66,0.0336,829000000,829000000,None,-0.432,0.24,2019500000,2608600000,1.36,2012-12-31,11.11,1789900000,52300001000.0,9694600000,1909000000,684300000,2592100000,2592100000,None,0,None,5719800000,None,None,1594100000,None,None,3862000000,None,None,None,0.0227,6671000000,7675100000,2019500000,319900000,1521400000,None,None,None,None,None,None,None,0.564,1.386,0.258,None,None,None,None,None,-4330000000,None,0.0012,None,3952600000,2025-10-29,annual,1.6,USD,pre-market,None,6738600000,0.025,0.0058,0.078,309.64,7292600000,2189100000,595000000,None,70.58,79.02,17.6471,15283400000,8392700000,4583900000,6952200000,6890700000,2368300000,37006700000,8331200000,209.5,-356500000,85.15,41.86
2025-12-28,CVS,0.38,391689994000.0,209.5,None,0.48,57.42,1872000000,None,513400000,513400000,-3460000000,-2410000000,-14000000,None,586000000,None,None,748000000,8400000,841600000,None,27312100000,27312100000,2467500000,None,None,1839600000,None,None,589100000,1568000000,2.66,0.0336,674000000,674000000,None,-0.432,0.24,2019500000,2608600000,1.36,2011-12-31,11.11,1789900000,52300001000.0,9694600000,1909000000,684300000,2592100000,2592100000,None,0,None,5719800000,None,None,1594100000,None,None,3458000000,None,None,None,0.0227,5856000000,7675100000,2019500000,319900000,1521400000,None,None,None,None,None,None,None,0.564,1.386,0.258,None,None,None,None,None,-3001000000,None,0.0012,None,3952600000,2025-10-29,annual,1.6,USD,pre-market,None,6738600000,0.025,0.0058,0.078,309.64,7292600000,2189100000,595000000,None,70.58,79.02,17.6471,15283400000,8392700000,4583900000,6952200000,6890700000,2368300000,37006700000,8331200000,209.5,-356500000,85.15,41.86
2025-12-28,CVS,0.38,391689994000.0,209.5,None,0.48,57.42,2005000000,None,513400000,513400000,-2798000000,-1640000000,341000000,None,-352000000,None,None,-532000000,8400000,841600000,None,27312100000,27312100000,2467500000,None,None,1839600000,None,None,589100000,1469000000,2.66,0.0336,479000000,479000000,None,-0.432,0.24,2019500000,2608600000,1.36,2010-12-31,11.11,1789900000,52300001000.0,9694600000,1909000000,684300000,2592100000,2592100000,None,0,None,5719800000,None,None,1594100000,None,None,3424000000,None,None,None,0.0227,4779000000,7675100000,2019500000,319900000,1521400000,None,None,None,None,None,None,None,0.564,1.386,0.258,None,None,None,None,None,-1500000000,None,0.0012,None,3952600000,2025-10-29,annual,1.6,USD,pre-market,None,6738600000,0.025,0.0058,0.078,309.64,7292600000,2189100000,595000000,None,70.58,79.02,17.6471,15283400000,8392700000,4583900000,6952200000,6890700000,2368300000,37006700000,8331200000,209.5,-356500000,85.15,41.86
2025-12-28,CVS,0.38,391689994000.0,209.5,None,0.48,57.42,2548000000,None,513400000,513400000,-3232000000,-1069000000,-266000000,None,-1199000000,None,None,86000000,8400000,841600000,None,27312100000,27312100000,2467500000,None,None,1839600000,None,None,589100000,1389000000,2.66,0.0336,439000000,439000000,None,-0.432,0.24,2019500000,2608600000,1.36,2009-12-31,11.11,1789900000,52300001000.0,9694600000,1909000000,684300000,2592100000,2592100000,None,0,None,5719800000,None,None,1594100000,None,None,3696000000,None,None,None,0.0227,4035000000,7675100000,2019500000,319900000,1521400000,None,None,None,None,None,None,None,0.564,1.386,0.258,None,None,None,None,None,-2477000000,None,0.0012,None,3952600000,2025-10-29,annual,1.6,USD,pre-market,None,6738600000,0.025,0.0058,0.078,309.64,7292600000,2189100000,595000000,None,70.58,79.02,17.6471,15283400000,8392700000,4583900000,6952200000,6890700000,2368300000,37006700000,8331200000,209.5,-356500000,85.15,41.86
2025-12-28,CVS,0.38,391689994000.0,209.5,None,0.48,57.42,2180000000,None,513400000,513400000,929000000,-4580000000,None,None,-488000000,None,None,None,8400000,841600000,None,27312100000,27312100000,2467500000,None,None,1839600000,None,None,589100000,1274000000,2.66,0.0336,383000000,383000000,None,-0.432,0.24,2019500000,2608600000,1.36,2008-12-31,11.11,1789900000,52300001000.0,9694600000,1909000000,684300000,2592100000,2592100000,None,0,None,5719800000,None,None,1594100000,None,None,3212000000,None,None,None,0.0227,3947000000,7675100000,2019500000,319900000,1521400000,None,None,None,None,None,None,None,0.564,1.386,0.258,None,None,None,None,None,-23000000,None,0.0012,None,3952600000,2025-10-29,annual,1.6,USD,pre-market,None,6738600000,0.025,0.0058,0.078,309.64,7292600000,2189100000,595000000,None,70.58,79.02,17.6471,15283400000,8392700000,4583900000,6952200000,6890700000,2368300000,37006700000,8331200000,209.5,-356500000,85.15,41.86
2025-12-28,CVS,0.38,391689994000.0,209.5,None,0.48,57.42,1805300000,None,513400000,513400000,377900000,-3081700000,None,None,-448000000,None,None,None,8400000,841600000,None,27312100000,27312100000,2467500000,None,None,1839600000,None,None,589100000,1094600000,2.66,0.0336,322400000,322400000,None,-0.432,0.24,2019500000,2608600000,1.36,2007-12-31,11.11,1789900000,52300001000.0,9694600000,1909000000,684300000,2592100000,2592100000,None,0,None,5719800000,None,None,1594100000,None,None,2637000000,None,None,None,0.0227,3229700000,7675100000,2019500000,319900000,1521400000,None,None,None,None,None,None,None,0.564,1.386,0.258,None,None,None,None,None,-5370400000,None,0.0012,None,3952600000,2025-10-29,annual,1.6,USD,pre-market,None,6738600000,0.025,0.0058,0.078,309.64,7292600000,2189100000,595000000,None,70.58,79.02,17.6471,15283400000,8392700000,4583900000,6952200000,6890700000,2368300000,37006700000,8331200000,209.5,-356500000,85.15,41.86
2025-12-28,CVS,0.38,391689994000.0,209.5,None,0.48,57.42,1768900000,None,513400000,513400000,2868100000,-4593200000,None,None,-624100000,None,None,None,8400000,841600000,None,27312100000,27312100000,2467500000,None,None,1839600000,None,None,589100000,733300000,2.66,0.0336,140900000,140900000,None,-0.432,0.24,2019500000,2608600000,1.36,2006-12-31,11.11,1789900000,52300001000.0,9694600000,1909000000,684300000,2592100000,2592100000,None,0,None,5719800000,None,None,1594100000,None,None,1368900000,None,None,None,0.0227,1742400000,7675100000,2019500000,319900000,1521400000,None,None,None,None,None,None,None,0.564,1.386,0.258,None,None,None,None,None,188000000,None,0.0012,None,3952600000,2025-10-29,annual,1.6,USD,pre-market,None,6738600000,0.025,0.0058,0.078,309.64,7292600000,2189100000,595000000,None,70.58,79.02,17.6471,15283400000,8392700000,4583900000,6952200000,6890700000,2368300000,37006700000,8331200000,209.5,-356500000,85.15,41.86
2025-12-28,CVS,0.38,391689994000.0,209.5,None,0.48,57.42,1495400000,None,513400000,513400000,-579400000,-911600000,None,None,-265200000,None,None,None,8400000,841600000,None,27312100000,27312100000,2467500000,None,None,1839600000,None,None,589100000,589100000,2.66,0.0336,131600000,131600000,None,-0.432,0.24,2019500000,2608600000,1.36,2005-12-31,11.11,1789900000,52300001000.0,9694600000,1909000000,684300000,2592100000,2592100000,None,0,None,5719800000,None,None,1594100000,None,None,1224700000,None,None,None,0.0227,1612100000,7675100000,2019500000,319900000,1521400000,None,None,None,None,None,None,None,0.564,1.386,0.258,None,None,None,None,None,None,None,0.0012,None,3952600000,2025-10-29,annual,1.6,USD,pre-market,None,6738600000,0.025,0.0058,0.078,309.64,7292600000,2189100000,595000000,None,70.58,79.02,17.6471,15283400000,8392700000,4583900000,6952200000,6890700000,2368300000,37006700000,8331200000,209.5,-356500000,85.15,41.86
