date,symbol,eps,revenue_ttm,pe_ratio,accumulateddepreciationamortizationppe,beta,book_value,capitalexpenditures,capitalleaseobligations,cashandcashequivalentsatcarryingvalue,cashandshortterminvestments,cashflowfromfinancing,cashflowfrominvestment,changeincashandcashequivalents,changeinexchangerate,changeininventory,changeinoperatingassets,changeinoperatingliabilities,changeinreceivables,commonstock,commonstocksharesoutstanding,comprehensiveincomenetoftax,costofgoodsandservicessold,costofrevenue,currentaccountspayable,currentdebt,currentlongtermdebt,currentnetreceivables,deferredrevenue,depreciation,depreciationandamortization,depreciationdepletionandamortization,dividend_per_share,dividend_yield,dividendpayout,dividendpayoutcommonstock,dividendpayoutpreferredstock,earnings_growth_yoy,earnings_surprise,ebit,ebitda,estimated_eps,fiscaldateending,forward_pe,goodwill,gross_profit_ttm,grossprofit,incomebeforetax,incometaxexpense,intangibleassets,intangibleassetsexcludinggoodwill,interestanddebtexpense,interestexpense,interestincome,inventory,investmentincomenet,investments,longtermdebt,longtermdebtnoncurrent,longterminvestments,netincome,netincomefromcontinuingoperations,netinterestincome,noninterestincome,operating_margin_ttm,operatingcashflow,operatingexpenses,operatingincome,othercurrentassets,othercurrentliabilities,othernoncurrentassets,othernoncurrentliabilities,othernonoperatingincome,paymentsforoperatingactivities,paymentsforrepurchaseofcommonstock,paymentsforrepurchaseofequity,paymentsforrepurchaseofpreferredstock,peg_ratio,price_to_book,price_to_sales_ttm,proceedsfromissuanceofcommonstock,proceedsfromissuanceoflongtermdebtandcapitalsecuritiesnet,proceedsfromissuanceofpreferredstock,proceedsfromoperatingactivities,proceedsfromrepaymentsofshorttermdebt,proceedsfromrepurchaseofequity,proceedsfromsaleoftreasurystock,profit_margin,profitloss,propertyplantequipment,report_date,report_type,reported_eps,reportedcurrency,reporttime,researchanddevelopment,retainedearnings,return_on_assets_ttm,return_on_equity_ttm,revenue_growth_yoy,revenue_per_share_ttm,sellinggeneralandadministrative,shortlongtermdebttotal,shorttermdebt,shortterminvestments,sma_200,sma_50,surprise_pct,totalassets,totalcurrentassets,totalcurrentliabilities,totalliabilities,totalnoncurrentassets,totalnoncurrentliabilities,totalrevenue,totalshareholderequity,trailing_pe,treasurystock,week_52_high,week_52_low
1996-03-31,CVX,,,,,,,,,,,,,,,,,,,,,,,,,,,,,,,,,,,,,,0.06,,,0.41,,,,,,,,,,,,,,,,,,,,,,,,,,,,,,,,,,,,,,,,,,,,,,,,,1996-04-22,,0.47,,pre-market,,,,,,,,,,,,,14.6341,,,,,,,,,,,,
1996-06-30,CVX,,,,,,,,,,,,,,,,,,,,,,,,,,,,,,,,,,,,,,0.04,,,0.5,,,,,,,,,,,,,,,,,,,,,,,,,,,,,,,,,,,,,,,,,,,,,,,,,1996-07-22,,0.54,,pre-market,,,,,,,,,,,,,8.0,,,,,,,,,,,,
1996-09-30,CVX,,,,,,,,,,,,,,,,,,,,,,,,,,,,,,,,,,,,,,0.02,,,0.48,,,,,,,,,,,,,,,,,,,,,,,,,,,,,,,,,,,,,,,,,,,,,,,,,1996-10-21,,0.5,,pre-market,,,,,,,,,,,,,4.1667,,,,,,,,,,,,
1996-12-31,CVX,,,,,,,,,,,,,,,,,,,,,,,,,,,,,,,,,,,,,,0.04,,,0.49,,,,,,,,,,,,,,,,,,,,,,,,,,,,,,,,,,,,,,,,,,,,,,,,,1997-01-24,,0.53,,pre-market,,,,,,,,,,,,,8.1633,,,,,,,,,,,,
1997-03-31,CVX,,,,,,,,,,,,,,,,,,,,,,,,,,,,,,,,,,,,,,0.07,,,0.55,,,,,,,,,,,,,,,,,,,,,,,,,,,,,,,,,,,,,,,,,,,,,,,,,1997-04-23,,0.62,,pre-market,,,,,,,,,,,,,12.7273,,,,,,,,,,,,
1997-06-30,CVX,,,,,,,,,,,,,,,,,,,,,,,,,,,,,,,,,,,,,,0.09,,,0.54,,,,,,,,,,,,,,,,,,,,,,,,,,,,,,,,,,,,,,,,,,,,,,,,,1997-07-23,,0.63,,pre-market,,,,,,,,,,,,,16.6667,,,,,,,,,,,,
1997-09-30,CVX,,,,,,,,,,,,,,,,,,,,,,,,,,,,,,,,,,,,,,0.04,,,0.52,,,,,,,,,,,,,,,,,,,,,,,,,,,,,,,,,,,,,,,,,,,,,,,,,1997-10-22,,0.56,,pre-market,,,,,,,,,,,,,7.6923,,,,,,,,,,,,
1997-12-31,CVX,,,,,,,,,,,,,,,,,,,,,,,,,,,,,,,,,,,,,,0.12,,,0.49,,,,,,,,,,,,,,,,,,,,,,,,,,,,,,,,,,,,,,,,,,,,,,,,,1998-01-22,,0.61,,pre-market,,,,,,,,,,,,,24.4898,,,,,,,,,,,,
1998-03-31,CVX,,,,,,,,,,,,,,,,,,,,,,,,,,,,,,,,,,,,,,-0.01,,,0.35,,,,,,,,,,,,,,,,,,,,,,,,,,,,,,,,,,,,,,,,,,,,,,,,,1998-04-23,,0.34,,pre-market,,,,,,,,,,,,,-2.8571,,,,,,,,,,,,
1998-06-30,CVX,,,,,,,,,,,,,,,,,,,,,,,,,,,,,,,,,,,,,,0.06,,,0.38,,,,,,,,,,,,,,,,,,,,,,,,,,,,,,,,,,,,,,,,,,,,,,,,,1998-07-23,,0.44,,pre-market,,,,,,,,,,,,,15.7895,,,,,,,,,,,,
1998-09-30,CVX,,,,,,,,,,,,,,,,,,,,,,,,,,,,,,,,,,,,,,0.01,,,0.34,,,,,,,,,,,,,,,,,,,,,,,,,,,,,,,,,,,,,,,,,,,,,,,,,1998-10-22,,0.35,,pre-market,,,,,,,,,,,,,2.9412,,,,,,,,,,,,
1998-12-31,CVX,,,,,,,,,,,,,,,,,,,,,,,,,,,,,,,,,,,,,,0.13,,,0.25,,,,,,,,,,,,,,,,,,,,,,,,,,,,,,,,,,,,,,,,,,,,,,,,,1999-01-25,,0.38,,pre-market,,,,,,,,,,,,,52.0,,,,,,,,,,,,
1999-03-31,CVX,,,,,,,,,,,,,,,,,,,,,,,,,,,,,,,,,,,,,,-0.03,,,0.25,,,,,,,,,,,,,,,,,,,,,,,,,,,,,,,,,,,,,,,,,,,,,,,,,1999-04-22,,0.22,,pre-market,,,,,,,,,,,,,-12.0,,,,,,,,,,,,
1999-06-30,CVX,,,,,,,,,,,,,,,,,,,,,,,,,,,,,,,,,,,,,,0.02,,,0.35,,,,,,,,,,,,,,,,,,,,,,,,,,,,,,,,,,,,,,,,,,,,,,,,,1999-07-23,,0.37,,pre-market,,,,,,,,,,,,,5.7143,,,,,,,,,,,,
1999-09-30,CVX,,,,,,,,,,,,,,,,,,,,,,,,,,,,,,,,,,,,,,0.03,,,0.51,,,,,,,,,,,,,,,,,,,,,,,,,,,,,,,,,,,,,,,,,,,,,,,,,1999-10-25,,0.54,,pre-market,,,,,,,,,,,,,5.8824,,,,,,,,,,,,
1999-12-31,CVX,,,,,,,,,,,,,,,,,,,,,,,,,,,,,,,,,,,,,,0.01,,,0.61,,,,,,,,,,,,,,,,,,,,,,,,,,,,,,,,,,,,,,,,,,,,,,,,,2000-01-25,,0.62,,pre-market,,,,,,,,,,,,,1.6393,,,,,,,,,,,,
2000-03-31,CVX,,,,,,,,,,,,,,,,,,,,,,,,,,,,,,,,,,,,,,0.12,,,0.73,,,,,,,,,,,,,,,,,,,,,,,,,,,,,,,,,,,,,,,,,,,,,,,,,2000-04-26,,0.85,,pre-market,,,,,,,,,,,,,16.4384,,,,,,,,,,,,
2000-06-30,CVX,,,,,,,,,,,,,,,,,,,,,,,,,,,,,,,,,,,,,,0.02,,,0.86,,,,,,,,,,,,,,,,,,,,,,,,,,,,,,,,,,,,,,,,,,,,,,,,,2000-07-25,,0.88,,pre-market,,,,,,,,,,,,,2.3256,,,,,,,,,,,,
2000-09-30,CVX,,,,,,,,,,,,,,,,,,,,,,,,,,,,,,,,,,,,,,0.54,,,0.72,,,,,,,,,,,,,,,,,,,,,,,,,,,,,,,,,,,,,,,,,,,,,,,,,2000-10-24,,1.26,,pre-market,,,,,,,,,,,,,75.0,,,,,,,,,,,,
2000-12-31,CVX,,,,,,,,,,,,,,,,,,,,,,,,,,,,,,,,,,,,,,0.1,,,1.1,,,,,,,,,,,,,,,,,,,,,,,,,,,,,,,,,,,,,,,,,,,,,,,,,2001-01-24,,1.2,,pre-market,,,,,,,,,,,,,9.0909,,,,,,,,,,,,
2001-03-31,CVX,,,,,,,,,,,,,,,,,,,,,,,,,,,,,,,,,,,,,,0.16,,,1.09,,,,,,,,,,,,,,,,,,,,,,,,,,,,,,,,,,,,,,,,,,,,,,,,,2001-04-25,,1.25,,pre-market,,,,,,,,,,,,,14.6789,,,,,,,,,,,,
2001-06-30,CVX,,,,,,,,,,,,,,,,,,,,,,,,,,,,,,,,,,,,,,0.05,,,1.03,,,,,,,,,,,,,,,,,,,,,,,,,,,,,,,,,,,,,,,,,,,,,,,,,2001-07-24,,1.08,,pre-market,,,,,,,,,,,,,4.8544,,,,,,,,,,,,
2001-09-30,CVX,,,,,,,,,,,,,,,,,,,,,,,,,,,,,,,,,,,,,,0.08,,,0.72,,,,,,,,,,,,,,,,,,,,,,,,,,,,,,,,,,,,,,,,,,,,,,,,,2001-10-25,,0.8,,pre-market,,,,,,,,,,,,,11.1111,,,,,,,,,,,,
2001-12-31,CVX,,,,,,,,,,,,,,,,,,,,,,,,,,,,,,,,,,,,,,-0.2,,,0.44,,,,,,,,,,,,,,,,,,,,,,,,,,,,,,,,,,,,,,,,,,,,,,,,,2002-01-29,,0.24,,pre-market,,,,,,,,,,,,,-45.4545,,,,,,,,,,,,
2002-03-31,CVX,,,,,,,,,,,,,,,,,,,,,,,,,,,,,,,,,,,,,,0.09,,,0.35,,,,,,,,,,,,,,,,,,,,,,,,,,,,,,,,,,,,,,,,,,,,,,,,,2002-04-25,,0.44,,pre-market,,,,,,,,,,,,,25.7143,,,,,,,,,,,,
2002-06-30,CVX,,,,,,,,,,,,,,,,,,,,,,,,,,,,,,,,,,,,,,-0.11,,,0.69,,,,,,,,,,,,,,,,,,,,,,,,,,,,,,,,,,,,,,,,,,,,,,,,,2002-07-30,,0.58,,pre-market,,,,,,,,,,,,,-15.942,,,,,,,,,,,,
2002-09-30,CVX,,,,,,,,,,,,,,,,,,,,,,,,,,,,,,,,,,,,,,-0.06,,,0.65,,,,,,,,,,,,,,,,,,,,,,,,,,,,,,,,,,,,,,,,,,,,,,,,,2002-10-31,,0.59,,pre-market,,,,,,,,,,,,,-9.2308,,,,,,,,,,,,
2002-12-31,CVX,,,,,,,,,,,,,,,,,,,,,,,,,,,,,,,,,,,,,,-0.14,,,0.64,,,,,,,,,,,,,,,,,,,,,,,,,,,,,,,,,,,,,,,,,,,,,,,,,2003-01-31,,0.5,,pre-market,,,,,,,,,,,,,-21.875,,,,,,,,,,,,
2003-03-31,CVX,,,,,,,,,,,,,,,,,,,,,,,,,,,,,,,,,,,,,,0.11,,,0.9,,,,,,,,,,,,,,,,,,,,,,,,,,,,,,,,,,,,,,,,,,,,,,,,,2003-05-02,,1.01,,pre-market,,,,,,,,,,,,,12.2222,,,,,,,,,,,,
2003-06-30,CVX,,,,,,,,,,,,,,,,,,,,,,,,,,,,,,,,,,,,,,0.05,,,0.76,,,,,,,,,,,,,,,,,,,,,,,,,,,,,,,,,,,,,,,,,,,,,,,,,2003-08-01,,0.81,,pre-market,,,,,,,,,,,,,6.5789,,,,,,,,,,,,
2003-09-30,CVX,,,,,,,,,,,,,,,,,,,,,,,,,,,,,,,,,,,,,,0.12,,,0.8,,,,,,,,,,,,,,,,,,,,,,,,,,,,,,,,,,,,,,,,,,,,,,,,,2003-10-31,,0.92,,pre-market,,,,,,,,,,,,,15.0,,,,,,,,,,,,
2003-12-31,CVX,,,,,,,,,,,,,,,,,,,,,,,,,,,,,,,,,,,,,,0.0,,,0.78,,,,,,,,,,,,,,,,,,,,,,,,,,,,,,,,,,,,,,,,,,,,,,,,,2004-01-30,,0.78,,pre-market,,,,,,,,,,,,,0.0,,,,,,,,,,,,
2004-03-31,CVX,,,,,,,,,,,,,,,,,,,,,,,,,,,,,,,,,,,,,,0.2,,,1.01,,,,,,,,,,,,,,,,,,,,,,,,,,,,,,,,,,,,,,,,,,,,,,,,,2004-04-30,,1.21,,pre-market,,,,,,,,,,,,,19.802,,,,,,,,,,,,
2004-06-30,CVX,,,,,,,,,,,,,,,,,,,,,,,,,,,,,,,,,,,,,,0.18,,,1.35,,,,,,,,,,,,,,,,,,,,,,,,,,,,,,,,,,,,,,,,,,,,,,,,,2004-07-30,,1.53,,pre-market,,,,,,,,,,,,,13.3333,,,,,,,,,,,,
2004-09-30,CVX,,,,,,,,,,,,,,,,,,,,,,,,,,,,,,,,,,,,,,-0.08,,,1.36,,,,,,,,,,,,,,,,,,,,,,,,,,,,,,,,,,,,,,,,,,,,,,,,,2004-10-29,,1.28,,pre-market,,,,,,,,,,,,,-5.8824,,,,,,,,,,,,
2004-12-31,CVX,,,,,,,,,,,,,,,,,,,,,,,,,,,,,,,,,,,,,,0.18,,,1.38,,,,,,,,,,,,,,,,,,,,,,,,,,,,,,,,,,,,,,,,,,,,,,,,,2005-01-28,,1.56,,pre-market,,,,,,,,,,,,,13.0435,,,,,,,,,,,,
2005-03-31,CVX,,,,,,,,,,,,,,,,,,,,,,,,,,,,,,,,,,,,,,-0.1,,,1.38,,,,,,,,,,,,,,,,,,,,,,,,,,,,,,,,,,,,,,,,,,,,,,,,,2005-04-29,,1.28,,pre-market,,,,,,,,,,,,,-7.2464,,,,,,,,,,,,
2005-06-30,CVX,,,,,,,,,,,,,,,,,,,,,,,,,,,,,,,,,,,,,,0.11,,,1.65,,,,,,,,,,,,,,,,,,,,,,,,,,,,,,,,,,,,,,,,,,,,,,,,,2005-07-29,,1.76,,pre-market,,,,,,,,,,,,,6.6667,,,,,,,,,,,,
2005-09-30,CVX,,,,,,,,,,,,,,,,,,,,,,,,,,,,,,,,,,,,,,-0.21,,,1.85,,,,,,,,,,,,,,,,,,,,,,,,,,,,,,,,,,,,,,,,,,,,,,,,,2005-10-28,,1.64,,pre-market,,,,,,,,,,,,,-11.3514,,,,,,,,,,,,
2005-12-31,CVX,,,,,,,,,,,,,,,,,,,,,,,,,,,,,,,,,,,,,,-0.03,,,1.89,,,,,,,,,,,,,,,,,,,,,,,,,,,,,,,,,,,,,,,,,,,,,,,,,2006-01-27,,1.86,,pre-market,,,,,,,,,,,,,-1.5873,,,,,,,,,,,,
2006-03-31,CVX,,,,,,,,,,,,,,,,,,,,,,,,,,,,,,,,,,,,,,0.02,,,1.78,,,,,,,,,,,,,,,,,,,,,,,,,,,,,,,,,,,,,,,,,,,,,,,,,2006-04-28,,1.8,,pre-market,,,,,,,,,,,,,1.1236,,,,,,,,,,,,
2006-06-30,CVX,,,,,,,,,,,,,,,,,,,,,,,,,,,,,,,,,,,,,,-0.07,,,2.17,,,,,,,,,,,,,,,,,,,,,,,,,,,,,,,,,,,,,,,,,,,,,,,,,2006-07-28,,2.1,,pre-market,,,,,,,,,,,,,-3.2258,,,,,,,,,,,,
2006-09-30,CVX,,,,,,,,,,,,,,,,,,,,,,,,,,,,,,,,,,,,,,0.25,,,2.04,,,,,,,,,,,,,,,,,,,,,,,,,,,,,,,,,,,,,,,,,,,,,,,,,2006-10-27,,2.29,,pre-market,,,,,,,,,,,,,12.2549,,,,,,,,,,,,
2006-12-31,CVX,,,,,,,,,,,,,,,,,,,,,,,,,,,,,,,,,,,,,,0.01,,,1.73,,,,,,,,,,,,,,,,,,,,,,,,,,,,,,,,,,,,,,,,,,,,,,,,,2007-02-02,,1.74,,pre-market,,,,,,,,,,,,,0.578,,,,,,,,,,,,
2007-03-31,CVX,,,,,,,,,,,,,,,,,,,,,,,,,,,,,,,,,,,,,,0.18,,,1.68,,,,,,,,,,,,,,,,,,,,,,,,,,,,,,,,,,,,,,,,,,,,,,,,,2007-04-27,,1.86,,pre-market,,,,,,,,,,,,,10.7143,,,,,,,,,,,,
2007-06-30,CVX,,,,,,,,,,,,,,,,,,,,,,,,,,,,,,,,,,,,,,-0.03,,,2.3,,,,,,,,,,,,,,,,,,,,,,,,,,,,,,,,,,,,,,,,,,,,,,,,,2007-07-27,,2.27,,pre-market,,,,,,,,,,,,,-1.3043,,,,,,,,,,,,
2007-09-30,CVX,,,,,,,,,,,,,,,,,,,,,,,,,,,,,,,,,,,,,,-0.13,,,2.07,,,,,,,,,,,,,,,,,,,,,,,,,,,,,,,,,,,,,,,,,,,,,,,,,2007-11-02,,1.94,,pre-market,,,,,,,,,,,,,-6.2802,,,,,,,,,,,,
2007-12-31,CVX,,,,,,,,,,,,,,,,,,,,,,,,,,,,,,,,,,,,,,0.02,,,2.3,,,,,,,,,,,,,,,,,,,,,,,,,,,,,,,,,,,,,,,,,,,,,,,,,2008-02-01,,2.32,,pre-market,,,,,,,,,,,,,0.8696,,,,,,,,,,,,
2008-03-31,CVX,,,,,,,,,,,,,,,,,,,,,,,,,,,,,,,,,,,,,,0.07,,,2.41,,,,,,,,,,,,,,,,,,,,,,,,,,,,,,,,,,,,,,,,,,,,,,,,,2008-05-02,,2.48,,pre-market,,,,,,,,,,,,,2.9046,,,,,,,,,,,,
2008-06-30,CVX,,,,,,,,,,,,,,,,,,,,,,,,,,,,,,,,,,,,,,-0.12,,,3.02,,,,,,,,,,,,,,,,,,,,,,,,,,,,,,,,,,,,,,,,,,,,,,,,,2008-08-01,,2.9,,pre-market,,,,,,,,,,,,,-3.9735,,,,,,,,,,,,
2008-09-30,CVX,,,,,,,,,,,,,,,,,,,,,,,,,,,,,,,,,,,,,,0.58,,,3.27,,,,,,,,,,,,,,,,,,,,,,,,,,,,,,,,,,,,,,,,,,,,,,,,,2008-10-31,,3.85,,pre-market,,,,,,,,,,,,,17.737,,,,,,,,,,,,
2008-12-31,CVX,,,,,,,,,,,,,,,,,,,,,,,,,,,,,,,,,,,,,,0.31,,,1.82,,,,,,,,,,,,,,,,,,,,,,,,,,,,,,,,,,,,,,,,,,,,,,,,,2009-01-30,,2.13,,pre-market,,,,,,,,,,,,,17.033,,,,,,,,,,,,
2009-03-31,CVX,,,,,,,,,,,,,,,,,,,,,,,,,,,,,,,,,,,,,,-0.09,,,0.81,,,,,,,,,,,,,,,,,,,,,,,,,,,,,,,,,,,,,,,,,,,,,,,,,2009-05-01,,0.72,,pre-market,,,,,,,,,,,,,-11.1111,,,,,,,,,,,,
2009-06-30,CVX,,,,,,,,,,,,,,,,,,,,,,,,,,,,,,,,,,,,,,-0.09,,,0.96,,,,,,,,,,,,,,,,,,,,,,,,,,,,,,,,,,,,,,,,,,,,,,,,,2009-07-31,,0.87,,pre-market,,,,,,,,,,,,,-9.375,,,,,,,,,,,,
2009-09-30,CVX,,,,,,,,,,,,,,,,,,,,,,,,,,,,,,,,,,,,,,0.29,,,1.43,,,,,,,,,,,,,,,,,,,,,,,,,,,,,,,,,,,,,,,,,,,,,,,,,2009-10-30,,1.72,,pre-market,,,,,,,,,,,,,20.2797,,,,,,,,,,,,
2009-12-31,CVX,,,,,,,,,,,,,,,,,,,,,,,,,,,,,,,,,,,,,,-0.17,,,1.7,,,,,,,,,,,,,,,,,,,,,,,,,,,,,,,,,,,,,,,,,,,,,,,,,2010-01-29,,1.53,,pre-market,,,,,,,,,,,,,-10.0,,,,,,,,,,,,
2010-03-31,CVX,,,,,,,,,,,,,,,,,,,,,,,,,,,,,,,,,,,,,,0.43,,,1.93,,,,,,,,,,,,,,,,,,,,,,,,,,,,,,,,,,,,,,,,,,,,,,,,,2010-04-30,,2.36,,pre-market,,,,,,,,,,,,,22.2798,,,,,,,,,,,,
2010-06-30,CVX,,,,,,,,,,,,,,,,,,,,,,,,,,,,,,,,,,,,,,0.24,,,2.46,,,,,,,,,,,,,,,,,,,,,,,,,,,,,,,,,,,,,,,,,,,,,,,,,2010-07-30,,2.7,,pre-market,,,,,,,,,,,,,9.7561,,,,,,,,,,,,
2010-09-30,CVX,,,,,,,,,,,,,,,,,,,,,,,,,,,,,,,,,,,,,,-0.26,,,2.13,,,,,,,,,,,,,,,,,,,,,,,,,,,,,,,,,,,,,,,,,,,,,,,,,2010-10-29,,1.87,,pre-market,,,,,,,,,,,,,-12.2066,,,,,,,,,,,,
2010-12-31,CVX,,,,,,,,,,,,,,,,,,,,,,,,,,,,,,,,,,,,,,0.21,,,2.43,,,,,,,,,,,,,,,,,,,,,,,,,,,,,,,,,,,,,,,,,,,,,,,,,2011-01-28,,2.64,,pre-market,,,,,,,,,,,,,8.642,,,,,,,,,,,,
2011-03-31,CVX,,,,,,,,,,,,,,,,,,,,,,,,,,,,,,,,,,,,,,0.12,,,2.97,,,,,,,,,,,,,,,,,,,,,,,,,,,,,,,,,,,,,,,,,,,,,,,,,2011-04-29,,3.09,,pre-market,,,,,,,,,,,,,4.0404,,,,,,,,,,,,
2011-06-30,CVX,,,,,,,,,,,,,,,,,,,,,,,,,,,,,,,,,,,,,,0.29,,,3.56,,,,,,,,,,,,,,,,,,,,,,,,,,,,,,,,,,,,,,,,,,,,,,,,,2011-07-29,,3.85,,pre-market,,,,,,,,,,,,,8.1461,,,,,,,,,,,,
2011-09-30,CVX,,,,,,,,,,,,,,,,,,,,,,,,,,,,,,,,,,,,,,0.48,,,3.44,,,,,,,,,,,,,,,,,,,,,,,,,,,,,,,,,,,,,,,,,,,,,,,,,2011-10-28,,3.92,,pre-market,,,,,,,,,,,,,13.9535,,,,,,,,,,,,
2011-12-31,CVX,,,,,,,,,,,,,,,,,,,,,,,,,,,,,,,,,,,,,,-0.34,,,2.92,,,,,,,,,,,,,,,,,,,,,,,,,,,,,,,,,,,,,,,,,,,,,,,,,2012-01-27,,2.58,,pre-market,,,,,,,,,,,,,-11.6438,,,,,,,,,,,,
2012-03-31,CVX,,,,,,,,,,,,,,,,,,,,,,,,,,,,,,,,,,,,,,-0.05,,,3.22,,,,,,,,,,,,,,,,,,,,,,,,,,,,,,,,,,,,,,,,,,,,,,,,,2012-04-27,,3.17,,pre-market,,,,,,,,,,,,,-1.5528,,,,,,,,,,,,
2012-06-30,CVX,,,,,,,,,,,,,,,,,,,,,,,,,,,,,,,,,,,,,,0.32,,,3.24,,,,,,,,,,,,,,,,,,,,,,,,,,,,,,,,,,,,,,,,,,,,,,,,,2012-07-27,,3.56,,pre-market,,,,,,,,,,,,,9.8765,,,,,,,,,,,,
2012-09-30,CVX,,,,,,,,,,,,,,,,,,,,,,,,,,,,,,,,,,,,,,-0.5,,,2.87,,,,,,,,,,,,,,,,,,,,,,,,,,,,,,,,,,,,,,,,,,,,,,,,,2012-11-02,,2.37,,pre-market,,,,,,,,,,,,,-17.4216,,,,,,,,,,,,
2012-12-31,CVX,,,,,,,,,,,,,,,,,,,,,,,,,,,,,,,,,,,,,,-0.06,,,3.05,,,,,,,,,,,,,,,,,,,,,,,,,,,,,,,,,,,,,,,,,,,,,,,,,2013-02-01,,2.99,,pre-market,,,,,,,,,,,,,-1.9672,,,,,,,,,,,,
2013-03-31,CVX,,,,,,,,,,,,,,,,,,,,,,,,,,,,,,,,,,,,,,0.1,,,3.08,,,,,,,,,,,,,,,,,,,,,,,,,,,,,,,,,,,,,,,,,,,,,,,,,2013-04-26,,3.18,,pre-market,,,,,,,,,,,,,3.2468,,,,,,,,,,,,
2013-06-30,CVX,,,,,,,,,,,,,,,,,,,,,,,,,,,,,,,,,,,,,,-0.21,,,2.98,,,,,,,,,,,,,,,,,,,,,,,,,,,,,,,,,,,,,,,,,,,,,,,,,2013-08-02,,2.77,,pre-market,,,,,,,,,,,,,-7.047,,,,,,,,,,,,
2013-09-30,CVX,,,,,,,,,,,,,,,,,,,,,,,,,,,,,,,,,,,,,,-0.17,,,2.74,,,,,,,,,,,,,,,,,,,,,,,,,,,,,,,,,,,,,,,,,,,,,,,,,2013-11-01,,2.57,,pre-market,,,,,,,,,,,,,-6.2044,,,,,,,,,,,,
2013-12-31,CVX,,,,,,,,,,,,,,,,,,,,,,,,,,,,,,,,,,,,,,-0.01,,,2.58,,,,,,,,,,,,,,,,,,,,,,,,,,,,,,,,,,,,,,,,,,,,,,,,,2014-01-31,,2.57,,pre-market,,,,,,,,,,,,,-0.3876,,,,,,,,,,,,
2014-03-31,CVX,,,,,,,,,,,,,,,,,,,,,,,,,,,,,,,,,,,,,,-0.12,,,2.48,,,,,,,,,,,,,,,,,,,,,,,,,,,,,,,,,,,,,,,,,,,,,,,,,2014-05-02,,2.36,,pre-market,,,,,,,,,,,,,-4.8387,,,,,,,,,,,,
2014-06-30,CVX,,,,,,,,,,,,,,,,,,,,,,,,,,,,,,,,,,,,,,0.31,,,2.67,,,,,,,,,,,,,,,,,,,,,,,,,,,,,,,,,,,,,,,,,,,,,,,,,2014-08-01,,2.98,,pre-market,,,,,,,,,,,,,11.6105,,,,,,,,,,,,
2014-09-30,CVX,,,,,,,,,,,,,,,,,,,,,,,,,,,,,,,,,,,,,,0.42,,,2.53,,,,,,,,,,,,,,,,,,,,,,,,,,,,,,,,,,,,,,,,,,,,,,,,,2014-10-31,,2.95,,pre-market,,,,,,,,,,,,,16.6008,,,,,,,,,,,,
2014-12-31,CVX,,,,,,,,,,,,,,,,,,,,,,,,,,,,,,,,,,,,,,0.2,,,1.65,,,,,,,,,,,,,,,,,,,,,,,,,,,,,,,,,,,,,,,,,,,,,,,,,2015-01-30,,1.85,,pre-market,,,,,,,,,,,,,12.1212,,,,,,,,,,,,
2015-03-31,CVX,,,,,,,,,,,,,,,,,,,,,,,,,,,,,,,,,,,,,,0.56,,,0.81,,,,,,,,,,,,,,,,,,,,,,,,,,,,,,,,,,,,,,,,,,,,,,,,,2015-05-01,,1.37,,pre-market,,,,,,,,,,,,,69.1358,,,,,,,,,,,,
2015-06-30,CVX,,,,,,,,,,,,,,,,,,,,,,,,,,,,,,,,,,,,,,-0.19,,,1.16,,,,,,,,,,,,,,,,,,,,,,,,,,,,,,,,,,,,,,,,,,,,,,,,,2015-07-31,,0.97,,pre-market,,,,,,,,,,,,,-16.3793,,,,,,,,,,,,
2015-09-30,CVX,,,,,,,,,,,,,,,,,,,,,,,,,,,,,,,,,,,,,,0.35,,,0.74,,,,,,,,,,,,,,,,,,,,,,,,,,,,,,,,,,,,,,,,,,,,,,,,,2015-10-30,,1.09,,pre-market,,,,,,,,,,,,,47.2973,,,,,,,,,,,,
2015-12-31,CVX,,,,,,,,,,,,,,,,,,,,,,,,,,,,,,,,,,,,,,-0.24,,,0.51,,,,,,,,,,,,,,,,,,,,,,,,,,,,,,,,,,,,,,,,,,,,,,,,,2016-01-29,,0.27,,pre-market,,,,,,,,,,,,,-47.0588,,,,,,,,,,,,
2016-03-31,CVX,,,,,,,,,,,,,,,,,,,,,,,,,,,,,,,,,,,,,,0.05,,,-0.16,,,,,,,,,,,,,,,,,,,,,,,,,,,,,,,,,,,,,,,,,,,,,,,,,2016-04-29,,-0.11,,pre-market,,,,,,,,,,,,,31.25,,,,,,,,,,,,
2016-06-30,CVX,,,,,,,,,,,,,,,,,,,,,,,,,,,,,,,,,,,,,,0.03,,,0.32,,,,,,,,,,,,,,,,,,,,,,,,,,,,,,,,,,,,,,,,,,,,,,,,,2016-07-29,,0.35,,pre-market,,,,,,,,,,,,,9.375,,,,,,,,,,,,
2016-09-30,CVX,,,,,,,,,,,,,,,,,,,,,,,,,,,,,,,,,,,,,,0.1,,,0.39,,,,,,,,,,,,,,,,,,,,,,,,,,,,,,,,,,,,,,,,,,,,,,,,,2016-10-28,,0.49,,pre-market,,,,,,,,,,,,,25.641,,,,,,,,,,,,
2016-12-31,CVX,,,,,,,,,,,,,,,,,,,,,,,,,,,,,,,,,,,,,,-0.43,,,0.64,,,,,,,,,,,,,,,,,,,,,,,,,,,,,,,,,,,,,,,,,,,,,,,,,2017-01-27,,0.21,,pre-market,,,,,,,,,,,,,-67.1875,,,,,,,,,,,,
2017-03-31,CVX,,,,,,,,,,,,,,,,,,,,,,,,,,,,,,,,,,,,,,0.36,,,0.87,,,,,,,,,,,,,,,,,,,,,,,,,,,,,,,,,,,,,,,,,,,,,,,,,2017-04-28,,1.23,,pre-market,,,,,,,,,,,,,41.3793,,,,,,,,,,,,
2017-06-30,CVX,,,,,,,,,,,,,,,,,,,,,,,,,,,,,,,,,,,,,,0.04,,,0.87,,,,,,,,,,,,,,,,,,,,,,,,,,,,,,,,,,,,,,,,,,,,,,,,,2017-07-28,,0.91,,pre-market,,,,,,,,,,,,,4.5977,,,,,,,,,,,,
2017-09-30,CVX,,,,,,,,,,,,,,,,,,,,,,,,,,,,,,,,,,,,,,-0.12,,,0.97,,,,,,,,,,,,,,,,,,,,,,,,,,,,,,,,,,,,,,,,,,,,,,,,,2017-10-27,,0.85,,pre-market,,,,,,,,,,,,,-12.3711,,,,,,,,,,,,
2017-12-31,CVX,,,,,,,,,,,,,,,,,,,,,,,,,,,,,,,,,,,,,,-0.52,,,1.24,,,,,,,,,,,,,,,,,,,,,,,,,,,,,,,,,,,,,,,,,,,,,,,,,2018-02-02,,0.72,,pre-market,,,,,,,,,,,,,-41.9355,,,,,,,,,,,,
2018-03-31,CVX,,,,,,,,,,,,,,,,,,,,,,,,,,,,,,,,,,,,,,0.41,,,1.49,,,,,,,,,,,,,,,,,,,,,,,,,,,,,,,,,,,,,,,,,,,,,,,,,2018-04-27,,1.9,,pre-market,,,,,,,,,,,,,27.5168,,,,,,,,,,,,
2018-06-30,CVX,,,,,,,,,,,,,,,,,,,,,,,,,,,,,,,,,,,,,,-0.31,,,2.09,,,,,,,,,,,,,,,,,,,,,,,,,,,,,,,,,,,,,,,,,,,,,,,,,2018-07-27,,1.78,,pre-market,,,,,,,,,,,,,-14.8325,,,,,,,,,,,,
2018-09-30,CVX,,,,,,,,,,,,,,,,,,,,,,,,,,,,,,,,,,,,,,0.38,,,2.06,,,,,,,,,,,,,,,,,,,,,,,,,,,,,,,,,,,,,,,,,,,,,,,,,2018-11-02,,2.44,,pre-market,,,,,,,,,,,,,18.4466,,,,,,,,,,,,
2018-12-31,CVX,,,,,,,,,,,,,,,,,,,,,,,,,,,,,,,,,,,,,,0.06,,,1.89,,,,,,,,,,,,,,,,,,,,,,,,,,,,,,,,,,,,,,,,,,,,,,,,,2019-02-01,,1.95,,pre-market,,,,,,,,,,,,,3.1746,,,,,,,,,,,,
2019-03-31,CVX,,,,,,,,,,,,,,,,,,,,,,,,,,,,,,,,,,,,,,0.14,,,1.33,,,,,,,,,,,,,,,,,,,,,,,,,,,,,,,,,,,,,,,,,,,,,,,,,2019-04-26,,1.47,,pre-market,,,,,,,,,,,,,10.5263,,,,,,,,,,,,
2019-06-30,CVX,,,,,,,,,,,,,,,,,,,,,,,,,,,,,,,,,,,,,,-0.05,,,1.82,,,,,,,,,,,,,,,,,,,,,,,,,,,,,,,,,,,,,,,,,,,,,,,,,2019-08-02,,1.77,,post-market,,,,,,,,,,,,,-2.7473,,,,,,,,,,,,
2019-09-30,CVX,,,,,,,,,,,,,,,,,,,,,,,,,,,,,,,,,,,,,,0.09,,,1.46,,,,,,,,,,,,,,,,,,,,,,,,,,,,,,,,,,,,,,,,,,,,,,,,,2019-11-01,,1.55,,pre-market,,,,,,,,,,,,,6.1644,,,,,,,,,,,,
2019-12-31,CVX,,,,,,,,,,,,,,,,,,,,,,,,,,,,,,,,,,,,,,0.03,,,1.46,,,,,,,,,,,,,,,,,,,,,,,,,,,,,,,,,,,,,,,,,,,,,,,,,2020-01-31,,1.49,,pre-market,,,,,,,,,,,,,2.0548,,,,,,,,,,,,
2020-03-31,CVX,,,,,,,,,,,,,,,,,,,,,,,,,,,,,,,,,,,,,,0.62,,,0.67,,,,,,,,,,,,,,,,,,,,,,,,,,,,,,,,,,,,,,,,,,,,,,,,,2020-05-01,,1.29,,pre-market,,,,,,,,,,,,,92.5373,,,,,,,,,,,,
2020-06-30,CVX,,,,,,,,,,,,,,,,,,,,,,,,,,,,,,,,,,,,,,-0.67,,,-0.92,,,,,,,,,,,,,,,,,,,,,,,,,,,,,,,,,,,,,,,,,,,,,,,,,2020-07-31,,-1.59,,pre-market,,,,,,,,,,,,,-72.8261,,,,,,,,,,,,
2020-09-30,CVX,,,,,,,,,,,,,,,,,,,,,,,,,,,,,,,,,,,,,,0.38,,,-0.27,,,,,,,,,,,,,,,,,,,,,,,,,,,,,,,,,,,,,,,,,,,,,,,,,2020-10-30,,0.11,,pre-market,,,,,,,,,,,,,140.7407,,,,,,,,,,,,
2020-12-31,CVX,,,,,,,,,,,,,,,,,,,,,,,,,,,,,,,,,,,,,,-0.1,,,0.09,,,,,,,,,,,,,,,,,,,,,,,,,,,,,,,,,,,,,,,,,,,,,,,,,2021-01-29,,-0.01,,pre-market,,,,,,,,,,,,,-111.1111,,,,,,,,,,,,
2021-03-31,CVX,,,,,,,,,,,,,,,,,,,,,,,,,,,,,,,,,,,,,,-0.04,,,0.94,,,,,,,,,,,,,,,,,,,,,,,,,,,,,,,,,,,,,,,,,,,,,,,,,2021-04-30,,0.9,,pre-market,,,,,,,,,,,,,-4.2553,,,,,,,,,,,,
2021-06-30,CVX,,,,,,,,,,,,,,,,,,,,,,,,,,,,,,,,,,,,,,0.11,,,1.6,,,,,,,,,,,,,,,,,,,,,,,,,,,,,,,,,,,,,,,,,,,,,,,,,2021-07-30,,1.71,,pre-market,,,,,,,,,,,,,6.875,,,,,,,,,,,,
2021-09-30,CVX,,,,,,,,,,,,,,,,,,,,,,,,,,,,,,,,,,,,,,0.77,,,2.19,,,,,,,,,,,,,,,,,,,,,,,,,,,,,,,,,,,,,,,,,,,,,,,,,2021-10-29,,2.96,,pre-market,,,,,,,,,,,,,35.1598,,,,,,,,,,,,
2021-12-31,CVX,,,,,,,,,,,,,,,,,,,,,,,,,,,,,,,,,,,,,,-0.56,,,3.12,,,,,,,,,,,,,,,,,,,,,,,,,,,,,,,,,,,,,,,,,,,,,,,,,2022-01-28,,2.56,,pre-market,,,,,,,,,,,,,-17.9487,,,,,,,,,,,,
2022-03-31,CVX,,,,,,,,,,,,,,,,,,,,,,,,,,,,,,,,,,,,,,-0.09,,,3.45,,,,,,,,,,,,,,,,,,,,,,,,,,,,,,,,,,,,,,,,,,,,,,,,,2022-04-29,,3.36,,pre-market,,,,,,,,,,,,,-2.6087,,,,,,,,,,,,
2022-06-30,CVX,,,,,,,,,,,,,,,,,,,,,,,,,,,,,,,,,,,,,,0.79,,,5.03,,,,,,,,,,,,,,,,,,,,,,,,,,,,,,,,,,,,,,,,,,,,,,,,,2022-07-29,,5.82,,pre-market,,,,,,,,,,,,,15.7058,,,,,,,,,,,,
2022-09-30,CVX,,,,,,,,,,,,,,,,,,,,,,,,,,,,,,,,,,,,,,0.64,,,4.92,,,,,,,,,,,,,,,,,,,,,,,,,,,,,,,,,,,,,,,,,,,,,,,,,2022-10-28,,5.56,,pre-market,,,,,,,,,,,,,13.0081,,,,,,,,,,,,
2022-12-31,CVX,,,,,,,,,,,,,,,,,,,,,,,,,,,,,,,,,,,,,,-0.21,,,4.3,,,,,,,,,,,,,,,,,,,,,,,,,,,,,,,,,,,,,,,,,,,,,,,,,2023-01-27,,4.09,,pre-market,,,,,,,,,,,,,-4.8837,,,,,,,,,,,,
2023-03-31,CVX,,,,,,,,,,,,,,,,,,,,,,,,,,,,,,,,,,,,,,0.17,,,3.38,,,,,,,,,,,,,,,,,,,,,,,,,,,,,,,,,,,,,,,,,,,,,,,,,2023-04-28,,3.55,,pre-market,,,,,,,,,,,,,5.0296,,,,,,,,,,,,
2023-06-30,CVX,,,,,,,,,,,,,,,,,,,,,,,,,,,,,,,,,,,,,,0.1,,,2.98,,,,,,,,,,,,,,,,,,,,,,,,,,,,,,,,,,,,,,,,,,,,,,,,,2023-07-23,,3.08,,post-market,,,,,,,,,,,,,3.3557,,,,,,,,,,,,
2023-09-30,CVX,,,,,,,,,,,,,,,,,,,,,,,,,,,,,,,,,,,,,,-0.63,,,3.68,,,,,,,,,,,,,,,,,,,,,,,,,,,,,,,,,,,,,,,,,,,,,,,,,2023-10-27,,3.05,,pre-market,,,,,,,,,,,,,-17.1196,,,,,,,,,,,,
2023-12-31,CVX,,,,,,,,,,,,,,,,,,,,,,,,,,,,,,,,,,,,,,0.23,,,3.22,,,,,,,,,,,,,,,,,,,,,,,,,,,,,,,,,,,,,,,,,,,,,,,,,2024-02-02,,3.45,,pre-market,,,,,,,,,,,,,7.1429,,,,,,,,,,,,
2024-03-31,CVX,,,,,,,,,,,,,,,,,,,,,,,,,,,,,,,,,,,,,,0.1,,,2.87,,,,,,,,,,,,,,,,,,,,,,,,,,,,,,,,,,,,,,,,,,,,,,,,,2024-04-26,,2.97,,pre-market,,,,,,,,,,,,,3.4843,,,,,,,,,,,,
2024-06-30,CVX,,,,,,,,,,,,,,,,,,,,,,,,,,,,,,,,,,,,,,-0.45,,,3.0,,,,,,,,,,,,,,,,,,,,,,,,,,,,,,,,,,,,,,,,,,,,,,,,,2024-08-02,,2.55,,pre-market,,,,,,,,,,,,,-15.0,,,,,,,,,,,,
2024-09-30,CVX,,,,,,,,,,,,,,,,,,,,,,,,,,,,,,,,,,,,,,0.09,,,2.42,,,,,,,,,,,,,,,,,,,,,,,,,,,,,,,,,,,,,,,,,,,,,,,,,2024-11-01,,2.51,,pre-market,,,,,,,,,,,,,3.719,,,,,,,,,,,,
2024-12-31,CVX,,,,,,,,,,,,,,,,,,,,,,,,,,,,,,,,,,,,,,-0.1,,,1.94,,,,,,,,,,,,,,,,,,,,,,,,,,,,,,,,,,,,,,,,,,,,,,,,,2025-01-31,,1.84,,pre-market,,,,,,,,,,,,,-5.1546,,,,,,,,,,,,
2025-03-31,CVX,,,,,,,,,,,,,,,,,,,,,,,,,,,,,,,,,,,,,,0.03,,,2.15,,,,,,,,,,,,,,,,,,,,,,,,,,,,,,,,,,,,,,,,,,,,,,,,,2025-05-02,,2.18,,pre-market,,,,,,,,,,,,,1.3953,,,,,,,,,,,,
2025-06-30,CVX,,,,,,,,,,,,,,,,,,,,,,,,,,,,,,,,,,,,,,0.03,,,1.74,,,,,,,,,,,,,,,,,,,,,,,,,,,,,,,,,,,,,,,,,,,,,,,,,2025-08-01,,1.77,,pre-market,,,,,,,,,,,,,1.7241,,,,,,,,,,,,
2025-09-30,CVX,,,,,,,,,,,,,,,,,,,,,,,,,,,,,,,,,,,,,,0.29,,,1.53,,,,,,,,,,,,,,,,,,,,,,,,,,,,,,,,,,,,,,,,,,,,,,,,,2025-10-31,,1.82,,pre-market,,,,,,,,,,,,,18.9542,,,,,,,,,,,,
2025-12-28,CVX,7.11,188687008000.0,21.1,,0.673,94.28,,,,,,,,,,,,,,,,,,,,,,,,,,6.76,0.0449,,,,-0.266,0.29,,,1.53,,19.42,,76610003000.0,,,,,,,,,,,,,,,,,,,0.0985,,,,,,,,,,,,,2.94,1.585,1.602,,,,,,,,0.0677,,,2025-10-31,,1.82,,pre-market,,,0.0405,0.0732,-0.014,105.17,,,,,150.35,152.25,18.9542,,,,,,,,,21.1,,163.27,127.59
2025-12-28,CVX,7.11,188687008000.0,21.1,,0.673,94.28,,,,,,,,,,,,,,,None,42595000000,42595000000,,,,,,None,5781000000,,6.76,0.0449,,,,-0.266,0.29,5784000000,11565000000,1.53,2025-09-30,19.42,,76610003000.0,5574000000,5414000000,1801000000,,,None,370000000,672000000,,None,,,,,3539000000,3613000000,-370000000,None,0.0985,,1347000000,4227000000,,,,,None,,,,,2.94,1.585,1.602,,,,,,,,0.0677,,,2025-10-31,quarterly,1.82,USD,pre-market,None,,0.0405,0.0732,-0.014,105.17,1524000000,,,,150.35,152.25,18.9542,,,,,,,48169000000,,21.1,,163.27,127.59
2025-12-28,CVX,7.11,188687008000.0,21.1,,0.673,94.28,,,,,,,,,,,,,,,None,39100000000,39100000000,,,,,,None,4344000000,,6.76,0.0449,,,,-0.266,0.29,4421000000,8765000000,1.53,2025-06-30,19.42,,76610003000.0,5275000000,4147000000,1632000000,,,None,274000000,262000000,,None,,,,,2490000000,2515000000,-274000000,None,0.0985,,1301000000,3974000000,,,,,None,,,,,2.94,1.585,1.602,,,,,,,,0.0677,,,2025-10-31,quarterly,1.82,USD,pre-market,None,,0.0405,0.0732,-0.014,105.17,8947000000,,,,150.35,152.25,18.9542,,,,,,,44375000000,,21.1,,163.27,127.59
2025-12-28,CVX,7.11,188687008000.0,21.1,,0.673,94.28,,,,,,,,,,,,,,,None,36250000000,36250000000,,,,,,None,4123000000,,6.76,0.0449,,,,-0.266,0.29,5795000000,9918000000,1.53,2025-03-31,19.42,,76610003000.0,11360000000,5583000000,2071000000,,,None,212000000,677000000,,None,,,,,3512000000,3512000000,-212000000,None,0.0985,,13205000000,-1845000000,,,,,None,,,,,2.94,1.585,1.602,,,,,,,,0.0677,,,2025-10-31,quarterly,1.82,USD,pre-market,None,,0.0405,0.0732,-0.014,105.17,1221000000,,,,150.35,152.25,18.9542,,,,,,,47610000000,,21.1,,163.27,127.59
2025-12-28,CVX,7.11,188687008000.0,21.1,,0.673,94.28,,,,,,,,,,,,,,,None,35121000000,35121000000,,,,,,None,5177000000,,6.76,0.0449,,,,-0.266,0.29,6258000000,11435000000,1.53,2024-12-31,19.42,,76610003000.0,13213000000,6059000000,2800000000,,,None,199000000,489000000,,None,,,,,3239000000,3259000000,-199000000,None,0.0985,,10797000000,2416000000,,,,,None,,,,,2.94,1.585,1.602,,,,,,,,0.0677,,,2025-10-31,quarterly,1.82,USD,pre-market,None,,0.0405,0.0732,-0.014,105.17,1585000000,,,,150.35,152.25,18.9542,,,,,,,48334000000,,21.1,,163.27,127.59
2025-12-28,CVX,7.11,188687008000.0,21.1,,0.673,94.28,,,,,,,,,,,,,,,None,34664000000,34664000000,,,,,,None,4230000000,,6.76,0.0449,,,,-0.266,0.29,6653000000,10883000000,1.53,2024-09-30,19.42,,76610003000.0,14262000000,6489000000,1993000000,,,None,164000000,1097000000,,None,,,,,4487000000,4496000000,-164000000,None,0.0985,,9303000000,4959000000,,,,,None,,,,,2.94,1.585,1.602,,,,,,,,0.0677,,,2025-10-31,quarterly,1.82,USD,pre-market,None,,0.0405,0.0732,-0.014,105.17,1191000000,,,,150.35,152.25,18.9542,,,,,,,48926000000,,21.1,,163.27,127.59
2025-12-28,CVX,7.11,188687008000.0,21.1,,0.673,94.28,,,,,,,,,,,,,,,None,34871000000,34871000000,,,,,,None,4185000000,,6.76,0.0449,,,,-0.266,0.29,7149000000,11334000000,1.53,2024-06-30,19.42,,76610003000.0,14703000000,7036000000,2593000000,,,None,113000000,None,,None,,,,,4434000000,4443000000,-113000000,None,0.0985,,9113000000,5590000000,,,,,None,,,,,2.94,1.585,1.602,,,,,,,,0.0677,,,2025-10-31,quarterly,1.82,USD,pre-market,None,,0.0405,0.0732,-0.014,105.17,1048000000,,,,150.35,152.25,18.9542,,,,,,,49574000000,,21.1,,163.27,127.59
2025-12-28,CVX,7.11,188687008000.0,21.1,,0.673,94.28,,,,,,,,,,,,,,,None,31832000000,31832000000,,,,,,None,4119000000,,6.76,0.0449,,,,-0.266,0.29,8040000000,12159000000,1.53,2024-03-31,19.42,,76610003000.0,14748000000,7922000000,2371000000,,,None,118000000,None,,None,,,,,5501000000,5551000000,-118000000,None,0.0985,,8796000000,5952000000,,,,,None,,,,,2.94,1.585,1.602,,,,,,,,0.0677,,,2025-10-31,quarterly,1.82,USD,pre-market,None,,0.0405,0.0732,-0.014,105.17,1010000000,,,,150.35,152.25,18.9542,,,,,,,46580000000,,21.1,,163.27,127.59
2025-12-28,CVX,7.11,188687008000.0,21.1,,0.673,94.28,,,,,,,,,,,,,,,None,34731000000,34731000000,,,,,,None,3602000000,,6.76,0.0449,,,,-0.266,0.29,3610000000,7212000000,1.53,2023-12-31,19.42,,76610003000.0,14202000000,3490000000,1247000000,,,None,120000000,None,,None,,,,,2259000000,2243000000,-120000000,None,0.0985,,8795000000,5407000000,,,,,None,,,,,2.94,1.585,1.602,,,,,,,,0.0677,,,2025-10-31,quarterly,1.82,USD,pre-market,320000000,,0.0405,0.0732,-0.014,105.17,969000000,,,,150.35,152.25,18.9542,,,,,,,48933000000,,21.1,,163.27,127.59
2025-12-28,CVX,7.11,188687008000.0,21.1,,0.673,94.28,,,,,,,,,,,,,,,None,36353000000,36353000000,,,,,,None,4197000000,,6.76,0.0449,,,,-0.266,0.29,8852000000,13049000000,1.53,2023-09-30,19.42,,76610003000.0,15569000000,8738000000,2183000000,,,None,114000000,1199000000,,None,,,,,6526000000,6555000000,-114000000,None,0.0985,,6510000000,9059000000,,,,,None,,,,,2.94,1.585,1.602,,,,,,,,0.0677,,,2025-10-31,quarterly,1.82,USD,pre-market,None,,0.0405,0.0732,-0.014,105.17,8574000000,,,,150.35,152.25,18.9542,,,,,,,51922000000,,21.1,,163.27,127.59
2025-12-28,CVX,7.11,188687008000.0,21.1,,0.673,94.28,,,,,,,,,,,,,,,None,32505000000,32505000000,,,,,,None,3559000000,,6.76,0.0449,,,,-0.266,0.29,7957000000,11516000000,1.53,2023-06-30,19.42,,76610003000.0,14711000000,7837000000,1829000000,,,None,120000000,1120000000,,None,,,,,6010000000,6008000000,-120000000,None,0.0985,,8395000000,6316000000,,,,,None,,,,,2.94,1.585,1.602,,,,,,,,0.0677,,,2025-10-31,quarterly,1.82,USD,pre-market,None,,0.0405,0.0732,-0.014,105.17,8265000000,,,,150.35,152.25,18.9542,,,,,,,47216000000,,21.1,,163.27,127.59
2025-12-28,CVX,7.11,188687008000.0,21.1,,0.673,94.28,,,,,,,,,,,,,,,None,32933000000,32933000000,,,,,,None,3631000000,,6.76,0.0449,,,,-0.266,0.29,9634000000,13265000000,1.53,2023-03-31,19.42,,76610003000.0,15909000000,9519000000,2914000000,,,None,115000000,1473000000,,None,,,,,6574000000,6605000000,-115000000,None,0.0985,,8188000000,7721000000,,,,,None,,,,,2.94,1.585,1.602,,,,,,,,0.0677,,,2025-10-31,quarterly,1.82,USD,pre-market,None,,0.0405,0.0732,-0.014,105.17,1977000000,,,,150.35,152.25,18.9542,,,,,,,48842000000,,21.1,,163.27,127.59
2025-12-28,CVX,7.11,188687008000.0,21.1,,0.673,94.28,,,,,,,,,,,,,,,None,39438000000,39438000000,,,,,,None,3485000000,,6.76,0.0449,,,,-0.266,0.29,9931000000,13416000000,1.53,2022-12-31,19.42,,76610003000.0,15085000000,9808000000,3430000000,,,None,123000000,1500000000,,None,,,,,6353000000,6378000000,-123000000,None,0.0985,,7068000000,8017000000,,,,,None,,,,,2.94,1.585,1.602,,,,,,,,0.0677,,,2025-10-31,quarterly,1.82,USD,pre-market,268000000,,0.0405,0.0732,-0.014,105.17,8755000000,,,,150.35,152.25,18.9542,,,,,,,54523000000,,21.1,,163.27,127.59
2025-12-28,CVX,7.11,188687008000.0,21.1,,0.673,94.28,,,,,,,,,,,,,,,None,42952000000,42952000000,,,,,,None,4222000000,,6.76,0.0449,,,,-0.266,0.29,14937000000,19159000000,1.53,2022-09-30,19.42,,76610003000.0,20556000000,14809000000,3571000000,,,None,128000000,2282000000,,None,,,,,11231000000,11238000000,-128000000,None,0.0985,,8547000000,12009000000,,,,,None,,,,,2.94,1.585,1.602,,,,,,,,0.0677,,,2025-10-31,quarterly,1.82,USD,pre-market,None,,0.0405,0.0732,-0.014,105.17,9300000000,,,,150.35,152.25,18.9542,,,,,,,63508000000,,21.1,,163.27,127.59
2025-12-28,CVX,7.11,188687008000.0,21.1,,0.673,94.28,,,,,,,,,,,,,,,None,44384000000,44384000000,,,,,,None,3799000000,,6.76,0.0449,,,,-0.266,0.29,16132000000,19931000000,1.53,2022-06-30,19.42,,76610003000.0,20988000000,16003000000,4288000000,,,None,129000000,2338000000,,None,,,,,11622000000,11715000000,-129000000,None,0.0985,,8259000000,12729000000,,,,,None,,,,,2.94,1.585,1.602,,,,,,,,0.0677,,,2025-10-31,quarterly,1.82,USD,pre-market,None,,0.0405,0.0732,-0.014,105.17,2426000000,,,,150.35,152.25,18.9542,,,,,,,65372000000,,21.1,,163.27,127.59
2025-12-28,CVX,7.11,188687008000.0,21.1,,0.673,94.28,,,,,,,,,,,,,,,None,37065000000,37065000000,,,,,,None,3789000000,,6.76,0.0449,,,,-0.266,0.29,9190000000,12979000000,1.53,2022-03-31,19.42,,76610003000.0,15249000000,9054000000,2777000000,,,None,136000000,1949000000,,None,,,,,6259000000,6277000000,-136000000,None,0.0985,,8054000000,7195000000,,,,,None,,,,,2.94,1.585,1.602,,,,,,,,0.0677,,,2025-10-31,quarterly,1.82,USD,pre-market,None,,0.0405,0.0732,-0.014,105.17,2969000000,,,,150.35,152.25,18.9542,,,,,,,52314000000,,21.1,,163.27,127.59
2025-12-28,CVX,7.11,188687008000.0,21.1,,0.673,94.28,,,,,,,,,,,,,,,None,32154000000,32154000000,,,,,,None,3846000000,,6.76,0.0449,,,,-0.266,0.29,7140000000,10986000000,1.53,2021-12-31,19.42,,76610003000.0,13707000000,6985000000,1903000000,,,None,155000000,1502000000,,None,,,,,5055000000,5082000000,-155000000,None,0.0985,,8749000000,4958000000,,,,,None,,,,,2.94,1.585,1.602,,,,,,,,0.0677,,,2025-10-31,quarterly,1.82,USD,pre-market,268000000,,0.0405,0.0732,-0.014,105.17,8643000000,,,,150.35,152.25,18.9542,,,,,,,45861000000,,21.1,,163.27,127.59
2025-12-28,CVX,7.11,188687008000.0,21.1,,0.673,94.28,,,,,,,,,,,,,,,None,28138000000,28138000000,,,,,,None,4340000000,,6.76,0.0449,,,,-0.266,0.29,8229000000,12569000000,1.53,2021-09-30,19.42,,76610003000.0,14414000000,8055000000,1940000000,,,None,174000000,1473000000,,None,,,,,6111000000,6115000000,-174000000,None,0.0985,,8243000000,6171000000,,,,,None,,,,,2.94,1.585,1.602,,,,,,,,0.0677,,,2025-10-31,quarterly,1.82,USD,pre-market,None,,0.0405,0.0732,-0.014,105.17,8185000000,,,,150.35,152.25,18.9542,,,,,,,42552000000,,21.1,,163.27,127.59
2025-12-28,CVX,7.11,188687008000.0,21.1,,0.673,94.28,,,,,,,,,,,,,,,None,25151000000,25151000000,,,,,,None,4537000000,,6.76,0.0449,,,,-0.266,0.29,4607000000,9144000000,1.53,2021-06-30,19.42,,76610003000.0,10966000000,4422000000,1328000000,,,None,185000000,1257000000,,None,,,,,3082000000,3094000000,-185000000,None,0.0985,,7674000000,3292000000,,,,,None,,,,,2.94,1.585,1.602,,,,,,,,0.0677,,,2025-10-31,quarterly,1.82,USD,pre-market,None,,0.0405,0.0732,-0.014,105.17,7726000000,,,,150.35,152.25,18.9542,,,,,,,36117000000,,21.1,,163.27,127.59
2025-12-28,CVX,7.11,188687008000.0,21.1,,0.673,94.28,,,,,,,,,,,,,,,None,21854000000,21854000000,,,,,,None,4290000000,,6.76,0.0449,,,,-0.266,0.29,2375000000,6665000000,1.53,2021-03-31,19.42,,76610003000.0,9222000000,2177000000,779000000,,,None,198000000,713000000,,None,,,,,1377000000,1398000000,-198000000,None,0.0985,,7463000000,1759000000,,,,,None,,,,,2.94,1.585,1.602,,,,,,,,0.0677,,,2025-10-31,quarterly,1.82,USD,pre-market,None,,0.0405,0.0732,-0.014,105.17,2410000000,,,,150.35,152.25,18.9542,,,,,,,31076000000,,21.1,,163.27,127.59
2025-12-28,CVX,7.11,188687008000.0,21.1,,0.673,94.28,,,,,,,,,,,,,,,None,17873000000,17873000000,,,,,,None,1322000000,,6.76,0.0449,,,,-0.266,0.29,-758000000,564000000,1.53,2020-12-31,19.42,,76610003000.0,6970000000,-957000000,-301000000,,,None,199000000,369000000,,None,,,,,-665000000,-656000000,-199000000,None,0.0985,,7670000000,-700000000,,,,,None,,,,,2.94,1.585,1.602,,,,,,,,0.0677,,,2025-10-31,quarterly,1.82,USD,pre-market,435000000,,0.0405,0.0732,-0.014,105.17,4213000000,,,,150.35,152.25,18.9542,,,,,,,24843000000,,21.1,,163.27,127.59
2025-12-28,CVX,7.11,188687008000.0,21.1,,0.673,94.28,,,,,,,,,,,,,,,None,17465000000,17465000000,,,,,,None,4020000000,,6.76,0.0449,,,,-0.266,0.29,120000000,4140000000,1.53,2020-09-30,19.42,,76610003000.0,6532000000,-44000000,165000000,,,None,164000000,346000000,,None,,,,,-207000000,-209000000,-164000000,None,0.0985,,6644000000,-112000000,,,,,None,,,,,2.94,1.585,1.602,,,,,,,,0.0677,,,2025-10-31,quarterly,1.82,USD,pre-market,None,,0.0405,0.0732,-0.014,105.17,832000000,,,,150.35,152.25,18.9542,,,,,,,23997000000,,21.1,,163.27,127.59
2025-12-28,CVX,7.11,188687008000.0,21.1,,0.673,94.28,,,,,,,,,,,,,,,None,14861000000,14861000000,,,,,,None,7512000000,,6.76,0.0449,,,,-0.266,0.29,-10425000000,-2913000000,1.53,2020-06-30,19.42,,76610003000.0,1065000000,-10597000000,-2320000000,,,None,172000000,2903000000,,None,,,,,-8270000000,-8277000000,-172000000,None,0.0985,,8959000000,-7894000000,,,,,None,,,,,2.94,1.585,1.602,,,,,,,,0.0677,,,2025-10-31,quarterly,1.82,USD,pre-market,None,,0.0405,0.0732,-0.014,105.17,1569000000,,,,150.35,152.25,18.9542,,,,,,,15926000000,,21.1,,163.27,127.59
2025-12-28,CVX,7.11,188687008000.0,21.1,,0.673,94.28,,,,,,,,,,,,,,,None,19797000000,19797000000,,,,,,None,4338000000,,6.76,0.0449,,,,-0.266,0.29,4307000000,8645000000,1.53,2020-03-31,19.42,,76610003000.0,9908000000,4145000000,564000000,,,None,162000000,1260000000,,None,,,,,3599000000,3581000000,-162000000,None,0.0985,,7299000000,2609000000,,,,,None,,,,,2.94,1.585,1.602,,,,,,,,0.0677,,,2025-10-31,quarterly,1.82,USD,pre-market,None,,0.0405,0.0732,-0.014,105.17,683000000,,,,150.35,152.25,18.9542,,,,,,,29705000000,,21.1,,163.27,127.59
2025-12-28,CVX,7.11,188687008000.0,21.1,,0.673,94.28,,,,,,,,,,,,,,,None,36122000000,36122000000,,,,,,None,5039000000,,6.76,0.0449,,,,-0.266,0.29,-8227000000,-3188000000,1.53,2019-12-31,19.42,,76610003000.0,-1548000000,-8405000000,-1738000000,,,None,178000000,258000000,,None,,,,,-6610000000,-6667000000,-178000000,None,0.0985,,8357000000,-9905000000,,,,,None,,,,,2.94,1.585,1.602,,,,,,,,0.0677,,,2025-10-31,quarterly,1.82,USD,pre-market,500000000,,0.0405,0.0732,-0.014,105.17,1129000000,,,,150.35,152.25,18.9542,,,,,,,34574000000,,21.1,,163.27,127.59
2025-12-28,CVX,7.11,188687008000.0,21.1,,0.673,94.28,,,,,,,,,,,,,,,None,24243000000,24243000000,,,,,,None,4375000000,,6.76,0.0449,,,,-0.266,0.29,4246000000,8621000000,1.53,2019-09-30,19.42,,76610003000.0,10536000000,4049000000,1469000000,,,None,197000000,1023000000,,None,,,,,2580000000,2580000000,-197000000,None,0.0985,,7506000000,3030000000,,,,,None,,,,,2.94,1.585,1.602,,,,,,,,0.0677,,,2025-10-31,quarterly,1.82,USD,pre-market,None,,0.0405,0.0732,-0.014,105.17,954000000,,,,150.35,152.25,18.9542,,,,,,,34779000000,,21.1,,163.27,127.59
2025-12-28,CVX,7.11,188687008000.0,21.1,,0.673,94.28,,,,,,,,,,,,,,,None,25169000000,25169000000,,,,,,None,4371000000,,6.76,0.0449,,,,-0.266,0.29,6133000000,10504000000,1.53,2019-06-30,19.42,,76610003000.0,11154000000,5935000000,1645000000,,,None,198000000,987000000,,None,,,,,4305000000,4290000000,-198000000,None,0.0985,,7451000000,3703000000,,,,,None,,,,,2.94,1.585,1.602,,,,,,,,0.0677,,,2025-10-31,quarterly,1.82,USD,pre-market,None,,0.0405,0.0732,-0.014,105.17,1076000000,,,,150.35,152.25,18.9542,,,,,,,36323000000,,21.1,,163.27,127.59
2025-12-28,CVX,7.11,188687008000.0,21.1,,0.673,94.28,,,,,,,,,,,,,,,None,23797000000,23797000000,,,,,,None,4180000000,,6.76,0.0449,,,,-0.266,0.29,4182000000,8362000000,1.53,2019-03-31,19.42,,76610003000.0,10392000000,3957000000,1315000000,,,None,225000000,592000000,,None,,,,,2649000000,2642000000,-225000000,None,0.0985,,7120000000,3272000000,,,,,None,,,,,2.94,1.585,1.602,,,,,,,,0.0677,,,2025-10-31,quarterly,1.82,USD,pre-market,None,,0.0405,0.0732,-0.014,105.17,984000000,,,,150.35,152.25,18.9542,,,,,,,34189000000,,21.1,,163.27,127.59
2025-12-28,CVX,7.11,188687008000.0,21.1,,0.673,94.28,,,,,,,,,,,,,,,None,29172000000,29172000000,,,,,,None,3954000000,,6.76,0.0449,,,,-0.266,0.29,5088000000,9042000000,1.53,2018-12-31,19.42,,76610003000.0,11166000000,4898000000,1175000000,,,None,190000000,None,,None,,,,,3730000000,3716000000,None,None,0.0985,,7876000000,3290000000,,,,,None,,,,,2.94,1.585,1.602,,,,,,,,0.0677,,,2025-10-31,quarterly,1.82,USD,pre-market,453000000,,0.0405,0.0732,-0.014,105.17,1080000000,,,,150.35,152.25,18.9542,,,,,,,40338000000,,21.1,,163.27,127.59
2025-12-28,CVX,7.11,188687008000.0,21.1,,0.673,94.28,,,,,,,,,,,,,,,None,30061000000,30061000000,,,,,,None,5870000000,,6.76,0.0449,,,,-0.266,0.29,5881000000,11751000000,1.53,2018-09-30,19.42,,76610003000.0,12044000000,5699000000,1643000000,,,None,182000000,None,,None,,,,,4047000000,4059000000,None,None,0.0985,,7887000000,4157000000,,,,,None,,,,,2.94,1.585,1.602,,,,,,,,0.0677,,,2025-10-31,quarterly,1.82,USD,pre-market,0,,0.0405,0.0732,-0.014,105.17,1018000000,,,,150.35,152.25,18.9542,,,,,,,42105000000,,21.1,,163.27,127.59
2025-12-28,CVX,7.11,188687008000.0,21.1,,0.673,94.28,,,,,,,,,,,,,,,None,29242000000,29242000000,,,,,,None,4559000000,,6.76,0.0449,,,,-0.266,0.29,5122000000,9681000000,1.53,2018-06-30,19.42,,76610003000.0,11249000000,4905000000,1483000000,,,None,217000000,None,,None,,,,,3409000000,3422000000,None,None,0.0985,,7770000000,3479000000,,,,,None,,,,,2.94,1.585,1.602,,,,,,,,0.0677,,,2025-10-31,quarterly,1.82,USD,pre-market,0,,0.0405,0.0732,-0.014,105.17,1017000000,,,,150.35,152.25,18.9542,,,,,,,40491000000,,21.1,,163.27,127.59
2025-12-28,CVX,7.11,188687008000.0,21.1,,0.673,94.28,,,,,,,,,,,,,,,None,25522000000,25522000000,,,,,,None,4334000000,,6.76,0.0449,,,,-0.266,0.29,5232000000,9566000000,1.53,2018-03-31,19.42,,76610003000.0,10446000000,5073000000,1414000000,,,None,159000000,None,,None,,,,,3638000000,3663000000,None,None,0.0985,,6926000000,3520000000,,,,,None,,,,,2.94,1.585,1.602,,,,,,,,0.0677,,,2025-10-31,quarterly,1.82,USD,pre-market,0,,0.0405,0.0732,-0.014,105.17,723000000,,,,150.35,152.25,18.9542,,,,,,,35968000000,,21.1,,163.27,127.59
2025-12-28,CVX,7.11,188687008000.0,21.1,,0.673,94.28,,,,,,,,,,,,,,,None,25893000000,25893000000,,,,,,None,3104000000,,6.76,0.0449,,,,-0.266,0.29,1654000000,4758000000,1.53,2017-12-31,19.42,,76610003000.0,10488000000,1481000000,-1637000000,,,None,173000000,None,,None,,,,,3111000000,3118000000,None,None,0.0985,,10069000000,419000000,,,,,None,,,,,2.94,1.585,1.602,,,,,,,,0.0677,,,2025-10-31,quarterly,1.82,USD,pre-market,433000000,,0.0405,0.0732,-0.014,105.17,1349000000,,,,150.35,152.25,18.9542,,,,,,,36381000000,,21.1,,163.27,127.59
2025-12-28,CVX,7.11,188687008000.0,21.1,,0.673,94.28,,,,,,,,,,,,,,,None,23885000000,23885000000,,,,,,None,5230000000,,6.76,0.0449,,,,-0.266,0.29,2693000000,7923000000,1.53,2017-09-30,19.42,,76610003000.0,10007000000,2658000000,672000000,,,None,35000000,None,,None,,,,,1952000000,1986000000,None,None,0.0985,,9408000000,599000000,,,,,None,,,,,2.94,1.585,1.602,,,,,,,,0.0677,,,2025-10-31,quarterly,1.82,USD,pre-market,0,,0.0405,0.0732,-0.014,105.17,1238000000,,,,150.35,152.25,18.9542,,,,,,,33892000000,,21.1,,163.27,127.59
2025-12-28,CVX,7.11,188687008000.0,21.1,,0.673,94.28,,,,,,,,,,,,,,,None,23636000000,23636000000,,,,,,None,5323000000,,6.76,0.0449,,,,-0.266,0.29,2001000000,7324000000,1.53,2017-06-30,19.42,,76610003000.0,9241000000,1953000000,487000000,,,None,48000000,None,,None,,,,,1450000000,1466000000,None,None,0.0985,,8707000000,534000000,,,,,None,,,,,2.94,1.585,1.602,,,,,,,,0.0677,,,2025-10-31,quarterly,1.82,USD,pre-market,0,,0.0405,0.0732,-0.014,105.17,991000000,,,,150.35,152.25,18.9542,,,,,,,32877000000,,21.1,,163.27,127.59
2025-12-28,CVX,7.11,188687008000.0,21.1,,0.673,94.28,,,,,,,,,,,,,,,None,21700000000,21700000000,,,,,,None,4201000000,,6.76,0.0449,,,,-0.266,0.29,3180000000,7381000000,1.53,2017-03-31,19.42,,76610003000.0,9824000000,3129000000,430000000,,,None,51000000,None,,None,,,,,2682000000,2699000000,None,None,0.0985,,8411000000,1413000000,,,,,None,,,,,2.94,1.585,1.602,,,,,,,,0.0677,,,2025-10-31,quarterly,1.82,USD,pre-market,0,,0.0405,0.0732,-0.014,105.17,870000000,,,,150.35,152.25,18.9542,,,,,,,31524000000,,21.1,,163.27,127.59
2025-12-28,CVX,7.11,188687008000.0,21.1,,0.673,94.28,,,,,,,,,,,,,,,None,21179000000,21179000000,,,,,,None,4220000000,,6.76,0.0449,,,,-0.266,0.29,570000000,4790000000,1.53,2016-12-31,19.42,,76610003000.0,8963000000,512000000,74000000,,,None,58000000,None,,None,,,,,415000000,438000000,None,None,0.0985,,9748000000,-785000000,,,,,None,,,,,2.94,1.585,1.602,,,,,,,,0.0677,,,2025-10-31,quarterly,1.82,USD,pre-market,476000000,,0.0405,0.0732,-0.014,105.17,1544000000,,,,150.35,152.25,18.9542,,,,,,,30142000000,,21.1,,163.27,127.59
2025-12-28,CVX,7.11,188687008000.0,21.1,,0.673,94.28,,,,,,,,,,,,,,,None,19972000000,19972000000,,,,,,None,4268000000,,6.76,0.0449,,,,-0.266,0.29,1173000000,5441000000,1.53,2016-09-30,19.42,,76610003000.0,9187000000,1109000000,-192000000,,,None,64000000,None,,None,,,,,1283000000,1301000000,None,None,0.0985,,8995000000,192000000,,,,,None,,,,,2.94,1.585,1.602,,,,,,,,0.0677,,,2025-10-31,quarterly,1.82,USD,pre-market,0,,0.0405,0.0732,-0.014,105.17,1109000000,,,,150.35,152.25,18.9542,,,,,,,29159000000,,21.1,,163.27,127.59
2025-12-28,CVX,7.11,188687008000.0,21.1,,0.673,94.28,,,,,,,,,,,,,,,None,21999000000,21999000000,,,,,,None,6793000000,,6.76,0.0449,,,,-0.266,0.29,-1991000000,4802000000,1.53,2016-06-30,19.42,,76610003000.0,5845000000,-2070000000,-607000000,,,None,79000000,None,,None,,,,,-1470000000,-1463000000,None,None,0.0985,,9274000000,-3429000000,,,,,None,,,,,2.94,1.585,1.602,,,,,,,,0.0677,,,2025-10-31,quarterly,1.82,USD,pre-market,0,,0.0405,0.0732,-0.014,105.17,1033000000,,,,150.35,152.25,18.9542,,,,,,,27844000000,,21.1,,163.27,127.59
2025-12-28,CVX,7.11,188687008000.0,21.1,,0.673,94.28,,,,,,,,,,,,,,,None,15628000000,15628000000,,,,,,None,4665000000,,6.76,0.0449,,,,-0.266,0.29,-1711000000,2954000000,1.53,2016-03-31,19.42,,76610003000.0,7442000000,-1711000000,-1004000000,,,None,156000000,None,,None,,,,,-725000000,-707000000,None,None,0.0985,,9636000000,-2194000000,,,,,None,,,,,2.94,1.585,1.602,,,,,,,,0.0677,,,2025-10-31,quarterly,1.82,USD,pre-market,0,,0.0405,0.0732,-0.014,105.17,998000000,,,,150.35,152.25,18.9542,,,,,,,23070000000,,21.1,,163.27,127.59
2025-12-28,CVX,7.11,188687008000.0,21.1,,0.673,94.28,,,,,,,,,,,,,,,None,19970000000,19970000000,,,,,,None,6444000000,,6.76,0.0449,,,,-0.266,0.29,-3443000000,3001000000,1.53,2015-12-31,19.42,,76610003000.0,8044000000,-2210000000,-1655000000,,,None,142000000,None,,None,,,,,-588000000,-555000000,None,None,0.0985,,11487000000,-3443000000,,,,,None,,,,,2.94,1.585,1.602,,,,,,,,0.0677,,,2025-10-31,quarterly,1.82,USD,pre-market,601000000,,0.0405,0.0732,-0.014,105.17,1303000000,,,,150.35,152.25,18.9542,,,,,,,28014000000,,21.1,,163.27,127.59
2025-12-28,CVX,7.11,188687008000.0,21.1,,0.673,94.28,,,,,,,,,,,,,,,None,21715000000,21715000000,,,,,,None,4373000000,,6.76,0.0449,,,,-0.266,0.29,2784000000,7157000000,1.53,2015-09-30,19.42,,76610003000.0,11052000000,2784000000,727000000,,,None,124000000,None,,None,,,,,2037000000,2057000000,None,None,0.0985,,9816000000,1236000000,,,,,None,,,,,2.94,1.585,1.602,,,,,,,,0.0677,,,2025-10-31,quarterly,1.82,USD,pre-market,0,,0.0405,0.0732,-0.014,105.17,1026000000,,,,150.35,152.25,18.9542,,,,,,,32767000000,,21.1,,163.27,127.59
2025-12-28,CVX,7.11,188687008000.0,21.1,,0.673,94.28,,,,,,,,,,,,,,,None,27499000000,27499000000,,,,,,None,7770000000,,6.76,0.0449,,,,-0.266,0.29,1363000000,9133000000,1.53,2015-06-30,19.42,,76610003000.0,9330000000,1363000000,755000000,,,None,122000000,None,,None,,,,,571000000,608000000,None,None,0.0985,,11495000000,-2165000000,,,,,None,,,,,2.94,1.585,1.602,,,,,,,,0.0677,,,2025-10-31,quarterly,1.82,USD,pre-market,0,,0.0405,0.0732,-0.014,105.17,1170000000,,,,150.35,152.25,18.9542,,,,,,,36829000000,,21.1,,163.27,127.59
2025-12-28,CVX,7.11,188687008000.0,21.1,,0.673,94.28,,,,,,,,,,,,,,,None,21604000000,21604000000,,,,,,None,4759000000,,6.76,0.0449,,,,-0.266,0.29,662000000,5421000000,1.53,2015-03-31,19.42,,76610003000.0,10711000000,2905000000,305000000,,,None,107000000,None,,None,,,,,2567000000,2600000000,None,None,0.0985,,10049000000,662000000,,,,,None,,,,,2.94,1.585,1.602,,,,,,,,0.0677,,,2025-10-31,quarterly,1.82,USD,pre-market,0,,0.0405,0.0732,-0.014,105.17,944000000,,,,150.35,152.25,18.9542,,,,,,,32315000000,,21.1,,163.27,127.59
2025-12-28,CVX,7.11,188687008000.0,21.1,,0.673,94.28,,,,,,,,,,,,,,,None,29136000000,29136000000,,,,,,None,5126000000,,6.76,0.0449,,,,-0.266,0.29,1407000000,6533000000,1.53,2014-12-31,19.42,,76610003000.0,12975000000,5384000000,1912000000,,,None,93000000,None,,None,,,,,3471000000,3472000000,None,None,0.0985,,11568000000,1407000000,,,,,None,,,,,2.94,1.585,1.602,,,,,,,,0.0677,,,2025-10-31,quarterly,1.82,USD,pre-market,707000000,,0.0405,0.0732,-0.014,105.17,1368000000,,,,150.35,152.25,18.9542,,,,,,,42111000000,,21.1,,163.27,127.59
2025-12-28,CVX,7.11,188687008000.0,21.1,,0.673,94.28,,,,,,,,,,,,,,,None,34689000000,34689000000,,,,,,None,4075000000,,6.76,0.0449,,,,-0.266,0.29,6006000000,10081000000,1.53,2014-09-30,19.42,,76610003000.0,17133000000,8863000000,3236000000,,,None,88000000,None,,None,,,,,5593000000,5627000000,None,None,0.0985,,11127000000,6006000000,,,,,None,,,,,2.94,1.585,1.602,,,,,,,,0.0677,,,2025-10-31,quarterly,1.82,USD,pre-market,0,,0.0405,0.0732,-0.014,105.17,1122000000,,,,150.35,152.25,18.9542,,,,,,,51822000000,,21.1,,163.27,127.59
2025-12-28,CVX,7.11,188687008000.0,21.1,,0.673,94.28,,,,,,,,,,,,,,,None,37686000000,37686000000,,,,,,None,4197000000,,6.76,0.0449,,,,-0.266,0.29,6672000000,10869000000,1.53,2014-06-30,19.42,,76610003000.0,17897000000,9027000000,3337000000,,,None,89000000,None,,None,,,,,5665000000,5690000000,None,None,0.0985,,11225000000,6672000000,,,,,None,,,,,2.94,1.585,1.602,,,,,,,,0.0677,,,2025-10-31,quarterly,1.82,USD,pre-market,0,,0.0405,0.0732,-0.014,105.17,1077000000,,,,150.35,152.25,18.9542,,,,,,,55583000000,,21.1,,163.27,127.59
2025-12-28,CVX,7.11,188687008000.0,21.1,,0.673,94.28,,,,,,,,,,,,,,,None,34953000000,34953000000,,,,,,None,4270000000,,6.76,0.0449,,,,-0.266,0.29,5641000000,9911000000,1.53,2014-03-31,19.42,,76610003000.0,16025000000,7928000000,3407000000,,,None,88000000,None,,None,,,,,4512000000,4521000000,None,None,0.0985,,10384000000,5641000000,,,,,None,,,,,2.94,1.585,1.602,,,,,,,,0.0677,,,2025-10-31,quarterly,1.82,USD,pre-market,0,,0.0405,0.0732,-0.014,105.17,927000000,,,,150.35,152.25,18.9542,,,,,,,50978000000,,21.1,,163.27,127.59
2025-12-28,CVX,7.11,188687008000.0,21.1,,0.673,94.28,,,,,,,,,,,,,,,None,36326000000,36326000000,,,,,,None,3972000000,,6.76,0.0449,,,,-0.266,0.29,5990000000,9962000000,1.53,2013-12-31,19.42,,76610003000.0,17624000000,8198000000,3240000000,,,None,88000000,None,,None,,,,,4930000000,4958000000,None,None,0.0985,,11634000000,5990000000,,,,,None,,,,,2.94,1.585,1.602,,,,,,,,0.0677,,,2025-10-31,quarterly,1.82,USD,pre-market,750000000,,0.0405,0.0732,-0.014,105.17,1176000000,,,,150.35,152.25,18.9542,,,,,,,53950000000,,21.1,,163.27,127.59
2025-12-28,CVX,7.11,188687008000.0,21.1,,0.673,94.28,,,,,,,,,,,,,,,None,38480000000,38480000000,,,,,,None,3925000000,,6.76,0.0449,,,,-0.266,0.29,6935000000,10860000000,1.53,2013-09-30,19.42,,76610003000.0,18123000000,8835000000,3839000000,,,None,87000000,None,,None,,,,,4950000000,4996000000,None,None,0.0985,,11188000000,6935000000,,,,,None,,,,,2.94,1.585,1.602,,,,,,,,0.0677,,,2025-10-31,quarterly,1.82,USD,pre-market,0,,0.0405,0.0732,-0.014,105.17,1197000000,,,,150.35,152.25,18.9542,,,,,,,56603000000,,21.1,,163.27,127.59
2025-12-28,CVX,7.11,188687008000.0,21.1,,0.673,94.28,,,,,,,,,,,,,,,None,37685000000,37685000000,,,,,,None,3479000000,,6.76,0.0449,,,,-0.266,0.29,6527000000,10006000000,1.53,2013-06-30,19.42,,76610003000.0,17622000000,8589000000,3185000000,,,None,53000000,None,,None,,,,,5365000000,5404000000,None,None,0.0985,,11095000000,6527000000,,,,,None,,,,,2.94,1.585,1.602,,,,,,,,0.0677,,,2025-10-31,quarterly,1.82,USD,pre-market,0,,0.0405,0.0732,-0.014,105.17,1139000000,,,,150.35,152.25,18.9542,,,,,,,55307000000,,21.1,,163.27,127.59
2025-12-28,CVX,7.11,188687008000.0,21.1,,0.673,94.28,,,,,,,,,,,,,,,None,36391000000,36391000000,,,,,,None,3493000000,,6.76,0.0449,,,,-0.266,0.29,7761000000,11254000000,1.53,2013-03-31,19.42,,76610003000.0,17905000000,10283000000,4044000000,,,None,56000000,None,,None,,,,,6178000000,6239000000,None,None,0.0985,,10144000000,7761000000,,,,,None,,,,,2.94,1.585,1.602,,,,,,,,0.0677,,,2025-10-31,quarterly,1.82,USD,pre-market,0,,0.0405,0.0732,-0.014,105.17,998000000,,,,150.35,152.25,18.9542,,,,,,,54296000000,,21.1,,163.27,127.59
2025-12-28,CVX,7.11,188687008000.0,21.1,,0.673,94.28,,,,,,,,,,,,,,,None,47372000000,47372000000,,,,,,None,4109000000,,6.76,0.0449,,,,-0.266,0.29,17050000000,21159000000,1.53,2012-12-31,19.42,,76610003000.0,6935000000,11976000000,4679000000,,,None,66000000,None,,None,,,,,7245000000,7297000000,None,None,0.0985,,1204000000,5731000000,,,,,None,,,,,2.94,1.585,1.602,,,,,,,,0.0677,,,2025-10-31,quarterly,1.82,USD,pre-market,648000000,,0.0405,0.0732,-0.014,105.17,15115000000,,,,150.35,152.25,18.9542,,,,,,,54307000000,,21.1,,163.27,127.59
2025-12-28,CVX,7.11,188687008000.0,21.1,,0.673,94.28,,,,,,,,,,,,,,,None,37352000000,37352000000,,,,,,None,3446000000,,6.76,0.0449,,,,-0.266,0.29,7548000000,10994000000,1.53,2012-09-30,19.42,,76610003000.0,18308000000,9932000000,4624000000,,,None,58000000,None,,None,,,,,5253000000,5308000000,None,None,0.0985,,10760000000,7548000000,,,,,None,,,,,2.94,1.585,1.602,,,,,,,,0.0677,,,2025-10-31,quarterly,1.82,USD,pre-market,0,,0.0405,0.0732,-0.014,105.17,7046000000,,,,150.35,152.25,18.9542,,,,,,,55660000000,,21.1,,163.27,127.59
2025-12-28,CVX,7.11,188687008000.0,21.1,,0.673,94.28,,,,,,,,,,,,,,,None,40056000000,40056000000,,,,,,None,3484000000,,6.76,0.0449,,,,-0.266,0.29,9527000000,13011000000,1.53,2012-06-30,19.42,,76610003000.0,19724000000,12355000000,5123000000,,,None,59000000,None,,None,,,,,7210000000,7232000000,None,None,0.0985,,10197000000,9527000000,,,,,None,,,,,2.94,1.585,1.602,,,,,,,,0.0677,,,2025-10-31,quarterly,1.82,USD,pre-market,0,,0.0405,0.0732,-0.014,105.17,6670000000,,,,150.35,152.25,18.9542,,,,,,,59780000000,,21.1,,163.27,127.59
2025-12-28,CVX,7.11,188687008000.0,21.1,,0.673,94.28,,,,,,,,,,,,,,,None,39258000000,39258000000,,,,,,None,3447000000,,6.76,0.0449,,,,-0.266,0.29,10260000000,13707000000,1.53,2012-03-31,19.42,,76610003000.0,19638000000,12069000000,5570000000,,,None,59000000,None,,None,,,,,6471000000,6499000000,None,None,0.0985,,9378000000,10260000000,,,,,None,,,,,2.94,1.585,1.602,,,,,,,,0.0677,,,2025-10-31,quarterly,1.82,USD,pre-market,0,,0.0405,0.0732,-0.014,105.17,6123000000,,,,150.35,152.25,18.9542,,,,,,,58896000000,,21.1,,163.27,127.59
2025-12-28,CVX,7.11,188687008000.0,21.1,,0.673,94.28,,,,,,,,,,,,,,,None,66097000000,66097000000,,,,,,None,3313000000,,6.76,0.0449,,,,-0.266,0.29,9965000000,13278000000,1.53,2011-12-31,19.42,,76610003000.0,-7679000000,9965000000,4813000000,,,None,61000000,None,,None,,,,,5123000000,5152000000,None,None,0.0985,,-7992000000,313000000,,,,,None,,,,,2.94,1.585,1.602,,,,,,,,0.0677,,,2025-10-31,quarterly,1.82,USD,pre-market,627000000,,0.0405,0.0732,-0.014,105.17,14371000000,,,,150.35,152.25,18.9542,,,,,,,58418000000,,21.1,,163.27,127.59
2025-12-28,CVX,7.11,188687008000.0,21.1,,0.673,94.28,,,,,,,,,,,,,,,None,37600000000,37600000000,,,,,,None,3215000000,,6.76,0.0449,,,,-0.266,0.29,11113000000,14328000000,1.53,2011-09-30,19.42,,76610003000.0,24605000000,13340000000,5483000000,,,None,72000000,None,,None,,,,,7829000000,7857000000,None,None,0.0985,,13492000000,11113000000,,,,,None,,,,,2.94,1.585,1.602,,,,,,,,0.0677,,,2025-10-31,quarterly,1.82,USD,pre-market,0,,0.0405,0.0732,-0.014,105.17,6493000000,,,,150.35,152.25,18.9542,,,,,,,62205000000,,21.1,,163.27,127.59
2025-12-28,CVX,7.11,188687008000.0,21.1,,0.673,94.28,,,,,,,,,,,,,,,None,40759000000,40759000000,,,,,,None,3257000000,,6.76,0.0449,,,,-0.266,0.29,16585000000,19842000000,1.53,2011-06-30,19.42,,76610003000.0,26307000000,13207000000,5447000000,,,None,77000000,None,,None,,,,,7732000000,7760000000,None,None,0.0985,,9722000000,16585000000,,,,,None,,,,,2.94,1.585,1.602,,,,,,,,0.0677,,,2025-10-31,quarterly,1.82,USD,pre-market,0,,0.0405,0.0732,-0.014,105.17,6460000000,,,,150.35,152.25,18.9542,,,,,,,67066000000,,21.1,,163.27,127.59
2025-12-28,CVX,7.11,188687008000.0,21.1,,0.673,94.28,,,,,,,,,,,,,,,None,35201000000,35201000000,,,,,,None,3126000000,,6.76,0.0449,,,,-0.266,0.29,9435000000,12561000000,1.53,2011-03-31,19.42,,76610003000.0,23453000000,11122000000,4883000000,,,None,78000000,None,,None,,,,,6211000000,6239000000,None,None,0.0985,,14018000000,9435000000,,,,,None,,,,,2.94,1.585,1.602,,,,,,,,0.0677,,,2025-10-31,quarterly,1.82,USD,pre-market,0,,0.0405,0.0732,-0.014,105.17,1100000000,,,,150.35,152.25,18.9542,,,,,,,58654000000,,21.1,,163.27,127.59
2025-12-28,CVX,7.11,188687008000.0,21.1,,0.673,94.28,,,,,,,,,,,,,,,None,35452000000,35452000000,,,,,,None,3439000000,,6.76,0.0449,,,,-0.266,0.29,8770000000,12209000000,1.53,2010-12-31,19.42,,76610003000.0,17065000000,8766000000,3446000000,,,None,4000000,None,,None,,,,,5295000000,5320000000,None,None,0.0985,,9805000000,7260000000,,,,,None,,,,,2.94,1.585,1.602,,,,,,,,0.0677,,,2025-10-31,quarterly,1.82,USD,pre-market,526000000,,0.0405,0.0732,-0.014,105.17,1408000000,,,,150.35,152.25,18.9542,,,,,,,52517000000,,21.1,,163.27,127.59
2025-12-28,CVX,7.11,188687008000.0,21.1,,0.673,94.28,,,,,,,,,,,,,,,None,28610000000,28610000000,,,,,,None,3401000000,,6.76,0.0449,,,,-0.266,0.29,6882000000,10283000000,1.53,2010-09-30,19.42,,76610003000.0,19866000000,6873000000,3081000000,,,None,9000000,None,,None,,,,,3768000000,3792000000,None,None,0.0985,,14226000000,5640000000,,,,,None,,,,,2.94,1.585,1.602,,,,,,,,0.0677,,,2025-10-31,quarterly,1.82,USD,pre-market,0,,0.0405,0.0732,-0.014,105.17,1181000000,,,,150.35,152.25,18.9542,,,,,,,48476000000,,21.1,,163.27,127.59
2025-12-28,CVX,7.11,188687008000.0,21.1,,0.673,94.28,,,,,,,,,,,,,,,None,30604000000,30604000000,,,,,,None,3141000000,,6.76,0.0449,,,,-0.266,0.29,8783000000,11924000000,1.53,2010-06-30,19.42,,76610003000.0,20750000000,8766000000,3322000000,,,None,17000000,None,,None,,,,,5409000000,5444000000,None,None,0.0985,,9026000000,11724000000,,,,,None,,,,,2.94,1.585,1.602,,,,,,,,0.0677,,,2025-10-31,quarterly,1.82,USD,pre-market,0,,0.0405,0.0732,-0.014,105.17,1136000000,,,,150.35,152.25,18.9542,,,,,,,51354000000,,21.1,,163.27,127.59
2025-12-28,CVX,7.11,188687008000.0,21.1,,0.673,94.28,,,,,,,,,,,,,,,None,31733000000,31733000000,,,,,,None,3082000000,,6.76,0.0449,,,,-0.266,0.29,7670000000,10752000000,1.53,2010-03-31,19.42,,76610003000.0,15211000000,7650000000,3070000000,,,None,20000000,None,,None,,,,,4552000000,4580000000,None,None,0.0985,,8776000000,6435000000,,,,,None,,,,,2.94,1.585,1.602,,,,,,,,0.0677,,,2025-10-31,quarterly,1.82,USD,pre-market,0,,0.0405,0.0732,-0.014,105.17,1042000000,,,,150.35,152.25,18.9542,,,,,,,46944000000,,21.1,,163.27,127.59
2025-12-28,CVX,7.11,188687008000.0,21.1,,0.673,94.28,,,,,,,,,,,,,,,None,33505000000,33505000000,,,,,,None,3156000000,,6.76,0.0449,,,,-0.266,0.29,5821000000,8977000000,1.53,2009-12-31,19.42,,76610003000.0,14273000000,5821000000,2719000000,,,None,79000000,None,,None,,,,,3070000000,0,None,None,0.0985,,9350000000,4923000000,,,,,None,,,,,2.94,1.585,1.602,,,,,,,,0.0677,,,2025-10-31,quarterly,1.82,USD,pre-market,603000000,,0.0405,0.0732,-0.014,105.17,1330000000,,,,150.35,152.25,18.9542,,,,,,,47778000000,,21.1,,163.27,127.59
2025-12-28,CVX,7.11,188687008000.0,21.1,,0.673,94.28,,,,,,,,,,,,,,,None,27211000000,27211000000,,,,,,None,2988000000,,6.76,0.0449,,,,-0.266,0.29,6202000000,9190000000,1.53,2009-09-30,19.42,,76610003000.0,19414000000,6188000000,2342000000,,,None,14000000,None,,None,,,,,3831000000,None,None,None,0.0985,,13212000000,5130000000,,,,,None,,,,,2.94,1.585,1.602,,,,,,,,0.0677,,,2025-10-31,quarterly,1.82,USD,pre-market,None,,0.0405,0.0732,-0.014,105.17,None,,,,150.35,152.25,18.9542,,,,,,,46625000000,,21.1,,163.27,127.59
2025-12-28,CVX,7.11,188687008000.0,21.1,,0.673,94.28,,,,,,,,,,,,,,,None,27887000000,27887000000,,,,,,None,3099000000,,6.76,0.0449,,,,-0.266,0.29,3352000000,6451000000,1.53,2009-06-30,19.42,,76610003000.0,11583000000,3346000000,1585000000,,,None,6000000,None,,None,,,,,1745000000,1761000000,None,None,0.0985,,8966000000,2617000000,,,,,None,,,,,2.94,1.585,1.602,,,,,,,,0.0677,,,2025-10-31,quarterly,1.82,USD,pre-market,0,,0.0405,0.0732,-0.014,105.17,1043000000,,,,150.35,152.25,18.9542,,,,,,,39470000000,,21.1,,163.27,127.59
2025-12-28,CVX,7.11,188687008000.0,21.1,,0.673,94.28,,,,,,,,,,,,,,,None,24746000000,24746000000,,,,,,None,2867000000,,6.76,0.0449,,,,-0.266,0.29,3181000000,6048000000,1.53,2009-03-31,19.42,,76610003000.0,10773000000,3173000000,1319000000,,,None,8000000,None,,None,,,,,1837000000,0,None,None,0.0985,,8203000000,2570000000,,,,,None,,,,,2.94,1.585,1.602,,,,,,,,0.0677,,,2025-10-31,quarterly,1.82,USD,pre-market,0,,0.0405,0.0732,-0.014,105.17,977000000,,,,150.35,152.25,18.9542,,,,,,,35519000000,,21.1,,163.27,127.59
2025-12-28,CVX,7.11,188687008000.0,21.1,,0.673,94.28,,,,,,,,,,,,,,,None,29329000000,29329000000,,,,,,None,2589000000,,6.76,0.0449,,,,-0.266,0.29,7246000000,9835000000,1.53,2008-12-31,19.42,,76610003000.0,15874000000,7240000000,2345000000,,,None,166000000,None,,None,,,,,4895000000,0,None,None,0.0985,,8628000000,7246000000,,,,,None,,,,,2.94,1.585,1.602,,,,,,,,0.0677,,,2025-10-31,quarterly,1.82,USD,pre-market,835000000,,0.0405,0.0732,-0.014,105.17,1492000000,,,,150.35,152.25,18.9542,,,,,,,45203000000,,21.1,,163.27,127.59
2025-12-28,CVX,7.11,188687008000.0,21.1,,0.673,94.28,,,,,,,,,,,,,,,None,54914000000,54914000000,,,,,,None,2449000000,,6.76,0.0449,,,,-0.266,0.29,14341000000,16790000000,1.53,2008-09-30,19.42,,76610003000.0,22280000000,14341000000,6416000000,,,None,59000000,None,,None,,,,,7893000000,0,None,None,0.0985,,9612000000,12668000000,,,,,None,,,,,2.94,1.585,1.602,,,,,,,,0.0677,,,2025-10-31,quarterly,1.82,USD,pre-market,0,,0.0405,0.0732,-0.014,105.17,1278000000,,,,150.35,152.25,18.9542,,,,,,,77194000000,,21.1,,163.27,127.59
2025-12-28,CVX,7.11,188687008000.0,21.1,,0.673,94.28,,,,,,,,,,,,,,,None,61304000000,61304000000,,,,,,None,2275000000,,6.76,0.0449,,,,-0.266,0.29,11765000000,14040000000,1.53,2008-06-30,19.42,,76610003000.0,20122000000,11765000000,5756000000,,,None,60000000,None,,None,,,,,5975000000,0,None,None,0.0985,,9920000000,10202000000,,,,,None,,,,,2.94,1.585,1.602,,,,,,,,0.0677,,,2025-10-31,quarterly,1.82,USD,pre-market,0,,0.0405,0.0732,-0.014,105.17,1639000000,,,,150.35,152.25,18.9542,,,,,,,81426000000,,21.1,,163.27,127.59
2025-12-28,CVX,7.11,188687008000.0,21.1,,0.673,94.28,,,,,,,,,,,,,,,None,46983000000,46983000000,,,,,,None,2215000000,,6.76,0.0449,,,,-0.266,0.29,9705000000,11920000000,1.53,2008-03-31,19.42,,76610003000.0,17719000000,9705000000,4509000000,,,None,86000000,None,,None,,,,,5168000000,0,None,None,0.0985,,9258000000,8461000000,,,,,None,,,,,2.94,1.585,1.602,,,,,,,,0.0677,,,2025-10-31,quarterly,1.82,USD,pre-market,0,,0.0405,0.0732,-0.014,105.17,1347000000,,,,150.35,152.25,18.9542,,,,,,,64702000000,,21.1,,163.27,127.59
2025-12-28,CVX,7.11,188687008000.0,21.1,,0.673,94.28,,,,,,,,,,,,,,,None,43303000000,43303000000,,,,,,None,2094000000,,6.76,0.0449,,,,-0.266,0.29,11168000000,13262000000,1.53,2007-12-31,19.42,,76610003000.0,18107000000,8578000000,3703000000,,,None,166000000,None,,None,,,,,4875000000,0,None,None,0.0985,,6939000000,11168000000,,,,,None,,,,,2.94,1.585,1.602,,,,,,,,0.0677,,,2025-10-31,quarterly,1.82,USD,pre-market,562000000,,0.0405,0.0732,-0.014,105.17,1833000000,,,,150.35,152.25,18.9542,,,,,,,61410000000,,21.1,,163.27,127.59
2025-12-28,CVX,7.11,188687008000.0,21.1,,0.673,94.28,,,,,,,,,,,,,,,None,38680000000,38680000000,,,,,,None,2496000000,,6.76,0.0449,,,,-0.266,0.29,7014000000,9510000000,1.53,2007-09-30,19.42,,76610003000.0,16493000000,6967000000,3249000000,,,None,22000000,None,,None,,,,,3718000000,0,None,None,0.0985,,9479000000,7014000000,,,,,None,,,,,2.94,1.585,1.602,,,,,,,,0.0677,,,2025-10-31,quarterly,1.82,USD,pre-market,0,,0.0405,0.0732,-0.014,105.17,1446000000,,,,150.35,152.25,18.9542,,,,,,,55173000000,,21.1,,163.27,127.59
2025-12-28,CVX,7.11,188687008000.0,21.1,,0.673,94.28,,,,,,,,,,,,,,,None,37535000000,37535000000,,,,,,None,2155000000,,6.76,0.0449,,,,-0.266,0.29,9145000000,11300000000,1.53,2007-06-30,19.42,,76610003000.0,18559000000,9062000000,3682000000,,,None,63000000,None,,None,,,,,5380000000,0,None,None,0.0985,,9415000000,9144000000,,,,,None,,,,,2.94,1.585,1.602,,,,,,,,0.0677,,,2025-10-31,quarterly,1.82,USD,pre-market,0,,0.0405,0.0732,-0.014,105.17,1516000000,,,,150.35,152.25,18.9542,,,,,,,56094000000,,21.1,,163.27,127.59
2025-12-28,CVX,7.11,188687008000.0,21.1,,0.673,94.28,,,,,,,,,,,,,,,None,32046000000,32046000000,,,,,,None,1963000000,,6.76,0.0449,,,,-0.266,0.29,7662000000,9625000000,1.53,2007-03-31,19.42,,76610003000.0,16181000000,7560000000,2845000000,,,None,74000000,None,,None,,,,,4715000000,0,None,None,0.0985,,8519000000,7662000000,,,,,None,,,,,2.94,1.585,1.602,,,,,,,,0.0677,,,2025-10-31,quarterly,1.82,USD,pre-market,0,,0.0405,0.0732,-0.014,105.17,1131000000,,,,150.35,152.25,18.9542,,,,,,,48227000000,,21.1,,163.27,127.59
2025-12-28,CVX,7.11,188687008000.0,21.1,,0.673,94.28,,,,,,,,,,,,,,,None,32297000000,32297000000,,,,,,None,1988000000,,6.76,0.0449,,,,-0.266,0.29,16276000000,18264000000,1.53,2006-12-31,19.42,,76610003000.0,15449000000,6631000000,2859000000,,,None,92000000,None,,None,,,,,3772000000,0,None,None,0.0985,,-827000000,16276000000,,,,,None,,,,,2.94,1.585,1.602,,,,,,,,0.0677,,,2025-10-31,quarterly,1.82,USD,pre-market,468000000,,0.0405,0.0732,-0.014,105.17,1203000000,,,,150.35,152.25,18.9542,,,,,,,47746000000,,21.1,,163.27,127.59
2025-12-28,CVX,7.11,188687008000.0,21.1,,0.673,94.28,,,,,,,,,,,,,,,None,36010000000,36010000000,,,,,,None,1923000000,,6.76,0.0449,,,,-0.266,0.29,11970000000,13893000000,1.53,2006-09-30,19.42,,76610003000.0,18202000000,9324000000,4307000000,,,None,104000000,None,,None,,,,,5017000000,0,None,None,0.0985,,6232000000,11970000000,,,,,None,,,,,2.94,1.585,1.602,,,,,,,,0.0677,,,2025-10-31,quarterly,1.82,USD,pre-market,0,,0.0405,0.0732,-0.014,105.17,1428000000,,,,150.35,152.25,18.9542,,,,,,,54212000000,,21.1,,163.27,127.59
2025-12-28,CVX,7.11,188687008000.0,21.1,,0.673,94.28,,,,,,,,,,,,,,,None,36847000000,36847000000,,,,,,None,1807000000,,6.76,0.0449,,,,-0.266,0.29,8522000000,10329000000,1.53,2006-06-30,19.42,,76610003000.0,16689000000,8379000000,4026000000,,,None,121000000,None,,None,,,,,4353000000,0,None,None,0.0985,,8167000000,8522000000,,,,,None,,,,,2.94,1.585,1.602,,,,,,,,0.0677,,,2025-10-31,quarterly,1.82,USD,pre-market,0,,0.0405,0.0732,-0.014,105.17,1207000000,,,,150.35,152.25,18.9542,,,,,,,53536000000,,21.1,,163.27,127.59
2025-12-28,CVX,7.11,188687008000.0,21.1,,0.673,94.28,,,,,,,,,,,,,,,None,38717000000,38717000000,,,,,,None,1788000000,,6.76,0.0449,,,,-0.266,0.29,7802000000,9590000000,1.53,2006-03-31,19.42,,76610003000.0,15907000000,7642000000,3646000000,,,None,134000000,None,,None,,,,,3996000000,0,None,None,0.0985,,8105000000,7802000000,,,,,None,,,,,2.94,1.585,1.602,,,,,,,,0.0677,,,2025-10-31,quarterly,1.82,USD,pre-market,0,,0.0405,0.0732,-0.014,105.17,1523000000,,,,150.35,152.25,18.9542,,,,,,,54624000000,,21.1,,163.27,127.59
2025-12-28,CVX,7.11,188687008000.0,21.1,,0.673,94.28,,,,,,,,,,,,,,,None,38339000000,38339000000,,,,,,None,1725000000,,6.76,0.0449,,,,-0.266,0.29,16046000000,17771000000,1.53,2005-12-31,19.42,,76610003000.0,22001000000,7159000000,3015000000,,,None,135000000,None,,None,,,,,4144000000,0,None,None,0.0985,,5955000000,16046000000,,,,,None,,,,,2.94,1.585,1.602,,,,,,,,0.0677,,,2025-10-31,quarterly,1.82,USD,pre-market,316000000,,0.0405,0.0732,-0.014,105.17,1340000000,,,,150.35,152.25,18.9542,,,,,,,60340000000,,21.1,,163.27,127.59
2025-12-28,CVX,7.11,188687008000.0,21.1,,0.673,94.28,,,,,,,,,,,,,,,None,39468000000,39468000000,,,,,,None,1534000000,,6.76,0.0449,,,,-0.266,0.29,6835000000,8369000000,1.53,2005-09-30,19.42,,76610003000.0,14988000000,6675000000,3081000000,,,None,136000000,None,,None,,,,,3594000000,0,None,None,0.0985,,8153000000,6835000000,,,,,None,,,,,2.94,1.585,1.602,,,,,,,,0.0677,,,2025-10-31,quarterly,1.82,USD,pre-market,0,,0.0405,0.0732,-0.014,105.17,1337000000,,,,150.35,152.25,18.9542,,,,,,,54456000000,,21.1,,163.27,127.59
2025-12-28,CVX,7.11,188687008000.0,21.1,,0.673,94.28,,,,,,,,,,,,,,,None,136488000000,136488000000,,,,,,None,17711000000,,6.76,0.0449,,,,-0.266,0.29,28100000000,45811000000,1.53,2024-12-31,19.42,,76610003000.0,56926000000,27506000000,9757000000,,,None,594000000,4002000000,,None,,,,,17661000000,17749000000,-594000000,None,0.0985,,27827000000,29099000000,,,,,None,,,,,2.94,1.585,1.602,,,,,,,,0.0677,,,2025-10-31,annual,1.82,USD,pre-market,353000000,,0.0405,0.0732,-0.014,105.17,4834000000,,,,150.35,152.25,18.9542,,,,,,,193414000000,,21.1,,163.27,127.59
2025-12-28,CVX,7.11,188687008000.0,21.1,,0.673,94.28,,,,,,,,,,,,,,,None,136522000000,136522000000,,,,,,None,17762000000,,6.76,0.0449,,,,-0.266,0.29,30053000000,47815000000,1.53,2023-12-31,19.42,,76610003000.0,60391000000,29584000000,8173000000,,,None,469000000,4662000000,,None,,,,,21369000000,21411000000,-469000000,None,0.0985,,26601000000,33790000000,,,,,None,,,,,2.94,1.585,1.602,,,,,,,,0.0677,,,2025-10-31,annual,1.82,USD,pre-market,320000000,,0.0405,0.0732,-0.014,105.17,4141000000,,,,150.35,152.25,18.9542,,,,,,,196913000000,,21.1,,163.27,127.59
2025-12-28,CVX,7.11,188687008000.0,21.1,,0.673,94.28,,,,,,,,,,,,,,,None,161735000000,161735000000,,,,,,None,16300000000,,6.76,0.0449,,,,-0.266,0.29,50190000000,66490000000,1.53,2022-12-31,19.42,,76610003000.0,73982000000,49674000000,14066000000,,,None,516000000,8069000000,,None,,,,,35465000000,35608000000,-516000000,None,0.0985,,34327000000,50190000000,,,,,None,,,,,2.94,1.585,1.602,,,,,,,,0.0677,,,2025-10-31,annual,1.82,USD,pre-market,268000000,,0.0405,0.0732,-0.014,105.17,33353000000,,,,150.35,152.25,18.9542,,,,,,,246252000000,,21.1,,163.27,127.59
2025-12-28,CVX,7.11,188687008000.0,21.1,,0.673,94.28,,,,,,,,,,,,,,,None,110174000000,110174000000,,,,,,None,17013000000,,6.76,0.0449,,,,-0.266,0.29,22351000000,39364000000,1.53,2021-12-31,19.42,,76610003000.0,45432000000,21639000000,5950000000,,,None,712000000,4945000000,,None,,,,,15625000000,15689000000,-712000000,None,0.0985,,29328000000,16104000000,,,,,None,,,,,2.94,1.585,1.602,,,,,,,,0.0677,,,2025-10-31,annual,1.82,USD,pre-market,268000000,,0.0405,0.0732,-0.014,105.17,32268000000,,,,150.35,152.25,18.9542,,,,,,,155606000000,,21.1,,163.27,127.59
2025-12-28,CVX,7.11,188687008000.0,21.1,,0.673,94.28,,,,,,,,,,,,,,,None,71656000000,71656000000,,,,,,None,17192000000,,6.76,0.0449,,,,-0.266,0.29,-6756000000,10436000000,1.53,2020-12-31,19.42,,76610003000.0,22815000000,-7453000000,-1892000000,,,None,697000000,1169000000,,None,,,,,-5543000000,-5561000000,-697000000,None,0.0985,,29757000000,-6942000000,,,,,None,,,,,2.94,1.585,1.602,,,,,,,,0.0677,,,2025-10-31,annual,1.82,USD,pre-market,435000000,,0.0405,0.0732,-0.014,105.17,4213000000,,,,150.35,152.25,18.9542,,,,,,,94471000000,,21.1,,163.27,127.59
2025-12-28,CVX,7.11,188687008000.0,21.1,,0.673,94.28,,,,,,,,,,,,,,,None,109331000000,109331000000,,,,,,None,17965000000,,6.76,0.0449,,,,-0.266,0.29,6334000000,24299000000,1.53,2019-12-31,19.42,,76610003000.0,30534000000,5536000000,2691000000,,,None,798000000,2860000000,,None,,,,,2924000000,2845000000,-798000000,None,0.0985,,30434000000,100000000,,,,,None,,,,,2.94,1.585,1.602,,,,,,,,0.0677,,,2025-10-31,annual,1.82,USD,pre-market,500000000,,0.0405,0.0732,-0.014,105.17,4143000000,,,,150.35,152.25,18.9542,,,,,,,139865000000,,21.1,,163.27,127.59
2025-12-28,CVX,7.11,188687008000.0,21.1,,0.673,94.28,,,,,,,,,,,,,,,None,113997000000,113997000000,,,,,,None,18717000000,,6.76,0.0449,,,,-0.266,0.29,21323000000,40040000000,1.53,2018-12-31,19.42,,76610003000.0,44905000000,20575000000,5715000000,,,None,748000000,5684000000,,None,,,,,14824000000,14860000000,-748000000,None,0.0985,,30459000000,14446000000,,,,,None,,,,,2.94,1.585,1.602,,,,,,,,0.0677,,,2025-10-31,annual,1.82,USD,pre-market,453000000,,0.0405,0.0732,-0.014,105.17,3838000000,,,,150.35,152.25,18.9542,,,,,,,158902000000,,21.1,,163.27,127.59
2025-12-28,CVX,7.11,188687008000.0,21.1,,0.673,94.28,,,,,,,,,,,,,,,None,95114000000,95114000000,,,,,,None,17858000000,,6.76,0.0449,,,,-0.266,0.29,9528000000,27386000000,1.53,2017-12-31,19.42,,76610003000.0,39560000000,9221000000,-48000000,,,None,307000000,4015000000,,None,,,,,9195000000,9269000000,-307000000,None,0.0985,,36432000000,3128000000,,,,,None,,,,,2.94,1.585,1.602,,,,,,,,0.0677,,,2025-10-31,annual,1.82,USD,pre-market,433000000,,0.0405,0.0732,-0.014,105.17,4448000000,,,,150.35,152.25,18.9542,,,,,,,134674000000,,21.1,,163.27,127.59
2025-12-28,CVX,7.11,188687008000.0,21.1,,0.673,94.28,,,,,,,,,,,,,,,None,78778000000,78778000000,,,,,,None,16011000000,,6.76,0.0449,,,,-0.266,0.29,-1959000000,14052000000,1.53,2016-12-31,19.42,,76610003000.0,31437000000,-2160000000,-1729000000,,,None,201000000,2160000000,,None,,,,,-497000000,-431000000,-201000000,None,0.0985,,36908000000,-5471000000,,,,,None,,,,,2.94,1.585,1.602,,,,,,,,0.0677,,,2025-10-31,annual,1.82,USD,pre-market,476000000,,0.0405,0.0732,-0.014,105.17,4684000000,,,,150.35,152.25,18.9542,,,,,,,110215000000,,21.1,,163.27,127.59
2025-12-28,CVX,7.11,188687008000.0,21.1,,0.673,94.28,,,,,,,,,,,,,,,None,90788000000,90788000000,,,,,,None,23346000000,,6.76,0.0449,,,,-0.266,0.29,-3710000000,19636000000,1.53,2015-12-31,19.42,,76610003000.0,39137000000,4842000000,132000000,,,None,0,4988000000,,None,,,,,4587000000,4710000000,None,None,0.0985,,42847000000,-3710000000,,,,,None,,,,,2.94,1.585,1.602,,,,,,,,0.0677,,,2025-10-31,annual,1.82,USD,pre-market,601000000,,0.0405,0.0732,-0.014,105.17,4443000000,,,,150.35,152.25,18.9542,,,,,,,129925000000,,21.1,,163.27,127.59
2025-12-28,CVX,7.11,188687008000.0,21.1,,0.673,94.28,,,,,,,,,,,,,,,None,136464000000,136464000000,,,,,,None,17668000000,,6.76,0.0449,,,,-0.266,0.29,19726000000,37394000000,1.53,2014-12-31,19.42,,76610003000.0,64030000000,31202000000,11892000000,,,None,0,None,,None,,,,,19241000000,19310000000,None,None,0.0985,,44304000000,19726000000,,,,,None,,,,,2.94,1.585,1.602,,,,,,,,0.0677,,,2025-10-31,annual,1.82,USD,pre-market,707000000,,0.0405,0.0732,-0.014,105.17,4494000000,,,,150.35,152.25,18.9542,,,,,,,200494000000,,21.1,,163.27,127.59
2025-12-28,CVX,7.11,188687008000.0,21.1,,0.673,94.28,,,,,,,,,,,,,,,None,148882000000,148882000000,,,,,,None,14869000000,,6.76,0.0449,,,,-0.266,0.29,27213000000,42082000000,1.53,2013-12-31,19.42,,76610003000.0,71274000000,35905000000,14308000000,,,None,0,None,,None,,,,,21423000000,21597000000,None,None,0.0985,,44061000000,27213000000,,,,,None,,,,,2.94,1.585,1.602,,,,,,,,0.0677,,,2025-10-31,annual,1.82,USD,pre-market,750000000,,0.0405,0.0732,-0.014,105.17,4510000000,,,,150.35,152.25,18.9542,,,,,,,220156000000,,21.1,,163.27,127.59
2025-12-28,CVX,7.11,188687008000.0,21.1,,0.673,94.28,,,,,,,,,,,,,,,None,154179000000,154179000000,,,,,,None,13968000000,,6.76,0.0449,,,,-0.266,0.29,35013000000,48981000000,1.53,2012-12-31,19.42,,76610003000.0,76411000000,46332000000,19996000000,,,None,0,None,,None,,,,,26179000000,26336000000,None,None,0.0985,,41398000000,35013000000,,,,,None,,,,,2.94,1.585,1.602,,,,,,,,0.0677,,,2025-10-31,annual,1.82,USD,pre-market,648000000,,0.0405,0.0732,-0.014,105.17,4724000000,,,,150.35,152.25,18.9542,,,,,,,230590000000,,21.1,,163.27,127.59
2025-12-28,CVX,7.11,188687008000.0,21.1,,0.673,94.28,,,,,,,,,,,,,,,None,162834000000,162834000000,,,,,,None,13288000000,,6.76,0.0449,,,,-0.266,0.29,38299000000,51587000000,1.53,2011-12-31,19.42,,76610003000.0,81537000000,47634000000,20626000000,,,None,0,None,,None,,,,,26895000000,27008000000,None,None,0.0985,,43238000000,38299000000,,,,,None,,,,,2.94,1.585,1.602,,,,,,,,0.0677,,,2025-10-31,annual,1.82,USD,pre-market,627000000,,0.0405,0.0732,-0.014,105.17,4745000000,,,,150.35,152.25,18.9542,,,,,,,244371000000,,21.1,,163.27,127.59
2025-12-28,CVX,7.11,188687008000.0,21.1,,0.673,94.28,,,,,,,,,,,,,,,None,129530000000,129530000000,,,,,,None,13559000000,,6.76,0.0449,,,,-0.266,0.29,32105000000,45664000000,1.53,2010-12-31,19.42,,76610003000.0,68668000000,32055000000,12919000000,,,None,50000000,None,,None,,,,,19024000000,19136000000,None,None,0.0985,,43293000000,25375000000,,,,,None,,,,,2.94,1.585,1.602,,,,,,,,0.0677,,,2025-10-31,annual,1.82,USD,pre-market,526000000,,0.0405,0.0732,-0.014,105.17,4767000000,,,,150.35,152.25,18.9542,,,,,,,198198000000,,21.1,,163.27,127.59
2025-12-28,CVX,7.11,188687008000.0,21.1,,0.673,94.28,,,,,,,,,,,,,,,None,125619000000,125619000000,,,,,,None,12110000000,,6.76,0.0449,,,,-0.266,0.29,18556000000,30666000000,1.53,2009-12-31,19.42,,76610003000.0,42701000000,18528000000,7965000000,,,None,28000000,None,,None,,,,,10483000000,10563000000,None,None,0.0985,,35570000000,7131000000,,,,,None,,,,,2.94,1.585,1.602,,,,,,,,0.0677,,,2025-10-31,annual,1.82,USD,pre-market,603000000,,0.0405,0.0732,-0.014,105.17,4527000000,,,,150.35,152.25,18.9542,,,,,,,168320000000,,21.1,,163.27,127.59
2025-12-28,CVX,7.11,188687008000.0,21.1,,0.673,94.28,,,,,,,,,,,,,,,None,192192000000,192192000000,,,,,,None,9528000000,,6.76,0.0449,,,,-0.266,0.29,43057000000,52585000000,1.53,2008-12-31,19.42,,76610003000.0,75447000000,43057000000,19026000000,,,None,166000000,None,,None,,,,,23931000000,None,None,None,0.0985,,37756000000,37691000000,,,,,None,,,,,2.94,1.585,1.602,,,,,,,,0.0677,,,2025-10-31,annual,1.82,USD,pre-market,835000000,,0.0405,0.0732,-0.014,105.17,5756000000,,,,150.35,152.25,18.9542,,,,,,,267639000000,,21.1,,163.27,127.59
2025-12-28,CVX,7.11,188687008000.0,21.1,,0.673,94.28,,,,,,,,,,,,,,,None,151564000000,151564000000,,,,,,None,8708000000,,6.76,0.0449,,,,-0.266,0.29,32440000000,41148000000,1.53,2007-12-31,19.42,,76610003000.0,69340000000,32167000000,13479000000,,,None,166000000,None,,None,,,,,18688000000,None,None,None,0.0985,,36900000000,32440000000,,,,,None,,,,,2.94,1.585,1.602,,,,,,,,0.0677,,,2025-10-31,annual,1.82,USD,pre-market,562000000,,0.0405,0.0732,-0.014,105.17,5926000000,,,,150.35,152.25,18.9542,,,,,,,220904000000,,21.1,,163.27,127.59
2025-12-28,CVX,7.11,188687008000.0,21.1,,0.673,94.28,,,,,,,,,,,,,,,None,144139000000,144139000000,,,,,,None,7506000000,,6.76,0.0449,,,,-0.266,0.29,32497000000,40003000000,1.53,2006-12-31,19.42,,76610003000.0,65979000000,31976000000,14838000000,,,None,0,None,,None,,,,,17138000000,None,None,None,0.0985,,33482000000,32497000000,,,,,None,,,,,2.94,1.585,1.602,,,,,,,,0.0677,,,2025-10-31,annual,1.82,USD,pre-market,468000000,,0.0405,0.0732,-0.014,105.17,5093000000,,,,150.35,152.25,18.9542,,,,,,,210118000000,,21.1,,163.27,127.59
2025-12-28,CVX,7.11,188687008000.0,21.1,,0.673,94.28,,,,,,,,,,,,,,,None,140902000000,140902000000,,,,,,None,5913000000,,6.76,0.0449,,,,-0.266,0.29,34494000000,40407000000,1.53,2005-12-31,19.42,,76610003000.0,57298000000,25197000000,11098000000,,,None,0,None,,None,,,,,14099000000,None,None,None,0.0985,,22804000000,34494000000,,,,,None,,,,,2.94,1.585,1.602,,,,,,,,0.0677,,,2025-10-31,annual,1.82,USD,pre-market,316000000,,0.0405,0.0732,-0.014,105.17,4828000000,,,,150.35,152.25,18.9542,,,,,,,198200000000,,21.1,,163.27,127.59
2025-12-28,CVX,7.11,188687008000.0,21.1,None,0.673,94.28,,None,7725000000,7725000000,,,,,,,,,1832000000,1808004000,None,140902000000,140902000000,19073000000,None,3591000000,17887000000,None,None,5913000000,,6.76,0.0449,,,,-0.266,0.29,34494000000,40407000000,1.53,2025-09-30,19.42,4568000000,76610003000.0,57298000000,25197000000,11098000000,None,None,None,0,None,10436000000,None,None,37953000000,None,44398000000,14099000000,None,None,None,0.0985,,22804000000,34494000000,4816000000,12808000000,None,23592000000,None,,,,,2.94,1.585,1.602,,,,,,,,0.0677,,219494000000,2025-10-31,quarterly,1.82,USD,pre-market,316000000,206006000000,0.0405,0.0732,-0.014,105.17,4828000000,41544000000,3591000000,2000000,150.35,152.25,18.9542,326501000000,40866000000,35472000000,130901000000,285635000000,95429000000,198200000000,189843000000,21.1,None,163.27,127.59
2025-12-28,CVX,7.11,188687008000.0,21.1,None,0.673,94.28,,None,4061000000,4061000000,,,,,,,,,1832000000,1737844000,None,140902000000,140902000000,18609000000,None,6191000000,17663000000,None,None,5913000000,,6.76,0.0449,,,,-0.266,0.29,34494000000,40407000000,1.53,2025-06-30,19.42,4568000000,76610003000.0,57298000000,25197000000,11098000000,None,None,None,0,None,8813000000,None,None,23276000000,None,48033000000,14099000000,None,None,None,0.0985,,22804000000,34494000000,4121000000,8776000000,None,21893000000,None,,,,,2.94,1.585,1.602,,,,,,,,0.0677,,147442000000,2025-10-31,quarterly,1.82,USD,pre-market,316000000,205905000000,0.0405,0.0732,-0.014,105.17,4828000000,29467000000,6191000000,33000000,150.35,152.25,18.9542,250820000000,34691000000,34827000000,103562000000,216129000000,68735000000,198200000000,146417000000,21.1,None,163.27,127.59
2025-12-28,CVX,7.11,188687008000.0,21.1,None,0.673,94.28,,None,4638000000,4638000000,,,,,,,,,1832000000,1751441000,None,140902000000,140902000000,20878000000,None,4076000000,19560000000,None,None,5913000000,,6.76,0.0449,,,,-0.266,0.29,34494000000,40407000000,1.53,2025-03-31,19.42,4568000000,76610003000.0,57298000000,25197000000,11098000000,None,None,None,0,None,9167000000,None,None,25605000000,None,49150000000,14099000000,None,None,None,0.0985,,22804000000,34494000000,5204000000,8374000000,None,21610000000,None,,,,,2.94,1.585,1.602,,,,,,,,0.0677,,148124000000,2025-10-31,quarterly,1.82,USD,pre-market,316000000,206359000000,0.0405,0.0732,-0.014,105.17,4828000000,29681000000,4076000000,5000000,150.35,152.25,18.9542,256397000000,38574000000,35702000000,106317000000,217823000000,70615000000,198200000000,149244000000,21.1,None,163.27,127.59
2025-12-28,CVX,7.11,188687008000.0,21.1,None,0.673,94.28,,604000000,6781000000,6781000000,,,,,,,,,1832000000,1777366000,None,140902000000,140902000000,22079000000,None,4348000000,20684000000,None,None,5913000000,,6.76,0.0449,,,,-0.266,0.29,34494000000,40407000000,1.53,2024-12-31,19.42,4578000000,76610003000.0,57298000000,25197000000,11098000000,None,None,None,0,None,9074000000,None,None,19589000000,None,47438000000,14099000000,None,None,None,0.0985,,22804000000,34494000000,4368000000,8486000000,None,22094000000,None,,,,,2.94,1.585,1.602,,,,,,,,0.0677,,153114000000,2025-10-31,quarterly,1.82,USD,pre-market,316000000,205852000000,0.0405,0.0732,-0.014,105.17,4828000000,24541000000,4406000000,4000000,150.35,152.25,18.9542,256938000000,40911000000,38558000000,103781000000,216027000000,65223000000,198200000000,152318000000,21.1,None,163.27,127.59
2025-12-28,CVX,7.11,188687008000.0,21.1,None,0.673,94.28,,None,4699000000,4699000000,,,,,,,,,1832000000,1807030000,None,140902000000,140902000000,20037000000,None,5144000000,19591000000,None,None,5913000000,,6.76,0.0449,,,,-0.266,0.29,34494000000,40407000000,1.53,2024-09-30,19.42,4722000000,76610003000.0,57298000000,25197000000,11098000000,None,None,None,0,None,9725000000,None,None,20697000000,None,47476000000,14099000000,None,None,None,0.0985,,22804000000,34494000000,4168000000,8313000000,None,21955000000,None,,,,,2.94,1.585,1.602,,,,,,,,0.0677,,147891000000,2025-10-31,quarterly,1.82,USD,pre-market,316000000,205503000000,0.0405,0.0732,-0.014,105.17,4828000000,25841000000,5144000000,4000000,150.35,152.25,18.9542,259232000000,38187000000,35718000000,102202000000,221045000000,66484000000,198200000000,156202000000,21.1,None,163.27,127.59
2025-12-28,CVX,7.11,188687008000.0,21.1,None,0.673,94.28,,None,4008000000,4008000000,,,,,,,,,1832000000,1833431000,None,140902000000,140902000000,21007000000,None,1735000000,20752000000,None,None,5913000000,,6.76,0.0449,,,,-0.266,0.29,34494000000,40407000000,1.53,2024-06-30,19.42,4722000000,76610003000.0,57298000000,25197000000,11098000000,None,None,None,0,None,10477000000,None,None,21449000000,None,47654000000,14099000000,None,None,None,0.0985,,22804000000,34494000000,4132000000,9054000000,None,21454000000,None,,,,,2.94,1.585,1.602,,,,,,,,0.0677,,None,2025-10-31,quarterly,1.82,USD,pre-market,316000000,203960000000,0.0405,0.0732,-0.014,105.17,4828000000,23184000000,1735000000,19176000000,150.35,152.25,18.9542,260644000000,39369000000,34027000000,100381000000,221275000000,66354000000,198200000000,159233000000,21.1,None,163.27,127.59
2025-12-28,CVX,7.11,188687008000.0,21.1,None,0.673,94.28,,None,6278000000,6278000000,,,,,,,,,1832000000,1849116000,None,140902000000,140902000000,21257000000,None,282000000,20414000000,None,None,5913000000,,6.76,0.0449,,,,-0.266,0.29,34494000000,40407000000,1.53,2024-03-31,19.42,4722000000,76610003000.0,57298000000,25197000000,11098000000,None,None,None,0,None,9942000000,None,None,21553000000,None,47650000000,14099000000,None,None,None,0.0985,,22804000000,34494000000,3874000000,7777000000,None,22448000000,None,,,,,2.94,1.585,1.602,,,,,,,,0.0677,,None,2025-10-31,quarterly,1.82,USD,pre-market,316000000,202514000000,0.0405,0.0732,-0.014,105.17,4828000000,21835000000,282000000,16446000000,150.35,152.25,18.9542,261651000000,40508000000,32940000000,99995000000,221143000000,67055000000,198200000000,160625000000,21.1,None,163.27,127.59
2025-12-28,CVX,7.11,188687008000.0,21.1,None,0.673,94.28,,574000000,8178000000,8178000000,,,,,,,,,1832000000,1868101000,None,140902000000,140902000000,20423000000,None,529000000,19921000000,None,None,5913000000,,6.76,0.0449,,,,-0.266,0.29,34494000000,40407000000,1.53,2023-12-31,19.42,4722000000,76610003000.0,57298000000,25197000000,11098000000,None,None,None,0,None,8612000000,None,None,19733000000,None,46812000000,14099000000,None,None,None,0.0985,,22804000000,34494000000,4372000000,7655000000,None,24226000000,None,,,,,2.94,1.585,1.602,,,,,,,,0.0677,,None,2025-10-31,quarterly,1.82,USD,pre-market,316000000,200025000000,0.0405,0.0732,-0.014,105.17,4828000000,20836000000,529000000,45000000,150.35,152.25,18.9542,261632000000,41128000000,32258000000,99703000000,220504000000,67445000000,198200000000,160957000000,21.1,None,163.27,127.59
2025-12-28,CVX,7.11,188687008000.0,21.1,None,0.673,94.28,,None,5797000000,5797000000,,,,,,,,,1832000000,1877104000,None,140902000000,140902000000,21649000000,None,440000000,21993000000,None,None,5913000000,,6.76,0.0449,,,,-0.266,0.29,34494000000,40407000000,1.53,2023-09-30,19.42,4722000000,76610003000.0,57298000000,25197000000,11098000000,4722000000,4722000000,None,0,None,9428000000,None,None,20119000000,None,48123000000,14099000000,None,None,None,0.0985,,22804000000,34494000000,4373000000,7618000000,None,20884000000,None,,,,,2.94,1.585,1.602,,,,,,,,0.0677,,153972000000,2025-10-31,quarterly,1.82,USD,pre-market,316000000,200593000000,0.0405,0.0732,-0.014,105.17,4828000000,20559000000,440000000,141000000,150.35,152.25,18.9542,263927000000,41732000000,33263000000,97679000000,222195000000,64416000000,198200000000,165265000000,21.1,None,163.27,127.59
2025-12-28,CVX,7.11,188687008000.0,21.1,None,0.673,94.28,,None,9292000000,9292000000,,,,,,,,,1832000000,1875508000,None,140902000000,140902000000,18656000000,None,1269000000,19285000000,None,None,5913000000,,6.76,0.0449,,,,-0.266,0.29,34494000000,40407000000,1.53,2023-06-30,19.42,4722000000,76610003000.0,57298000000,25197000000,11098000000,4722000000,4722000000,None,0,None,9198000000,None,None,20245000000,None,46769000000,14099000000,None,None,None,0.0985,,22804000000,34494000000,4697000000,9922000000,None,40225000000,None,,,,,2.94,1.585,1.602,,,,,,,,0.0677,,143738000000,2025-10-31,quarterly,1.82,USD,pre-market,316000000,196926000000,0.0405,0.0732,-0.014,105.17,4828000000,21514000000,1269000000,318000000,150.35,152.25,18.9542,251779000000,9610000000,29847000000,251779000000,208989000000,62634000000,198200000000,158325000000,21.1,-56240000000,163.27,127.59
2025-12-28,CVX,7.11,188687008000.0,21.1,None,0.673,94.28,,None,15668000000,15668000000,,,,,,,,,1832000000,1900785000,None,140902000000,140902000000,17942000000,None,2931000000,19021000000,None,None,5913000000,,6.76,0.0449,,,,-0.266,0.29,34494000000,40407000000,1.53,2023-03-31,19.42,4722000000,76610003000.0,57298000000,25197000000,11098000000,4722000000,4722000000,None,0,None,9232000000,None,None,20275000000,None,46248000000,14099000000,None,None,None,0.0985,,22804000000,34494000000,4300000000,12862000000,None,39881000000,None,,,,,2.94,1.585,1.602,,,,,,,,0.0677,,143383000000,2025-10-31,quarterly,1.82,USD,pre-market,316000000,193738000000,0.0405,0.0732,-0.014,105.17,4828000000,23206000000,2931000000,130000000,150.35,152.25,18.9542,255886000000,7408000000,33735000000,23206000000,207535000000,23206000000,198200000000,159449000000,21.1,-51854000000,163.27,127.59
2025-12-28,CVX,7.11,188687008000.0,21.1,None,0.673,94.28,,403000000,17678000000,17678000000,,,,,,,,,1832000000,1919731000,None,140902000000,140902000000,18955000000,None,1964000000,20456000000,None,None,5913000000,,6.76,0.0449,,,,-0.266,0.29,34494000000,40407000000,1.53,2022-12-31,19.42,4722000000,76610003000.0,57298000000,25197000000,11098000000,4722000000,4722000000,None,0,None,8247000000,None,None,20972000000,None,45238000000,14099000000,None,None,None,0.0985,,22804000000,34494000000,3739000000,7486000000,None,41771000000,None,,,,,2.94,1.585,1.602,,,,,,,,0.0677,,143591000000,2025-10-31,quarterly,1.82,USD,pre-market,316000000,190024000000,0.0405,0.0732,-0.014,105.17,4828000000,23339000000,1964000000,223000000,150.35,152.25,18.9542,257709000000,50343000000,34208000000,97467000000,207366000000,63259000000,198200000000,159282000000,21.1,-48196000000,163.27,127.59
2025-12-28,CVX,7.11,188687008000.0,21.1,None,0.673,94.28,,None,15164000000,15164000000,,,,,,,,,1832000000,1940002000,None,140902000000,140902000000,21699000000,None,2221000000,22466000000,None,None,5913000000,,6.76,0.0449,,,,-0.266,0.29,34494000000,40407000000,1.53,2022-09-30,19.42,4663000000,76610003000.0,57298000000,25197000000,11098000000,4663000000,4663000000,None,0,None,9002000000,None,None,23641000000,None,45154000000,14099000000,None,None,None,0.0985,,22804000000,34494000000,4604000000,7181000000,None,41425000000,None,,,,,2.94,1.585,1.602,,,,,,,,0.0677,,144568000000,2025-10-31,quarterly,1.82,USD,pre-market,316000000,186394000000,0.0405,0.0732,-0.014,105.17,4828000000,23641000000,2221000000,267000000,150.35,152.25,18.9542,259735000000,51503000000,36883000000,100108000000,208232000000,63225000000,198200000000,158680000000,21.1,-44720000000,163.27,127.59
2025-12-28,CVX,7.11,188687008000.0,21.1,None,0.673,94.28,,None,12029000000,12029000000,,,,,,,,,1832000000,1957109000,None,140902000000,140902000000,24906000000,None,3230000000,26860000000,None,None,5913000000,,6.76,0.0449,,,,-0.266,0.29,34494000000,40407000000,1.53,2022-06-30,19.42,4663000000,76610003000.0,57298000000,25197000000,11098000000,None,None,None,0,None,7715000000,None,None,23005000000,None,44206000000,14099000000,None,None,None,0.0985,,22804000000,34494000000,4243000000,6710000000,None,42727000000,None,,,,,2.94,1.585,1.602,,,,,,,,0.0677,,145232000000,2025-10-31,quarterly,1.82,USD,pre-market,316000000,177909000000,0.0405,0.0732,-0.014,105.17,4828000000,26235000000,3230000000,341000000,150.35,152.25,18.9542,257936000000,51188000000,39121000000,103374000000,206748000000,64253000000,198200000000,153554000000,21.1,-41015000000,163.27,127.59
2025-12-28,CVX,7.11,188687008000.0,21.1,None,0.673,94.28,,None,11671000000,11671000000,,,,,,,,,1832000000,1944542000,None,140902000000,140902000000,20137000000,None,314000000,23255000000,None,None,5913000000,,6.76,0.0449,,,,-0.266,0.29,34494000000,40407000000,1.53,2022-03-31,19.42,4374000000,76610003000.0,57298000000,25197000000,11098000000,None,None,None,0,None,6525000000,None,None,29019000000,None,42248000000,14099000000,None,None,None,0.0985,,22804000000,34494000000,3225000000,6974000000,None,49292000000,None,,,,,2.94,1.585,1.602,,,,,,,,0.0677,,145215000000,2025-10-31,quarterly,1.82,USD,pre-market,316000000,169059000000,0.0405,0.0732,-0.014,105.17,4828000000,29333000000,314000000,33000000,150.35,152.25,18.9542,249048000000,44709000000,31203000000,101948000000,204339000000,70745000000,198200000000,146219000000,21.1,-39158000000,163.27,127.59
2025-12-28,CVX,7.11,188687008000.0,21.1,None,0.673,94.28,,449000000,5640000000,5640000000,,,,,,,,,1832000000,1922082000,None,140902000000,140902000000,16454000000,None,256000000,18419000000,None,None,5913000000,,6.76,0.0449,,,,-0.266,0.29,34494000000,40407000000,1.53,2021-12-31,19.42,4385000000,76610003000.0,57298000000,25197000000,11098000000,None,None,None,0,None,6795000000,None,None,30664000000,None,41299000000,14099000000,None,None,None,0.0985,,22804000000,34494000000,3339000000,10081000000,None,51891000000,None,,,,,2.94,1.585,1.602,,,,,,,,0.0677,,150629000000,2025-10-31,quarterly,1.82,USD,pre-market,316000000,165546000000,0.0405,0.0732,-0.014,105.17,4828000000,31369000000,256000000,35000000,150.35,152.25,18.9542,239535000000,33738000000,26791000000,99595000000,195710000000,30664000000,198200000000,167378000000,21.1,-41464000000,163.27,127.59
2025-12-28,CVX,7.11,188687008000.0,21.1,None,0.673,94.28,,None,5998000000,5998000000,,,,,,,,,1832000000,1921095000,None,140902000000,140902000000,15308000000,None,291000000,16567000000,None,None,5913000000,,6.76,0.0449,,,,-0.266,0.29,34494000000,40407000000,1.53,2021-09-30,19.42,4402000000,76610003000.0,57298000000,25197000000,11098000000,None,None,None,0,None,6129000000,None,None,37056000000,None,41741000000,14099000000,None,None,None,0.0985,,22804000000,34494000000,3409000000,8122000000,None,57354000000,None,,,,,2.94,1.585,1.602,,,,,,,,0.0677,,149925000000,2025-10-31,quarterly,1.82,USD,pre-market,316000000,163044000000,0.0405,0.0732,-0.014,105.17,4828000000,37347000000,291000000,34000000,150.35,152.25,18.9542,239948000000,32137000000,25188000000,103226000000,207811000000,78038000000,198200000000,135862000000,21.1,-41418000000,163.27,127.59
2025-12-28,CVX,7.11,188687008000.0,21.1,None,0.673,94.28,,None,7527000000,7527000000,,,,,,,,,1832000000,1921958000,None,140902000000,140902000000,14719000000,None,3497000000,15705000000,None,None,5913000000,,6.76,0.0449,,,,-0.266,0.29,34494000000,40407000000,1.53,2021-06-30,19.42,4402000000,76610003000.0,57298000000,25197000000,11098000000,None,None,None,0,None,6239000000,None,None,39521000000,None,40551000000,14099000000,None,None,None,0.0985,,22804000000,34494000000,3468000000,8719000000,None,59958000000,None,,,,,2.94,1.585,1.602,,,,,,,,0.0677,,151208000000,2025-10-31,quarterly,1.82,USD,pre-market,316000000,159640000000,0.0405,0.0732,-0.014,105.17,4828000000,43018000000,3497000000,34000000,150.35,152.25,18.9542,242806000000,32973000000,28147000000,108895000000,209833000000,80748000000,198200000000,133182000000,21.1,-40799000000,163.27,127.59
2025-12-28,CVX,7.11,188687008000.0,21.1,None,0.673,94.28,,None,7076000000,7076000000,,,,,,,,,1832000000,1915889000,None,140902000000,140902000000,12858000000,None,4841000000,14118000000,None,None,5913000000,,6.76,0.0449,,,,-0.266,0.29,34494000000,40407000000,1.53,2021-03-31,19.42,4402000000,76610003000.0,57298000000,25197000000,11098000000,4402000000,4402000000,None,0,None,5620000000,None,None,40599000000,None,40162000000,14099000000,None,None,None,0.0985,,22804000000,34494000000,3587000000,8466000000,None,60738000000,None,,,,,2.94,1.585,1.602,,,,,,,,0.0677,,155118000000,2025-10-31,quarterly,1.82,USD,pre-market,316000000,159285000000,0.0405,0.0732,-0.014,105.17,4828000000,45440000000,4841000000,32000000,150.35,152.25,18.9542,241645000000,30433000000,27480000000,108712000000,211212000000,81232000000,198200000000,131888000000,21.1,-41269000000,163.27,127.59
2025-12-28,CVX,7.11,188687008000.0,21.1,None,0.673,94.28,,447000000,5596000000,5596000000,,,,,,,,,1832000000,1910724000,None,140902000000,140902000000,10950000000,None,1548000000,11471000000,None,None,5913000000,,6.76,0.0449,,,,-0.266,0.29,34494000000,40407000000,1.53,2020-12-31,19.42,4402000000,76610003000.0,57298000000,25197000000,11098000000,None,None,None,0,None,5676000000,None,None,42320000000,None,39641000000,14099000000,None,None,None,0.0985,,22804000000,34494000000,3304000000,9685000000,None,63095000000,None,,,,,2.94,1.585,1.602,,,,,,,,0.0677,,160567000000,2025-10-31,quarterly,1.82,USD,pre-market,316000000,160377000000,0.0405,0.0732,-0.014,105.17,4828000000,44315000000,1548000000,31000000,150.35,152.25,18.9542,239790000000,26078000000,22183000000,107064000000,204021000000,42320000000,198200000000,162209000000,21.1,-41498000000,163.27,127.59
2025-12-28,CVX,7.11,188687008000.0,21.1,None,0.673,94.28,,None,6866000000,6866000000,,,,,,,,,1832000000,1853533000,None,140902000000,140902000000,9537000000,None,530000000,9722000000,None,None,5913000000,,6.76,0.0449,,,,-0.266,0.29,34494000000,40407000000,1.53,2020-09-30,19.42,4416000000,76610003000.0,57298000000,25197000000,11098000000,None,None,None,0,None,5681000000,None,None,34280000000,None,38435000000,14099000000,None,None,None,0.0985,,22804000000,34494000000,2506000000,7944000000,None,53547000000,None,,,,,2.94,1.585,1.602,,,,,,,,0.0677,,144182000000,2025-10-31,quarterly,1.82,USD,pre-market,316000000,163509000000,0.0405,0.0732,-0.014,105.17,4828000000,34810000000,530000000,28000000,150.35,152.25,18.9542,223063000000,24803000000,19664000000,91025000000,198260000000,71361000000,198200000000,131774000000,21.1,-46138000000,163.27,127.59
2025-12-28,CVX,7.11,188687008000.0,21.1,None,0.673,94.28,,None,6855000000,6855000000,,,,,,,,,1832000000,1853313000,None,140902000000,140902000000,8250000000,None,3751000000,8570000000,None,None,5913000000,,6.76,0.0449,,,,-0.266,0.29,34494000000,40407000000,1.53,2020-06-30,19.42,4416000000,76610003000.0,57298000000,25197000000,11098000000,None,None,None,0,None,5511000000,None,None,30302000000,None,38102000000,14099000000,None,None,None,0.0985,,22804000000,34494000000,2737000000,7405000000,None,49593000000,None,,,,,2.94,1.585,1.602,,,,,,,,0.0677,,145642000000,2025-10-31,quarterly,1.82,USD,pre-market,316000000,166122000000,0.0405,0.0732,-0.014,105.17,4828000000,34053000000,3751000000,59000000,150.35,152.25,18.9542,223403000000,23732000000,20825000000,89017000000,199671000000,68192000000,198200000000,134118000000,21.1,-46143000000,163.27,127.59
2025-12-28,CVX,7.11,188687008000.0,21.1,None,0.673,94.28,,None,8492000000,8492000000,,,,,,,,,1832000000,1865649000,None,140902000000,140902000000,11006000000,None,8688000000,10167000000,None,None,5913000000,,6.76,0.0449,,,,-0.266,0.29,34494000000,40407000000,1.53,2020-03-31,19.42,4454000000,76610003000.0,57298000000,25197000000,11098000000,None,None,None,0,None,6574000000,None,None,23663000000,None,40936000000,14099000000,None,None,None,0.0985,,22804000000,34494000000,3279000000,6263000000,None,42340000000,None,,,,,2.94,1.585,1.602,,,,,,,,0.0677,,152209000000,2025-10-31,quarterly,1.82,USD,pre-market,316000000,176113000000,0.0405,0.0732,-0.014,105.17,4828000000,32351000000,8688000000,50000000,150.35,152.25,18.9542,236677000000,28562000000,28235000000,91763000000,208115000000,63528000000,198200000000,143930000000,21.1,-46166000000,163.27,127.59
2025-12-28,CVX,7.11,188687008000.0,21.1,None,0.673,94.28,,282000000,5686000000,5686000000,,,,,,,,,1832000000,1872317000,None,140902000000,140902000000,14103000000,None,3282000000,13325000000,None,None,5913000000,,6.76,0.0449,,,,-0.266,0.29,34494000000,40407000000,1.53,2019-12-31,19.42,4463000000,76610003000.0,57298000000,25197000000,11098000000,None,None,None,0,None,5848000000,None,None,23691000000,None,40199000000,14099000000,None,None,None,0.0985,,22804000000,34494000000,3407000000,6589000000,None,44136000000,None,,,,,2.94,1.585,1.602,,,,,,,,0.0677,,3411000000,2025-10-31,quarterly,1.82,USD,pre-market,316000000,174945000000,0.0405,0.0732,-0.014,105.17,4828000000,26973000000,3282000000,63000000,150.35,152.25,18.9542,237428000000,28329000000,26530000000,92220000000,209099000000,65690000000,198200000000,144213000000,21.1,-44599000000,163.27,127.59
2025-12-28,CVX,7.11,188687008000.0,21.1,-174336000000,0.673,94.28,,None,11697000000,11697000000,,,,,,,,,1832000000,1893928000,None,140902000000,140902000000,13230000000,None,7795000000,12966000000,None,None,5913000000,,6.76,0.0449,,,,-0.266,0.29,34494000000,40407000000,1.53,2019-09-30,19.42,4507000000,76610003000.0,57298000000,25197000000,11098000000,None,None,None,0,None,5951000000,None,None,25056000000,None,39911000000,14099000000,None,None,None,0.0985,,22804000000,34494000000,3316000000,6523000000,None,46611000000,None,,,,,2.94,1.585,1.602,,,,,,,,0.0677,,167415000000,2025-10-31,quarterly,1.82,USD,pre-market,316000000,183783000000,0.0405,0.0732,-0.014,105.17,4828000000,32851000000,7795000000,58000000,150.35,152.25,18.9542,256537000000,33988000000,30233000000,99645000000,222549000000,69412000000,198200000000,155841000000,21.1,-43500000000,163.27,127.59
2025-12-28,CVX,7.11,188687008000.0,21.1,-170364000000,0.673,94.28,,None,8513000000,8513000000,,,,,,,,,1832000000,1902977000,None,140902000000,140902000000,14805000000,None,5588000000,14383000000,None,None,5913000000,,6.76,0.0449,,,,-0.266,0.29,34494000000,40407000000,1.53,2019-06-30,19.42,4507000000,76610003000.0,57298000000,25197000000,11098000000,None,None,None,0,None,6809000000,None,None,25061000000,None,39201000000,14099000000,None,None,None,0.0985,,22804000000,34494000000,3324000000,6197000000,None,47023000000,None,,,,,2.94,1.585,1.602,,,,,,,,0.0677,,168396000000,2025-10-31,quarterly,1.82,USD,pre-market,316000000,183442000000,0.0405,0.0732,-0.014,105.17,4828000000,30649000000,5588000000,58000000,150.35,152.25,18.9542,255878000000,33087000000,28829000000,98427000000,222791000000,69598000000,198200000000,156395000000,21.1,-42466000000,163.27,127.59
2025-12-28,CVX,7.11,188687008000.0,21.1,-169969000000,0.673,94.28,,None,8699000000,8699000000,,,,,,,,,1832000000,1900748000,None,140902000000,140902000000,14230000000,None,7023000000,14928000000,None,None,5913000000,,6.76,0.0449,,,,-0.266,0.29,34494000000,40407000000,1.53,2019-03-31,19.42,4507000000,76610003000.0,57298000000,25197000000,11098000000,None,None,None,0,None,6723000000,None,None,25805000000,None,38379000000,14099000000,None,None,None,0.0985,,22804000000,34494000000,3265000000,5880000000,None,48261000000,None,,,,,2.94,1.585,1.602,,,,,,,,0.0677,,169386000000,2025-10-31,quarterly,1.82,USD,pre-market,316000000,181387000000,0.0405,0.0732,-0.014,105.17,4828000000,33087000000,7023000000,56000000,150.35,152.25,18.9542,256809000000,33671000000,29951000000,100691000000,223138000000,70740000000,198200000000,155045000000,21.1,-41621000000,163.27,127.59
2025-12-28,CVX,7.11,188687008000.0,21.1,-171037000000,0.673,94.28,,None,9342000000,9342000000,,,,,,,,,1832000000,1906823000,None,140902000000,140902000000,13953000000,None,4999000000,15050000000,None,None,5913000000,,6.76,0.0449,,,,-0.266,0.29,34494000000,40407000000,1.53,2018-12-31,19.42,4518000000,76610003000.0,57298000000,25197000000,11098000000,None,None,None,0,None,5704000000,None,None,28606000000,None,37488000000,14099000000,None,None,None,0.0985,,22804000000,34494000000,2922000000,4927000000,None,48475000000,None,,,,,2.94,1.585,1.602,,,,,,,,0.0677,,171070000000,2025-10-31,quarterly,1.82,USD,pre-market,316000000,180987000000,0.0405,0.0732,-0.014,105.17,4828000000,34459000000,5726000000,1003000000,150.35,152.25,18.9542,253863000000,34021000000,27171000000,98221000000,219842000000,71050000000,198200000000,154554000000,21.1,-41593000000,163.27,127.59
2025-12-28,CVX,7.11,188687008000.0,21.1,-173304000000,0.673,94.28,,135000000,9686000000,9686000000,,,,,,,,,1832000000,1917474000,None,140902000000,140902000000,15335000000,None,None,16788000000,None,None,5913000000,,6.76,0.0449,,,,-0.266,0.29,34494000000,40407000000,1.53,2018-09-30,19.42,4518000000,76610003000.0,57298000000,25197000000,11098000000,4518000000,4518000000,None,0,None,6029000000,None,None,29854000000,None,37132000000,14099000000,None,None,None,0.0985,,22804000000,34494000000,3020000000,5029000000,None,20414000000,None,,,,,2.94,1.585,1.602,,,,,,,,0.0677,,172628000000,2025-10-31,quarterly,1.82,USD,pre-market,316000000,178816000000,0.0405,0.0732,-0.014,105.17,4828000000,36110000000,6121000000,60000000,150.35,152.25,18.9542,256606000000,35583000000,29183000000,101933000000,221023000000,72750000000,198200000000,153575000000,21.1,-40648000000,163.27,127.59
2025-12-28,CVX,7.11,188687008000.0,21.1,-169302000000,0.673,94.28,,140000000,7628000000,7628000000,,,,,,,,,1832000000,1918949000,None,140902000000,140902000000,15722000000,None,38517000000,16672000000,None,None,5913000000,,6.76,0.0449,,,,-0.266,0.29,34494000000,40407000000,1.53,2018-06-30,19.42,4518000000,76610003000.0,57298000000,25197000000,11098000000,4518000000,4518000000,None,0,None,6644000000,None,None,29779000000,None,36815000000,14099000000,None,None,None,0.0985,,22804000000,34494000000,3254000000,4822000000,None,None,None,,,,,2.94,1.585,1.602,,,,,,,,0.0677,,175481000000,2025-10-31,quarterly,1.82,USD,pre-market,316000000,176899000000,0.0405,0.0732,-0.014,105.17,4828000000,38517000000,8598000000,58000000,150.35,152.25,18.9542,257929000000,34256000000,31862000000,104549000000,223673000000,72687000000,198200000000,152198000000,21.1,-39965000000,163.27,127.59
2025-12-28,CVX,7.11,188687008000.0,21.1,-169131000000,0.673,94.28,,90000000,6466000000,6466000000,,,,,,,,,1832000000,1913218000,None,140902000000,140902000000,14479000000,None,39745000000,15771000000,None,None,5913000000,,6.76,0.0449,,,,-0.266,0.29,34494000000,40407000000,1.53,2018-03-31,19.42,4531000000,76610003000.0,57298000000,25197000000,11098000000,4531000000,4531000000,None,0,None,6128000000,None,None,31054000000,None,36193000000,14099000000,None,None,None,0.0985,,22804000000,34494000000,3323000000,4587000000,None,None,None,,,,,2.94,1.585,1.602,,,,,,,,0.0677,,177046000000,2025-10-31,quarterly,1.82,USD,pre-market,316000000,175619000000,0.0405,0.0732,-0.014,105.17,4828000000,39745000000,8601000000,38000000,150.35,152.25,18.9542,256442000000,31726000000,30630000000,104876000000,224716000000,74246000000,198200000000,150356000000,21.1,-40359000000,163.27,127.59
2025-12-28,CVX,7.11,188687008000.0,21.1,-166773000000,0.673,94.28,,94000000,4813000000,4813000000,,,,,,,,,1832000000,1906146000,None,140902000000,140902000000,14565000000,None,38763000000,15353000000,None,None,5913000000,,6.76,0.0449,,,,-0.266,0.29,34494000000,40407000000,1.53,2017-12-31,19.42,4531000000,76610003000.0,57298000000,25197000000,11098000000,4531000000,4531000000,None,0,None,5585000000,None,None,33477000000,None,35346000000,14099000000,None,None,None,0.0985,,22804000000,34494000000,2800000000,5267000000,None,None,None,,,,,2.94,1.585,1.602,,,,,,,,0.0677,,178352000000,2025-10-31,quarterly,1.82,USD,pre-market,316000000,174106000000,0.0405,0.0732,-0.014,105.17,4828000000,38763000000,5192000000,9000000,150.35,152.25,18.9542,253806000000,28560000000,27737000000,104487000000,225246000000,76750000000,198200000000,148124000000,21.1,-40833000000,163.27,127.59
2025-12-28,CVX,7.11,188687008000.0,21.1,-164630000000,0.673,94.28,,92000000,6641000000,6641000000,,,,,,,,,1832000000,1895879000,None,140902000000,140902000000,13084000000,None,41972000000,14124000000,None,None,5913000000,,6.76,0.0449,,,,-0.266,0.29,34494000000,40407000000,1.53,2017-09-30,19.42,4531000000,76610003000.0,57298000000,25197000000,11098000000,4531000000,4531000000,None,0,None,5761000000,None,None,33983000000,None,35418000000,14099000000,None,None,None,0.0985,,22804000000,34494000000,2859000000,5085000000,None,None,None,,,,,2.94,1.585,1.602,,,,,,,,0.0677,,179020000000,2025-10-31,quarterly,1.82,USD,pre-market,316000000,173035000000,0.0405,0.0732,-0.014,105.17,4828000000,41972000000,7897000000,13000000,150.35,152.25,18.9542,255160000000,29398000000,28223000000,107249000000,225762000000,79026000000,198200000000,146713000000,21.1,-41237000000,163.27,127.59
2025-12-28,CVX,7.11,188687008000.0,21.1,-159375000000,0.673,94.28,,93000000,4762000000,4762000000,,,,,,,,,1832000000,1893014000,None,140902000000,140902000000,12057000000,None,42864000000,13168000000,None,None,5913000000,,6.76,0.0449,,,,-0.266,0.29,34494000000,40407000000,1.53,2017-06-30,19.42,4543000000,76610003000.0,57298000000,25197000000,11098000000,4543000000,4543000000,None,0,None,6075000000,None,None,33989000000,None,34109000000,14099000000,None,None,None,0.0985,,22804000000,34494000000,2608000000,4695000000,None,None,None,,,,,2.94,1.585,1.602,,,,,,,,0.0677,,181969000000,2025-10-31,quarterly,1.82,USD,pre-market,316000000,173116000000,0.0405,0.0732,-0.014,105.17,4828000000,42864000000,8782000000,13000000,150.35,152.25,18.9542,254599000000,26626000000,27956000000,107211000000,227973000000,79255000000,198200000000,146203000000,21.1,-41569000000,163.27,127.59
2025-12-28,CVX,7.11,188687008000.0,21.1,-155854000000,0.673,94.28,,95000000,6983000000,6983000000,,,,,,,,,1832000000,1895393000,None,140902000000,140902000000,13078000000,None,8297000000,13754000000,None,None,5913000000,,6.76,0.0449,,,,-0.266,0.29,34494000000,40407000000,1.53,2017-03-31,19.42,4543000000,76610003000.0,57298000000,25197000000,11098000000,4543000000,4543000000,None,0,None,5921000000,None,None,36864000000,None,33372000000,14099000000,None,None,None,0.0985,,22804000000,34494000000,2899000000,4657000000,None,None,None,,,,,2.94,1.585,1.602,,,,,,,,0.0677,,184648000000,2025-10-31,quarterly,1.82,USD,pre-market,316000000,173698000000,0.0405,0.0732,-0.014,105.17,4828000000,45256000000,8297000000,11000000,150.35,152.25,18.9542,259111000000,29568000000,28426000000,111321000000,229543000000,82895000000,198200000000,146592000000,21.1,-41603000000,163.27,127.59
2025-12-28,CVX,7.11,188687008000.0,21.1,-153891000000,0.673,94.28,,93000000,6988000000,6988000000,,,,,,,,,1832000000,1890044000,None,140902000000,140902000000,13986000000,None,6253000000,14092000000,None,None,5913000000,,6.76,0.0449,,,,-0.266,0.29,34494000000,40407000000,1.53,2016-12-31,19.42,4581000000,76610003000.0,57298000000,25197000000,11098000000,4581000000,4581000000,None,0,None,5419000000,None,None,35193000000,None,32735000000,14099000000,None,None,None,0.0985,,22804000000,34494000000,3107000000,4882000000,None,None,None,,,,,2.94,1.585,1.602,,,,,,,,0.0677,,186305000000,2025-10-31,quarterly,1.82,USD,pre-market,316000000,173046000000,0.0405,0.0732,-0.014,105.17,4828000000,46126000000,10840000000,13000000,150.35,152.25,18.9542,260078000000,29619000000,31785000000,113356000000,230459000000,81571000000,198200000000,145556000000,21.1,-41834000000,163.27,127.59
2025-12-28,CVX,7.11,188687008000.0,21.1,-157627000000,0.673,94.28,,66000000,7351000000,7351000000,,,,,,,,,1832000000,1883342000,None,140902000000,140902000000,12205000000,None,6057000000,12522000000,None,None,5913000000,,6.76,0.0449,,,,-0.266,0.29,34494000000,40407000000,1.53,2016-09-30,19.42,4581000000,76610003000.0,57298000000,25197000000,11098000000,4581000000,4581000000,None,0,None,5976000000,None,None,39462000000,None,32446000000,14099000000,None,None,None,0.0985,,22804000000,34494000000,2703000000,4441000000,None,None,None,,,,,2.94,1.585,1.602,,,,,,,,0.0677,,187332000000,2025-10-31,quarterly,1.82,USD,pre-market,316000000,174657000000,0.0405,0.0732,-0.014,105.17,4828000000,45585000000,6057000000,321000000,150.35,152.25,18.9542,259863000000,28873000000,24744000000,111911000000,230990000000,87167000000,198200000000,146800000000,21.1,-42118000000,163.27,127.59
2025-12-28,CVX,7.11,188687008000.0,21.1,-154396000000,0.673,94.28,,68000000,8764000000,8764000000,,,,,,,,,1832000000,1871995000,None,140902000000,140902000000,13416000000,None,5530000000,13490000000,None,None,5913000000,,6.76,0.0449,,,,-0.266,0.29,34494000000,40407000000,1.53,2016-06-30,19.42,4581000000,76610003000.0,57298000000,25197000000,11098000000,4581000000,4581000000,None,0,None,6427000000,None,None,39487000000,None,30209000000,14099000000,None,None,None,0.0985,,22804000000,34494000000,3470000000,4458000000,None,None,None,,,,,2.94,1.585,1.602,,,,,,,,0.0677,,187901000000,2025-10-31,quarterly,1.82,USD,pre-market,316000000,175379000000,0.0405,0.0732,-0.014,105.17,4828000000,45085000000,5530000000,320000000,150.35,152.25,18.9542,261478000000,32471000000,24927000000,113153000000,229007000000,88226000000,198200000000,147163000000,21.1,-42212000000,163.27,127.59
2025-12-28,CVX,7.11,188687008000.0,21.1,-154955000000,0.673,94.28,,74000000,8562000000,8562000000,,,,,,,,,1832000000,1869775000,None,140902000000,140902000000,12696000000,None,9630000000,12459000000,None,None,5913000000,,6.76,0.0449,,,,-0.266,0.29,34494000000,40407000000,1.53,2016-03-31,19.42,4588000000,76610003000.0,57298000000,25197000000,11098000000,4588000000,4588000000,None,0,None,6508000000,None,None,32635000000,None,30002000000,14099000000,None,None,None,0.0985,,22804000000,34494000000,3867000000,4904000000,None,None,None,,,,,2.94,1.585,1.602,,,,,,,,0.0677,,191025000000,2025-10-31,quarterly,1.82,USD,pre-market,316000000,178853000000,0.0405,0.0732,-0.014,105.17,4828000000,42339000000,9630000000,317000000,150.35,152.25,18.9542,263842000000,31713000000,29162000000,112366000000,232129000000,83204000000,198200000000,150307000000,21.1,-42350000000,163.27,127.59
2025-12-28,CVX,7.11,188687008000.0,21.1,-151881000000,0.673,94.28,,80000000,11022000000,11022000000,,,,,,,,,1832000000,1874313000,None,140902000000,140902000000,13516000000,None,1486000000,12860000000,None,None,5913000000,,6.76,0.0449,,,,-0.266,0.29,34494000000,40407000000,1.53,2015-12-31,19.42,4588000000,76610003000.0,57298000000,25197000000,11098000000,4588000000,4588000000,None,0,None,6334000000,None,None,33584000000,None,29522000000,14099000000,None,None,None,0.0985,,22804000000,34494000000,3904000000,4833000000,None,None,None,,,,,2.94,1.585,1.602,,,,,,,,0.0677,,189845000000,2025-10-31,quarterly,1.82,USD,pre-market,316000000,181578000000,0.0405,0.0732,-0.014,105.17,4828000000,38549000000,4927000000,310000000,150.35,152.25,18.9542,264540000000,34430000000,25467000000,110654000000,230110000000,85187000000,198200000000,152716000000,21.1,-42493000000,163.27,127.59
2025-12-28,CVX,7.11,188687008000.0,21.1,-153153000000,0.673,94.28,,86000000,12933000000,12933000000,,,,,,,,,1832000000,1872420000,None,140902000000,140902000000,15307000000,None,None,14240000000,None,None,5913000000,,6.76,0.0449,,,,-0.266,0.29,34494000000,40407000000,1.53,2015-09-30,19.42,4588000000,76610003000.0,57298000000,25197000000,11098000000,4588000000,4588000000,None,0,None,6864000000,None,None,29210000000,None,29146000000,14099000000,None,None,None,0.0985,,22804000000,34494000000,5476000000,5062000000,None,None,None,,,,,2.94,1.585,1.602,,,,,,,,0.0677,,188303000000,2025-10-31,quarterly,1.82,USD,pre-market,316000000,184167000000,0.0405,0.0732,-0.014,105.17,4828000000,35876000000,6580000000,306000000,150.35,152.25,18.9542,268449000000,39819000000,30144000000,112511000000,228630000000,82367000000,198200000000,154912000000,21.1,-42552000000,163.27,127.59
2025-12-28,CVX,7.11,188687008000.0,21.1,-151352000000,0.673,94.28,,79000000,12156000000,12156000000,,,,,,,,,1832000000,1876705000,None,140902000000,140902000000,17380000000,None,None,16153000000,None,None,5913000000,,6.76,0.0449,,,,-0.266,0.29,34494000000,40407000000,1.53,2015-06-30,19.42,4588000000,76610003000.0,57298000000,25197000000,11098000000,4588000000,4588000000,None,0,None,7116000000,None,None,29210000000,None,29086000000,14099000000,None,None,None,0.0985,,22804000000,34494000000,4948000000,5024000000,None,None,None,,,,,2.94,1.585,1.602,,,,,,,,0.0677,,185654000000,2025-10-31,quarterly,1.82,USD,pre-market,316000000,184129000000,0.0405,0.0732,-0.014,105.17,4828000000,31910000000,2621000000,365000000,150.35,152.25,18.9542,266455000000,40738000000,28268000000,110564000000,225717000000,82296000000,198200000000,154669000000,21.1,-42575000000,163.27,127.59
2025-12-28,CVX,7.11,188687008000.0,21.1,-147701000000,0.673,94.28,,65000000,12675000000,12675000000,,,,,,,,,1832000000,1876498000,None,140902000000,140902000000,16640000000,None,None,15239000000,None,None,5913000000,,6.76,0.0449,,,,-0.266,0.29,34494000000,40407000000,1.53,2015-03-31,19.42,4588000000,76610003000.0,57298000000,25197000000,11098000000,4588000000,4588000000,None,0,None,6837000000,None,None,29960000000,None,31058000000,14099000000,None,None,None,0.0985,,22804000000,34494000000,6087000000,4607000000,None,None,None,,,,,2.94,1.585,1.602,,,,,,,,0.0677,,186123000000,2025-10-31,quarterly,1.82,USD,pre-market,316000000,185557000000,0.0405,0.0732,-0.014,105.17,4828000000,33933000000,3908000000,432000000,150.35,152.25,18.9542,269604000000,41270000000,29445000000,112603000000,228334000000,83158000000,198200000000,155803000000,21.1,-42671000000,163.27,127.59
2025-12-28,CVX,7.11,188687008000.0,21.1,-144116000000,0.673,94.28,,68000000,12785000000,12785000000,,,,,,,,,1832000000,1883650000,None,140902000000,140902000000,19000000000,None,27818000000,16736000000,None,None,5913000000,,6.76,0.0449,,,,-0.266,0.29,34494000000,40407000000,1.53,2014-12-31,19.42,4593000000,76610003000.0,57298000000,25197000000,11098000000,4593000000,4593000000,None,0,None,6505000000,None,None,23960000000,None,29729000000,14099000000,None,None,None,0.0985,,22804000000,34494000000,5776000000,5328000000,None,None,None,,,,,2.94,1.585,1.602,,,,,,,,0.0677,,183173000000,2025-10-31,quarterly,1.82,USD,pre-market,316000000,184987000000,0.0405,0.0732,-0.014,105.17,4828000000,27818000000,3790000000,430000000,150.35,152.25,18.9542,266026000000,42232000000,31926000000,109835000000,223794000000,77909000000,198200000000,155028000000,21.1,-42733000000,163.27,127.59
2025-12-28,CVX,7.11,188687008000.0,21.1,-140656000000,0.673,94.28,,84000000,14215000000,14215000000,,,,,,,,,1832000000,1896492000,None,140902000000,140902000000,21821000000,None,None,19974000000,None,None,5913000000,,6.76,0.0449,,,,-0.266,0.29,34494000000,40407000000,1.53,2014-09-30,19.42,4621000000,76610003000.0,57298000000,25197000000,11098000000,4621000000,4621000000,None,0,None,7304000000,None,None,19960000000,None,29586000000,14099000000,None,None,None,0.0985,,22804000000,34494000000,5315000000,5396000000,None,None,None,,,,,2.94,1.585,1.602,,,,,,,,0.0677,,178297000000,2025-10-31,quarterly,1.82,USD,pre-market,316000000,183519000000,0.0405,0.0732,-0.014,105.17,4828000000,25709000000,5665000000,275000000,150.35,152.25,18.9542,265431000000,47083000000,37088000000,108124000000,218348000000,71036000000,198200000000,156140000000,21.1,-41500000000,163.27,127.59
2025-12-28,CVX,7.11,188687008000.0,21.1,-138868000000,0.673,94.28,,90000000,13959000000,13959000000,,,,,,,,,1832000000,1902321000,None,140902000000,140902000000,23623000000,None,None,21578000000,None,None,5913000000,,6.76,0.0449,,,,-0.266,0.29,34494000000,40407000000,1.53,2014-06-30,19.42,4621000000,76610003000.0,57298000000,25197000000,11098000000,4621000000,4621000000,None,0,None,7215000000,None,None,19960000000,None,28957000000,14099000000,None,None,None,0.0985,,22804000000,34494000000,5892000000,5041000000,None,None,None,,,,,2.94,1.585,1.602,,,,,,,,0.0677,,174054000000,2025-10-31,quarterly,1.82,USD,pre-market,316000000,179939000000,0.0405,0.0732,-0.014,105.17,4828000000,23548000000,3498000000,276000000,150.35,152.25,18.9542,262045000000,48920000000,36328000000,107298000000,213125000000,70970000000,198200000000,153581000000,21.1,-40343000000,163.27,127.59
2025-12-28,CVX,7.11,188687008000.0,21.1,-135337000000,0.673,94.28,,86000000,15612000000,15612000000,,,,,,,,,1832000000,1909424000,None,140902000000,140902000000,23332000000,None,None,20285000000,None,None,5913000000,,6.76,0.0449,,,,-0.266,0.29,34494000000,40407000000,1.53,2014-03-31,19.42,4639000000,76610003000.0,57298000000,25197000000,11098000000,4639000000,4639000000,None,0,None,7472000000,None,None,19960000000,None,28861000000,14099000000,None,None,None,0.0985,,22804000000,34494000000,5809000000,5000000000,None,None,None,,,,,2.94,1.585,1.602,,,,,,,,0.0677,,169871000000,2025-10-31,quarterly,1.82,USD,pre-market,316000000,176294000000,0.0405,0.0732,-0.014,105.17,4828000000,23054000000,3008000000,571000000,150.35,152.25,18.9542,258238000000,49749000000,35652000000,106428000000,208489000000,70776000000,198200000000,150661000000,21.1,-39481000000,163.27,127.59
2025-12-28,CVX,7.11,188687008000.0,21.1,-131604000000,0.673,94.28,,97000000,16245000000,16245000000,,,,,,,,,1832000000,1919324000,None,140902000000,140902000000,22815000000,None,None,21622000000,None,None,5913000000,,6.76,0.0449,,,,-0.266,0.29,34494000000,40407000000,1.53,2013-12-31,19.42,4639000000,76610003000.0,57298000000,25197000000,11098000000,4639000000,4639000000,None,0,None,6380000000,None,None,19960000000,None,28335000000,14099000000,None,None,None,0.0985,,22804000000,34494000000,5732000000,5402000000,None,None,None,,,,,2.94,1.585,1.602,,,,,,,,0.0677,,165409000000,2025-10-31,quarterly,1.82,USD,pre-market,316000000,173677000000,0.0405,0.0732,-0.014,105.17,4828000000,20431000000,374000000,271000000,150.35,152.25,18.9542,253753000000,50250000000,33018000000,103326000000,203503000000,70308000000,198200000000,149113000000,21.1,-38290000000,163.27,127.59
2025-12-28,CVX,7.11,188687008000.0,21.1,-130618000000,0.673,94.28,,94000000,17014000000,17014000000,,,,,,,,,1832000000,1929831000,None,140902000000,140902000000,23149000000,None,None,21641000000,None,None,5913000000,,6.76,0.0449,,,,-0.266,0.29,34494000000,40407000000,1.53,2013-09-30,19.42,4640000000,76610003000.0,57298000000,25197000000,11098000000,4640000000,4640000000,None,0,None,6893000000,None,None,17960000000,None,28128000000,14099000000,None,None,None,0.0985,,22804000000,34494000000,6389000000,5280000000,None,None,None,,,,,2.94,1.585,1.602,,,,,,,,0.0677,,156932000000,2025-10-31,quarterly,1.82,USD,pre-market,316000000,170651000000,0.0405,0.0732,-0.014,105.17,4828000000,18581000000,527000000,1566000000,150.35,152.25,18.9542,247838000000,53503000000,33470000000,101765000000,194335000000,68295000000,198200000000,144779000000,21.1,-37098000000,163.27,127.59
2025-12-28,CVX,7.11,188687008000.0,21.1,-128433000000,0.673,94.28,,91000000,20630000000,20630000000,,,,,,,,,1832000000,1936783000,None,140902000000,140902000000,21609000000,None,None,20273000000,None,None,5913000000,,6.76,0.0449,,,,-0.266,0.29,34494000000,40407000000,1.53,2013-06-30,19.42,4640000000,76610003000.0,57298000000,25197000000,11098000000,4640000000,4640000000,None,0,None,7423000000,None,None,17960000000,None,28150000000,14099000000,None,None,None,0.0985,,22804000000,34494000000,6112000000,5180000000,None,None,None,,,,,2.94,1.585,1.602,,,,,,,,0.0677,,150592000000,2025-10-31,quarterly,1.82,USD,pre-market,316000000,167615000000,0.0405,0.0732,-0.014,105.17,4828000000,19964000000,1913000000,1666000000,150.35,152.25,18.9542,244048000000,56104000000,33413000000,99884000000,187944000000,66471000000,198200000000,142841000000,21.1,-35943000000,163.27,127.59
2025-12-28,CVX,7.11,188687008000.0,21.1,-125266000000,0.673,94.28,,93000000,17374000000,17374000000,,,,,,,,,1832000000,1943931000,None,140902000000,140902000000,21617000000,None,None,21969000000,None,None,5913000000,,6.76,0.0449,,,,-0.266,0.29,34494000000,40407000000,1.53,2013-03-31,19.42,4640000000,76610003000.0,57298000000,25197000000,11098000000,4640000000,4640000000,None,0,None,6664000000,None,None,11960000000,None,27625000000,14099000000,None,None,None,0.0985,,22804000000,34494000000,7015000000,5048000000,None,None,None,,,,,2.94,1.585,1.602,,,,,,,,0.0677,,145973000000,2025-10-31,quarterly,1.82,USD,pre-market,316000000,164173000000,0.0405,0.0732,-0.014,105.17,4828000000,14143000000,2090000000,1674000000,150.35,152.25,18.9542,237410000000,54696000000,34685000000,95924000000,182714000000,61239000000,198200000000,140134000000,21.1,-34925000000,163.27,127.59
2025-12-28,CVX,7.11,188687008000.0,21.1,-122133000000,0.673,94.28,,99000000,20939000000,20939000000,,,,,,,,,1832000000,1952298000,None,140902000000,140902000000,22776000000,None,None,20997000000,None,None,5913000000,,6.76,0.0449,,,,-0.266,0.29,34494000000,40407000000,1.53,2012-12-31,19.42,4640000000,76610003000.0,57298000000,25197000000,11098000000,4640000000,4640000000,None,0,None,6144000000,None,None,11966000000,None,26771000000,14099000000,None,None,None,0.0985,,22804000000,34494000000,6666000000,5738000000,None,None,None,,,,,2.94,1.585,1.602,,,,,,,,0.0677,,141348000000,2025-10-31,quarterly,1.82,USD,pre-market,316000000,159730000000,0.0405,0.0732,-0.014,105.17,4828000000,12192000000,127000000,974000000,150.35,152.25,18.9542,232982000000,55720000000,34212000000,95150000000,177262000000,60938000000,198200000000,136524000000,21.1,-33884000000,163.27,127.59
2025-12-28,CVX,7.11,188687008000.0,21.1,-119524000000,0.673,94.28,,99000000,21313000000,21313000000,,,,,,,,,1832000000,1960141000,None,140902000000,140902000000,22989000000,None,None,21464000000,None,None,5913000000,,6.76,0.0449,,,,-0.266,0.29,34494000000,40407000000,1.53,2012-09-30,19.42,4640000000,76610003000.0,57298000000,25197000000,11098000000,4640000000,4640000000,None,0,None,7995000000,None,None,10065000000,None,26541000000,14099000000,None,None,None,0.0985,,22804000000,34494000000,7432000000,5190000000,None,None,None,,,,,2.94,1.585,1.602,,,,,,,,0.0677,,132752000000,2025-10-31,quarterly,1.82,USD,pre-market,316000000,154229000000,0.0405,0.0732,-0.014,105.17,4828000000,12336000000,2172000000,261000000,150.35,152.25,18.9542,226864000000,58465000000,35669000000,92642000000,168399000000,56973000000,198200000000,132941000000,21.1,-32702000000,163.27,127.59
2025-12-28,CVX,7.11,188687008000.0,21.1,-117029000000,0.673,94.28,,107000000,21209000000,21209000000,,,,,,,,,1832000000,1967990000,None,140902000000,140902000000,21958000000,None,None,20711000000,None,None,5913000000,,6.76,0.0449,,,,-0.266,0.29,34494000000,40407000000,1.53,2012-06-30,19.42,4641000000,76610003000.0,57298000000,25197000000,11098000000,4641000000,4641000000,None,0,None,7186000000,None,None,9765000000,None,25433000000,14099000000,None,None,None,0.0985,,22804000000,34494000000,6656000000,5127000000,None,None,None,,,,,2.94,1.585,1.602,,,,,,,,0.0677,,129047000000,2025-10-31,quarterly,1.82,USD,pre-market,316000000,150728000000,0.0405,0.0732,-0.014,105.17,4828000000,10231000000,359000000,246000000,150.35,152.25,18.9542,219379000000,56008000000,32656000000,88090000000,163371000000,55434000000,198200000000,129997000000,21.1,-31871000000,163.27,127.59
2025-12-28,CVX,7.11,188687008000.0,21.1,-113266000000,0.673,94.28,,114000000,18871000000,18871000000,,,,,,,,,1832000000,1978781000,None,140902000000,140902000000,22951000000,None,None,22005000000,None,None,5913000000,,6.76,0.0449,,,,-0.266,0.29,34494000000,40407000000,1.53,2012-03-31,19.42,4641000000,76610003000.0,57298000000,25197000000,11098000000,4641000000,4641000000,None,0,None,7347000000,None,None,8765000000,None,25480000000,14099000000,None,None,None,0.0985,,22804000000,34494000000,6760000000,4620000000,None,None,None,,,,,2.94,1.585,1.602,,,,,,,,0.0677,,124798000000,2025-10-31,quarterly,1.82,USD,pre-market,316000000,145278000000,0.0405,0.0732,-0.014,105.17,4828000000,9275000000,396000000,239000000,150.35,152.25,18.9542,214890000000,55222000000,34257000000,88564000000,159668000000,54307000000,198200000000,125507000000,21.1,-30701000000,163.27,127.59
2025-12-28,CVX,7.11,188687008000.0,21.1,-110824000000,0.673,94.28,,128000000,15864000000,15864000000,,,,,,,,,1832000000,1987146000,None,140902000000,140902000000,22147000000,None,None,21793000000,None,None,5913000000,,6.76,0.0449,,,,-0.266,0.29,34494000000,40407000000,1.53,2011-12-31,19.42,4642000000,76610003000.0,57298000000,25197000000,11098000000,4642000000,4642000000,None,0,None,5543000000,None,None,9684000000,None,25101000000,14099000000,None,None,None,0.0985,,22804000000,34494000000,5827000000,5287000000,None,None,None,,,,,2.94,1.585,1.602,,,,,,,,0.0677,,122608000000,2025-10-31,quarterly,1.82,USD,pre-market,316000000,140399000000,0.0405,0.0732,-0.014,105.17,4828000000,10152000000,340000000,4207000000,150.35,152.25,18.9542,209474000000,53234000000,33600000000,87293000000,156240000000,53693000000,198200000000,121382000000,21.1,-29685000000,163.27,127.59
2025-12-28,CVX,7.11,188687008000.0,21.1,-108159000000,0.673,94.28,,114000000,14229000000,14229000000,,,,,,,,,1832000000,1998673000,None,140902000000,140902000000,20746000000,None,None,20878000000,None,None,5913000000,,6.76,0.0449,,,,-0.266,0.29,34494000000,40407000000,1.53,2011-09-30,19.42,4654000000,76610003000.0,57298000000,25197000000,11098000000,4654000000,4654000000,None,0,None,6072000000,None,None,9384000000,None,24535000000,14099000000,None,None,None,0.0985,,22804000000,34494000000,11598000000,5366000000,None,None,None,,,,,2.94,1.585,1.602,,,,,,,,0.0677,,118377000000,2025-10-31,quarterly,1.82,USD,pre-market,316000000,136873000000,0.0405,0.0732,-0.014,105.17,4828000000,9743000000,245000000,248000000,150.35,152.25,18.9542,204099000000,53025000000,32338000000,82423000000,151074000000,50085000000,198200000000,120891000000,21.1,-28559000000,163.27,127.59
2025-12-28,CVX,7.11,188687008000.0,21.1,-105353000000,0.673,94.28,,134000000,13335000000,13335000000,,,,,,,,,1832000000,2008995000,None,140902000000,140902000000,22764000000,None,None,23613000000,None,None,5913000000,,6.76,0.0449,,,,-0.266,0.29,34494000000,40407000000,1.53,2011-06-30,19.42,4654000000,76610003000.0,57298000000,25197000000,11098000000,4654000000,4654000000,None,0,None,7286000000,None,None,9484000000,None,23838000000,14099000000,None,None,None,0.0985,,22804000000,34494000000,9551000000,4906000000,None,None,None,,,,,2.94,1.585,1.602,,,,,,,,0.0677,,114754000000,2025-10-31,quarterly,1.82,USD,pre-market,316000000,130592000000,0.0405,0.0732,-0.014,105.17,4828000000,11520000000,1902000000,221000000,150.35,152.25,18.9542,201717000000,54006000000,35220000000,85287000000,147711000000,50067000000,198200000000,115653000000,21.1,-27382000000,163.27,127.59
2025-12-28,CVX,7.11,188687008000.0,21.1,-104485000000,0.673,94.28,,274000000,13149000000,13149000000,,,,,,,,,1832000000,2008584000,None,140902000000,140902000000,21011000000,None,None,22078000000,None,None,5913000000,,6.76,0.0449,,,,-0.266,0.29,34494000000,40407000000,1.53,2011-03-31,19.42,4655000000,76610003000.0,57298000000,25197000000,11098000000,4655000000,4655000000,None,0,None,6232000000,None,None,9484000000,None,24074000000,14099000000,None,None,None,0.0985,,22804000000,34494000000,9247000000,4916000000,None,None,None,,,,,2.94,1.585,1.602,,,,,,,,0.0677,,111075000000,2025-10-31,quarterly,1.82,USD,pre-market,316000000,124417000000,0.0405,0.0732,-0.014,105.17,4828000000,11575000000,1817000000,145000000,150.35,152.25,18.9542,194736000000,50851000000,33313000000,83886000000,143885000000,50573000000,198200000000,110100000000,21.1,-26528000000,163.27,127.59
2025-12-28,CVX,7.11,188687008000.0,21.1,-102863000000,0.673,94.28,,286000000,14060000000,14060000000,,,,,,,,,1832000000,2006541000,None,140902000000,140902000000,19259000000,None,None,20759000000,None,None,5913000000,,6.76,0.0449,,,,-0.266,0.29,34494000000,40407000000,1.53,2010-12-31,19.42,4617000000,76610003000.0,57298000000,25197000000,11098000000,4617000000,4617000000,None,0,None,5493000000,None,None,11003000000,None,23597000000,14099000000,None,None,None,0.0985,,22804000000,34494000000,8374000000,5324000000,None,None,None,,,,,2.94,1.585,1.602,,,,,,,,0.0677,,104504000000,2025-10-31,quarterly,1.82,USD,pre-market,316000000,119641000000,0.0405,0.0732,-0.014,105.17,4828000000,11476000000,187000000,155000000,150.35,152.25,18.9542,184769000000,48841000000,29012000000,78958000000,135928000000,49946000000,198200000000,105081000000,21.1,-26411000000,163.27,127.59
2025-12-28,CVX,7.11,188687008000.0,21.1,-100376000000,0.673,94.28,,306000000,10995000000,10995000000,,,,,,,,,1832000000,2006785000,None,140902000000,140902000000,17237000000,None,None,17994000000,None,None,5913000000,,6.76,0.0449,,,,-0.266,0.29,34494000000,40407000000,1.53,2010-09-30,19.42,4618000000,76610003000.0,57298000000,25197000000,11098000000,4618000000,4618000000,None,0,None,6137000000,None,None,10143000000,None,23911000000,14099000000,None,None,None,0.0985,,22804000000,34494000000,9291000000,5405000000,None,None,None,,,,,2.94,1.585,1.602,,,,,,,,0.0677,,101732000000,2025-10-31,quarterly,1.82,USD,pre-market,316000000,115784000000,0.0405,0.0732,-0.014,105.17,4828000000,10619000000,170000000,66000000,150.35,152.25,18.9542,177199000000,44483000000,26850000000,74234000000,132716000000,47384000000,198200000000,102243000000,21.1,-25888000000,163.27,127.59
2025-12-28,CVX,7.11,188687008000.0,21.1,-97493000000,0.673,94.28,,305000000,9396000000,9396000000,,,,,,,,,1832000000,2006000000,None,140902000000,140902000000,16370000000,None,None,17893000000,None,None,5913000000,,6.76,0.0449,,,,-0.266,0.29,34494000000,40407000000,1.53,2010-06-30,19.42,4618000000,76610003000.0,57298000000,25197000000,11098000000,4618000000,4618000000,None,0,None,5911000000,None,None,9793000000,None,23890000000,14099000000,None,None,None,0.0985,,22804000000,34494000000,9128000000,5086000000,None,None,None,,,,,2.94,1.585,1.602,,,,,,,,0.0677,,98539000000,2025-10-31,quarterly,1.82,USD,pre-market,316000000,113456000000,0.0405,0.0732,-0.014,105.17,4828000000,10473000000,375000000,66000000,150.35,152.25,18.9542,171746000000,42394000000,26013000000,71455000000,129352000000,45442000000,198200000000,99569000000,21.1,-25998000000,163.27,127.59
2025-12-28,CVX,7.11,188687008000.0,21.1,-94630000000,0.673,94.28,,290000000,7376000000,7376000000,,,,,,,,,1832000000,2004217000,None,140902000000,140902000000,16787000000,None,None,17921000000,None,None,5913000000,,6.76,0.0449,,,,-0.266,0.29,34494000000,40407000000,1.53,2010-03-31,19.42,4618000000,76610003000.0,57298000000,25197000000,11098000000,4618000000,4618000000,None,0,None,6078000000,None,None,9793000000,None,23689000000,14099000000,None,None,None,0.0985,,22804000000,34494000000,9367000000,5209000000,None,None,None,,,,,2.94,1.585,1.602,,,,,,,,0.0677,,97347000000,2025-10-31,quarterly,1.82,USD,pre-market,316000000,109484000000,0.0405,0.0732,-0.014,105.17,4828000000,10385000000,302000000,84000000,150.35,152.25,18.9542,168932000000,40826000000,27566000000,72880000000,128106000000,45314000000,198200000000,95349000000,21.1,-26115000000,163.27,127.59
2025-12-28,CVX,7.11,188687008000.0,21.1,-91820000000,0.673,94.28,,301000000,8716000000,8716000000,,,,,,,,,1832000000,1994983000,None,140902000000,140902000000,16437000000,None,None,17703000000,None,None,5913000000,,6.76,0.0449,,,,-0.266,0.29,34494000000,40407000000,1.53,2009-12-31,19.42,4618000000,76610003000.0,57298000000,25197000000,11098000000,4618000000,4618000000,None,0,None,5529000000,None,None,9829000000,None,23440000000,14099000000,None,None,None,0.0985,,22804000000,34494000000,5162000000,5375000000,None,None,None,,,,,2.94,1.585,1.602,,,,,,,,0.0677,,96468000000,2025-10-31,quarterly,1.82,USD,pre-market,316000000,106289000000,0.0405,0.0732,-0.014,105.17,4828000000,10514000000,384000000,106000000,150.35,152.25,18.9542,164621000000,37216000000,26211000000,72060000000,127405000000,45849000000,198200000000,91914000000,21.1,-26168000000,163.27,127.59
2025-12-28,CVX,7.11,188687008000.0,21.1,-89290000000,0.673,94.28,,329000000,7568000000,7568000000,,,,,,,,,1832000000,2000586000,None,140902000000,140902000000,15715000000,None,None,17070000000,None,None,5913000000,,6.76,0.0449,,,,-0.266,0.29,34494000000,40407000000,1.53,2009-09-30,19.42,4619000000,76610003000.0,57298000000,25197000000,11098000000,4619000000,4619000000,None,0,None,6323000000,None,None,9973000000,None,23958000000,14099000000,None,None,None,0.0985,,22804000000,34494000000,4459000000,5501000000,None,None,None,,,,,2.94,1.585,1.602,,,,,,,,0.0677,,94257000000,2025-10-31,quarterly,1.82,USD,pre-market,316000000,104575000000,0.0405,0.0732,-0.014,105.17,4828000000,10542000000,240000000,121000000,150.35,152.25,18.9542,162561000000,35541000000,25393000000,71339000000,127020000000,45946000000,198200000000,90646000000,21.1,-26255000000,163.27,127.59
2025-12-28,CVX,7.11,188687008000.0,21.1,-86401000000,0.673,94.28,,342000000,7236000000,7236000000,,,,,,,,,1832000000,1999667000,None,140902000000,140902000000,15584000000,None,None,16617000000,None,None,5913000000,,6.76,0.0449,,,,-0.266,0.29,34494000000,40407000000,1.53,2009-06-30,19.42,4619000000,76610003000.0,57298000000,25197000000,11098000000,4619000000,4619000000,None,0,None,6484000000,None,None,10850000000,None,23937000000,14099000000,None,None,None,0.0985,,22804000000,34494000000,4271000000,5428000000,None,None,None,,,,,2.94,1.585,1.602,,,,,,,,0.0677,,93673000000,2025-10-31,quarterly,1.82,USD,pre-market,316000000,102097000000,0.0405,0.0732,-0.014,105.17,4828000000,12060000000,868000000,108000000,150.35,152.25,18.9542,161201000000,34716000000,25364000000,72721000000,126485000000,47357000000,198200000000,87958000000,21.1,-26301000000,163.27,127.59
2025-12-28,CVX,7.11,188687008000.0,21.1,None,0.673,94.28,,None,9150000000,9150000000,,,,,,,,,1832000000,1999509000,None,140902000000,140902000000,13635000000,None,None,14416000000,None,None,5913000000,,6.76,0.0449,,,,-0.266,0.29,34494000000,40407000000,1.53,2009-03-31,19.42,4619000000,76610003000.0,57298000000,25197000000,11098000000,4619000000,4619000000,None,0,None,6428000000,None,None,11176000000,None,None,14099000000,None,None,None,0.0985,,22804000000,34494000000,3926000000,5935000000,None,None,None,,,,,2.94,1.585,1.602,,,,,,,,0.0677,,92548000000,2025-10-31,quarterly,1.82,USD,pre-market,316000000,101647000000,0.0405,0.0732,-0.014,105.17,4828000000,12194000000,1018000000,154000000,150.35,152.25,18.9542,159426000000,34074000000,24893000000,71610000000,125352000000,46717000000,198200000000,87313000000,21.1,-26351000000,163.27,127.59
2025-12-28,CVX,7.11,188687008000.0,21.1,None,0.673,94.28,,None,9347000000,9347000000,,,,,,,,,1832000000,1991128000,None,140902000000,140902000000,16580000000,None,None,15856000000,None,None,5913000000,,6.76,0.0449,,,,-0.266,0.29,34494000000,40407000000,1.53,2008-12-31,19.42,4619000000,76610003000.0,57298000000,25197000000,11098000000,4619000000,4619000000,None,0,None,6854000000,None,None,6083000000,None,None,14099000000,None,None,None,0.0985,,22804000000,34494000000,4200000000,9546000000,None,None,None,,,,,2.94,1.585,1.602,,,,,,,,0.0677,,91780000000,2025-10-31,quarterly,1.82,USD,pre-market,316000000,101102000000,0.0405,0.0732,-0.014,105.17,4828000000,8901000000,2818000000,213000000,150.35,152.25,18.9542,161165000000,36470000000,32023000000,74048000000,124695000000,42025000000,198200000000,86648000000,21.1,-26376000000,163.27,127.59
2025-12-28,CVX,7.11,188687008000.0,21.1,None,0.673,94.28,,None,10636000000,10636000000,,,,,,,,,1832000000,2044616000,None,140902000000,140902000000,22107000000,None,None,24922000000,None,None,5913000000,,6.76,0.0449,,,,-0.266,0.29,34494000000,40407000000,1.53,2008-09-30,19.42,4600000000,76610003000.0,57298000000,25197000000,11098000000,4600000000,4600000000,None,0,None,6289000000,None,None,6129000000,None,None,14099000000,None,None,None,0.0985,,22804000000,34494000000,5153000000,10804000000,None,None,None,,,,,2.94,1.585,1.602,,,,,,,,0.0677,,85691000000,2025-10-31,quarterly,1.82,USD,pre-market,316000000,97507000000,0.0405,0.0732,-0.014,105.17,4828000000,6961000000,832000000,347000000,150.35,152.25,18.9542,165710000000,47347000000,39425000000,78545000000,118363000000,39120000000,198200000000,86954000000,21.1,-24415000000,163.27,127.59
2025-12-28,CVX,7.11,188687008000.0,21.1,None,0.673,94.28,,None,8180000000,8180000000,,,,,,,,,1832000000,2064888000,None,140902000000,140902000000,29240000000,None,None,30591000000,None,None,5913000000,,6.76,0.0449,,,,-0.266,0.29,34494000000,40407000000,1.53,2008-06-30,19.42,4629000000,76610003000.0,57298000000,25197000000,11098000000,4629000000,4629000000,None,0,None,6371000000,None,None,5770000000,None,None,14099000000,None,None,None,0.0985,,22804000000,34494000000,4140000000,6697000000,None,None,None,,,,,2.94,1.585,1.602,,,,,,,,0.0677,,82394000000,2025-10-31,quarterly,1.82,USD,pre-market,316000000,90937000000,0.0405,0.0732,-0.014,105.17,4828000000,6664000000,894000000,427000000,150.35,152.25,18.9542,163066000000,49709000000,42487000000,80572000000,113357000000,38085000000,198200000000,82268000000,21.1,-22453000000,163.27,127.59
2025-12-28,CVX,7.11,188687008000.0,21.1,None,0.673,94.28,,None,8208000000,8208000000,,,,,,,,,1832000000,2080209000,None,140902000000,140902000000,23490000000,None,None,23874000000,None,None,5913000000,,6.76,0.0449,,,,-0.266,0.29,34494000000,40407000000,1.53,2008-03-31,19.42,4630000000,76610003000.0,57298000000,25197000000,11098000000,4630000000,4630000000,None,0,None,5652000000,None,None,6014000000,None,None,14099000000,None,None,None,0.0985,,22804000000,34494000000,3281000000,6837000000,None,None,None,,,,,2.94,1.585,1.602,,,,,,,,0.0677,,80393000000,2025-10-31,quarterly,1.82,USD,pre-market,316000000,86298000000,0.0405,0.0732,-0.014,105.17,4828000000,6794000000,780000000,473000000,150.35,152.25,18.9542,152847000000,41488000000,35439000000,73424000000,111359000000,37985000000,198200000000,79206000000,21.1,-20817000000,163.27,127.59
2025-12-28,CVX,7.11,188687008000.0,21.1,None,0.673,94.28,,None,7362000000,7362000000,,,,,,,,,1832000000,2066420000,None,140902000000,140902000000,21756000000,None,None,22446000000,None,None,5913000000,,6.76,0.0449,,,,-0.266,0.29,34494000000,40407000000,1.53,2007-12-31,19.42,4637000000,76610003000.0,57298000000,25197000000,11098000000,4637000000,4637000000,None,0,None,5310000000,None,None,6070000000,None,None,14099000000,None,None,None,0.0985,,22804000000,34494000000,3527000000,6908000000,None,None,None,,,,,2.94,1.585,1.602,,,,,,,,0.0677,,78610000000,2025-10-31,quarterly,1.82,USD,pre-market,316000000,82329000000,0.0405,0.0732,-0.014,105.17,4828000000,7232000000,1162000000,732000000,150.35,152.25,18.9542,148786000000,39377000000,33798000000,71494000000,109409000000,37696000000,198200000000,77088000000,21.1,-18892000000,163.27,127.59
2025-12-28,CVX,7.11,188687008000.0,21.1,None,0.673,94.28,,None,7950000000,7950000000,,,,,,,,,1832000000,2124198000,None,140902000000,140902000000,19812000000,None,None,19756000000,None,None,5913000000,,6.76,0.0449,,,,-0.266,0.29,34494000000,40407000000,1.53,2007-09-30,19.42,4679000000,76610003000.0,57298000000,25197000000,11098000000,4679000000,4679000000,None,0,None,5659000000,None,None,5147000000,None,None,14099000000,None,None,None,0.0985,,22804000000,34494000000,3350000000,5690000000,None,None,None,,,,,2.94,1.585,1.602,,,,,,,,0.0677,,72898000000,2025-10-31,quarterly,1.82,USD,pre-market,316000000,78668000000,0.0405,0.0732,-0.014,105.17,4828000000,6049000000,902000000,794000000,150.35,152.25,18.9542,139554000000,37509000000,29434000000,64401000000,102045000000,34967000000,198200000000,74944000000,21.1,-16961000000,163.27,127.59
2025-12-28,CVX,7.11,188687008000.0,21.1,None,0.673,94.28,,None,11216000000,11216000000,,,,,,,,,1832000000,2141583000,None,140902000000,140902000000,18336000000,None,None,19360000000,None,None,5913000000,,6.76,0.0449,,,,-0.266,0.29,34494000000,40407000000,1.53,2007-06-30,19.42,4681000000,76610003000.0,57298000000,25197000000,11098000000,4681000000,4681000000,None,0,None,5150000000,None,None,5354000000,None,None,14099000000,None,None,None,0.0985,,22804000000,34494000000,3210000000,5639000000,None,None,None,,,,,2.94,1.585,1.602,,,,,,,,0.0677,,71117000000,2025-10-31,quarterly,1.82,USD,pre-market,316000000,76175000000,0.0405,0.0732,-0.014,105.17,4828000000,8189000000,2835000000,887000000,150.35,152.25,18.9542,139606000000,39823000000,30489000000,65218000000,99783000000,34729000000,198200000000,74179000000,21.1,-15094000000,163.27,127.59
2025-12-28,CVX,7.11,188687008000.0,21.1,None,0.673,94.28,,None,11800000000,11800000000,,,,,,,,,1832000000,2157879000,None,140902000000,140902000000,16572000000,None,None,17465000000,None,None,5913000000,,6.76,0.0449,,,,-0.266,0.29,34494000000,40407000000,1.53,2007-03-31,19.42,4691000000,76610003000.0,57298000000,25197000000,11098000000,4691000000,4691000000,None,0,None,4672000000,None,None,6131000000,None,None,14099000000,None,None,None,0.0985,,22804000000,34494000000,3157000000,5656000000,None,None,None,,,,,2.94,1.585,1.602,,,,,,,,0.0677,,69897000000,2025-10-31,quarterly,1.82,USD,pre-market,316000000,72030000000,0.0405,0.0732,-0.014,105.17,4828000000,9948000000,3817000000,903000000,150.35,152.25,18.9542,136006000000,37997000000,29502000000,64332000000,98009000000,34830000000,198200000000,71460000000,21.1,-13548000000,163.27,127.59
2025-12-28,CVX,7.11,188687008000.0,21.1,None,0.673,94.28,,None,10493000000,10493000000,,,,,,,,,1832000000,2145518000,None,140902000000,140902000000,16675000000,None,None,17628000000,None,None,5913000000,,6.76,0.0449,,,,-0.266,0.29,34494000000,40407000000,1.53,2006-12-31,19.42,4623000000,76610003000.0,57298000000,25197000000,11098000000,4623000000,4623000000,None,0,None,4656000000,None,None,7679000000,None,None,14099000000,None,None,None,0.0985,,22804000000,34494000000,2574000000,5949000000,None,None,None,,,,,2.94,1.585,1.602,,,,,,,,0.0677,,68858000000,2025-10-31,quarterly,1.82,USD,pre-market,316000000,68464000000,0.0405,0.0732,-0.014,105.17,4828000000,9838000000,2159000000,953000000,150.35,152.25,18.9542,132628000000,36304000000,28409000000,63484000000,96324000000,35075000000,198200000000,68935000000,21.1,-12395000000,163.27,127.59
2025-12-28,CVX,7.11,188687008000.0,21.1,None,0.673,94.28,,None,11226000000,11226000000,,,,,,,,,1832000000,2189688000,None,140902000000,140902000000,17065000000,None,None,18738000000,None,None,5913000000,,6.76,0.0449,,,,-0.266,0.29,34494000000,40407000000,1.53,2006-09-30,19.42,4659000000,76610003000.0,57298000000,25197000000,11098000000,4659000000,4659000000,None,0,None,5207000000,None,None,8104000000,None,None,14099000000,None,None,None,0.0985,,22804000000,34494000000,2206000000,5322000000,None,None,None,,,,,2.94,1.585,1.602,,,,,,,,0.0677,,66888000000,2025-10-31,quarterly,1.82,USD,pre-market,316000000,65815000000,0.0405,0.0732,-0.014,105.17,4828000000,10393000000,2289000000,1047000000,150.35,152.25,18.9542,134121000000,38424000000,29042000000,64292000000,95697000000,35250000000,198200000000,69602000000,21.1,-11252000000,163.27,127.59
2025-12-28,CVX,7.11,188687008000.0,21.1,None,0.673,94.28,,None,10080000000,10080000000,,,,,,,,,1832000000,2206009000,None,140902000000,140902000000,17068000000,None,None,18370000000,None,None,5913000000,,6.76,0.0449,,,,-0.266,0.29,34494000000,40407000000,1.53,2006-06-30,19.42,4700000000,76610003000.0,57298000000,25197000000,11098000000,4700000000,4700000000,None,0,None,4832000000,None,None,10300000000,None,None,14099000000,None,None,None,0.0985,,22804000000,34494000000,2219000000,5291000000,None,None,None,,,,,2.94,1.585,1.602,,,,,,,,0.0677,,65600000000,2025-10-31,quarterly,1.82,USD,pre-market,316000000,61931000000,0.0405,0.0732,-0.014,105.17,4828000000,10349000000,49000000,1053000000,150.35,152.25,18.9542,131183000000,36554000000,26812000000,64046000000,94629000000,37234000000,198200000000,66906000000,21.1,-9996000000,163.27,127.59
2025-12-28,CVX,7.11,188687008000.0,21.1,None,0.673,94.28,,None,10703000000,10703000000,,,,,,,,,1832000000,2223843000,None,140902000000,140902000000,15658000000,None,None,17445000000,None,None,5913000000,,6.76,0.0449,,,,-0.266,0.29,34494000000,40407000000,1.53,2006-03-31,19.42,4644000000,76610003000.0,57298000000,25197000000,11098000000,4644000000,4644000000,None,0,None,4228000000,None,None,11921000000,None,None,14099000000,None,None,None,0.0985,,22804000000,34494000000,1818000000,4812000000,None,None,None,,,,,2.94,1.585,1.602,,,,,,,,0.0677,,64300000000,2025-10-31,quarterly,1.82,USD,pre-market,316000000,58733000000,0.0405,0.0732,-0.014,105.17,4828000000,12110000000,189000000,1061000000,150.35,152.25,18.9542,127731000000,35255000000,24686000000,62677000000,92476000000,37991000000,198200000000,64841000000,21.1,-8822000000,163.27,127.59
2025-12-28,CVX,7.11,188687008000.0,21.1,None,0.673,94.28,,None,10043000000,10043000000,,,,,,,,,1832000000,2213980000,None,140902000000,140902000000,16074000000,None,None,17184000000,None,None,5913000000,,6.76,0.0449,,,,-0.266,0.29,34494000000,40407000000,1.53,2005-12-31,19.42,4636000000,76610003000.0,57298000000,25197000000,11098000000,4650000000,4650000000,None,0,None,4121000000,None,None,12131000000,None,None,14099000000,None,None,None,0.0985,,22804000000,34494000000,1887000000,5071000000,None,None,None,,,,,2.94,1.585,1.602,,,,,,,,0.0677,,63690000000,2025-10-31,quarterly,1.82,USD,pre-market,316000000,55738000000,0.0405,0.0732,-0.014,105.17,4828000000,12870000000,739000000,1101000000,150.35,152.25,18.9542,125833000000,34336000000,25011000000,62957000000,91497000000,37946000000,198200000000,62676000000,21.1,-7870000000,163.27,127.59
2025-12-28,CVX,7.11,188687008000.0,21.1,None,0.673,94.28,,None,9808000000,9808000000,,,,,,,,,1832000000,2193851000,None,140902000000,140902000000,15151000000,None,None,17777000000,None,None,5913000000,,6.76,0.0449,,,,-0.266,0.29,34494000000,40407000000,1.53,2005-09-30,19.42,3591000000,76610003000.0,57298000000,25197000000,11098000000,None,None,None,0,None,3555000000,None,None,12577000000,None,None,14099000000,None,None,None,0.0985,,22804000000,34494000000,2666000000,5303000000,None,None,None,,,,,2.94,1.585,1.602,,,,,,,,0.0677,,63982000000,2025-10-31,quarterly,1.82,USD,pre-market,316000000,52595000000,0.0405,0.0732,-0.014,105.17,4828000000,13857000000,1280000000,1172000000,150.35,152.25,18.9542,124809000000,34978000000,25527000000,64424000000,89831000000,38897000000,198200000000,60187000000,21.1,-7117000000,163.27,127.59
2025-12-28,CVX,7.11,188687008000.0,21.1,None,0.673,94.28,,604000000,6781000000,6781000000,,,,,,,,,1832000000,1817000000,None,140902000000,140902000000,22079000000,None,4348000000,20684000000,None,None,5913000000,,6.76,0.0449,,,,-0.266,0.29,34494000000,40407000000,1.53,2024-12-31,19.42,4578000000,76610003000.0,57298000000,25197000000,11098000000,None,None,None,0,None,9074000000,None,None,19589000000,None,47438000000,14099000000,None,None,None,0.0985,,22804000000,34494000000,4368000000,8486000000,None,22094000000,None,,,,,2.94,1.585,1.602,,,,,,,,0.0677,,153114000000,2025-10-31,annual,1.82,USD,pre-market,316000000,205852000000,0.0405,0.0732,-0.014,105.17,4828000000,24541000000,4406000000,4000000,150.35,152.25,18.9542,256938000000,40911000000,38558000000,103781000000,216027000000,65223000000,198200000000,152318000000,21.1,None,163.27,127.59
2025-12-28,CVX,7.11,188687008000.0,21.1,None,0.673,94.28,,574000000,8178000000,8178000000,,,,,,,,,1832000000,1880307000,None,140902000000,140902000000,20423000000,None,529000000,19921000000,None,None,5913000000,,6.76,0.0449,,,,-0.266,0.29,34494000000,40407000000,1.53,2023-12-31,19.42,4722000000,76610003000.0,57298000000,25197000000,11098000000,None,None,None,0,None,8612000000,None,None,19733000000,None,46812000000,14099000000,None,None,None,0.0985,,22804000000,34494000000,4372000000,7655000000,None,24226000000,None,,,,,2.94,1.585,1.602,,,,,,,,0.0677,,159041000000,2025-10-31,annual,1.82,USD,pre-market,316000000,200025000000,0.0405,0.0732,-0.014,105.17,4828000000,20836000000,529000000,45000000,150.35,152.25,18.9542,261632000000,41128000000,32258000000,99703000000,220504000000,67445000000,198200000000,160957000000,21.1,None,163.27,127.59
2025-12-28,CVX,7.11,188687008000.0,21.1,None,0.673,94.28,,403000000,17678000000,17678000000,,,,,,,,,1832000000,1940277000,None,140902000000,140902000000,18955000000,None,1964000000,20456000000,None,None,5913000000,,6.76,0.0449,,,,-0.266,0.29,34494000000,40407000000,1.53,2022-12-31,19.42,4722000000,76610003000.0,57298000000,25197000000,11098000000,4722000000,4722000000,None,0,None,8247000000,None,None,20972000000,None,45238000000,14099000000,None,None,None,0.0985,,22804000000,34494000000,3739000000,7486000000,None,41771000000,None,,,,,2.94,1.585,1.602,,,,,,,,0.0677,,147853000000,2025-10-31,annual,1.82,USD,pre-market,316000000,190024000000,0.0405,0.0732,-0.014,105.17,4828000000,23339000000,1964000000,223000000,150.35,152.25,18.9542,257709000000,50343000000,34208000000,97467000000,207366000000,63259000000,198200000000,159282000000,21.1,-48196000000,163.27,127.59
2025-12-28,CVX,7.11,188687008000.0,21.1,None,0.673,94.28,,449000000,5640000000,5640000000,,,,,,,,,1832000000,1920275000,None,140902000000,140902000000,16454000000,None,256000000,18419000000,None,None,5913000000,,6.76,0.0449,,,,-0.266,0.29,34494000000,40407000000,1.53,2021-12-31,19.42,4385000000,76610003000.0,57298000000,25197000000,11098000000,4385000000,4385000000,None,0,None,6795000000,None,None,30664000000,None,41299000000,14099000000,None,None,None,0.0985,,22804000000,34494000000,3339000000,10081000000,None,51891000000,None,,,,,2.94,1.585,1.602,,,,,,,,0.0677,,150629000000,2025-10-31,annual,1.82,USD,pre-market,316000000,165546000000,0.0405,0.0732,-0.014,105.17,4828000000,31369000000,256000000,35000000,150.35,152.25,18.9542,239535000000,33738000000,26791000000,99595000000,195710000000,30664000000,198200000000,167378000000,21.1,-41464000000,163.27,127.59
2025-12-28,CVX,7.11,188687008000.0,21.1,None,0.673,94.28,,447000000,5596000000,5596000000,,,,,,,,,1832000000,1870027000,None,140902000000,140902000000,10950000000,None,1548000000,11471000000,None,None,5913000000,,6.76,0.0449,,,,-0.266,0.29,34494000000,40407000000,1.53,2020-12-31,19.42,4402000000,76610003000.0,57298000000,25197000000,11098000000,4402000000,4402000000,None,0,None,5676000000,None,None,42320000000,None,39641000000,14099000000,None,None,None,0.0985,,22804000000,34494000000,3304000000,7812000000,None,63095000000,None,,,,,2.94,1.585,1.602,,,,,,,,0.0677,,160567000000,2025-10-31,annual,1.82,USD,pre-market,316000000,160377000000,0.0405,0.0732,-0.014,105.17,4828000000,44315000000,1548000000,31000000,150.35,152.25,18.9542,239790000000,26078000000,22183000000,107064000000,213712000000,84881000000,198200000000,131688000000,21.1,-41498000000,163.27,127.59
2025-12-28,CVX,7.11,188687008000.0,21.1,None,0.673,94.28,,282000000,5686000000,5686000000,,,,,,,,,1832000000,1895126000,None,140902000000,140902000000,14103000000,None,3282000000,13325000000,None,None,5913000000,,6.76,0.0449,,,,-0.266,0.29,34494000000,40407000000,1.53,2019-12-31,19.42,4463000000,76610003000.0,57298000000,25197000000,11098000000,4463000000,4463000000,None,0,None,5848000000,None,None,23691000000,None,40199000000,14099000000,None,None,None,0.0985,,22804000000,34494000000,3407000000,6589000000,None,44136000000,None,,,,,2.94,1.585,1.602,,,,,,,,0.0677,,154568000000,2025-10-31,annual,1.82,USD,pre-market,316000000,174945000000,0.0405,0.0732,-0.014,105.17,4828000000,26973000000,3282000000,63000000,150.35,152.25,18.9542,237428000000,28329000000,26530000000,92220000000,209099000000,65690000000,198200000000,144213000000,21.1,-44599000000,163.27,127.59
2025-12-28,CVX,7.11,188687008000.0,21.1,-171037000000,0.673,94.28,,145000000,9342000000,9342000000,,,,,,,,,1832000000,1914107000,None,140902000000,140902000000,13953000000,None,5726000000,15050000000,None,None,5913000000,,6.76,0.0449,,,,-0.266,0.29,34494000000,40407000000,1.53,2018-12-31,19.42,4518000000,76610003000.0,57298000000,25197000000,11098000000,None,None,None,0,None,5704000000,None,None,28733000000,None,37488000000,14099000000,None,None,None,0.0985,,22804000000,34494000000,2922000000,5864000000,None,48475000000,None,,,,,2.94,1.585,1.602,,,,,,,,0.0677,,171070000000,2025-10-31,annual,1.82,USD,pre-market,316000000,180987000000,0.0405,0.0732,-0.014,105.17,4828000000,34459000000,5726000000,1003000000,150.35,152.25,18.9542,253863000000,34021000000,27171000000,98221000000,219842000000,71050000000,198200000000,154554000000,21.1,-41593000000,163.27,127.59
2025-12-28,CVX,7.11,188687008000.0,21.1,-166773000000,0.673,94.28,,94000000,4813000000,4813000000,,,,,,,,,1832000000,1897633000,None,140902000000,140902000000,14565000000,None,5192000000,15353000000,None,None,5913000000,,6.76,0.0449,,,,-0.266,0.29,34494000000,40407000000,1.53,2017-12-31,19.42,4531000000,76610003000.0,57298000000,25197000000,11098000000,4531000000,4531000000,None,0,None,5585000000,None,None,33477000000,None,35346000000,14099000000,None,None,None,0.0985,,22804000000,34494000000,2800000000,6380000000,None,None,None,,,,,2.94,1.585,1.602,,,,,,,,0.0677,,178352000000,2025-10-31,annual,1.82,USD,pre-market,316000000,174106000000,0.0405,0.0732,-0.014,105.17,4828000000,38763000000,5192000000,9000000,150.35,152.25,18.9542,253806000000,28560000000,27737000000,104487000000,225246000000,76750000000,198200000000,148124000000,21.1,-40833000000,163.27,127.59
2025-12-28,CVX,7.11,188687008000.0,21.1,-153891000000,0.673,94.28,,93000000,6988000000,6988000000,,,,,,,,,1832000000,1872789000,None,140902000000,140902000000,13986000000,None,10840000000,14092000000,None,None,5913000000,,6.76,0.0449,,,,-0.266,0.29,34494000000,40407000000,1.53,2016-12-31,19.42,4581000000,76610003000.0,57298000000,25197000000,11098000000,4581000000,4581000000,None,0,None,5419000000,None,None,35193000000,None,32735000000,14099000000,None,None,None,0.0985,,22804000000,34494000000,3107000000,5909000000,None,None,None,,,,,2.94,1.585,1.602,,,,,,,,0.0677,,186305000000,2025-10-31,annual,1.82,USD,pre-market,316000000,173046000000,0.0405,0.0732,-0.014,105.17,4828000000,46126000000,10840000000,13000000,150.35,152.25,18.9542,260078000000,29619000000,31785000000,113356000000,230459000000,81571000000,198200000000,145556000000,21.1,-41834000000,163.27,127.59
2025-12-28,CVX,7.11,188687008000.0,21.1,-151881000000,0.673,94.28,,80000000,11022000000,11022000000,,,,,,,,,1832000000,1874971000,None,140902000000,140902000000,13516000000,None,1486000000,12860000000,None,None,5913000000,,6.76,0.0449,,,,-0.266,0.29,34494000000,40407000000,1.53,2015-12-31,19.42,4588000000,76610003000.0,57298000000,25197000000,11098000000,4588000000,4588000000,None,0,None,6334000000,None,None,33584000000,None,29522000000,14099000000,None,None,None,0.0985,,22804000000,34494000000,3904000000,5951000000,None,None,None,,,,,2.94,1.585,1.602,,,,,,,,0.0677,,189845000000,2025-10-31,annual,1.82,USD,pre-market,316000000,181578000000,0.0405,0.0732,-0.014,105.17,4828000000,38549000000,4927000000,310000000,150.35,152.25,18.9542,264540000000,34430000000,25467000000,110654000000,230110000000,85187000000,198200000000,152716000000,21.1,-42493000000,163.27,127.59
2025-12-28,CVX,7.11,188687008000.0,21.1,-144116000000,0.673,94.28,,68000000,12785000000,12785000000,,,,,,,,,1832000000,1897897000,None,140902000000,140902000000,19000000000,None,27818000000,16736000000,None,None,5913000000,,6.76,0.0449,,,,-0.266,0.29,34494000000,40407000000,1.53,2014-12-31,19.42,4593000000,76610003000.0,57298000000,25197000000,11098000000,4593000000,4593000000,None,0,None,6505000000,None,None,23960000000,None,29729000000,14099000000,None,None,None,0.0985,,22804000000,34494000000,5776000000,5328000000,None,None,None,,,,,2.94,1.585,1.602,,,,,,,,0.0677,,183173000000,2025-10-31,annual,1.82,USD,pre-market,316000000,184987000000,0.0405,0.0732,-0.014,105.17,4828000000,27818000000,3790000000,430000000,150.35,152.25,18.9542,266026000000,42232000000,31926000000,109835000000,223794000000,77909000000,198200000000,155028000000,21.1,-42733000000,163.27,127.59
2025-12-28,CVX,7.11,188687008000.0,21.1,-131604000000,0.673,94.28,,97000000,16245000000,16245000000,,,,,,,,,1832000000,1932393000,None,140902000000,140902000000,22815000000,None,None,21622000000,None,None,5913000000,,6.76,0.0449,,,,-0.266,0.29,34494000000,40407000000,1.53,2013-12-31,19.42,4639000000,76610003000.0,57298000000,25197000000,11098000000,4639000000,4639000000,None,0,None,6380000000,None,None,19960000000,None,28335000000,14099000000,None,None,None,0.0985,,22804000000,34494000000,5732000000,5402000000,None,None,None,,,,,2.94,1.585,1.602,,,,,,,,0.0677,,165409000000,2025-10-31,annual,1.82,USD,pre-market,316000000,173677000000,0.0405,0.0732,-0.014,105.17,4828000000,20431000000,374000000,271000000,150.35,152.25,18.9542,253753000000,50250000000,33018000000,103326000000,203503000000,70308000000,198200000000,149113000000,21.1,-38290000000,163.27,127.59
2025-12-28,CVX,7.11,188687008000.0,21.1,-122133000000,0.673,94.28,,99000000,20939000000,20939000000,,,,,,,,,1832000000,1964755000,None,140902000000,140902000000,22776000000,None,None,20997000000,None,None,5913000000,,6.76,0.0449,,,,-0.266,0.29,34494000000,40407000000,1.53,2012-12-31,19.42,4640000000,76610003000.0,57298000000,25197000000,11098000000,4640000000,4640000000,None,0,None,6144000000,None,None,11966000000,None,26771000000,14099000000,None,None,None,0.0985,,22804000000,34494000000,6666000000,5738000000,None,None,None,,,,,2.94,1.585,1.602,,,,,,,,0.0677,,141348000000,2025-10-31,annual,1.82,USD,pre-market,316000000,159730000000,0.0405,0.0732,-0.014,105.17,4828000000,12192000000,127000000,974000000,150.35,152.25,18.9542,232982000000,55720000000,34212000000,95150000000,177262000000,60938000000,198200000000,136524000000,21.1,-33884000000,163.27,127.59
2025-12-28,CVX,7.11,188687008000.0,21.1,-110824000000,0.673,94.28,,128000000,15864000000,15864000000,,,,,,,,,1832000000,2000785000,None,140902000000,140902000000,22147000000,None,None,21793000000,None,None,5913000000,,6.76,0.0449,,,,-0.266,0.29,34494000000,40407000000,1.53,2011-12-31,19.42,4642000000,76610003000.0,57298000000,25197000000,11098000000,4642000000,4642000000,None,0,None,5543000000,None,None,9684000000,None,25101000000,14099000000,None,None,None,0.0985,,22804000000,34494000000,5827000000,5287000000,None,None,None,,,,,2.94,1.585,1.602,,,,,,,,0.0677,,122608000000,2025-10-31,annual,1.82,USD,pre-market,316000000,140399000000,0.0405,0.0732,-0.014,105.17,4828000000,10152000000,340000000,4207000000,150.35,152.25,18.9542,209474000000,53234000000,33600000000,87293000000,156240000000,53693000000,198200000000,121382000000,21.1,-29685000000,163.27,127.59
2025-12-28,CVX,7.11,188687008000.0,21.1,-102863000000,0.673,94.28,,286000000,14060000000,14060000000,,,,,,,,,1832000000,2009104000,None,140902000000,140902000000,19259000000,None,None,20759000000,None,None,5913000000,,6.76,0.0449,,,,-0.266,0.29,34494000000,40407000000,1.53,2010-12-31,19.42,4617000000,76610003000.0,57298000000,25197000000,11098000000,4617000000,4617000000,None,0,None,5493000000,None,None,11003000000,None,23597000000,14099000000,None,None,None,0.0985,,22804000000,34494000000,8374000000,5324000000,None,None,None,,,,,2.94,1.585,1.602,,,,,,,,0.0677,,104504000000,2025-10-31,annual,1.82,USD,pre-market,316000000,119641000000,0.0405,0.0732,-0.014,105.17,4828000000,11476000000,187000000,155000000,150.35,152.25,18.9542,184769000000,48841000000,29012000000,78958000000,135928000000,49946000000,198200000000,105081000000,21.1,-26411000000,163.27,127.59
2025-12-28,CVX,7.11,188687008000.0,21.1,-91820000000,0.673,94.28,,301000000,8716000000,8716000000,,,,,,,,,1832000000,2000925000,None,140902000000,140902000000,16437000000,None,None,17703000000,None,None,5913000000,,6.76,0.0449,,,,-0.266,0.29,34494000000,40407000000,1.53,2009-12-31,19.42,4618000000,76610003000.0,57298000000,25197000000,11098000000,4618000000,4618000000,None,0,None,5529000000,None,None,9829000000,None,23440000000,14099000000,None,None,None,0.0985,,22804000000,34494000000,5162000000,5375000000,None,None,None,,,,,2.94,1.585,1.602,,,,,,,,0.0677,,96468000000,2025-10-31,annual,1.82,USD,pre-market,316000000,106289000000,0.0405,0.0732,-0.014,105.17,4828000000,10514000000,384000000,106000000,150.35,152.25,18.9542,164621000000,37216000000,26211000000,72060000000,127405000000,45849000000,198200000000,91914000000,21.1,-26168000000,163.27,127.59
2025-12-28,CVX,7.11,188687008000.0,21.1,None,0.673,94.28,,None,9347000000,9347000000,,,,,,,,,1832000000,2050000000,None,140902000000,140902000000,16580000000,None,None,15856000000,None,None,5913000000,,6.76,0.0449,,,,-0.266,0.29,34494000000,40407000000,1.53,2008-12-31,19.42,4619000000,76610003000.0,57298000000,25197000000,11098000000,4619000000,4619000000,None,0,None,6854000000,None,None,6083000000,None,None,14099000000,None,None,None,0.0985,,22804000000,34494000000,4200000000,9546000000,None,None,None,,,,,2.94,1.585,1.602,,,,,,,,0.0677,,91780000000,2025-10-31,annual,1.82,USD,pre-market,316000000,101102000000,0.0405,0.0732,-0.014,105.17,4828000000,8901000000,2818000000,213000000,150.35,152.25,18.9542,161165000000,36470000000,32023000000,74048000000,124695000000,42025000000,198200000000,86648000000,21.1,-26376000000,163.27,127.59
2025-12-28,CVX,7.11,188687008000.0,21.1,None,0.673,94.28,,None,7362000000,7362000000,,,,,,,,,1832000000,2132000000,None,140902000000,140902000000,21756000000,None,None,22446000000,None,None,5913000000,,6.76,0.0449,,,,-0.266,0.29,34494000000,40407000000,1.53,2007-12-31,19.42,4637000000,76610003000.0,57298000000,25197000000,11098000000,4637000000,4637000000,None,0,None,5310000000,None,None,6070000000,None,None,14099000000,None,None,None,0.0985,,22804000000,34494000000,3527000000,6908000000,None,None,None,,,,,2.94,1.585,1.602,,,,,,,,0.0677,,78610000000,2025-10-31,annual,1.82,USD,pre-market,316000000,82329000000,0.0405,0.0732,-0.014,105.17,4828000000,7232000000,1162000000,732000000,150.35,152.25,18.9542,148786000000,39377000000,33798000000,71494000000,109409000000,37696000000,198200000000,77088000000,21.1,-18892000000,163.27,127.59
2025-12-28,CVX,7.11,188687008000.0,21.1,None,0.673,94.28,,None,10493000000,10493000000,,,,,,,,,1832000000,2197179487,None,140902000000,140902000000,16675000000,None,None,17628000000,None,None,5913000000,,6.76,0.0449,,,,-0.266,0.29,34494000000,40407000000,1.53,2006-12-31,19.42,4623000000,76610003000.0,57298000000,25197000000,11098000000,4623000000,4623000000,None,0,None,4656000000,None,None,7679000000,None,None,14099000000,None,None,None,0.0985,,22804000000,34494000000,2574000000,5949000000,None,None,None,,,,,2.94,1.585,1.602,,,,,,,,0.0677,,68858000000,2025-10-31,annual,1.82,USD,pre-market,316000000,68464000000,0.0405,0.0732,-0.014,105.17,4828000000,9838000000,2159000000,953000000,150.35,152.25,18.9542,132628000000,36304000000,28409000000,63484000000,96324000000,35075000000,198200000000,68935000000,21.1,-12395000000,163.27,127.59
2025-12-28,CVX,7.11,188687008000.0,21.1,None,0.673,94.28,,None,10043000000,10043000000,,,,,,,,,1832000000,2155810398,None,140902000000,140902000000,16074000000,None,None,17184000000,None,None,5913000000,,6.76,0.0449,,,,-0.266,0.29,34494000000,40407000000,1.53,2005-12-31,19.42,4636000000,76610003000.0,57298000000,25197000000,11098000000,4650000000,4650000000,None,0,None,4121000000,None,None,12131000000,None,None,14099000000,None,None,None,0.0985,,22804000000,34494000000,1887000000,5071000000,None,None,None,,,,,2.94,1.585,1.602,,,,,,,,0.0677,,63690000000,2025-10-31,annual,1.82,USD,pre-market,316000000,55738000000,0.0405,0.0732,-0.014,105.17,4828000000,12870000000,739000000,1101000000,150.35,152.25,18.9542,125833000000,34336000000,25011000000,62957000000,91497000000,37946000000,198200000000,62676000000,21.1,-7870000000,163.27,127.59
2025-12-28,CVX,7.11,188687008000.0,21.1,None,0.673,94.28,4562000000,None,10043000000,10043000000,-4047000000,-1954000000,None,None,354000000,None,None,None,1832000000,2155810398,None,140902000000,140902000000,16074000000,None,None,17184000000,None,None,5913000000,-2667000000,6.76,0.0449,3382000000,3382000000,None,-0.266,0.29,34494000000,40407000000,1.53,2025-09-30,19.42,4636000000,76610003000.0,57298000000,25197000000,11098000000,4650000000,4650000000,None,0,None,4121000000,None,None,12131000000,None,None,3539000000,None,None,None,0.0985,9235000000,22804000000,34494000000,1887000000,5071000000,None,None,None,None,None,None,None,2.94,1.585,1.602,None,None,None,None,None,-2539000000,None,0.0677,None,63690000000,2025-10-31,quarterly,1.82,USD,pre-market,316000000,55738000000,0.0405,0.0732,-0.014,105.17,4828000000,12870000000,739000000,1101000000,150.35,152.25,18.9542,125833000000,34336000000,25011000000,62957000000,91497000000,37946000000,198200000000,62676000000,21.1,-7870000000,163.27,127.59
2025-12-28,CVX,7.11,188687008000.0,21.1,None,0.673,94.28,3712000000,None,10043000000,10043000000,-5985000000,-3432000000,None,None,354000000,None,None,None,1832000000,2155810398,None,140902000000,140902000000,16074000000,None,None,17184000000,None,None,5913000000,4344000000,6.76,0.0449,2934000000,2934000000,None,-0.266,0.29,34494000000,40407000000,1.53,2025-06-30,19.42,4636000000,76610003000.0,57298000000,25197000000,11098000000,4650000000,4650000000,None,0,None,4121000000,None,None,12131000000,None,None,2515000000,None,None,None,0.0985,8576000000,22804000000,34494000000,1887000000,5071000000,None,None,None,None,None,None,None,2.94,1.585,1.602,None,None,None,None,None,-2598000000,None,0.0677,None,63690000000,2025-10-31,quarterly,1.82,USD,pre-market,316000000,55738000000,0.0405,0.0732,-0.014,105.17,4828000000,12870000000,739000000,1101000000,150.35,152.25,18.9542,125833000000,34336000000,25011000000,62957000000,91497000000,37946000000,198200000000,62676000000,21.1,-7870000000,163.27,127.59
2025-12-28,CVX,7.11,188687008000.0,21.1,None,0.673,94.28,3927000000,None,10043000000,10043000000,-1664000000,-5614000000,None,None,-201000000,None,None,None,1832000000,2155810398,None,140902000000,140902000000,16074000000,None,None,17184000000,None,None,5913000000,4123000000,6.76,0.0449,2984000000,2984000000,None,-0.266,0.29,34494000000,40407000000,1.53,2025-03-31,19.42,4636000000,76610003000.0,57298000000,25197000000,11098000000,4650000000,4650000000,None,0,None,4121000000,None,None,12131000000,None,None,3512000000,None,None,None,0.0985,5189000000,22804000000,34494000000,1887000000,5071000000,None,None,None,None,None,None,None,2.94,1.585,1.602,None,None,None,None,None,-3917000000,None,0.0677,None,63690000000,2025-10-31,quarterly,1.82,USD,pre-market,316000000,55738000000,0.0405,0.0732,-0.014,105.17,4828000000,12870000000,739000000,1101000000,150.35,152.25,18.9542,125833000000,34336000000,25011000000,62957000000,91497000000,37946000000,198200000000,62676000000,21.1,-7870000000,163.27,127.59
2025-12-28,CVX,7.11,188687008000.0,21.1,None,0.673,94.28,4338000000,None,10043000000,10043000000,-8784000000,2670000000,None,None,539000000,None,None,None,1832000000,2155810398,None,140902000000,140902000000,16074000000,None,None,17184000000,None,None,5913000000,3887000000,6.76,0.0449,2887000000,2887000000,None,-0.266,0.29,34494000000,40407000000,1.53,2024-12-31,19.42,4636000000,76610003000.0,57298000000,25197000000,11098000000,4650000000,4650000000,None,0,None,4121000000,None,None,12131000000,None,None,3259000000,None,None,None,0.0985,8695000000,22804000000,34494000000,1887000000,5071000000,None,None,None,None,None,None,None,2.94,1.585,1.602,None,None,None,None,None,-4600000000,None,0.0677,None,63690000000,2025-10-31,quarterly,1.82,USD,pre-market,316000000,55738000000,0.0405,0.0732,-0.014,105.17,4828000000,12870000000,739000000,1101000000,150.35,152.25,18.9542,125833000000,34336000000,25011000000,62957000000,91497000000,37946000000,198200000000,62676000000,21.1,-7870000000,163.27,127.59
2025-12-28,CVX,7.11,188687008000.0,21.1,None,0.673,94.28,4055000000,None,10043000000,10043000000,-5262000000,-3696000000,None,None,752000000,None,None,None,1832000000,2155810398,None,140902000000,140902000000,16074000000,None,None,17184000000,None,None,5913000000,4214000000,6.76,0.0449,2933000000,2933000000,None,-0.266,0.29,34494000000,40407000000,1.53,2024-09-30,19.42,4636000000,76610003000.0,57298000000,25197000000,11098000000,4650000000,4650000000,None,0,None,4121000000,None,None,12131000000,None,None,4487000000,None,None,None,0.0985,9674000000,22804000000,34494000000,1887000000,5071000000,None,None,None,None,None,None,None,2.94,1.585,1.602,None,None,None,None,None,-4750000000,None,0.0677,None,63690000000,2025-10-31,quarterly,1.82,USD,pre-market,316000000,55738000000,0.0405,0.0732,-0.014,105.17,4828000000,12870000000,739000000,1101000000,150.35,152.25,18.9542,125833000000,34336000000,25011000000,62957000000,91497000000,37946000000,198200000000,62676000000,21.1,-7870000000,163.27,127.59
2025-12-28,CVX,7.11,188687008000.0,21.1,None,0.673,94.28,3898000000,None,10043000000,10043000000,-4567000000,-3952000000,None,None,-535000000,None,None,None,1832000000,2155810398,None,140902000000,140902000000,16074000000,None,None,17184000000,None,None,5913000000,4004000000,6.76,0.0449,2978000000,2978000000,None,-0.266,0.29,34494000000,40407000000,1.53,2024-06-30,19.42,4636000000,76610003000.0,57298000000,25197000000,11098000000,4650000000,4650000000,None,0,None,4121000000,None,None,12131000000,None,None,4443000000,None,None,None,0.0985,6295000000,22804000000,34494000000,1887000000,5071000000,None,None,None,None,None,None,None,2.94,1.585,1.602,None,None,None,None,None,-3001000000,None,0.0677,None,63690000000,2025-10-31,quarterly,1.82,USD,pre-market,316000000,55738000000,0.0405,0.0732,-0.014,105.17,4828000000,12870000000,739000000,1101000000,150.35,152.25,18.9542,125833000000,34336000000,25011000000,62957000000,91497000000,37946000000,198200000000,62676000000,21.1,-7870000000,163.27,127.59
2025-12-28,CVX,7.11,188687008000.0,21.1,None,0.673,94.28,3892000000,None,10043000000,10043000000,-4870000000,-3949000000,None,None,-1330000000,None,None,None,1832000000,2155810398,None,140902000000,140902000000,16074000000,None,None,17184000000,None,None,5913000000,4119000000,6.76,0.0449,3003000000,3003000000,None,-0.266,0.29,34494000000,40407000000,1.53,2024-03-31,19.42,4636000000,76610003000.0,57298000000,25197000000,11098000000,4650000000,4650000000,None,0,None,4121000000,None,None,12131000000,None,None,5501000000,None,None,None,0.0985,6828000000,22804000000,34494000000,1887000000,5071000000,None,None,None,None,None,None,None,2.94,1.585,1.602,None,None,None,None,None,-2978000000,None,0.0677,None,63690000000,2025-10-31,quarterly,1.82,USD,pre-market,316000000,55738000000,0.0405,0.0732,-0.014,105.17,4828000000,12870000000,739000000,1101000000,150.35,152.25,18.9542,125833000000,34336000000,25011000000,62957000000,91497000000,37946000000,198200000000,62676000000,21.1,-7870000000,163.27,127.59
2025-12-28,CVX,7.11,188687008000.0,21.1,None,0.673,94.28,4361000000,None,10043000000,10043000000,-6167000000,-4071000000,None,None,816000000,None,None,None,1832000000,2155810398,None,140902000000,140902000000,16074000000,None,None,17184000000,None,None,5913000000,6254000000,6.76,0.0449,2809000000,2809000000,None,-0.266,0.29,34494000000,40407000000,1.53,2023-12-31,19.42,4636000000,76610003000.0,57298000000,25197000000,11098000000,4650000000,4650000000,None,0,None,4121000000,None,None,12131000000,None,None,2243000000,None,None,None,0.0985,12434000000,22804000000,34494000000,1887000000,5071000000,None,None,None,None,None,None,None,2.94,1.585,1.602,None,None,None,None,None,-3421000000,None,0.0677,None,63690000000,2025-10-31,quarterly,1.82,USD,pre-market,316000000,55738000000,0.0405,0.0732,-0.014,105.17,4828000000,12870000000,739000000,1101000000,150.35,152.25,18.9542,125833000000,34336000000,25011000000,62957000000,91497000000,37946000000,198200000000,62676000000,21.1,-7870000000,163.27,127.59
2025-12-28,CVX,7.11,188687008000.0,21.1,None,0.673,94.28,4700000000,None,10043000000,10043000000,-8600000000,-11161000000,None,None,-185000000,None,None,None,1832000000,2155810398,None,140902000000,140902000000,16074000000,None,None,17184000000,None,None,5913000000,4000000000,6.76,0.0449,2900000000,2900000000,None,-0.266,0.29,34494000000,40407000000,1.53,2023-09-30,19.42,4636000000,76610003000.0,57298000000,25197000000,11098000000,4650000000,4650000000,None,0,None,4121000000,None,None,12131000000,None,None,6600000000,None,None,None,0.0985,9700000000,22804000000,34494000000,1887000000,5071000000,None,None,None,None,None,None,None,2.94,1.585,1.602,None,None,None,None,None,-3400000000,None,0.0677,None,63690000000,2025-10-31,quarterly,1.82,USD,pre-market,316000000,55738000000,0.0405,0.0732,-0.014,105.17,4828000000,12870000000,739000000,1101000000,150.35,152.25,18.9542,125833000000,34336000000,25011000000,62957000000,91497000000,37946000000,198200000000,62676000000,21.1,-7870000000,163.27,127.59
2025-12-28,CVX,7.11,188687008000.0,21.1,None,0.673,94.28,3800000000,None,10043000000,10043000000,-8700000000,-3944000000,-6395000000,None,34000000,None,None,97000000,1832000000,2155810398,None,140902000000,140902000000,16074000000,None,None,17184000000,None,None,5913000000,3521000000,6.76,0.0449,2800000000,2800000000,None,-0.266,0.29,34494000000,40407000000,1.53,2023-06-30,19.42,4636000000,76610003000.0,57298000000,25197000000,11098000000,4650000000,4650000000,None,0,None,4121000000,None,None,12131000000,None,None,-6000000000,None,None,None,0.0985,6300000000,22804000000,34494000000,1887000000,5071000000,None,None,None,None,None,None,None,2.94,1.585,1.602,None,None,None,None,None,-4400000000,None,0.0677,None,63690000000,2025-10-31,quarterly,1.82,USD,pre-market,316000000,55738000000,0.0405,0.0732,-0.014,105.17,4828000000,12870000000,739000000,1101000000,150.35,152.25,18.9542,125833000000,34336000000,25011000000,62957000000,91497000000,37946000000,198200000000,62676000000,21.1,-7870000000,163.27,127.59
2025-12-28,CVX,7.11,188687008000.0,21.1,None,0.673,94.28,3000000000,None,10043000000,10043000000,-6600000000,-2807000000,-2175000000,None,-985000000,None,None,36000000,1832000000,2155810398,None,140902000000,140902000000,16074000000,None,None,17184000000,None,None,5913000000,3526000000,6.76,0.0449,2900000000,2900000000,None,-0.266,0.29,34494000000,40407000000,1.53,2023-03-31,19.42,4636000000,76610003000.0,57298000000,25197000000,11098000000,4650000000,4650000000,None,0,None,4121000000,None,None,12131000000,None,None,-6600000000,None,None,None,0.0985,7200000000,22804000000,34494000000,1887000000,5071000000,None,None,None,None,None,None,None,2.94,1.585,1.602,None,None,None,None,None,-3800000000,None,0.0677,None,63690000000,2025-10-31,quarterly,1.82,USD,pre-market,316000000,55738000000,0.0405,0.0732,-0.014,105.17,4828000000,12870000000,739000000,1101000000,150.35,152.25,18.9542,125833000000,34336000000,25011000000,62957000000,91497000000,37946000000,198200000000,62676000000,21.1,-7870000000,163.27,127.59
2025-12-28,CVX,7.11,188687008000.0,21.1,None,0.673,94.28,3835000000,None,10043000000,10043000000,-6449000000,-12100000000,2337000000,None,1240000000,None,None,32000000,1832000000,2155810398,None,140902000000,140902000000,16074000000,None,None,17184000000,None,None,5913000000,3887000000,6.76,0.0449,2713000000,2713000000,None,-0.266,0.29,34494000000,40407000000,1.53,2022-12-31,19.42,4636000000,76610003000.0,57298000000,25197000000,11098000000,4650000000,4650000000,None,0,None,4121000000,None,None,12131000000,None,None,6353000000,None,None,None,0.0985,12498000000,22804000000,34494000000,1887000000,5071000000,None,None,None,None,None,None,None,2.94,1.585,1.602,None,None,None,None,None,-3417000000,None,0.0677,None,63690000000,2025-10-31,quarterly,1.82,USD,pre-market,316000000,55738000000,0.0405,0.0732,-0.014,105.17,4828000000,12870000000,739000000,1101000000,150.35,152.25,18.9542,125833000000,34336000000,25011000000,62957000000,91497000000,37946000000,198200000000,62676000000,21.1,-7870000000,163.27,127.59
2025-12-28,CVX,7.11,188687008000.0,21.1,None,0.673,94.28,2995000000,None,10043000000,10043000000,-9025000000,-2767000000,-1869000000,None,-1381000000,None,None,-51000000,1832000000,2155810398,None,140902000000,140902000000,16074000000,None,None,17184000000,None,None,5913000000,4201000000,6.76,0.0449,2743000000,2743000000,None,-0.266,0.29,34494000000,40407000000,1.53,2022-09-30,19.42,4636000000,76610003000.0,57298000000,25197000000,11098000000,4650000000,4650000000,None,0,None,4121000000,None,None,12131000000,None,None,11238000000,None,None,None,0.0985,15267000000,22804000000,34494000000,1887000000,5071000000,None,None,None,None,None,None,None,2.94,1.585,1.602,None,None,None,None,None,-3750000000,None,0.0677,None,63690000000,2025-10-31,quarterly,1.82,USD,pre-market,316000000,55738000000,0.0405,0.0732,-0.014,105.17,4828000000,12870000000,739000000,1101000000,150.35,152.25,18.9542,125833000000,34336000000,25011000000,62957000000,91497000000,37946000000,198200000000,62676000000,21.1,-7870000000,163.27,127.59
2025-12-28,CVX,7.11,188687008000.0,21.1,None,0.673,94.28,3184000000,None,10043000000,10043000000,-8138000000,-4964000000,None,None,-567000000,None,None,None,1832000000,2155810398,None,140902000000,140902000000,16074000000,None,None,17184000000,None,None,5913000000,3700000000,6.76,0.0449,2766000000,2766000000,None,-0.266,0.29,34494000000,40407000000,1.53,2022-06-30,19.42,4636000000,76610003000.0,57298000000,25197000000,11098000000,4650000000,4650000000,None,0,None,4121000000,None,None,12131000000,None,None,11715000000,None,None,None,0.0985,13782000000,22804000000,34494000000,1887000000,5071000000,None,None,None,None,None,None,None,2.94,1.585,1.602,None,None,None,None,None,-2500000000,None,0.0677,None,63690000000,2025-10-31,quarterly,1.82,USD,pre-market,316000000,55738000000,0.0405,0.0732,-0.014,105.17,4828000000,12870000000,739000000,1101000000,150.35,152.25,18.9542,125833000000,34336000000,25011000000,62957000000,91497000000,37946000000,198200000000,62676000000,21.1,-7870000000,163.27,127.59
2025-12-28,CVX,7.11,188687008000.0,21.1,None,0.673,94.28,1960000000,None,10043000000,10043000000,-1366000000,-665000000,6024000000,None,-222000000,None,None,86000000,1832000000,2155810398,None,140902000000,140902000000,16074000000,None,None,17184000000,None,None,5913000000,3654000000,6.76,0.0449,2746000000,2746000000,None,-0.266,0.29,34494000000,40407000000,1.53,2022-03-31,19.42,4636000000,76610003000.0,57298000000,25197000000,11098000000,4650000000,4650000000,None,0,None,4121000000,None,None,12131000000,None,None,6277000000,None,None,None,0.0985,8055000000,22804000000,34494000000,1887000000,5071000000,None,None,None,None,None,None,None,2.94,1.585,1.602,None,None,None,None,None,-1255000000,None,0.0677,None,63690000000,2025-10-31,quarterly,1.82,USD,pre-market,316000000,55738000000,0.0405,0.0732,-0.014,105.17,4828000000,12870000000,739000000,1101000000,150.35,152.25,18.9542,125833000000,34336000000,25011000000,62957000000,91497000000,37946000000,198200000000,62676000000,21.1,-7870000000,163.27,127.59
2025-12-28,CVX,7.11,188687008000.0,21.1,None,0.673,94.28,2606000000,None,10043000000,10043000000,-8290000000,-1389000000,-221000000,None,-177000000,None,None,54000000,1832000000,2155810398,None,140902000000,140902000000,16074000000,None,None,17184000000,None,None,5913000000,3783000000,6.76,0.0449,2567000000,2567000000,None,-0.266,0.29,34494000000,40407000000,1.53,2021-12-31,19.42,4636000000,76610003000.0,57298000000,25197000000,11098000000,4650000000,4650000000,None,0,None,4121000000,None,None,12131000000,None,None,5082000000,None,None,None,0.0985,9458000000,22804000000,34494000000,1887000000,5071000000,None,None,None,None,None,None,None,2.94,1.585,1.602,None,None,None,None,None,-750000000,None,0.0677,None,63690000000,2025-10-31,quarterly,1.82,USD,pre-market,316000000,55738000000,0.0405,0.0732,-0.014,105.17,4828000000,12870000000,739000000,1101000000,150.35,152.25,18.9542,125833000000,34336000000,25011000000,62957000000,91497000000,37946000000,198200000000,62676000000,21.1,-7870000000,163.27,127.59
2025-12-28,CVX,7.11,188687008000.0,21.1,None,0.673,94.28,1907000000,None,10043000000,10043000000,-8825000000,-1341000000,-1587000000,None,118000000,None,None,-55000000,1832000000,2155810398,None,140902000000,140902000000,16074000000,None,None,17184000000,None,None,5913000000,4304000000,6.76,0.0449,2571000000,2571000000,None,-0.266,0.29,34494000000,40407000000,1.53,2021-09-30,19.42,4636000000,76610003000.0,57298000000,25197000000,11098000000,4650000000,4650000000,None,0,None,4121000000,None,None,12131000000,None,None,6115000000,None,None,None,0.0985,8579000000,22804000000,34494000000,1887000000,5071000000,None,None,None,None,None,None,None,2.94,1.585,1.602,None,None,None,None,None,-625000000,None,0.0677,None,63690000000,2025-10-31,quarterly,1.82,USD,pre-market,316000000,55738000000,0.0405,0.0732,-0.014,105.17,4828000000,12870000000,739000000,1101000000,150.35,152.25,18.9542,125833000000,34336000000,25011000000,62957000000,91497000000,37946000000,198200000000,62676000000,21.1,-7870000000,163.27,127.59
2025-12-28,CVX,7.11,188687008000.0,21.1,None,0.673,94.28,1797000000,None,10043000000,10043000000,-4945000000,-1572000000,437000000,None,-522000000,None,None,7000000,1832000000,2155810398,None,140902000000,140902000000,16074000000,None,None,17184000000,None,None,5913000000,4522000000,6.76,0.0449,2573000000,2573000000,None,-0.266,0.29,34494000000,40407000000,1.53,2021-06-30,19.42,4636000000,76610003000.0,57298000000,25197000000,11098000000,4650000000,4650000000,None,0,None,4121000000,None,None,12131000000,None,None,3094000000,None,None,None,0.0985,6954000000,22804000000,34494000000,1887000000,5071000000,None,None,None,None,None,None,None,2.94,1.585,1.602,None,None,None,None,None,-2000000,None,0.0677,None,63690000000,2025-10-31,quarterly,1.82,USD,pre-market,316000000,55738000000,0.0405,0.0732,-0.014,105.17,4828000000,12870000000,739000000,1101000000,150.35,152.25,18.9542,125833000000,34336000000,25011000000,62957000000,91497000000,37946000000,198200000000,62676000000,21.1,-7870000000,163.27,127.59
2025-12-28,CVX,7.11,188687008000.0,21.1,None,0.673,94.28,1746000000,None,10043000000,10043000000,-1053000000,-1563000000,1580000000,None,51000000,None,None,15000000,1832000000,2155810398,None,140902000000,140902000000,16074000000,None,None,17184000000,None,None,5913000000,4286000000,6.76,0.0449,2468000000,2468000000,None,-0.266,0.29,34494000000,40407000000,1.53,2021-03-31,19.42,4636000000,76610003000.0,57298000000,25197000000,11098000000,4650000000,4650000000,None,0,None,4121000000,None,None,12131000000,None,None,1398000000,None,None,None,0.0985,4196000000,22804000000,34494000000,1887000000,5071000000,None,None,None,None,None,None,None,2.94,1.585,1.602,None,None,None,None,None,-6000000,None,0.0677,None,63690000000,2025-10-31,quarterly,1.82,USD,pre-market,316000000,55738000000,0.0405,0.0732,-0.014,105.17,4828000000,12870000000,739000000,1101000000,150.35,152.25,18.9542,125833000000,34336000000,25011000000,62957000000,91497000000,37946000000,198200000000,62676000000,21.1,-7870000000,163.27,127.59
2025-12-28,CVX,7.11,188687008000.0,21.1,None,0.673,94.28,2067000000,None,10043000000,10043000000,-2685000000,-690000000,-1137000000,None,83000000,None,None,212000000,1832000000,2155810398,None,140902000000,140902000000,16074000000,None,None,17184000000,None,None,5913000000,1134000000,6.76,0.0449,2465000000,2465000000,None,-0.266,0.29,34494000000,40407000000,1.53,2020-12-31,19.42,4636000000,76610003000.0,57298000000,25197000000,11098000000,4650000000,4650000000,None,0,None,4121000000,None,None,12131000000,None,None,-656000000,None,None,None,0.0985,2238000000,22804000000,34494000000,1887000000,5071000000,None,None,None,None,None,None,None,2.94,1.585,1.602,None,None,None,None,None,-6000000,None,0.0677,None,63690000000,2025-10-31,quarterly,1.82,USD,pre-market,316000000,55738000000,0.0405,0.0732,-0.014,105.17,4828000000,12870000000,739000000,1101000000,150.35,152.25,18.9542,125833000000,34336000000,25011000000,62957000000,91497000000,37946000000,198200000000,62676000000,21.1,-7870000000,163.27,127.59
2025-12-28,CVX,7.11,188687008000.0,21.1,None,0.673,94.28,1630000000,None,10043000000,10043000000,-1696000000,-1827000000,14000000,None,-170000000,None,None,35000000,1832000000,2155810398,None,140902000000,140902000000,16074000000,None,None,17184000000,None,None,5913000000,4017000000,6.76,0.0449,2390000000,2390000000,None,-0.266,0.29,34494000000,40407000000,1.53,2020-09-30,19.42,4636000000,76610003000.0,57298000000,25197000000,11098000000,4650000000,4650000000,None,0,None,4121000000,None,None,12131000000,None,None,-209000000,None,None,None,0.0985,3537000000,22804000000,34494000000,1887000000,5071000000,None,None,None,None,None,None,None,2.94,1.585,1.602,None,None,None,None,None,-5000000,None,0.0677,None,63690000000,2025-10-31,quarterly,1.82,USD,pre-market,316000000,55738000000,0.0405,0.0732,-0.014,105.17,4828000000,12870000000,739000000,1101000000,150.35,152.25,18.9542,125833000000,34336000000,25011000000,62957000000,91497000000,37946000000,198200000000,62676000000,21.1,-7870000000,163.27,127.59
2025-12-28,CVX,7.11,188687008000.0,21.1,None,0.673,94.28,2092000000,None,10043000000,10043000000,-733000000,-1290000000,-1943000000,None,1104000000,None,None,-190000000,1832000000,2155810398,None,140902000000,140902000000,16074000000,None,None,17184000000,None,None,5913000000,6717000000,6.76,0.0449,2394000000,2394000000,None,-0.266,0.29,34494000000,40407000000,1.53,2020-06-30,19.42,4636000000,76610003000.0,57298000000,25197000000,11098000000,4650000000,4650000000,None,0,None,4121000000,None,None,12131000000,None,None,-8277000000,None,None,None,0.0985,80000000,22804000000,34494000000,1887000000,5071000000,None,None,None,None,None,None,None,2.94,1.585,1.602,None,None,None,None,None,-23000000,None,0.0677,None,63690000000,2025-10-31,quarterly,1.82,USD,pre-market,316000000,55738000000,0.0405,0.0732,-0.014,105.17,4828000000,12870000000,739000000,1101000000,150.35,152.25,18.9542,125833000000,34336000000,25011000000,62957000000,91497000000,37946000000,198200000000,62676000000,21.1,-7870000000,163.27,127.59
2025-12-28,CVX,7.11,188687008000.0,21.1,None,0.673,94.28,3133000000,None,10043000000,10043000000,1378000000,-3158000000,2942000000,None,-733000000,None,None,239000000,1832000000,2155810398,None,140902000000,140902000000,16074000000,None,None,17184000000,None,None,5913000000,4288000000,6.76,0.0449,2402000000,2402000000,None,-0.266,0.29,34494000000,40407000000,1.53,2020-03-31,19.42,4636000000,76610003000.0,57298000000,25197000000,11098000000,4650000000,4650000000,None,0,None,4121000000,None,None,12131000000,None,None,3581000000,None,None,None,0.0985,4722000000,22804000000,34494000000,1887000000,5071000000,None,None,None,None,None,None,None,2.94,1.585,1.602,None,None,None,None,None,-1751000000,None,0.0677,None,63690000000,2025-10-31,quarterly,1.82,USD,pre-market,316000000,55738000000,0.0405,0.0732,-0.014,105.17,4828000000,12870000000,739000000,1101000000,150.35,152.25,18.9542,125833000000,34336000000,25011000000,62957000000,91497000000,37946000000,198200000000,62676000000,21.1,-7870000000,163.27,127.59
2025-12-28,CVX,7.11,188687008000.0,21.1,None,0.673,94.28,4210000000,None,10043000000,10043000000,-9271000000,-2622000000,-6236000000,None,27000000,None,None,76000000,1832000000,2155810398,None,140902000000,140902000000,16074000000,None,None,17184000000,None,None,5913000000,5004000000,6.76,0.0449,2228000000,2228000000,None,-0.266,0.29,34494000000,40407000000,1.53,2019-12-31,19.42,4636000000,76610003000.0,57298000000,25197000000,11098000000,4650000000,4650000000,None,0,None,4121000000,None,None,12131000000,None,None,-6667000000,None,None,None,0.0985,5657000000,22804000000,34494000000,1887000000,5071000000,None,None,None,None,None,None,None,2.94,1.585,1.602,None,None,None,None,None,-2194000000,None,0.0677,None,63690000000,2025-10-31,quarterly,1.82,USD,pre-market,316000000,55738000000,0.0405,0.0732,-0.014,105.17,4828000000,12870000000,739000000,1101000000,150.35,152.25,18.9542,125833000000,34336000000,25011000000,62957000000,91497000000,37946000000,198200000000,62676000000,21.1,-7870000000,163.27,127.59
2025-12-28,CVX,7.11,188687008000.0,21.1,None,0.673,94.28,3369000000,None,10043000000,10043000000,-1093000000,-3568000000,3156000000,None,858000000,None,None,193000000,1832000000,2155810398,None,140902000000,140902000000,16074000000,None,None,17184000000,None,None,5913000000,4361000000,6.76,0.0449,2237000000,2237000000,None,-0.266,0.29,34494000000,40407000000,1.53,2019-09-30,19.42,4636000000,76610003000.0,57298000000,25197000000,11098000000,4650000000,4650000000,None,0,None,4121000000,None,None,12131000000,None,None,2580000000,None,None,None,0.0985,7817000000,22804000000,34494000000,1887000000,5071000000,None,None,None,None,None,None,None,2.94,1.585,1.602,None,None,None,None,None,-1250000000,None,0.0677,None,63690000000,2025-10-31,quarterly,1.82,USD,pre-market,316000000,55738000000,0.0405,0.0732,-0.014,105.17,4828000000,12870000000,739000000,1101000000,150.35,152.25,18.9542,125833000000,34336000000,25011000000,62957000000,91497000000,37946000000,198200000000,62676000000,21.1,-7870000000,163.27,127.59
2025-12-28,CVX,7.11,188687008000.0,21.1,None,0.673,94.28,3584000000,None,10043000000,10043000000,-5559000000,-3240000000,-16000000,None,220000000,None,None,167000000,1832000000,2155810398,None,140902000000,140902000000,16074000000,None,None,17184000000,None,None,5913000000,4334000000,6.76,0.0449,2250000000,2250000000,None,-0.266,0.29,34494000000,40407000000,1.53,2019-06-30,19.42,4636000000,76610003000.0,57298000000,25197000000,11098000000,4650000000,4650000000,None,0,None,4121000000,None,None,12131000000,None,None,4290000000,None,None,None,0.0985,8783000000,22804000000,34494000000,1887000000,5071000000,None,None,None,None,None,None,None,2.94,1.585,1.602,None,None,None,None,None,-1001000000,None,0.0677,None,63690000000,2025-10-31,quarterly,1.82,USD,pre-market,316000000,55738000000,0.0405,0.0732,-0.014,105.17,4828000000,12870000000,739000000,1101000000,150.35,152.25,18.9542,125833000000,34336000000,25011000000,62957000000,91497000000,37946000000,198200000000,62676000000,21.1,-7870000000,163.27,127.59
2025-12-28,CVX,7.11,188687008000.0,21.1,None,0.673,94.28,2953000000,None,10043000000,10043000000,-3835000000,-2028000000,-806000000,None,-1098000000,None,None,66000000,1832000000,2155810398,None,140902000000,140902000000,16074000000,None,None,17184000000,None,None,5913000000,4094000000,6.76,0.0449,2244000000,2244000000,None,-0.266,0.29,34494000000,40407000000,1.53,2019-03-31,19.42,4636000000,76610003000.0,57298000000,25197000000,11098000000,4650000000,4650000000,None,0,None,4121000000,None,None,12131000000,None,None,2642000000,None,None,None,0.0985,5057000000,22804000000,34494000000,1887000000,5071000000,None,None,None,None,None,None,None,2.94,1.585,1.602,None,None,None,None,None,-538000000,None,0.0677,None,63690000000,2025-10-31,quarterly,1.82,USD,pre-market,316000000,55738000000,0.0405,0.0732,-0.014,105.17,4828000000,12870000000,739000000,1101000000,150.35,152.25,18.9542,125833000000,34336000000,25011000000,62957000000,91497000000,37946000000,198200000000,62676000000,21.1,-7870000000,163.27,127.59
2025-12-28,CVX,7.11,188687008000.0,21.1,None,0.673,94.28,3991000000,None,10043000000,10043000000,-4756000000,-4632000000,-237000000,None,325000000,None,None,55000000,1832000000,2155810398,None,140902000000,140902000000,16074000000,None,None,17184000000,None,None,5913000000,5252000000,6.76,0.0449,2120000000,2120000000,None,-0.266,0.29,34494000000,40407000000,1.53,2018-12-31,19.42,4636000000,76610003000.0,57298000000,25197000000,11098000000,4650000000,4650000000,None,0,None,4121000000,None,None,12131000000,None,None,3723000000,None,None,None,0.0985,9151000000,22804000000,34494000000,1887000000,5071000000,None,None,None,None,None,None,None,2.94,1.585,1.602,None,None,None,None,None,-604000000,None,0.0677,None,63690000000,2025-10-31,quarterly,1.82,USD,pre-market,316000000,55738000000,0.0405,0.0732,-0.014,105.17,4828000000,12870000000,739000000,1101000000,150.35,152.25,18.9542,125833000000,34336000000,25011000000,62957000000,91497000000,37946000000,198200000000,62676000000,21.1,-7870000000,163.27,127.59
2025-12-28,CVX,7.11,188687008000.0,21.1,None,0.673,94.28,3578000000,None,10043000000,10043000000,-5276000000,-2227000000,2066000000,None,326000000,None,None,97000000,1832000000,2155810398,None,140902000000,140902000000,16074000000,None,None,17184000000,None,None,5913000000,5380000000,6.76,0.0449,2129000000,2129000000,None,-0.266,0.29,34494000000,40407000000,1.53,2018-09-30,19.42,4636000000,76610003000.0,57298000000,25197000000,11098000000,4650000000,4650000000,None,0,None,4121000000,None,None,12131000000,None,None,4056000000,None,None,None,0.0985,9569000000,22804000000,34494000000,1887000000,5071000000,None,None,None,None,None,None,None,2.94,1.585,1.602,None,None,None,None,None,-671000000,None,0.0677,None,63690000000,2025-10-31,quarterly,1.82,USD,pre-market,316000000,55738000000,0.0405,0.0732,-0.014,105.17,4828000000,12870000000,739000000,1101000000,150.35,152.25,18.9542,125833000000,34336000000,25011000000,62957000000,91497000000,37946000000,198200000000,62676000000,21.1,-7870000000,163.27,127.59
2025-12-28,CVX,7.11,188687008000.0,21.1,None,0.673,94.28,3226000000,None,10043000000,10043000000,-3054000000,-2542000000,1259000000,None,-532000000,None,None,138000000,1832000000,2155810398,None,140902000000,140902000000,16074000000,None,None,17184000000,None,None,5913000000,4498000000,6.76,0.0449,2129000000,2129000000,None,-0.266,0.29,34494000000,40407000000,1.53,2018-06-30,19.42,4636000000,76610003000.0,57298000000,25197000000,11098000000,4650000000,4650000000,None,0,None,4121000000,None,None,12131000000,None,None,3422000000,None,None,None,0.0985,6855000000,22804000000,34494000000,1887000000,5071000000,None,None,None,None,None,None,None,2.94,1.585,1.602,None,None,None,None,None,1559000000,None,0.0677,None,63690000000,2025-10-31,quarterly,1.82,USD,pre-market,316000000,55738000000,0.0405,0.0732,-0.014,105.17,4828000000,12870000000,739000000,1101000000,150.35,152.25,18.9542,125833000000,34336000000,25011000000,62957000000,91497000000,37946000000,198200000000,62676000000,21.1,-7870000000,163.27,127.59
2025-12-28,CVX,7.11,188687008000.0,21.1,None,0.673,94.28,2997000000,None,10043000000,10043000000,-613000000,-2889000000,1541000000,None,-543000000,None,None,128000000,1832000000,2155810398,None,140902000000,140902000000,16074000000,None,None,17184000000,None,None,5913000000,4289000000,6.76,0.0449,2124000000,2124000000,None,-0.266,0.29,34494000000,40407000000,1.53,2018-03-31,19.42,4636000000,76610003000.0,57298000000,25197000000,11098000000,4650000000,4650000000,None,0,None,4121000000,None,None,12131000000,None,None,3659000000,None,None,None,0.0985,5043000000,22804000000,34494000000,1887000000,5071000000,None,None,None,None,None,None,None,2.94,1.585,1.602,None,None,None,None,None,3287000000,None,0.0677,None,63690000000,2025-10-31,quarterly,1.82,USD,pre-market,316000000,55738000000,0.0405,0.0732,-0.014,105.17,4828000000,12870000000,739000000,1101000000,150.35,152.25,18.9542,125833000000,34336000000,25011000000,62957000000,91497000000,37946000000,198200000000,62676000000,21.1,-7870000000,163.27,127.59
2025-12-28,CVX,7.11,188687008000.0,21.1,None,0.673,94.28,3641000000,None,10043000000,10043000000,-4822000000,-3286000000,-1828000000,3000000,169000000,None,None,169000000,1832000000,2155810398,None,140902000000,140902000000,16074000000,None,None,17184000000,None,None,5913000000,4735000000,6.76,0.0449,2039000000,2039000000,None,-0.266,0.29,34494000000,40407000000,1.53,2017-12-31,19.42,4636000000,76610003000.0,57298000000,25197000000,11098000000,4650000000,4650000000,None,0,None,4121000000,None,None,12131000000,None,None,3118000000,None,None,None,0.0985,6230000000,22804000000,34494000000,1887000000,5071000000,None,None,None,None,None,None,None,2.94,1.585,1.602,None,None,None,None,None,-5142000000,None,0.0677,None,63690000000,2025-10-31,quarterly,1.82,USD,pre-market,316000000,55738000000,0.0405,0.0732,-0.014,105.17,4828000000,12870000000,739000000,1101000000,150.35,152.25,18.9542,125833000000,34336000000,25011000000,62957000000,91497000000,37946000000,198200000000,62676000000,21.1,-7870000000,163.27,127.59
2025-12-28,CVX,7.11,188687008000.0,21.1,None,0.673,94.28,3224000000,None,10043000000,10043000000,-2597000000,-933000000,1879000000,22000000,268000000,None,None,-613000000,1832000000,2155810398,None,140902000000,140902000000,16074000000,None,None,17184000000,None,None,5913000000,5109000000,6.76,0.0449,2032000000,2032000000,None,-0.266,0.29,34494000000,40407000000,1.53,2017-09-30,19.42,4636000000,76610003000.0,57298000000,25197000000,11098000000,4650000000,4650000000,None,0,None,4121000000,None,None,12131000000,None,None,1986000000,None,None,None,0.0985,5497000000,22804000000,34494000000,1887000000,5071000000,None,None,None,None,None,None,None,2.94,1.585,1.602,None,None,None,None,None,370000000,None,0.0677,None,63690000000,2025-10-31,quarterly,1.82,USD,pre-market,316000000,55738000000,0.0405,0.0732,-0.014,105.17,4828000000,12870000000,739000000,1101000000,150.35,152.25,18.9542,125833000000,34336000000,25011000000,62957000000,91497000000,37946000000,198200000000,62676000000,21.1,-7870000000,163.27,127.59
2025-12-28,CVX,7.11,188687008000.0,21.1,None,0.673,94.28,3224000000,None,10043000000,10043000000,-4451000000,-2628000000,-2221000000,1000000,-154000000,None,None,56000000,1832000000,2155810398,None,140902000000,140902000000,16074000000,None,None,17184000000,None,None,5913000000,5311000000,6.76,0.0449,2032000000,2032000000,None,-0.266,0.29,34494000000,40407000000,1.53,2017-06-30,19.42,4636000000,76610003000.0,57298000000,25197000000,11098000000,4650000000,4650000000,None,0,None,4121000000,None,None,12131000000,None,None,1466000000,None,None,None,0.0985,4971000000,22804000000,34494000000,1887000000,5071000000,None,None,None,None,None,None,None,2.94,1.585,1.602,None,None,None,None,None,34000000,None,0.0677,None,63690000000,2025-10-31,quarterly,1.82,USD,pre-market,316000000,55738000000,0.0405,0.0732,-0.014,105.17,4828000000,12870000000,739000000,1101000000,150.35,152.25,18.9542,125833000000,34336000000,25011000000,62957000000,91497000000,37946000000,198200000000,62676000000,21.1,-7870000000,163.27,127.59
2025-12-28,CVX,7.11,188687008000.0,21.1,None,0.673,94.28,3315000000,None,10043000000,10043000000,-2684000000,-1473000000,-5000000,39000000,-550000000,None,None,20000000,1832000000,2155810398,None,140902000000,140902000000,16074000000,None,None,17184000000,None,None,5913000000,4194000000,6.76,0.0449,2029000000,2029000000,None,-0.266,0.29,34494000000,40407000000,1.53,2017-03-31,19.42,4636000000,76610003000.0,57298000000,25197000000,11098000000,4650000000,4650000000,None,0,None,4121000000,None,None,12131000000,None,None,2699000000,None,None,None,0.0985,3777000000,22804000000,34494000000,1887000000,5071000000,None,None,None,None,None,None,None,2.94,1.585,1.602,None,None,None,None,None,245000000,None,0.0677,None,63690000000,2025-10-31,quarterly,1.82,USD,pre-market,316000000,55738000000,0.0405,0.0732,-0.014,105.17,4828000000,12870000000,739000000,1101000000,150.35,152.25,18.9542,125833000000,34336000000,25011000000,62957000000,91497000000,37946000000,198200000000,62676000000,21.1,-7870000000,163.27,127.59
2025-12-28,CVX,7.11,188687008000.0,21.1,None,0.673,94.28,4009000000,None,10043000000,10043000000,-1251000000,-2923000000,-363000000,-52000000,371000000,None,None,-50000000,1832000000,2155810398,None,140902000000,140902000000,16074000000,None,None,17184000000,None,None,5913000000,4203000000,6.76,0.0449,2025000000,2025000000,None,-0.266,0.29,34494000000,40407000000,1.53,2016-12-31,19.42,4636000000,76610003000.0,57298000000,25197000000,11098000000,4650000000,4650000000,None,0,None,4121000000,None,None,12131000000,None,None,438000000,None,None,None,0.0985,3863000000,22804000000,34494000000,1887000000,5071000000,None,None,None,None,None,None,None,2.94,1.585,1.602,None,None,None,None,None,1261000000,None,0.0677,None,63690000000,2025-10-31,quarterly,1.82,USD,pre-market,316000000,55738000000,0.0405,0.0732,-0.014,105.17,4828000000,12870000000,739000000,1101000000,150.35,152.25,18.9542,125833000000,34336000000,25011000000,62957000000,91497000000,37946000000,198200000000,62676000000,21.1,-7870000000,163.27,127.59
2025-12-28,CVX,7.11,188687008000.0,21.1,None,0.673,94.28,4065000000,None,10043000000,10043000000,-1465000000,-5263000000,-1413000000,4000000,451000000,None,None,-48000000,1832000000,2155810398,None,140902000000,140902000000,16074000000,None,None,17184000000,None,None,5913000000,4130000000,6.76,0.0449,2005000000,2005000000,None,-0.266,0.29,34494000000,40407000000,1.53,2016-09-30,19.42,4636000000,76610003000.0,57298000000,25197000000,11098000000,4650000000,4650000000,None,0,None,4121000000,None,None,12131000000,None,None,1301000000,None,None,None,0.0985,5311000000,22804000000,34494000000,1887000000,5071000000,None,None,None,None,None,None,None,2.94,1.585,1.602,None,None,None,None,None,508000000,None,0.0677,None,63690000000,2025-10-31,quarterly,1.82,USD,pre-market,316000000,55738000000,0.0405,0.0732,-0.014,105.17,4828000000,12870000000,739000000,1101000000,150.35,152.25,18.9542,125833000000,34336000000,25011000000,62957000000,91497000000,37946000000,198200000000,62676000000,21.1,-7870000000,163.27,127.59
2025-12-28,CVX,7.11,188687008000.0,21.1,None,0.673,94.28,4469000000,None,10043000000,10043000000,830000000,-3157000000,202000000,-2000000,-43000000,None,None,35000000,1832000000,2155810398,None,140902000000,140902000000,16074000000,None,None,17184000000,None,None,5913000000,6721000000,6.76,0.0449,2002000000,2002000000,None,-0.266,0.29,34494000000,40407000000,1.53,2016-06-30,19.42,4636000000,76610003000.0,57298000000,25197000000,11098000000,4650000000,4650000000,None,0,None,4121000000,None,None,12131000000,None,None,-1463000000,None,None,None,0.0985,2531000000,22804000000,34494000000,1887000000,5071000000,None,None,None,None,None,None,None,2.94,1.585,1.602,None,None,None,None,None,139000000,None,0.0677,None,63690000000,2025-10-31,quarterly,1.82,USD,pre-market,316000000,55738000000,0.0405,0.0732,-0.014,105.17,4828000000,12870000000,739000000,1101000000,150.35,152.25,18.9542,125833000000,34336000000,25011000000,62957000000,91497000000,37946000000,198200000000,62676000000,21.1,-7870000000,163.27,127.59
2025-12-28,CVX,7.11,188687008000.0,21.1,None,0.673,94.28,5566000000,None,10043000000,10043000000,1911000000,-5509000000,-2460000000,-3000000,-176000000,None,None,-68000000,1832000000,2155810398,None,140902000000,140902000000,16074000000,None,None,17184000000,None,None,5913000000,4403000000,6.76,0.0449,2000000000,2000000000,None,-0.266,0.29,34494000000,40407000000,1.53,2016-03-31,19.42,4636000000,76610003000.0,57298000000,25197000000,11098000000,4650000000,4650000000,None,0,None,4121000000,None,None,12131000000,None,None,-707000000,None,None,None,0.0985,1141000000,22804000000,34494000000,1887000000,5071000000,None,None,None,None,None,None,None,2.94,1.585,1.602,None,None,None,None,None,123000000,None,0.0677,None,63690000000,2025-10-31,quarterly,1.82,USD,pre-market,316000000,55738000000,0.0405,0.0732,-0.014,105.17,4828000000,12870000000,739000000,1101000000,150.35,152.25,18.9542,125833000000,34336000000,25011000000,62957000000,91497000000,37946000000,198200000000,62676000000,21.1,-7870000000,163.27,127.59
2025-12-28,CVX,7.11,188687008000.0,21.1,None,0.673,94.28,7449000000,None,10043000000,10043000000,756000000,-7208000000,-1911000000,-16000000,530000000,None,None,33000000,1832000000,2155810398,None,140902000000,140902000000,16074000000,None,None,17184000000,None,None,5913000000,5400000000,6.76,0.0449,1999000000,1999000000,None,-0.266,0.29,34494000000,40407000000,1.53,2015-12-31,19.42,4636000000,76610003000.0,57298000000,25197000000,11098000000,4650000000,4650000000,None,0,None,4121000000,None,None,12131000000,None,None,-555000000,None,None,None,0.0985,4557000000,22804000000,34494000000,1887000000,5071000000,None,None,None,None,None,None,None,2.94,1.585,1.602,None,None,None,None,None,2718000000,None,0.0677,None,63690000000,2025-10-31,quarterly,1.82,USD,pre-market,316000000,55738000000,0.0405,0.0732,-0.014,105.17,4828000000,12870000000,739000000,1101000000,150.35,152.25,18.9542,125833000000,34336000000,25011000000,62957000000,91497000000,37946000000,198200000000,62676000000,21.1,-7870000000,163.27,127.59
2025-12-28,CVX,7.11,188687008000.0,21.1,None,0.673,94.28,6810000000,None,10043000000,10043000000,1887000000,-6279000000,777000000,-191000000,166000000,None,None,-3000000,1832000000,2155810398,None,140902000000,140902000000,16074000000,None,None,17184000000,None,None,5913000000,4268000000,6.76,0.0449,1999000000,1999000000,None,-0.266,0.29,34494000000,40407000000,1.53,2015-09-30,19.42,4636000000,76610003000.0,57298000000,25197000000,11098000000,4650000000,4650000000,None,0,None,4121000000,None,None,12131000000,None,None,2057000000,None,None,None,0.0985,5360000000,22804000000,34494000000,1887000000,5071000000,None,None,None,None,None,None,None,2.94,1.585,1.602,None,None,None,None,None,2049000000,None,0.0677,None,63690000000,2025-10-31,quarterly,1.82,USD,pre-market,316000000,55738000000,0.0405,0.0732,-0.014,105.17,4828000000,12870000000,739000000,1101000000,150.35,152.25,18.9542,125833000000,34336000000,25011000000,62957000000,91497000000,37946000000,198200000000,62676000000,21.1,-7870000000,163.27,127.59
2025-12-28,CVX,7.11,188687008000.0,21.1,None,0.673,94.28,7643000000,None,10043000000,10043000000,-3988000000,-3715000000,-519000000,-36000000,-279000000,None,None,-66000000,1832000000,2155810398,None,140902000000,140902000000,16074000000,None,None,17184000000,None,None,5913000000,6958000000,6.76,0.0449,1997000000,1997000000,None,-0.266,0.29,34494000000,40407000000,1.53,2015-06-30,19.42,4636000000,76610003000.0,57298000000,25197000000,11098000000,4650000000,4650000000,None,0,None,4121000000,None,None,12131000000,None,None,608000000,None,None,None,0.0985,7220000000,22804000000,34494000000,1887000000,5071000000,None,None,None,None,None,None,None,2.94,1.585,1.602,None,None,None,None,None,83000000,None,0.0677,None,63690000000,2025-10-31,quarterly,1.82,USD,pre-market,316000000,55738000000,0.0405,0.0732,-0.014,105.17,4828000000,12870000000,739000000,1101000000,150.35,152.25,18.9542,125833000000,34336000000,25011000000,62957000000,91497000000,37946000000,198200000000,62676000000,21.1,-7870000000,163.27,127.59
2025-12-28,CVX,7.11,188687008000.0,21.1,None,0.673,94.28,7602000000,None,10043000000,10043000000,4160000000,-6606000000,-110000000,17000000,-332000000,None,None,-23000000,1832000000,2155810398,None,140902000000,140902000000,16074000000,None,None,17184000000,None,None,5913000000,4411000000,6.76,0.0449,1997000000,1997000000,None,-0.266,0.29,34494000000,40407000000,1.53,2015-03-31,19.42,4636000000,76610003000.0,57298000000,25197000000,11098000000,4650000000,4650000000,None,0,None,4121000000,None,None,12131000000,None,None,2600000000,None,None,None,0.0985,2319000000,22804000000,34494000000,1887000000,5071000000,None,None,None,None,None,None,None,2.94,1.585,1.602,None,None,None,None,None,55000000,None,0.0677,None,63690000000,2025-10-31,quarterly,1.82,USD,pre-market,316000000,55738000000,0.0405,0.0732,-0.014,105.17,4828000000,12870000000,739000000,1101000000,150.35,152.25,18.9542,125833000000,34336000000,25011000000,62957000000,91497000000,37946000000,198200000000,62676000000,21.1,-7870000000,163.27,127.59
2025-12-28,CVX,7.11,188687008000.0,21.1,None,0.673,94.28,9668000000,None,10043000000,10043000000,-1148000000,-6742000000,-1430000000,-37000000,785000000,None,None,66000000,1832000000,2155810398,None,140902000000,140902000000,16074000000,None,None,17184000000,None,None,5913000000,4873000000,6.76,0.0449,2002000000,2002000000,None,-0.266,0.29,34494000000,40407000000,1.53,2014-12-31,19.42,4636000000,76610003000.0,57298000000,25197000000,11098000000,4650000000,4650000000,None,0,None,4121000000,None,None,12131000000,None,None,3472000000,None,None,None,0.0985,6497000000,22804000000,34494000000,1887000000,5071000000,None,None,None,None,None,None,None,2.94,1.585,1.602,None,None,None,None,None,-1238000000,None,0.0677,None,63690000000,2025-10-31,quarterly,1.82,USD,pre-market,316000000,55738000000,0.0405,0.0732,-0.014,105.17,4828000000,12870000000,739000000,1101000000,150.35,152.25,18.9542,125833000000,34336000000,25011000000,62957000000,91497000000,37946000000,198200000000,62676000000,21.1,-7870000000,163.27,127.59
2025-12-28,CVX,7.11,188687008000.0,21.1,None,0.673,94.28,8264000000,None,10043000000,10043000000,-1019000000,-7373000000,256000000,-32000000,-96000000,None,None,121000000,1832000000,2155810398,None,140902000000,140902000000,16074000000,None,None,17184000000,None,None,5913000000,3948000000,6.76,0.0449,2012000000,2012000000,None,-0.266,0.29,34494000000,40407000000,1.53,2014-09-30,19.42,4636000000,76610003000.0,57298000000,25197000000,11098000000,4650000000,4650000000,None,0,None,4121000000,None,None,12131000000,None,None,5627000000,None,None,None,0.0985,8680000000,22804000000,34494000000,1887000000,5071000000,None,None,None,None,None,None,None,2.94,1.585,1.602,None,None,None,None,None,-1155000000,None,0.0677,None,63690000000,2025-10-31,quarterly,1.82,USD,pre-market,316000000,55738000000,0.0405,0.0732,-0.014,105.17,4828000000,12870000000,739000000,1101000000,150.35,152.25,18.9542,125833000000,34336000000,25011000000,62957000000,91497000000,37946000000,198200000000,62676000000,21.1,-7870000000,163.27,127.59
2025-12-28,CVX,7.11,188687008000.0,21.1,None,0.673,94.28,8931000000,None,10043000000,10043000000,-2371000000,-7198000000,-1653000000,35000000,263000000,None,None,-164000000,1832000000,2155810398,None,140902000000,140902000000,16074000000,None,None,17184000000,None,None,5913000000,3842000000,6.76,0.0449,2019000000,2019000000,None,-0.266,0.29,34494000000,40407000000,1.53,2014-06-30,19.42,4636000000,76610003000.0,57298000000,25197000000,11098000000,4650000000,4650000000,None,0,None,4121000000,None,None,12131000000,None,None,5690000000,None,None,None,0.0985,7881000000,22804000000,34494000000,1887000000,5071000000,None,None,None,None,None,None,None,2.94,1.585,1.602,None,None,None,None,None,-829000000,None,0.0677,None,63690000000,2025-10-31,quarterly,1.82,USD,pre-market,316000000,55738000000,0.0405,0.0732,-0.014,105.17,4828000000,12870000000,739000000,1101000000,150.35,152.25,18.9542,125833000000,34336000000,25011000000,62957000000,91497000000,37946000000,198200000000,62676000000,21.1,-7870000000,163.27,127.59
2025-12-28,CVX,7.11,188687008000.0,21.1,None,0.673,94.28,8544000000,None,10043000000,10043000000,-461000000,-8580000000,-633000000,-9000000,-1098000000,None,None,-32000000,1832000000,2155810398,None,140902000000,140902000000,16074000000,None,None,17184000000,None,None,5913000000,4130000000,6.76,0.0449,1895000000,1895000000,None,-0.266,0.29,34494000000,40407000000,1.53,2014-03-31,19.42,4636000000,76610003000.0,57298000000,25197000000,11098000000,4650000000,4650000000,None,0,None,4121000000,None,None,12131000000,None,None,4521000000,None,None,None,0.0985,8417000000,22804000000,34494000000,1887000000,5071000000,None,None,None,None,None,None,None,2.94,1.585,1.602,None,None,None,None,None,-1190000000,None,0.0677,None,63690000000,2025-10-31,quarterly,1.82,USD,pre-market,316000000,55738000000,0.0405,0.0732,-0.014,105.17,4828000000,12870000000,739000000,1101000000,150.35,152.25,18.9542,125833000000,34336000000,25011000000,62957000000,91497000000,37946000000,198200000000,62676000000,21.1,-7870000000,163.27,127.59
2025-12-28,CVX,7.11,188687008000.0,21.1,None,0.673,94.28,11613000000,None,10043000000,10043000000,-1263000000,-9831000000,-769000000,-127000000,512000000,None,None,347000000,1832000000,2155810398,None,140902000000,140902000000,16074000000,None,None,17184000000,None,None,5913000000,3635000000,6.76,0.0449,1903000000,1903000000,None,-0.266,0.29,34494000000,40407000000,1.53,2013-12-31,19.42,4636000000,76610003000.0,57298000000,25197000000,11098000000,4650000000,4650000000,None,0,None,4121000000,None,None,12131000000,None,None,4958000000,None,None,None,0.0985,10452000000,22804000000,34494000000,1887000000,5071000000,None,None,None,None,None,None,None,2.94,1.585,1.602,None,None,None,None,None,-1188000000,None,0.0677,None,63690000000,2025-10-31,quarterly,1.82,USD,pre-market,316000000,55738000000,0.0405,0.0732,-0.014,105.17,4828000000,12870000000,739000000,1101000000,150.35,152.25,18.9542,125833000000,34336000000,25011000000,62957000000,91497000000,37946000000,198200000000,62676000000,21.1,-7870000000,163.27,127.59
2025-12-28,CVX,7.11,188687008000.0,21.1,None,0.673,94.28,9607000000,None,10043000000,10043000000,-4594000000,-9307000000,-3616000000,-31000000,530000000,None,None,-108000000,1832000000,2155810398,None,140902000000,140902000000,16074000000,None,None,17184000000,None,None,5913000000,3658000000,6.76,0.0449,1915000000,1915000000,None,-0.266,0.29,34494000000,40407000000,1.53,2013-09-30,19.42,4636000000,76610003000.0,57298000000,25197000000,11098000000,4650000000,4650000000,None,0,None,4121000000,None,None,12131000000,None,None,4996000000,None,None,None,0.0985,10316000000,22804000000,34494000000,1887000000,5071000000,None,None,None,None,None,None,None,2.94,1.585,1.602,None,None,None,None,None,-1278000000,None,0.0677,None,63690000000,2025-10-31,quarterly,1.82,USD,pre-market,316000000,55738000000,0.0405,0.0732,-0.014,105.17,4828000000,12870000000,739000000,1101000000,150.35,152.25,18.9542,125833000000,34336000000,25011000000,62957000000,91497000000,37946000000,198200000000,62676000000,21.1,-7870000000,163.27,127.59
2025-12-28,CVX,7.11,188687008000.0,21.1,None,0.673,94.28,8573000000,None,10043000000,10043000000,2841000000,-8012000000,3256000000,-93000000,-759000000,None,None,10000000,1832000000,2155810398,None,140902000000,140902000000,16074000000,None,None,17184000000,None,None,5913000000,3412000000,6.76,0.0449,1921000000,1921000000,None,-0.266,0.29,34494000000,40407000000,1.53,2013-06-30,19.42,4636000000,76610003000.0,57298000000,25197000000,11098000000,4650000000,4650000000,None,0,None,4121000000,None,None,12131000000,None,None,5404000000,None,None,None,0.0985,8520000000,22804000000,34494000000,1887000000,5071000000,None,None,None,None,None,None,None,2.94,1.585,1.602,None,None,None,None,None,-1001000000,None,0.0677,None,63690000000,2025-10-31,quarterly,1.82,USD,pre-market,316000000,55738000000,0.0405,0.0732,-0.014,105.17,4828000000,12870000000,739000000,1101000000,150.35,152.25,18.9542,125833000000,34336000000,25011000000,62957000000,91497000000,37946000000,198200000000,62676000000,21.1,-7870000000,163.27,127.59
2025-12-28,CVX,7.11,188687008000.0,21.1,None,0.673,94.28,8192000000,None,10043000000,10043000000,-805000000,-8459000000,-3565000000,-15000000,-520000000,None,None,-66000000,1832000000,2155810398,None,140902000000,140902000000,16074000000,None,None,17184000000,None,None,5913000000,3481000000,6.76,0.0449,1735000000,1735000000,None,-0.266,0.29,34494000000,40407000000,1.53,2013-03-31,19.42,4636000000,76610003000.0,57298000000,25197000000,11098000000,4650000000,4650000000,None,0,None,4121000000,None,None,12131000000,None,None,6239000000,None,None,None,0.0985,5714000000,22804000000,34494000000,1887000000,5071000000,None,None,None,None,None,None,None,2.94,1.585,1.602,None,None,None,None,None,-1027000000,None,0.0677,None,63690000000,2025-10-31,quarterly,1.82,USD,pre-market,316000000,55738000000,0.0405,0.0732,-0.014,105.17,4828000000,12870000000,739000000,1101000000,150.35,152.25,18.9542,125833000000,34336000000,25011000000,62957000000,91497000000,37946000000,198200000000,62676000000,21.1,-7870000000,163.27,127.59
2025-12-28,CVX,7.11,188687008000.0,21.1,None,0.673,94.28,10486000000,None,10043000000,10043000000,-3090000000,-10075000000,-374000000,11000000,1835000000,None,None,-22000000,1832000000,2155810398,None,140902000000,140902000000,16074000000,None,None,17184000000,None,None,5913000000,3554000000,6.76,0.0449,1745000000,1745000000,None,-0.266,0.29,34494000000,40407000000,1.53,2012-12-31,19.42,4636000000,76610003000.0,57298000000,25197000000,11098000000,4650000000,4650000000,None,0,None,4121000000,None,None,12131000000,None,None,7297000000,None,None,None,0.0985,12780000000,22804000000,34494000000,1887000000,5071000000,None,None,None,None,None,None,None,2.94,1.585,1.602,None,None,None,None,None,-1180000000,None,0.0677,None,63690000000,2025-10-31,quarterly,1.82,USD,pre-market,316000000,55738000000,0.0405,0.0732,-0.014,105.17,4828000000,12870000000,739000000,1101000000,150.35,152.25,18.9542,125833000000,34336000000,25011000000,62957000000,91497000000,37946000000,198200000000,62676000000,21.1,-7870000000,163.27,127.59
2025-12-28,CVX,7.11,188687008000.0,21.1,None,0.673,94.28,7490000000,None,10043000000,10043000000,-464000000,-7242000000,104000000,80000000,-709000000,None,None,-7000000,1832000000,2155810398,None,140902000000,140902000000,16074000000,None,None,17184000000,None,None,5913000000,3370000000,6.76,0.0449,1751000000,1751000000,None,-0.266,0.29,34494000000,40407000000,1.53,2012-09-30,19.42,4636000000,76610003000.0,57298000000,25197000000,11098000000,4650000000,4650000000,None,0,None,4121000000,None,None,12131000000,None,None,5308000000,None,None,None,0.0985,7730000000,22804000000,34494000000,1887000000,5071000000,None,None,None,None,None,None,None,2.94,1.585,1.602,None,None,None,None,None,-801000000,None,0.0677,None,63690000000,2025-10-31,quarterly,1.82,USD,pre-market,316000000,55738000000,0.0405,0.0732,-0.014,105.17,4828000000,12870000000,739000000,1101000000,150.35,152.25,18.9542,125833000000,34336000000,25011000000,62957000000,91497000000,37946000000,198200000000,62676000000,21.1,-7870000000,163.27,127.59
2025-12-28,CVX,7.11,188687008000.0,21.1,None,0.673,94.28,7067000000,None,10043000000,10043000000,-1965000000,-5506000000,2338000000,-106000000,488000000,None,None,-125000000,1832000000,2155810398,None,140902000000,140902000000,16074000000,None,None,17184000000,None,None,5913000000,3284000000,6.76,0.0449,1758000000,1758000000,None,-0.266,0.29,34494000000,40407000000,1.53,2012-06-30,19.42,4636000000,76610003000.0,57298000000,25197000000,11098000000,4650000000,4650000000,None,0,None,4121000000,None,None,12131000000,None,None,7232000000,None,None,None,0.0985,9915000000,22804000000,34494000000,1887000000,5071000000,None,None,None,None,None,None,None,2.94,1.585,1.602,None,None,None,None,None,-1165000000,None,0.0677,None,63690000000,2025-10-31,quarterly,1.82,USD,pre-market,316000000,55738000000,0.0405,0.0732,-0.014,105.17,4828000000,12870000000,739000000,1101000000,150.35,152.25,18.9542,125833000000,34336000000,25011000000,62957000000,91497000000,37946000000,198200000000,62676000000,21.1,-7870000000,163.27,127.59
2025-12-28,CVX,7.11,188687008000.0,21.1,None,0.673,94.28,5895000000,None,10043000000,10043000000,-3461000000,-1973000000,3007000000,54000000,-1847000000,None,None,-15000000,1832000000,2155810398,None,140902000000,140902000000,16074000000,None,None,17184000000,None,None,5913000000,3205000000,6.76,0.0449,1590000000,1590000000,None,-0.266,0.29,34494000000,40407000000,1.53,2012-03-31,19.42,4636000000,76610003000.0,57298000000,25197000000,11098000000,4650000000,4650000000,None,0,None,4121000000,None,None,12131000000,None,None,6499000000,None,None,None,0.0985,8387000000,22804000000,34494000000,1887000000,5071000000,None,None,None,None,None,None,None,2.94,1.585,1.602,None,None,None,None,None,-996000000,None,0.0677,None,63690000000,2025-10-31,quarterly,1.82,USD,pre-market,316000000,55738000000,0.0405,0.0732,-0.014,105.17,4828000000,12870000000,739000000,1101000000,150.35,152.25,18.9542,125833000000,34336000000,25011000000,62957000000,91497000000,37946000000,198200000000,62676000000,21.1,-7870000000,163.27,127.59
2025-12-28,CVX,7.11,188687008000.0,21.1,None,0.673,94.28,7307000000,None,10043000000,10043000000,-2379000000,-5008000000,1635000000,-50000000,515000000,None,None,-107000000,1832000000,2155810398,None,140902000000,140902000000,16074000000,None,None,17184000000,None,None,5913000000,12911000000,6.76,0.0449,1598000000,1598000000,None,-0.266,0.29,34494000000,40407000000,1.53,2011-12-31,19.42,4636000000,76610003000.0,57298000000,25197000000,11098000000,4650000000,4650000000,None,0,None,4121000000,None,None,12131000000,None,None,5152000000,None,None,None,0.0985,9072000000,22804000000,34494000000,1887000000,5071000000,None,None,None,None,None,None,None,2.94,1.585,1.602,None,None,None,None,None,-1147000000,None,0.0677,None,63690000000,2025-10-31,quarterly,1.82,USD,pre-market,316000000,55738000000,0.0405,0.0732,-0.014,105.17,4828000000,12870000000,739000000,1101000000,150.35,152.25,18.9542,125833000000,34336000000,25011000000,62957000000,91497000000,37946000000,198200000000,62676000000,21.1,-7870000000,163.27,127.59
2025-12-28,CVX,7.11,188687008000.0,21.1,None,0.673,94.28,6775000000,None,10043000000,10043000000,-4509000000,-6060000000,894000000,-59000000,904000000,None,None,-11000000,1832000000,2155810398,None,140902000000,140902000000,16074000000,None,None,17184000000,None,None,5913000000,3215000000,6.76,0.0449,1549000000,1549000000,None,-0.266,0.29,34494000000,40407000000,1.53,2011-09-30,19.42,4636000000,76610003000.0,57298000000,25197000000,11098000000,4650000000,4650000000,None,0,None,4121000000,None,None,12131000000,None,None,7857000000,None,None,None,0.0985,11522000000,22804000000,34494000000,1887000000,5071000000,None,None,None,None,None,None,None,2.94,1.585,1.602,None,None,None,None,None,-1160000000,None,0.0677,None,63690000000,2025-10-31,quarterly,1.82,USD,pre-market,316000000,55738000000,0.0405,0.0732,-0.014,105.17,4828000000,12870000000,739000000,1101000000,150.35,152.25,18.9542,125833000000,34336000000,25011000000,62957000000,91497000000,37946000000,198200000000,62676000000,21.1,-7870000000,163.27,127.59
2025-12-28,CVX,7.11,188687008000.0,21.1,None,0.673,94.28,7773000000,None,10043000000,10043000000,-2459000000,-8074000000,186000000,29000000,-1057000000,None,None,-39000000,1832000000,2155810398,None,140902000000,140902000000,16074000000,None,None,17184000000,None,None,5913000000,3257000000,6.76,0.0449,1556000000,1556000000,None,-0.266,0.29,34494000000,40407000000,1.53,2011-06-30,19.42,4636000000,76610003000.0,57298000000,25197000000,11098000000,4650000000,4650000000,None,0,None,4121000000,None,None,12131000000,None,None,7760000000,None,None,None,0.0985,10690000000,22804000000,34494000000,1887000000,5071000000,None,None,None,None,None,None,None,2.94,1.585,1.602,None,None,None,None,None,-828000000,None,0.0677,None,63690000000,2025-10-31,quarterly,1.82,USD,pre-market,316000000,55738000000,0.0405,0.0732,-0.014,105.17,4828000000,12870000000,739000000,1101000000,150.35,152.25,18.9542,125833000000,34336000000,25011000000,62957000000,91497000000,37946000000,198200000000,62676000000,21.1,-7870000000,163.27,127.59
2025-12-28,CVX,7.11,188687008000.0,21.1,None,0.673,94.28,4645000000,None,10043000000,10043000000,-2425000000,-8347000000,-911000000,47000000,-766000000,None,None,7000000,1832000000,2155810398,None,140902000000,140902000000,16074000000,None,None,17184000000,None,None,5913000000,3126000000,6.76,0.0449,1436000000,1436000000,None,-0.266,0.29,34494000000,40407000000,1.53,2011-03-31,19.42,4636000000,76610003000.0,57298000000,25197000000,11098000000,4650000000,4650000000,None,0,None,4121000000,None,None,12131000000,None,None,6239000000,None,None,None,0.0985,9814000000,22804000000,34494000000,1887000000,5071000000,None,None,None,None,None,None,None,2.94,1.585,1.602,None,None,None,None,None,-58000000,None,0.0677,None,63690000000,2025-10-31,quarterly,1.82,USD,pre-market,316000000,55738000000,0.0405,0.0732,-0.014,105.17,4828000000,12870000000,739000000,1101000000,150.35,152.25,18.9542,125833000000,34336000000,25011000000,62957000000,91497000000,37946000000,198200000000,62676000000,21.1,-7870000000,163.27,127.59
2025-12-28,CVX,7.11,188687008000.0,21.1,None,0.673,94.28,5504000000,None,10043000000,10043000000,-1200000000,-4024000000,3065000000,32000000,623000000,None,None,35000000,1832000000,2155810398,None,140902000000,140902000000,16074000000,None,None,17184000000,None,None,5913000000,13063000000,6.76,0.0449,1441000000,1441000000,None,-0.266,0.29,34494000000,40407000000,1.53,2010-12-31,19.42,4636000000,76610003000.0,57298000000,25197000000,11098000000,4650000000,4650000000,None,0,None,4121000000,None,None,12131000000,None,None,5320000000,None,None,None,0.0985,8257000000,22804000000,34494000000,1887000000,5071000000,None,None,None,None,None,None,None,2.94,1.585,1.602,None,None,None,None,None,382000000,None,0.0677,None,63690000000,2025-10-31,quarterly,1.82,USD,pre-market,316000000,55738000000,0.0405,0.0732,-0.014,105.17,4828000000,12870000000,739000000,1101000000,150.35,152.25,18.9542,125833000000,34336000000,25011000000,62957000000,91497000000,37946000000,198200000000,62676000000,21.1,-7870000000,163.27,127.59
2025-12-28,CVX,7.11,188687008000.0,21.1,None,0.673,94.28,5589000000,None,10043000000,10043000000,-1246000000,-5307000000,1599000000,170000000,-226000000,None,None,20000000,1832000000,2155810398,None,140902000000,140902000000,16074000000,None,None,17184000000,None,None,5913000000,3401000000,6.76,0.0449,1439000000,1439000000,None,-0.266,0.29,34494000000,40407000000,1.53,2010-09-30,19.42,4636000000,76610003000.0,57298000000,25197000000,11098000000,4650000000,4650000000,None,0,None,4121000000,None,None,12131000000,None,None,3792000000,None,None,None,0.0985,7982000000,22804000000,34494000000,1887000000,5071000000,None,None,None,None,None,None,None,2.94,1.585,1.602,None,None,None,None,None,314000000,None,0.0677,None,63690000000,2025-10-31,quarterly,1.82,USD,pre-market,316000000,55738000000,0.0405,0.0732,-0.014,105.17,4828000000,12870000000,739000000,1101000000,150.35,152.25,18.9542,125833000000,34336000000,25011000000,62957000000,91497000000,37946000000,198200000000,62676000000,21.1,-7870000000,163.27,127.59
2025-12-28,CVX,7.11,188687008000.0,21.1,None,0.673,94.28,4552000000,None,10043000000,10043000000,-1293000000,-4249000000,2020000000,-41000000,167000000,None,None,62000000,1832000000,2155810398,None,140902000000,140902000000,16074000000,None,None,17184000000,None,None,5913000000,3141000000,6.76,0.0449,1437000000,1437000000,None,-0.266,0.29,34494000000,40407000000,1.53,2010-06-30,19.42,4636000000,76610003000.0,57298000000,25197000000,11098000000,4650000000,4650000000,None,0,None,4121000000,None,None,12131000000,None,None,5444000000,None,None,None,0.0985,7603000000,22804000000,34494000000,1887000000,5071000000,None,None,None,None,None,None,None,2.94,1.585,1.602,None,None,None,None,None,36000000,None,0.0677,None,63690000000,2025-10-31,quarterly,1.82,USD,pre-market,316000000,55738000000,0.0405,0.0732,-0.014,105.17,4828000000,12870000000,739000000,1101000000,150.35,152.25,18.9542,125833000000,34336000000,25011000000,62957000000,91497000000,37946000000,198200000000,62676000000,21.1,-7870000000,163.27,127.59
2025-12-28,CVX,7.11,188687008000.0,21.1,None,0.673,94.28,3967000000,None,10043000000,10043000000,-1431000000,-7335000000,-1340000000,-91000000,-549000000,None,None,-129000000,1832000000,2155810398,None,140902000000,140902000000,16074000000,None,None,17184000000,None,None,5913000000,3082000000,6.76,0.0449,1357000000,1357000000,None,-0.266,0.29,34494000000,40407000000,1.53,2010-03-31,19.42,4636000000,76610003000.0,57298000000,25197000000,11098000000,4650000000,4650000000,None,0,None,4121000000,None,None,12131000000,None,None,4580000000,None,None,None,0.0985,7517000000,22804000000,34494000000,1887000000,5071000000,None,None,None,None,None,None,None,2.94,1.585,1.602,None,None,None,None,None,40000000,None,0.0677,None,63690000000,2025-10-31,quarterly,1.82,USD,pre-market,316000000,55738000000,0.0405,0.0732,-0.014,105.17,4828000000,12870000000,739000000,1101000000,150.35,152.25,18.9542,125833000000,34336000000,25011000000,62957000000,91497000000,37946000000,198200000000,62676000000,21.1,-7870000000,163.27,127.59
2025-12-28,CVX,7.11,188687008000.0,21.1,None,0.673,94.28,5355000000,None,10043000000,10043000000,-1270000000,-4649000000,None,None,857000000,None,None,None,1832000000,2155810398,None,140902000000,140902000000,16074000000,None,None,17184000000,None,None,5913000000,12110000000,6.76,0.0449,1357000000,1357000000,None,-0.266,0.29,34494000000,40407000000,1.53,2009-12-31,19.42,4636000000,76610003000.0,57298000000,25197000000,11098000000,4650000000,4650000000,None,0,None,4121000000,None,None,12131000000,None,None,3150000000,None,None,None,0.0985,7020000000,22804000000,34494000000,1887000000,5071000000,None,None,None,None,None,None,None,2.94,1.585,1.602,None,None,None,None,None,0,None,0.0677,None,63690000000,2025-10-31,quarterly,1.82,USD,pre-market,316000000,55738000000,0.0405,0.0732,-0.014,105.17,4828000000,12870000000,739000000,1101000000,150.35,152.25,18.9542,125833000000,34336000000,25011000000,62957000000,91497000000,37946000000,198200000000,62676000000,21.1,-7870000000,163.27,127.59
2025-12-28,CVX,7.11,188687008000.0,21.1,None,0.673,94.28,4074000000,None,10043000000,10043000000,-2836000000,-3522000000,None,None,132000000,None,None,None,1832000000,2155810398,None,140902000000,140902000000,16074000000,None,None,17184000000,None,None,5913000000,0,6.76,0.0449,1355000000,1355000000,None,-0.266,0.29,34494000000,40407000000,1.53,2009-09-30,19.42,4636000000,76610003000.0,57298000000,25197000000,11098000000,4650000000,4650000000,None,0,None,4121000000,None,None,12131000000,None,None,3846000000,None,None,None,0.0985,6665000000,22804000000,34494000000,1887000000,5071000000,None,None,None,None,None,None,None,2.94,1.585,1.602,None,None,None,None,None,0,None,0.0677,None,63690000000,2025-10-31,quarterly,1.82,USD,pre-market,316000000,55738000000,0.0405,0.0732,-0.014,105.17,4828000000,12870000000,739000000,1101000000,150.35,152.25,18.9542,125833000000,34336000000,25011000000,62957000000,91497000000,37946000000,198200000000,62676000000,21.1,-7870000000,163.27,127.59
2025-12-28,CVX,7.11,188687008000.0,21.1,None,0.673,94.28,4430000000,None,10043000000,10043000000,-1484000000,-3792000000,None,None,-84000000,None,None,None,1832000000,2155810398,None,140902000000,140902000000,16074000000,None,None,17184000000,None,None,5913000000,0,6.76,0.0449,1295000000,1295000000,None,-0.266,0.29,34494000000,40407000000,1.53,2009-06-30,19.42,4636000000,76610003000.0,57298000000,25197000000,11098000000,4650000000,4650000000,None,0,None,4121000000,None,None,12131000000,None,None,1761000000,None,None,None,0.0985,3284000000,22804000000,34494000000,1887000000,5071000000,None,None,None,None,None,None,None,2.94,1.585,1.602,None,None,None,None,None,0,None,0.0677,None,63690000000,2025-10-31,quarterly,1.82,USD,pre-market,316000000,55738000000,0.0405,0.0732,-0.014,105.17,4828000000,12870000000,739000000,1101000000,150.35,152.25,18.9542,125833000000,34336000000,25011000000,62957000000,91497000000,37946000000,198200000000,62676000000,21.1,-7870000000,163.27,127.59
2025-12-28,CVX,7.11,188687008000.0,21.1,None,0.673,94.28,5984000000,None,10043000000,10043000000,2044000000,-4609000000,None,None,308000000,None,None,None,1832000000,2155810398,None,140902000000,140902000000,16074000000,None,None,17184000000,None,None,5913000000,2867000000,6.76,0.0449,1295000000,1295000000,None,-0.266,0.29,34494000000,40407000000,1.53,2009-03-31,19.42,4636000000,76610003000.0,57298000000,25197000000,11098000000,4650000000,4650000000,None,0,None,4121000000,None,None,12131000000,None,None,1854000000,None,None,None,0.0985,2404000000,22804000000,34494000000,1887000000,5071000000,None,None,None,None,None,None,None,2.94,1.585,1.602,None,None,None,None,None,0,None,0.0677,None,63690000000,2025-10-31,quarterly,1.82,USD,pre-market,316000000,55738000000,0.0405,0.0732,-0.014,105.17,4828000000,12870000000,739000000,1101000000,150.35,152.25,18.9542,125833000000,34336000000,25011000000,62957000000,91497000000,37946000000,198200000000,62676000000,21.1,-7870000000,163.27,127.59
2025-12-28,CVX,7.11,188687008000.0,21.1,None,0.673,94.28,6034000000,None,10043000000,10043000000,-656000000,-5712000000,None,None,-566000000,None,None,None,1832000000,2155810398,None,140902000000,140902000000,16074000000,None,None,17184000000,None,None,5913000000,2589000000,6.76,0.0449,1301000000,1301000000,None,-0.266,0.29,34494000000,40407000000,1.53,2008-12-31,19.42,4636000000,76610003000.0,57298000000,25197000000,11098000000,4650000000,4650000000,None,0,None,4121000000,None,None,12131000000,None,None,4895000000,None,None,None,0.0985,5208000000,22804000000,34494000000,1887000000,5071000000,None,None,None,None,None,None,None,2.94,1.585,1.602,None,None,None,None,None,-1291000000,None,0.0677,None,63690000000,2025-10-31,quarterly,1.82,USD,pre-market,316000000,55738000000,0.0405,0.0732,-0.014,105.17,4828000000,12870000000,739000000,1101000000,150.35,152.25,18.9542,125833000000,34336000000,25011000000,62957000000,91497000000,37946000000,198200000000,62676000000,21.1,-7870000000,163.27,127.59
2025-12-28,CVX,7.11,188687008000.0,21.1,None,0.673,94.28,4661000000,None,10043000000,10043000000,-3035000000,-3536000000,None,None,83000000,None,None,None,1832000000,2155810398,None,140902000000,140902000000,16074000000,None,None,17184000000,None,None,5913000000,2449000000,6.76,0.0449,1323000000,1323000000,None,-0.266,0.29,34494000000,40407000000,1.53,2008-09-30,19.42,4636000000,76610003000.0,57298000000,25197000000,11098000000,4650000000,4650000000,None,0,None,4121000000,None,None,12131000000,None,None,7893000000,None,None,None,0.0985,9113000000,22804000000,34494000000,1887000000,5071000000,None,None,None,None,None,None,None,2.94,1.585,1.602,None,None,None,None,None,-1969000000,None,0.0677,None,63690000000,2025-10-31,quarterly,1.82,USD,pre-market,316000000,55738000000,0.0405,0.0732,-0.014,105.17,4828000000,12870000000,739000000,1101000000,150.35,152.25,18.9542,125833000000,34336000000,25011000000,62957000000,91497000000,37946000000,198200000000,62676000000,21.1,-7870000000,163.27,127.59
2025-12-28,CVX,7.11,188687008000.0,21.1,None,0.673,94.28,4519000000,None,10043000000,10043000000,-3161000000,-4035000000,None,None,-719000000,None,None,None,1832000000,2155810398,None,140902000000,140902000000,16074000000,None,None,17184000000,None,None,5913000000,2275000000,6.76,0.0449,1336000000,1336000000,None,-0.266,0.29,34494000000,40407000000,1.53,2008-06-30,19.42,4636000000,76610003000.0,57298000000,25197000000,11098000000,4650000000,4650000000,None,0,None,4121000000,None,None,12131000000,None,None,5975000000,None,None,None,0.0985,7204000000,22804000000,34494000000,1887000000,5071000000,None,None,None,None,None,None,None,2.94,1.585,1.602,None,None,None,None,None,-1662000000,None,0.0677,None,63690000000,2025-10-31,quarterly,1.82,USD,pre-market,316000000,55738000000,0.0405,0.0732,-0.014,105.17,4828000000,12870000000,739000000,1101000000,150.35,152.25,18.9542,125833000000,34336000000,25011000000,62957000000,91497000000,37946000000,198200000000,62676000000,21.1,-7870000000,163.27,127.59
2025-12-28,CVX,7.11,188687008000.0,21.1,None,0.673,94.28,4452000000,None,10043000000,10043000000,-3548000000,-3798000000,None,None,-343000000,None,None,None,1832000000,2155810398,None,140902000000,140902000000,16074000000,None,None,17184000000,None,None,5913000000,2215000000,6.76,0.0449,1202000000,1202000000,None,-0.266,0.29,34494000000,40407000000,1.53,2008-03-31,19.42,4636000000,76610003000.0,57298000000,25197000000,11098000000,4650000000,4650000000,None,0,None,4121000000,None,None,12131000000,None,None,5168000000,None,None,None,0.0985,8107000000,22804000000,34494000000,1887000000,5071000000,None,None,None,None,None,None,None,2.94,1.585,1.602,None,None,None,None,None,-1899000000,None,0.0677,None,63690000000,2025-10-31,quarterly,1.82,USD,pre-market,316000000,55738000000,0.0405,0.0732,-0.014,105.17,4828000000,12870000000,739000000,1101000000,150.35,152.25,18.9542,125833000000,34336000000,25011000000,62957000000,91497000000,37946000000,198200000000,62676000000,21.1,-7870000000,163.27,127.59
2025-12-28,CVX,7.11,188687008000.0,21.1,None,0.673,94.28,5297000000,None,10043000000,10043000000,-1993000000,-5702000000,None,None,350000000,None,None,None,1832000000,2155810398,None,140902000000,140902000000,16074000000,None,None,17184000000,None,None,5913000000,2094000000,6.76,0.0449,1214000000,1214000000,None,-0.266,0.29,34494000000,40407000000,1.53,2007-12-31,19.42,4636000000,76610003000.0,57298000000,25197000000,11098000000,4650000000,4650000000,None,0,None,4121000000,None,None,12131000000,None,None,4875000000,None,None,None,0.0985,7083000000,22804000000,34494000000,1887000000,5071000000,None,None,None,None,None,None,None,2.94,1.585,1.602,None,None,None,None,None,-1947000000,None,0.0677,None,63690000000,2025-10-31,quarterly,1.82,USD,pre-market,316000000,55738000000,0.0405,0.0732,-0.014,105.17,4828000000,12870000000,739000000,1101000000,150.35,152.25,18.9542,125833000000,34336000000,25011000000,62957000000,91497000000,37946000000,198200000000,62676000000,21.1,-7870000000,163.27,127.59
2025-12-28,CVX,7.11,188687008000.0,21.1,None,0.673,94.28,4424000000,None,10043000000,10043000000,-5259000000,-3733000000,None,None,-509000000,None,None,None,1832000000,2155810398,None,140902000000,140902000000,16074000000,None,None,17184000000,None,None,5913000000,2496000000,6.76,0.0449,1225000000,1225000000,None,-0.266,0.29,34494000000,40407000000,1.53,2007-09-30,19.42,4636000000,76610003000.0,57298000000,25197000000,11098000000,4650000000,4650000000,None,0,None,4121000000,None,None,12131000000,None,None,3718000000,None,None,None,0.0985,5705000000,22804000000,34494000000,1887000000,5071000000,None,None,None,None,None,None,None,2.94,1.585,1.602,None,None,None,None,None,-1863000000,None,0.0677,None,63690000000,2025-10-31,quarterly,1.82,USD,pre-market,316000000,55738000000,0.0405,0.0732,-0.014,105.17,4828000000,12870000000,739000000,1101000000,150.35,152.25,18.9542,125833000000,34336000000,25011000000,62957000000,91497000000,37946000000,198200000000,62676000000,21.1,-7870000000,163.27,127.59
2025-12-28,CVX,7.11,188687008000.0,21.1,None,0.673,94.28,3697000000,None,10043000000,10043000000,-4687000000,-2453000000,None,None,None,None,None,None,1832000000,2155810398,None,140902000000,140902000000,16074000000,None,None,17184000000,None,None,5913000000,2155000000,6.76,0.0449,1235000000,1235000000,None,-0.266,0.29,34494000000,40407000000,1.53,2007-06-30,19.42,4636000000,76610003000.0,57298000000,25197000000,11098000000,4650000000,4650000000,None,0,None,4121000000,None,None,12131000000,None,None,5380000000,None,None,None,0.0985,6499000000,22804000000,34494000000,1887000000,5071000000,None,None,None,None,None,None,None,2.94,1.585,1.602,None,None,None,None,None,-1432000000,None,0.0677,None,63690000000,2025-10-31,quarterly,1.82,USD,pre-market,316000000,55738000000,0.0405,0.0732,-0.014,105.17,4828000000,12870000000,739000000,1101000000,150.35,152.25,18.9542,125833000000,34336000000,25011000000,62957000000,91497000000,37946000000,198200000000,62676000000,21.1,-7870000000,163.27,127.59
2025-12-28,CVX,7.11,188687008000.0,21.1,None,0.673,94.28,3260000000,None,10043000000,10043000000,-2356000000,-2045000000,None,None,None,None,None,None,1832000000,2155810398,None,140902000000,140902000000,16074000000,None,None,17184000000,None,None,5913000000,1963000000,6.76,0.0449,1117000000,1117000000,None,-0.266,0.29,34494000000,40407000000,1.53,2007-03-31,19.42,4636000000,76610003000.0,57298000000,25197000000,11098000000,4650000000,4650000000,None,0,None,4121000000,None,None,12131000000,None,None,4715000000,None,None,None,0.0985,5690000000,22804000000,34494000000,1887000000,5071000000,None,None,None,None,None,None,None,2.94,1.585,1.602,None,None,None,None,None,-1147000000,None,0.0677,None,63690000000,2025-10-31,quarterly,1.82,USD,pre-market,316000000,55738000000,0.0405,0.0732,-0.014,105.17,4828000000,12870000000,739000000,1101000000,150.35,152.25,18.9542,125833000000,34336000000,25011000000,62957000000,91497000000,37946000000,198200000000,62676000000,21.1,-7870000000,163.27,127.59
2025-12-28,CVX,7.11,188687008000.0,21.1,None,0.673,94.28,4146000000,None,10043000000,10043000000,-2834000000,-3693000000,None,None,551000000,None,None,None,1832000000,2155810398,None,140902000000,140902000000,16074000000,None,None,17184000000,None,None,5913000000,1988000000,6.76,0.0449,1122000000,1122000000,None,-0.266,0.29,34494000000,40407000000,1.53,2006-12-31,19.42,4636000000,76610003000.0,57298000000,25197000000,11098000000,4650000000,4650000000,None,0,None,4121000000,None,None,12131000000,None,None,3772000000,None,None,None,0.0985,5744000000,22804000000,34494000000,1887000000,5071000000,None,None,None,None,None,None,None,2.94,1.585,1.602,None,None,None,None,None,-1140000000,None,0.0677,None,63690000000,2025-10-31,quarterly,1.82,USD,pre-market,316000000,55738000000,0.0405,0.0732,-0.014,105.17,4828000000,12870000000,739000000,1101000000,150.35,152.25,18.9542,125833000000,34336000000,25011000000,62957000000,91497000000,37946000000,198200000000,62676000000,21.1,-7870000000,163.27,127.59
2025-12-28,CVX,7.11,188687008000.0,21.1,None,0.673,94.28,3441000000,None,10043000000,10043000000,-2360000000,-3258000000,None,None,-375000000,None,None,None,1832000000,2155810398,None,140902000000,140902000000,16074000000,None,None,17184000000,None,None,5913000000,1923000000,6.76,0.0449,1134000000,1134000000,None,-0.266,0.29,34494000000,40407000000,1.53,2006-09-30,19.42,4636000000,76610003000.0,57298000000,25197000000,11098000000,4650000000,4650000000,None,0,None,4121000000,None,None,12131000000,None,None,5017000000,None,None,None,0.0985,6726000000,22804000000,34494000000,1887000000,5071000000,None,None,None,None,None,None,None,2.94,1.585,1.602,None,None,None,None,None,-1236000000,None,0.0677,None,63690000000,2025-10-31,quarterly,1.82,USD,pre-market,316000000,55738000000,0.0405,0.0732,-0.014,105.17,4828000000,12870000000,739000000,1101000000,150.35,152.25,18.9542,125833000000,34336000000,25011000000,62957000000,91497000000,37946000000,198200000000,62676000000,21.1,-7870000000,163.27,127.59
2025-12-28,CVX,7.11,188687008000.0,21.1,None,0.673,94.28,3659000000,None,10043000000,10043000000,-3963000000,-2800000000,None,None,-604000000,None,None,None,1832000000,2155810398,None,140902000000,140902000000,16074000000,None,None,17184000000,None,None,5913000000,1807000000,6.76,0.0449,1144000000,1144000000,None,-0.266,0.29,34494000000,40407000000,1.53,2006-06-30,19.42,4636000000,76610003000.0,57298000000,25197000000,11098000000,4650000000,4650000000,None,0,None,4121000000,None,None,12131000000,None,None,4353000000,None,None,None,0.0985,6083000000,22804000000,34494000000,1887000000,5071000000,None,None,None,None,None,None,None,2.94,1.585,1.602,None,None,None,None,None,-1159000000,None,0.0677,None,63690000000,2025-10-31,quarterly,1.82,USD,pre-market,316000000,55738000000,0.0405,0.0732,-0.014,105.17,4828000000,12870000000,739000000,1101000000,150.35,152.25,18.9542,125833000000,34336000000,25011000000,62957000000,91497000000,37946000000,198200000000,62676000000,21.1,-7870000000,163.27,127.59
2025-12-28,CVX,7.11,188687008000.0,21.1,None,0.673,94.28,2567000000,None,10043000000,10043000000,-2691000000,-2468000000,None,None,-108000000,None,None,None,1832000000,2155810398,None,140902000000,140902000000,16074000000,None,None,17184000000,None,None,5913000000,1788000000,6.76,0.0449,996000000,996000000,None,-0.266,0.29,34494000000,40407000000,1.53,2006-03-31,19.42,4636000000,76610003000.0,57298000000,25197000000,11098000000,4650000000,4650000000,None,0,None,4121000000,None,None,12131000000,None,None,3996000000,None,None,None,0.0985,5770000000,22804000000,34494000000,1887000000,5071000000,None,None,None,None,None,None,None,2.94,1.585,1.602,None,None,None,None,None,-956000000,None,0.0677,None,63690000000,2025-10-31,quarterly,1.82,USD,pre-market,316000000,55738000000,0.0405,0.0732,-0.014,105.17,4828000000,12870000000,739000000,1101000000,150.35,152.25,18.9542,125833000000,34336000000,25011000000,62957000000,91497000000,37946000000,198200000000,62676000000,21.1,-7870000000,163.27,127.59
2025-12-28,CVX,7.11,188687008000.0,21.1,None,0.673,94.28,3173000000,None,10043000000,10043000000,-2730000000,-2961000000,None,None,402000000,None,None,None,1832000000,2155810398,None,140902000000,140902000000,16074000000,None,None,17184000000,None,None,5913000000,1725000000,6.76,0.0449,1098000000,1098000000,None,-0.266,0.29,34494000000,40407000000,1.53,2005-12-31,19.42,4636000000,76610003000.0,57298000000,25197000000,11098000000,4650000000,4650000000,None,0,None,4121000000,None,None,12131000000,None,None,4144000000,None,None,None,0.0985,5947000000,22804000000,34494000000,1887000000,5071000000,None,None,None,None,None,None,None,2.94,1.585,1.602,None,None,None,None,None,-727000000,None,0.0677,None,63690000000,2025-10-31,quarterly,1.82,USD,pre-market,316000000,55738000000,0.0405,0.0732,-0.014,105.17,4828000000,12870000000,739000000,1101000000,150.35,152.25,18.9542,125833000000,34336000000,25011000000,62957000000,91497000000,37946000000,198200000000,62676000000,21.1,-7870000000,163.27,127.59
2025-12-28,CVX,7.11,188687008000.0,21.1,None,0.673,94.28,2354000000,None,10043000000,10043000000,-1638000000,-6395000000,None,None,-32000000,None,None,None,1832000000,2155810398,None,140902000000,140902000000,16074000000,None,None,17184000000,None,None,5913000000,1534000000,6.76,0.0449,1008000000,1008000000,None,-0.266,0.29,34494000000,40407000000,1.53,2005-09-30,19.42,4636000000,76610003000.0,57298000000,25197000000,11098000000,4650000000,4650000000,None,0,None,4121000000,None,None,12131000000,None,None,3594000000,None,None,None,0.0985,5545000000,22804000000,34494000000,1887000000,5071000000,None,None,None,None,None,None,None,2.94,1.585,1.602,None,None,None,None,None,-495000000,None,0.0677,None,63690000000,2025-10-31,quarterly,1.82,USD,pre-market,316000000,55738000000,0.0405,0.0732,-0.014,105.17,4828000000,12870000000,739000000,1101000000,150.35,152.25,18.9542,125833000000,34336000000,25011000000,62957000000,91497000000,37946000000,198200000000,62676000000,21.1,-7870000000,163.27,127.59
2025-12-28,CVX,7.11,188687008000.0,21.1,None,0.673,94.28,16448000000,None,10043000000,10043000000,-23472000000,-8936000000,None,None,-574000000,None,None,None,1832000000,2155810398,None,140902000000,140902000000,16074000000,None,None,17184000000,None,None,5913000000,16196000000,6.76,0.0449,11800000000,11800000000,None,-0.266,0.29,34494000000,40407000000,1.53,2024-12-31,19.42,4636000000,76610003000.0,57298000000,25197000000,11098000000,4650000000,4650000000,None,0,None,4121000000,None,None,12131000000,None,None,17749000000,None,None,None,0.0985,31492000000,22804000000,34494000000,1887000000,5071000000,None,None,None,None,None,None,None,2.94,1.585,1.602,None,None,None,None,None,-15400000000,None,0.0677,None,63690000000,2025-10-31,annual,1.82,USD,pre-market,316000000,55738000000,0.0405,0.0732,-0.014,105.17,4828000000,12870000000,739000000,1101000000,150.35,152.25,18.9542,125833000000,34336000000,25011000000,62957000000,91497000000,37946000000,198200000000,62676000000,21.1,-7870000000,163.27,127.59
2025-12-28,CVX,7.11,188687008000.0,21.1,None,0.673,94.28,15829000000,None,10043000000,10043000000,-30109000000,-15232000000,None,None,-320000000,None,None,None,1832000000,2155810398,None,140902000000,140902000000,16074000000,None,None,17184000000,None,None,5913000000,17326000000,6.76,0.0449,11336000000,11336000000,None,-0.266,0.29,34494000000,40407000000,1.53,2023-12-31,19.42,4636000000,76610003000.0,57298000000,25197000000,11098000000,4650000000,4650000000,None,0,None,4121000000,None,None,12131000000,None,None,21411000000,None,None,None,0.0985,35609000000,22804000000,34494000000,1887000000,5071000000,None,None,None,None,None,None,None,2.94,1.585,1.602,None,None,None,None,None,-14939000000,None,0.0677,None,63690000000,2025-10-31,annual,1.82,USD,pre-market,316000000,55738000000,0.0405,0.0732,-0.014,105.17,4828000000,12870000000,739000000,1101000000,150.35,152.25,18.9542,125833000000,34336000000,25011000000,62957000000,91497000000,37946000000,198200000000,62676000000,21.1,-7870000000,163.27,127.59
2025-12-28,CVX,7.11,188687008000.0,21.1,None,0.673,94.28,12000000000,None,10043000000,10043000000,-25000000000,-12100000000,12516000000,None,-930000000,None,None,153000000,1832000000,2155810398,None,140902000000,140902000000,16074000000,None,None,17184000000,None,None,5913000000,16319000000,6.76,0.0449,11000000000,11000000000,None,-0.266,0.29,34494000000,40407000000,1.53,2022-12-31,19.42,4636000000,76610003000.0,57298000000,25197000000,11098000000,4650000000,4650000000,None,0,None,4121000000,None,None,12131000000,None,None,35600000000,None,None,None,0.0985,49600000000,22804000000,34494000000,1887000000,5071000000,None,None,None,None,None,None,None,2.94,1.585,1.602,None,None,None,None,None,-11300000000,None,0.0677,None,63690000000,2025-10-31,annual,1.82,USD,pre-market,316000000,55738000000,0.0405,0.0732,-0.014,105.17,4828000000,12870000000,739000000,1101000000,150.35,152.25,18.9542,125833000000,34336000000,25011000000,62957000000,91497000000,37946000000,198200000000,62676000000,21.1,-7870000000,163.27,127.59
2025-12-28,CVX,7.11,188687008000.0,21.1,None,0.673,94.28,8100000000,None,10043000000,10043000000,-23100000000,-5900000000,209000000,None,-530000000,None,None,21000000,1832000000,2155810398,None,140902000000,140902000000,16074000000,None,None,17184000000,None,None,5913000000,17925000000,6.76,0.0449,10200000000,10200000000,None,-0.266,0.29,34494000000,40407000000,1.53,2021-12-31,19.42,4636000000,76610003000.0,57298000000,25197000000,11098000000,4650000000,4650000000,None,0,None,4121000000,None,None,12131000000,None,None,15700000000,None,None,None,0.0985,29200000000,22804000000,34494000000,1887000000,5071000000,None,None,None,None,None,None,None,2.94,1.585,1.602,None,None,None,None,None,-1383000000,None,0.0677,None,63690000000,2025-10-31,annual,1.82,USD,pre-market,316000000,55738000000,0.0405,0.0732,-0.014,105.17,4828000000,12870000000,739000000,1101000000,150.35,152.25,18.9542,125833000000,34336000000,25011000000,62957000000,91497000000,37946000000,198200000000,62676000000,21.1,-7870000000,163.27,127.59
2025-12-28,CVX,7.11,188687008000.0,21.1,None,0.673,94.28,8900000000,None,10043000000,10043000000,-3700000000,-6965000000,-124000000,None,284000000,None,None,296000000,1832000000,2155810398,None,140902000000,140902000000,16074000000,None,None,17184000000,None,None,5913000000,19500000000,6.76,0.0449,9700000000,9700000000,None,-0.266,0.29,34494000000,40407000000,1.53,2020-12-31,19.42,4636000000,76610003000.0,57298000000,25197000000,11098000000,4650000000,4650000000,None,0,None,4121000000,None,None,12131000000,None,None,-5600000000,None,None,None,0.0985,10600000000,22804000000,34494000000,1887000000,5071000000,None,None,None,None,None,None,None,2.94,1.585,1.602,None,None,None,None,None,-1500000000,None,0.0677,None,63690000000,2025-10-31,annual,1.82,USD,pre-market,316000000,55738000000,0.0405,0.0732,-0.014,105.17,4828000000,12870000000,739000000,1101000000,150.35,152.25,18.9542,125833000000,34336000000,25011000000,62957000000,91497000000,37946000000,198200000000,62676000000,21.1,-7870000000,163.27,127.59
2025-12-28,CVX,7.11,188687008000.0,21.1,None,0.673,94.28,14100000000,None,10043000000,10043000000,-19800000000,-11458000000,-3902000000,None,7000000,None,None,502000000,1832000000,2155810398,None,140902000000,140902000000,16074000000,None,None,17184000000,None,None,5913000000,29200000000,6.76,0.0449,9000000000,9000000000,None,-0.266,0.29,34494000000,40407000000,1.53,2019-12-31,19.42,4636000000,76610003000.0,57298000000,25197000000,11098000000,4650000000,4650000000,None,0,None,4121000000,None,None,12131000000,None,None,2800000000,None,None,None,0.0985,27300000000,22804000000,34494000000,1887000000,5071000000,None,None,None,None,None,None,None,2.94,1.585,1.602,None,None,None,None,None,-2900000000,None,0.0677,None,63690000000,2025-10-31,annual,1.82,USD,pre-market,316000000,55738000000,0.0405,0.0732,-0.014,105.17,4828000000,12870000000,739000000,1101000000,150.35,152.25,18.9542,125833000000,34336000000,25011000000,62957000000,91497000000,37946000000,198200000000,62676000000,21.1,-7870000000,163.27,127.59
2025-12-28,CVX,7.11,188687008000.0,21.1,None,0.673,94.28,13800000000,None,10043000000,10043000000,-13700000000,-12300000000,4629000000,None,-424000000,None,None,418000000,1832000000,2155810398,None,140902000000,140902000000,16074000000,None,None,17184000000,None,None,5913000000,18030000000,6.76,0.0449,8500000000,8500000000,None,-0.266,0.29,34494000000,40407000000,1.53,2018-12-31,19.42,4636000000,76610003000.0,57298000000,25197000000,11098000000,4650000000,4650000000,None,0,None,4121000000,None,None,12131000000,None,None,14860000000,None,None,None,0.0985,30618000000,22804000000,34494000000,1887000000,5071000000,None,None,None,None,None,None,None,2.94,1.585,1.602,None,None,None,None,None,-1751000000,None,0.0677,None,63690000000,2025-10-31,annual,1.82,USD,pre-market,316000000,55738000000,0.0405,0.0732,-0.014,105.17,4828000000,12870000000,739000000,1101000000,150.35,152.25,18.9542,125833000000,34336000000,25011000000,62957000000,91497000000,37946000000,198200000000,62676000000,21.1,-7870000000,163.27,127.59
2025-12-28,CVX,7.11,188687008000.0,21.1,None,0.673,94.28,13404000000,None,10043000000,10043000000,-14554000000,-8201000000,-2175000000,65000000,-267000000,None,None,-368000000,1832000000,2155810398,None,140902000000,140902000000,16074000000,None,None,17184000000,None,None,5913000000,19349000000,6.76,0.0449,8132000000,8132000000,None,-0.266,0.29,34494000000,40407000000,1.53,2017-12-31,19.42,4636000000,76610003000.0,57298000000,25197000000,11098000000,4650000000,4650000000,None,0,None,4121000000,None,None,12131000000,None,None,9269000000,None,None,None,0.0985,20338000000,22804000000,34494000000,1887000000,5071000000,None,None,None,None,None,None,None,2.94,1.585,1.602,None,None,None,None,None,-1151000000,None,0.0677,None,63690000000,2025-10-31,annual,1.82,USD,pre-market,316000000,55738000000,0.0405,0.0732,-0.014,105.17,4828000000,12870000000,739000000,1101000000,150.35,152.25,18.9542,125833000000,34336000000,25011000000,62957000000,91497000000,37946000000,198200000000,62676000000,21.1,-7870000000,163.27,127.59
2025-12-28,CVX,7.11,188687008000.0,21.1,None,0.673,94.28,18109000000,None,10043000000,10043000000,25000000,-16852000000,-4034000000,-53000000,603000000,None,None,-131000000,1832000000,2155810398,None,140902000000,140902000000,16074000000,None,None,17184000000,None,None,5913000000,19457000000,6.76,0.0449,8032000000,8032000000,None,-0.266,0.29,34494000000,40407000000,1.53,2016-12-31,19.42,4636000000,76610003000.0,57298000000,25197000000,11098000000,4650000000,4650000000,None,0,None,4121000000,None,None,12131000000,None,None,-431000000,None,None,None,0.0985,12846000000,22804000000,34494000000,1887000000,5071000000,None,None,None,None,None,None,None,2.94,1.585,1.602,None,None,None,None,None,9054000000,None,0.0677,None,63690000000,2025-10-31,annual,1.82,USD,pre-market,316000000,55738000000,0.0405,0.0732,-0.014,105.17,4828000000,12870000000,739000000,1101000000,150.35,152.25,18.9542,125833000000,34336000000,25011000000,62957000000,91497000000,37946000000,198200000000,62676000000,21.1,-7870000000,163.27,127.59
2025-12-28,CVX,7.11,188687008000.0,21.1,None,0.673,94.28,29504000000,None,10043000000,10043000000,2815000000,-23808000000,-1763000000,-226000000,85000000,None,None,-59000000,1832000000,2155810398,None,140902000000,140902000000,16074000000,None,None,17184000000,None,None,5913000000,21037000000,6.76,0.0449,7992000000,7992000000,None,-0.266,0.29,34494000000,40407000000,1.53,2015-12-31,19.42,4636000000,76610003000.0,57298000000,25197000000,11098000000,4650000000,4650000000,None,0,None,4121000000,None,None,12131000000,None,None,4710000000,None,None,None,0.0985,19456000000,22804000000,34494000000,1887000000,5071000000,None,None,None,None,None,None,None,2.94,1.585,1.602,None,None,None,None,None,10756000000,None,0.0677,None,63690000000,2025-10-31,annual,1.82,USD,pre-market,316000000,55738000000,0.0405,0.0732,-0.014,105.17,4828000000,12870000000,739000000,1101000000,150.35,152.25,18.9542,125833000000,34336000000,25011000000,62957000000,91497000000,37946000000,198200000000,62676000000,21.1,-7870000000,163.27,127.59
2025-12-28,CVX,7.11,188687008000.0,21.1,None,0.673,94.28,35407000000,None,10043000000,10043000000,-4999000000,-29893000000,-3460000000,-43000000,-146000000,None,None,-9000000,1832000000,2155810398,None,140902000000,140902000000,16074000000,None,None,17184000000,None,None,5913000000,16793000000,6.76,0.0449,7928000000,7928000000,None,-0.266,0.29,34494000000,40407000000,1.53,2014-12-31,19.42,4636000000,76610003000.0,57298000000,25197000000,11098000000,4650000000,4650000000,None,0,None,4121000000,None,None,12131000000,None,None,19310000000,None,None,None,0.0985,31475000000,22804000000,34494000000,1887000000,5071000000,None,None,None,None,None,None,None,2.94,1.585,1.602,None,None,None,None,None,-4412000000,None,0.0677,None,63690000000,2025-10-31,annual,1.82,USD,pre-market,316000000,55738000000,0.0405,0.0732,-0.014,105.17,4828000000,12870000000,739000000,1101000000,150.35,152.25,18.9542,125833000000,34336000000,25011000000,62957000000,91497000000,37946000000,198200000000,62676000000,21.1,-7870000000,163.27,127.59
2025-12-28,CVX,7.11,188687008000.0,21.1,None,0.673,94.28,37985000000,None,10043000000,10043000000,-3821000000,-35609000000,-4694000000,-266000000,-237000000,None,None,183000000,1832000000,2155810398,None,140902000000,140902000000,16074000000,None,None,17184000000,None,None,5913000000,14186000000,6.76,0.0449,7474000000,7474000000,None,-0.266,0.29,34494000000,40407000000,1.53,2013-12-31,19.42,4636000000,76610003000.0,57298000000,25197000000,11098000000,4650000000,4650000000,None,0,None,4121000000,None,None,12131000000,None,None,21597000000,None,None,None,0.0985,35002000000,22804000000,34494000000,1887000000,5071000000,None,None,None,None,None,None,None,2.94,1.585,1.602,None,None,None,None,None,-4494000000,None,0.0677,None,63690000000,2025-10-31,annual,1.82,USD,pre-market,316000000,55738000000,0.0405,0.0732,-0.014,105.17,4828000000,12870000000,739000000,1101000000,150.35,152.25,18.9542,125833000000,34336000000,25011000000,62957000000,91497000000,37946000000,198200000000,62676000000,21.1,-7870000000,163.27,127.59
2025-12-28,CVX,7.11,188687008000.0,21.1,None,0.673,94.28,30938000000,None,10043000000,10043000000,-8980000000,-24796000000,5075000000,39000000,-233000000,None,None,-169000000,1832000000,2155810398,None,140902000000,140902000000,16074000000,None,None,17184000000,None,None,5913000000,13413000000,6.76,0.0449,6844000000,6844000000,None,-0.266,0.29,34494000000,40407000000,1.53,2012-12-31,19.42,4636000000,76610003000.0,57298000000,25197000000,11098000000,4650000000,4650000000,None,0,None,4121000000,None,None,12131000000,None,None,26336000000,None,None,None,0.0985,38812000000,22804000000,34494000000,1887000000,5071000000,None,None,None,None,None,None,None,2.94,1.585,1.602,None,None,None,None,None,-4142000000,None,0.0677,None,63690000000,2025-10-31,annual,1.82,USD,pre-market,316000000,55738000000,0.0405,0.0732,-0.014,105.17,4828000000,12870000000,739000000,1101000000,150.35,152.25,18.9542,125833000000,34336000000,25011000000,62957000000,91497000000,37946000000,198200000000,62676000000,21.1,-7870000000,163.27,127.59
2025-12-28,CVX,7.11,188687008000.0,21.1,None,0.673,94.28,26500000000,None,10043000000,10043000000,-11772000000,-27489000000,1804000000,-33000000,-404000000,None,None,-150000000,1832000000,2155810398,None,140902000000,140902000000,16074000000,None,None,17184000000,None,None,5913000000,12911000000,6.76,0.0449,6139000000,6139000000,None,-0.266,0.29,34494000000,40407000000,1.53,2011-12-31,19.42,4636000000,76610003000.0,57298000000,25197000000,11098000000,4650000000,4650000000,None,0,None,4121000000,None,None,12131000000,None,None,27008000000,None,None,None,0.0985,41098000000,22804000000,34494000000,1887000000,5071000000,None,None,None,None,None,None,None,2.94,1.585,1.602,None,None,None,None,None,-3193000000,None,0.0677,None,63690000000,2025-10-31,annual,1.82,USD,pre-market,316000000,55738000000,0.0405,0.0732,-0.014,105.17,4828000000,12870000000,739000000,1101000000,150.35,152.25,18.9542,125833000000,34336000000,25011000000,62957000000,91497000000,37946000000,198200000000,62676000000,21.1,-7870000000,163.27,127.59
2025-12-28,CVX,7.11,188687008000.0,21.1,None,0.673,94.28,19612000000,None,10043000000,10043000000,-5170000000,-20915000000,5344000000,70000000,15000000,None,None,-12000000,1832000000,2155810398,None,140902000000,140902000000,16074000000,None,None,17184000000,None,None,5913000000,13063000000,6.76,0.0449,5674000000,5674000000,None,-0.266,0.29,34494000000,40407000000,1.53,2010-12-31,19.42,4636000000,76610003000.0,57298000000,25197000000,11098000000,4650000000,4650000000,None,0,None,4121000000,None,None,12131000000,None,None,19136000000,None,None,None,0.0985,31359000000,22804000000,34494000000,1887000000,5071000000,None,None,None,None,None,None,None,2.94,1.585,1.602,None,None,None,None,None,-306000000,None,0.0677,None,63690000000,2025-10-31,annual,1.82,USD,pre-market,316000000,55738000000,0.0405,0.0732,-0.014,105.17,4828000000,12870000000,739000000,1101000000,150.35,152.25,18.9542,125833000000,34336000000,25011000000,62957000000,91497000000,37946000000,198200000000,62676000000,21.1,-7870000000,163.27,127.59
2025-12-28,CVX,7.11,188687008000.0,21.1,None,0.673,94.28,19843000000,None,10043000000,10043000000,-3546000000,-16572000000,-631000000,114000000,1213000000,None,None,-258000000,1832000000,2155810398,None,140902000000,140902000000,16074000000,None,None,17184000000,None,None,5913000000,12110000000,6.76,0.0449,5302000000,5302000000,None,-0.266,0.29,34494000000,40407000000,1.53,2009-12-31,19.42,4636000000,76610003000.0,57298000000,25197000000,11098000000,4650000000,4650000000,None,0,None,4121000000,None,None,12131000000,None,None,10563000000,None,None,None,0.0985,19373000000,22804000000,34494000000,1887000000,5071000000,None,None,None,None,None,None,None,2.94,1.585,1.602,None,None,None,None,None,168000000,None,0.0677,None,63690000000,2025-10-31,annual,1.82,USD,pre-market,316000000,55738000000,0.0405,0.0732,-0.014,105.17,4828000000,12870000000,739000000,1101000000,150.35,152.25,18.9542,125833000000,34336000000,25011000000,62957000000,91497000000,37946000000,198200000000,62676000000,21.1,-7870000000,163.27,127.59
2025-12-28,CVX,7.11,188687008000.0,21.1,None,0.673,94.28,19666000000,None,10043000000,10043000000,-10400000000,-17081000000,None,None,-1545000000,None,None,None,1832000000,2155810398,None,140902000000,140902000000,16074000000,None,None,17184000000,None,None,5913000000,9528000000,6.76,0.0449,5162000000,5162000000,None,-0.266,0.29,34494000000,40407000000,1.53,2008-12-31,19.42,4636000000,76610003000.0,57298000000,25197000000,11098000000,4650000000,4650000000,None,0,None,4121000000,None,None,12131000000,None,None,23931000000,None,None,None,0.0985,29632000000,22804000000,34494000000,1887000000,5071000000,None,None,None,None,None,None,None,2.94,1.585,1.602,None,None,None,None,None,-6821000000,None,0.0677,None,63690000000,2025-10-31,annual,1.82,USD,pre-market,316000000,55738000000,0.0405,0.0732,-0.014,105.17,4828000000,12870000000,739000000,1101000000,150.35,152.25,18.9542,125833000000,34336000000,25011000000,62957000000,91497000000,37946000000,198200000000,62676000000,21.1,-7870000000,163.27,127.59
2025-12-28,CVX,7.11,188687008000.0,21.1,None,0.673,94.28,16678000000,None,10043000000,10043000000,-14295000000,-13933000000,None,None,-749000000,None,None,None,1832000000,2155810398,None,140902000000,140902000000,16074000000,None,None,17184000000,None,None,5913000000,8708000000,6.76,0.0449,4791000000,4791000000,None,-0.266,0.29,34494000000,40407000000,1.53,2007-12-31,19.42,4636000000,76610003000.0,57298000000,25197000000,11098000000,4650000000,4650000000,None,0,None,4121000000,None,None,12131000000,None,None,18688000000,None,None,None,0.0985,24977000000,22804000000,34494000000,1887000000,5071000000,None,None,None,None,None,None,None,2.94,1.585,1.602,None,None,None,None,None,-6389000000,None,0.0677,None,63690000000,2025-10-31,annual,1.82,USD,pre-market,316000000,55738000000,0.0405,0.0732,-0.014,105.17,4828000000,12870000000,739000000,1101000000,150.35,152.25,18.9542,125833000000,34336000000,25011000000,62957000000,91497000000,37946000000,198200000000,62676000000,21.1,-7870000000,163.27,127.59
2025-12-28,CVX,7.11,188687008000.0,21.1,None,0.673,94.28,13813000000,None,10043000000,10043000000,-11848000000,-12219000000,None,None,-536000000,None,None,None,1832000000,2155810398,None,140902000000,140902000000,16074000000,None,None,17184000000,None,None,5913000000,7506000000,6.76,0.0449,4396000000,4396000000,None,-0.266,0.29,34494000000,40407000000,1.53,2006-12-31,19.42,4636000000,76610003000.0,57298000000,25197000000,11098000000,4650000000,4650000000,None,0,None,4121000000,None,None,12131000000,None,None,17138000000,None,None,None,0.0985,24323000000,22804000000,34494000000,1887000000,5071000000,None,None,None,None,None,None,None,2.94,1.585,1.602,None,None,None,None,None,-4491000000,None,0.0677,None,63690000000,2025-10-31,annual,1.82,USD,pre-market,316000000,55738000000,0.0405,0.0732,-0.014,105.17,4828000000,12870000000,739000000,1101000000,150.35,152.25,18.9542,125833000000,34336000000,25011000000,62957000000,91497000000,37946000000,198200000000,62676000000,21.1,-7870000000,163.27,127.59
2025-12-28,CVX,7.11,188687008000.0,21.1,None,0.673,94.28,8701000000,None,10043000000,10043000000,-7668000000,-11561000000,None,None,None,None,None,None,1832000000,2155810398,None,140902000000,140902000000,16074000000,None,None,17184000000,None,None,5913000000,5913000000,6.76,0.0449,3876000000,3876000000,None,-0.266,0.29,34494000000,40407000000,1.53,2005-12-31,19.42,4636000000,76610003000.0,57298000000,25197000000,11098000000,4650000000,4650000000,None,0,None,4121000000,None,None,12131000000,None,None,14099000000,None,None,None,0.0985,20105000000,22804000000,34494000000,1887000000,5071000000,None,None,None,None,None,None,None,2.94,1.585,1.602,None,None,None,None,None,-2737000000,None,0.0677,None,63690000000,2025-10-31,annual,1.82,USD,pre-market,316000000,55738000000,0.0405,0.0732,-0.014,105.17,4828000000,12870000000,739000000,1101000000,150.35,152.25,18.9542,125833000000,34336000000,25011000000,62957000000,91497000000,37946000000,198200000000,62676000000,21.1,-7870000000,163.27,127.59
