date,symbol,eps,revenue_ttm,pe_ratio,accumulateddepreciationamortizationppe,beta,book_value,capitalexpenditures,capitalleaseobligations,cashandcashequivalentsatcarryingvalue,cashandshortterminvestments,cashflowfromfinancing,cashflowfrominvestment,changeincashandcashequivalents,changeinexchangerate,changeininventory,changeinoperatingassets,changeinoperatingliabilities,changeinreceivables,commonstock,commonstocksharesoutstanding,comprehensiveincomenetoftax,costofgoodsandservicessold,costofrevenue,currentaccountspayable,currentdebt,currentlongtermdebt,currentnetreceivables,deferredrevenue,depreciation,depreciationandamortization,depreciationdepletionandamortization,dividend_per_share,dividend_yield,dividendpayout,dividendpayoutcommonstock,dividendpayoutpreferredstock,earnings_growth_yoy,earnings_surprise,ebit,ebitda,estimated_eps,fiscaldateending,forward_pe,goodwill,gross_profit_ttm,grossprofit,incomebeforetax,incometaxexpense,intangibleassets,intangibleassetsexcludinggoodwill,interestanddebtexpense,interestexpense,interestincome,inventory,investmentincomenet,investments,longtermdebt,longtermdebtnoncurrent,longterminvestments,netincome,netincomefromcontinuingoperations,netinterestincome,noninterestincome,operating_margin_ttm,operatingcashflow,operatingexpenses,operatingincome,othercurrentassets,othercurrentliabilities,othernoncurrentassets,othernoncurrentliabilities,othernonoperatingincome,paymentsforoperatingactivities,paymentsforrepurchaseofcommonstock,paymentsforrepurchaseofequity,paymentsforrepurchaseofpreferredstock,peg_ratio,price_to_book,price_to_sales_ttm,proceedsfromissuanceofcommonstock,proceedsfromissuanceoflongtermdebtandcapitalsecuritiesnet,proceedsfromissuanceofpreferredstock,proceedsfromoperatingactivities,proceedsfromrepaymentsofshorttermdebt,proceedsfromrepurchaseofequity,proceedsfromsaleoftreasurystock,profit_margin,profitloss,propertyplantequipment,report_date,report_type,reported_eps,reportedcurrency,reporttime,researchanddevelopment,retainedearnings,return_on_assets_ttm,return_on_equity_ttm,revenue_growth_yoy,revenue_per_share_ttm,sellinggeneralandadministrative,shortlongtermdebttotal,shorttermdebt,shortterminvestments,sma_200,sma_50,surprise_pct,totalassets,totalcurrentassets,totalcurrentliabilities,totalliabilities,totalnoncurrentassets,totalnoncurrentliabilities,totalrevenue,totalshareholderequity,trailing_pe,treasurystock,week_52_high,week_52_low
1996-09-30,D,,,,,,,,,,,,,,,,,,,,,,,,,,,,,,,,,,,,,,-0.07,,,0.54,,,,,,,,,,,,,,,,,,,,,,,,,,,,,,,,,,,,,,,,,,,,,,,,,1996-10-18,,0.47,,pre-market,,,,,,,,,,,,,-12.963,,,,,,,,,,,,
1996-12-31,D,,,,,,,,,,,,,,,,,,,,,,,,,,,,,,,,,,,,,,0.0,,,0.3,,,,,,,,,,,,,,,,,,,,,,,,,,,,,,,,,,,,,,,,,,,,,,,,,1997-01-24,,0.3,,pre-market,,,,,,,,,,,,,0.0,,,,,,,,,,,,
1997-03-31,D,,,,,,,,,,,,,,,,,,,,,,,,,,,,,,,,,,,,,,0.05,,,0.42,,,,,,,,,,,,,,,,,,,,,,,,,,,,,,,,,,,,,,,,,,,,,,,,,1997-04-18,,0.47,,pre-market,,,,,,,,,,,,,11.9048,,,,,,,,,,,,
1997-06-30,D,,,,,,,,,,,,,,,,,,,,,,,,,,,,,,,,,,,,,,-0.04,,,0.27,,,,,,,,,,,,,,,,,,,,,,,,,,,,,,,,,,,,,,,,,,,,,,,,,1997-07-21,,0.23,,pre-market,,,,,,,,,,,,,-14.8148,,,,,,,,,,,,
1997-09-30,D,,,,,,,,,,,,,,,,,,,,,,,,,,,,,,,,,,,,,,0.03,,,0.53,,,,,,,,,,,,,,,,,,,,,,,,,,,,,,,,,,,,,,,,,,,,,,,,,1997-10-17,,0.56,,pre-market,,,,,,,,,,,,,5.6604,,,,,,,,,,,,
1997-12-31,D,,,,,,,,,,,,,,,,,,,,,,,,,,,,,,,,,,,,,,-0.01,,,0.28,,,,,,,,,,,,,,,,,,,,,,,,,,,,,,,,,,,,,,,,,,,,,,,,,1998-01-23,,0.27,,pre-market,,,,,,,,,,,,,-3.5714,,,,,,,,,,,,
1998-03-31,D,,,,,,,,,,,,,,,,,,,,,,,,,,,,,,,,,,,,,,-0.05,,,0.41,,,,,,,,,,,,,,,,,,,,,,,,,,,,,,,,,,,,,,,,,,,,,,,,,1998-04-17,,0.36,,pre-market,,,,,,,,,,,,,-12.1951,,,,,,,,,,,,
1998-06-30,D,,,,,,,,,,,,,,,,,,,,,,,,,,,,,,,,,,,,,,0.06,,,0.25,,,,,,,,,,,,,,,,,,,,,,,,,,,,,,,,,,,,,,,,,,,,,,,,,1998-07-20,,0.31,,pre-market,,,,,,,,,,,,,24.0,,,,,,,,,,,,
1998-09-30,D,,,,,,,,,,,,,,,,,,,,,,,,,,,,,,,,,,,,,,0.04,,,0.53,,,,,,,,,,,,,,,,,,,,,,,,,,,,,,,,,,,,,,,,,,,,,,,,,1998-10-16,,0.57,,pre-market,,,,,,,,,,,,,7.5472,,,,,,,,,,,,
1998-12-31,D,,,,,,,,,,,,,,,,,,,,,,,,,,,,,,,,,,,,,,0.01,,,0.13,,,,,,,,,,,,,,,,,,,,,,,,,,,,,,,,,,,,,,,,,,,,,,,,,1999-01-22,,0.14,,pre-market,,,,,,,,,,,,,7.6923,,,,,,,,,,,,
1999-03-31,D,,,,,,,,,,,,,,,,,,,,,,,,,,,,,,,,,,,,,,-0.01,,,0.37,,,,,,,,,,,,,,,,,,,,,,,,,,,,,,,,,,,,,,,,,,,,,,,,,1999-04-16,,0.36,,pre-market,,,,,,,,,,,,,-2.7027,,,,,,,,,,,,
1999-06-30,D,,,,,,,,,,,,,,,,,,,,,,,,,,,,,,,,,,,,,,0.01,,,0.3,,,,,,,,,,,,,,,,,,,,,,,,,,,,,,,,,,,,,,,,,,,,,,,,,1999-07-19,,0.31,,pre-market,,,,,,,,,,,,,3.3333,,,,,,,,,,,,
1999-09-30,D,,,,,,,,,,,,,,,,,,,,,,,,,,,,,,,,,,,,,,0.03,,,0.63,,,,,,,,,,,,,,,,,,,,,,,,,,,,,,,,,,,,,,,,,,,,,,,,,1999-10-15,,0.66,,pre-market,,,,,,,,,,,,,4.7619,,,,,,,,,,,,
1999-12-31,D,,,,,,,,,,,,,,,,,,,,,,,,,,,,,,,,,,,,,,0.0,,,0.19,,,,,,,,,,,,,,,,,,,,,,,,,,,,,,,,,,,,,,,,,,,,,,,,,2000-01-28,,0.19,,pre-market,,,,,,,,,,,,,0.0,,,,,,,,,,,,
2000-03-31,D,,,,,,,,,,,,,,,,,,,,,,,,,,,,,,,,,,,,,,0.02,,,0.49,,,,,,,,,,,,,,,,,,,,,,,,,,,,,,,,,,,,,,,,,,,,,,,,,2000-04-25,,0.51,,pre-market,,,,,,,,,,,,,4.0816,,,,,,,,,,,,
2000-06-30,D,,,,,,,,,,,,,,,,,,,,,,,,,,,,,,,,,,,,,,0.01,,,0.27,,,,,,,,,,,,,,,,,,,,,,,,,,,,,,,,,,,,,,,,,,,,,,,,,2000-07-21,,0.28,,pre-market,,,,,,,,,,,,,3.7037,,,,,,,,,,,,
2000-09-30,D,,,,,,,,,,,,,,,,,,,,,,,,,,,,,,,,,,,,,,-0.01,,,0.57,,,,,,,,,,,,,,,,,,,,,,,,,,,,,,,,,,,,,,,,,,,,,,,,,2000-10-18,,0.56,,pre-market,,,,,,,,,,,,,-1.7544,,,,,,,,,,,,
2000-12-31,D,,,,,,,,,,,,,,,,,,,,,,,,,,,,,,,,,,,,,,0.02,,,0.28,,,,,,,,,,,,,,,,,,,,,,,,,,,,,,,,,,,,,,,,,,,,,,,,,2001-01-26,,0.3,,pre-market,,,,,,,,,,,,,7.1429,,,,,,,,,,,,
2001-03-31,D,,,,,,,,,,,,,,,,,,,,,,,,,,,,,,,,,,,,,,0.02,,,0.58,,,,,,,,,,,,,,,,,,,,,,,,,,,,,,,,,,,,,,,,,,,,,,,,,2001-04-20,,0.6,,pre-market,,,,,,,,,,,,,3.4483,,,,,,,,,,,,
2001-06-30,D,,,,,,,,,,,,,,,,,,,,,,,,,,,,,,,,,,,,,,0.01,,,0.35,,,,,,,,,,,,,,,,,,,,,,,,,,,,,,,,,,,,,,,,,,,,,,,,,2001-07-20,,0.36,,pre-market,,,,,,,,,,,,,2.8571,,,,,,,,,,,,
2001-09-30,D,,,,,,,,,,,,,,,,,,,,,,,,,,,,,,,,,,,,,,0.01,,,0.68,,,,,,,,,,,,,,,,,,,,,,,,,,,,,,,,,,,,,,,,,,,,,,,,,2001-10-17,,0.69,,pre-market,,,,,,,,,,,,,1.4706,,,,,,,,,,,,
2001-12-31,D,,,,,,,,,,,,,,,,,,,,,,,,,,,,,,,,,,,,,,0.02,,,0.43,,,,,,,,,,,,,,,,,,,,,,,,,,,,,,,,,,,,,,,,,,,,,,,,,2002-01-24,,0.45,,pre-market,,,,,,,,,,,,,4.6512,,,,,,,,,,,,
2002-03-31,D,,,,,,,,,,,,,,,,,,,,,,,,,,,,,,,,,,,,,,0.0,,,0.6,,,,,,,,,,,,,,,,,,,,,,,,,,,,,,,,,,,,,,,,,,,,,,,,,2002-04-18,,0.6,,pre-market,,,,,,,,,,,,,0.0,,,,,,,,,,,,
2002-06-30,D,,,,,,,,,,,,,,,,,,,,,,,,,,,,,,,,,,,,,,0.03,,,0.46,,,,,,,,,,,,,,,,,,,,,,,,,,,,,,,,,,,,,,,,,,,,,,,,,2002-07-18,,0.49,,pre-market,,,,,,,,,,,,,6.5217,,,,,,,,,,,,
2002-09-30,D,,,,,,,,,,,,,,,,,,,,,,,,,,,,,,,,,,,,,,0.02,,,0.75,,,,,,,,,,,,,,,,,,,,,,,,,,,,,,,,,,,,,,,,,,,,,,,,,2002-10-14,,0.77,,pre-market,,,,,,,,,,,,,2.6667,,,,,,,,,,,,
2002-12-31,D,,,,,,,,,,,,,,,,,,,,,,,,,,,,,,,,,,,,,,-0.02,,,0.58,,,,,,,,,,,,,,,,,,,,,,,,,,,,,,,,,,,,,,,,,,,,,,,,,2003-01-23,,0.56,,pre-market,,,,,,,,,,,,,-3.4483,,,,,,,,,,,,
2003-03-31,D,,,,,,,,,,,,,,,,,,,,,,,,,,,,,,,,,,,,,,0.12,,,0.64,,,,,,,,,,,,,,,,,,,,,,,,,,,,,,,,,,,,,,,,,,,,,,,,,2003-04-16,,0.76,,pre-market,,,,,,,,,,,,,18.75,,,,,,,,,,,,
2003-06-30,D,,,,,,,,,,,,,,,,,,,,,,,,,,,,,,,,,,,,,,0.01,,,0.41,,,,,,,,,,,,,,,,,,,,,,,,,,,,,,,,,,,,,,,,,,,,,,,,,2003-07-17,,0.42,,pre-market,,,,,,,,,,,,,2.439,,,,,,,,,,,,
2003-09-30,D,,,,,,,,,,,,,,,,,,,,,,,,,,,,,,,,,,,,,,0.0,,,0.65,,,,,,,,,,,,,,,,,,,,,,,,,,,,,,,,,,,,,,,,,,,,,,,,,2003-10-21,,0.65,,pre-market,,,,,,,,,,,,,0.0,,,,,,,,,,,,
2003-12-31,D,,,,,,,,,,,,,,,,,,,,,,,,,,,,,,,,,,,,,,-0.08,,,0.5,,,,,,,,,,,,,,,,,,,,,,,,,,,,,,,,,,,,,,,,,,,,,,,,,2004-01-23,,0.42,,pre-market,,,,,,,,,,,,,-16.0,,,,,,,,,,,,
2004-03-31,D,,,,,,,,,,,,,,,,,,,,,,,,,,,,,,,,,,,,,,0.0,,,0.69,,,,,,,,,,,,,,,,,,,,,,,,,,,,,,,,,,,,,,,,,,,,,,,,,2004-04-20,,0.69,,pre-market,,,,,,,,,,,,,0.0,,,,,,,,,,,,
2004-06-30,D,,,,,,,,,,,,,,,,,,,,,,,,,,,,,,,,,,,,,,0.01,,,0.4,,,,,,,,,,,,,,,,,,,,,,,,,,,,,,,,,,,,,,,,,,,,,,,,,2004-07-27,,0.41,,pre-market,,,,,,,,,,,,,2.5,,,,,,,,,,,,
2004-09-30,D,,,,,,,,,,,,,,,,,,,,,,,,,,,,,,,,,,,,,,-0.05,,,0.66,,,,,,,,,,,,,,,,,,,,,,,,,,,,,,,,,,,,,,,,,,,,,,,,,2004-10-21,,0.61,,pre-market,,,,,,,,,,,,,-7.5758,,,,,,,,,,,,
2004-12-31,D,,,,,,,,,,,,,,,,,,,,,,,,,,,,,,,,,,,,,,-0.03,,,0.64,,,,,,,,,,,,,,,,,,,,,,,,,,,,,,,,,,,,,,,,,,,,,,,,,2005-01-27,,0.61,,pre-market,,,,,,,,,,,,,-4.6875,,,,,,,,,,,,
2005-03-31,D,,,,,,,,,,,,,,,,,,,,,,,,,,,,,,,,,,,,,,0.02,,,0.7,,,,,,,,,,,,,,,,,,,,,,,,,,,,,,,,,,,,,,,,,,,,,,,,,2005-05-04,,0.72,,pre-market,,,,,,,,,,,,,2.8571,,,,,,,,,,,,
2005-06-30,D,,,,,,,,,,,,,,,,,,,,,,,,,,,,,,,,,,,,,,0.09,,,0.41,,,,,,,,,,,,,,,,,,,,,,,,,,,,,,,,,,,,,,,,,,,,,,,,,2005-08-03,,0.5,,pre-market,,,,,,,,,,,,,21.9512,,,,,,,,,,,,
2005-09-30,D,,,,,,,,,,,,,,,,,,,,,,,,,,,,,,,,,,,,,,-0.05,,,0.59,,,,,,,,,,,,,,,,,,,,,,,,,,,,,,,,,,,,,,,,,,,,,,,,,2005-11-02,,0.54,,pre-market,,,,,,,,,,,,,-8.4746,,,,,,,,,,,,
2005-12-31,D,,,,,,,,,,,,,,,,,,,,,,,,,,,,,,,,,,,,,,0.15,,,0.36,,,,,,,,,,,,,,,,,,,,,,,,,,,,,,,,,,,,,,,,,,,,,,,,,2006-01-26,,0.51,,pre-market,,,,,,,,,,,,,41.6667,,,,,,,,,,,,
2006-03-31,D,,,,,,,,,,,,,,,,,,,,,,,,,,,,,,,,,,,,,,0.08,,,0.74,,,,,,,,,,,,,,,,,,,,,,,,,,,,,,,,,,,,,,,,,,,,,,,,,2006-05-03,,0.82,,pre-market,,,,,,,,,,,,,10.8108,,,,,,,,,,,,
2006-06-30,D,,,,,,,,,,,,,,,,,,,,,,,,,,,,,,,,,,,,,,0.03,,,0.39,,,,,,,,,,,,,,,,,,,,,,,,,,,,,,,,,,,,,,,,,,,,,,,,,2006-08-03,,0.42,,pre-market,,,,,,,,,,,,,7.6923,,,,,,,,,,,,
2006-09-30,D,,,,,,,,,,,,,,,,,,,,,,,,,,,,,,,,,,,,,,0.16,,,0.78,,,,,,,,,,,,,,,,,,,,,,,,,,,,,,,,,,,,,,,,,,,,,,,,,2006-11-01,,0.94,,pre-market,,,,,,,,,,,,,20.5128,,,,,,,,,,,,
2006-12-31,D,,,,,,,,,,,,,,,,,,,,,,,,,,,,,,,,,,,,,,0.0,,,0.39,,,,,,,,,,,,,,,,,,,,,,,,,,,,,,,,,,,,,,,,,,,,,,,,,2007-01-31,,0.39,,pre-market,,,,,,,,,,,,,0.0,,,,,,,,,,,,
2007-03-31,D,,,,,,,,,,,,,,,,,,,,,,,,,,,,,,,,,,,,,,0.01,,,0.74,,,,,,,,,,,,,,,,,,,,,,,,,,,,,,,,,,,,,,,,,,,,,,,,,2007-05-02,,0.75,,pre-market,,,,,,,,,,,,,1.3514,,,,,,,,,,,,
2007-06-30,D,,,,,,,,,,,,,,,,,,,,,,,,,,,,,,,,,,,,,,0.01,,,0.44,,,,,,,,,,,,,,,,,,,,,,,,,,,,,,,,,,,,,,,,,,,,,,,,,2007-08-01,,0.45,,pre-market,,,,,,,,,,,,,2.2727,,,,,,,,,,,,
2007-09-30,D,,,,,,,,,,,,,,,,,,,,,,,,,,,,,,,,,,,,,,0.01,,,0.85,,,,,,,,,,,,,,,,,,,,,,,,,,,,,,,,,,,,,,,,,,,,,,,,,2007-11-01,,0.86,,pre-market,,,,,,,,,,,,,1.1765,,,,,,,,,,,,
2007-12-31,D,,,,,,,,,,,,,,,,,,,,,,,,,,,,,,,,,,,,,,-0.03,,,0.55,,,,,,,,,,,,,,,,,,,,,,,,,,,,,,,,,,,,,,,,,,,,,,,,,2008-01-30,,0.52,,pre-market,,,,,,,,,,,,,-5.4545,,,,,,,,,,,,
2008-03-31,D,,,,,,,,,,,,,,,,,,,,,,,,,,,,,,,,,,,,,,0.11,,,0.89,,,,,,,,,,,,,,,,,,,,,,,,,,,,,,,,,,,,,,,,,,,,,,,,,2008-05-01,,1.0,,pre-market,,,,,,,,,,,,,12.3596,,,,,,,,,,,,
2008-06-30,D,,,,,,,,,,,,,,,,,,,,,,,,,,,,,,,,,,,,,,-0.01,,,0.51,,,,,,,,,,,,,,,,,,,,,,,,,,,,,,,,,,,,,,,,,,,,,,,,,2008-07-31,,0.5,,pre-market,,,,,,,,,,,,,-1.9608,,,,,,,,,,,,
2008-09-30,D,,,,,,,,,,,,,,,,,,,,,,,,,,,,,,,,,,,,,,0.04,,,0.9,,,,,,,,,,,,,,,,,,,,,,,,,,,,,,,,,,,,,,,,,,,,,,,,,2008-10-30,,0.94,,pre-market,,,,,,,,,,,,,4.4444,,,,,,,,,,,,
2008-12-31,D,,,,,,,,,,,,,,,,,,,,,,,,,,,,,,,,,,,,,,0.04,,,0.68,,,,,,,,,,,,,,,,,,,,,,,,,,,,,,,,,,,,,,,,,,,,,,,,,2009-01-29,,0.72,,pre-market,,,,,,,,,,,,,5.8824,,,,,,,,,,,,
2009-03-31,D,,,,,,,,,,,,,,,,,,,,,,,,,,,,,,,,,,,,,,0.09,,,0.88,,,,,,,,,,,,,,,,,,,,,,,,,,,,,,,,,,,,,,,,,,,,,,,,,2009-04-30,,0.97,,pre-market,,,,,,,,,,,,,10.2273,,,,,,,,,,,,
2009-06-30,D,,,,,,,,,,,,,,,,,,,,,,,,,,,,,,,,,,,,,,0.04,,,0.64,,,,,,,,,,,,,,,,,,,,,,,,,,,,,,,,,,,,,,,,,,,,,,,,,2009-07-31,,0.68,,pre-market,,,,,,,,,,,,,6.25,,,,,,,,,,,,
2009-09-30,D,,,,,,,,,,,,,,,,,,,,,,,,,,,,,,,,,,,,,,0.09,,,0.9,,,,,,,,,,,,,,,,,,,,,,,,,,,,,,,,,,,,,,,,,,,,,,,,,2009-10-30,,0.99,,pre-market,,,,,,,,,,,,,10.0,,,,,,,,,,,,
2009-12-31,D,,,,,,,,,,,,,,,,,,,,,,,,,,,,,,,,,,,,,,0.03,,,0.6,,,,,,,,,,,,,,,,,,,,,,,,,,,,,,,,,,,,,,,,,,,,,,,,,2010-01-28,,0.63,,pre-market,,,,,,,,,,,,,5.0,,,,,,,,,,,,
2010-03-31,D,,,,,,,,,,,,,,,,,,,,,,,,,,,,,,,,,,,,,,0.02,,,0.94,,,,,,,,,,,,,,,,,,,,,,,,,,,,,,,,,,,,,,,,,,,,,,,,,2010-04-29,,0.96,,pre-market,,,,,,,,,,,,,2.1277,,,,,,,,,,,,
2010-06-30,D,,,,,,,,,,,,,,,,,,,,,,,,,,,,,,,,,,,,,,0.05,,,0.67,,,,,,,,,,,,,,,,,,,,,,,,,,,,,,,,,,,,,,,,,,,,,,,,,2010-07-28,,0.72,,pre-market,,,,,,,,,,,,,7.4627,,,,,,,,,,,,
2010-09-30,D,,,,,,,,,,,,,,,,,,,,,,,,,,,,,,,,,,,,,,-0.04,,,1.07,,,,,,,,,,,,,,,,,,,,,,,,,,,,,,,,,,,,,,,,,,,,,,,,,2010-10-29,,1.03,,pre-market,,,,,,,,,,,,,-3.7383,,,,,,,,,,,,
2010-12-31,D,,,,,,,,,,,,,,,,,,,,,,,,,,,,,,,,,,,,,,-0.03,,,0.66,,,,,,,,,,,,,,,,,,,,,,,,,,,,,,,,,,,,,,,,,,,,,,,,,2011-01-28,,0.63,,pre-market,,,,,,,,,,,,,-4.5455,,,,,,,,,,,,
2011-03-31,D,,,,,,,,,,,,,,,,,,,,,,,,,,,,,,,,,,,,,,0.02,,,0.91,,,,,,,,,,,,,,,,,,,,,,,,,,,,,,,,,,,,,,,,,,,,,,,,,2011-04-28,,0.93,,pre-market,,,,,,,,,,,,,2.1978,,,,,,,,,,,,
2011-06-30,D,,,,,,,,,,,,,,,,,,,,,,,,,,,,,,,,,,,,,,-0.01,,,0.6,,,,,,,,,,,,,,,,,,,,,,,,,,,,,,,,,,,,,,,,,,,,,,,,,2011-07-28,,0.59,,pre-market,,,,,,,,,,,,,-1.6667,,,,,,,,,,,,
2011-09-30,D,,,,,,,,,,,,,,,,,,,,,,,,,,,,,,,,,,,,,,0.02,,,0.93,,,,,,,,,,,,,,,,,,,,,,,,,,,,,,,,,,,,,,,,,,,,,,,,,2011-10-28,,0.95,,pre-market,,,,,,,,,,,,,2.1505,,,,,,,,,,,,
2011-12-31,D,,,,,,,,,,,,,,,,,,,,,,,,,,,,,,,,,,,,,,-0.06,,,0.64,,,,,,,,,,,,,,,,,,,,,,,,,,,,,,,,,,,,,,,,,,,,,,,,,2012-01-27,,0.58,,pre-market,,,,,,,,,,,,,-9.375,,,,,,,,,,,,
2012-03-31,D,,,,,,,,,,,,,,,,,,,,,,,,,,,,,,,,,,,,,,-0.02,,,0.87,,,,,,,,,,,,,,,,,,,,,,,,,,,,,,,,,,,,,,,,,,,,,,,,,2012-04-26,,0.85,,pre-market,,,,,,,,,,,,,-2.2989,,,,,,,,,,,,
2012-06-30,D,,,,,,,,,,,,,,,,,,,,,,,,,,,,,,,,,,,,,,-0.01,,,0.6,,,,,,,,,,,,,,,,,,,,,,,,,,,,,,,,,,,,,,,,,,,,,,,,,2012-08-01,,0.59,,pre-market,,,,,,,,,,,,,-1.6667,,,,,,,,,,,,
2012-09-30,D,,,,,,,,,,,,,,,,,,,,,,,,,,,,,,,,,,,,,,-0.05,,,0.97,,,,,,,,,,,,,,,,,,,,,,,,,,,,,,,,,,,,,,,,,,,,,,,,,2012-10-25,,0.92,,pre-market,,,,,,,,,,,,,-5.1546,,,,,,,,,,,,
2012-12-31,D,,,,,,,,,,,,,,,,,,,,,,,,,,,,,,,,,,,,,,0.0,,,0.69,,,,,,,,,,,,,,,,,,,,,,,,,,,,,,,,,,,,,,,,,,,,,,,,,2013-01-31,,0.69,,pre-market,,,,,,,,,,,,,0.0,,,,,,,,,,,,
2013-03-31,D,,,,,,,,,,,,,,,,,,,,,,,,,,,,,,,,,,,,,,-0.05,,,0.88,,,,,,,,,,,,,,,,,,,,,,,,,,,,,,,,,,,,,,,,,,,,,,,,,2013-04-25,,0.83,,pre-market,,,,,,,,,,,,,-5.6818,,,,,,,,,,,,
2013-06-30,D,,,,,,,,,,,,,,,,,,,,,,,,,,,,,,,,,,,,,,-0.03,,,0.65,,,,,,,,,,,,,,,,,,,,,,,,,,,,,,,,,,,,,,,,,,,,,,,,,2013-08-06,,0.62,,pre-market,,,,,,,,,,,,,-4.6154,,,,,,,,,,,,
2013-09-30,D,,,,,,,,,,,,,,,,,,,,,,,,,,,,,,,,,,,,,,0.1,,,0.9,,,,,,,,,,,,,,,,,,,,,,,,,,,,,,,,,,,,,,,,,,,,,,,,,2013-11-05,,1.0,,pre-market,,,,,,,,,,,,,11.1111,,,,,,,,,,,,
2013-12-31,D,,,,,,,,,,,,,,,,,,,,,,,,,,,,,,,,,,,,,,-0.09,,,0.89,,,,,,,,,,,,,,,,,,,,,,,,,,,,,,,,,,,,,,,,,,,,,,,,,2014-01-31,,0.8,,pre-market,,,,,,,,,,,,,-10.1124,,,,,,,,,,,,
2014-03-31,D,,,,,,,,,,,,,,,,,,,,,,,,,,,,,,,,,,,,,,0.07,,,0.97,,,,,,,,,,,,,,,,,,,,,,,,,,,,,,,,,,,,,,,,,,,,,,,,,2014-04-30,,1.04,,pre-market,,,,,,,,,,,,,7.2165,,,,,,,,,,,,
2014-06-30,D,,,,,,,,,,,,,,,,,,,,,,,,,,,,,,,,,,,,,,0.0,,,0.62,,,,,,,,,,,,,,,,,,,,,,,,,,,,,,,,,,,,,,,,,,,,,,,,,2014-07-30,,0.62,,pre-market,,,,,,,,,,,,,0.0,,,,,,,,,,,,
2014-09-30,D,,,,,,,,,,,,,,,,,,,,,,,,,,,,,,,,,,,,,,-0.02,,,0.95,,,,,,,,,,,,,,,,,,,,,,,,,,,,,,,,,,,,,,,,,,,,,,,,,2014-10-31,,0.93,,pre-market,,,,,,,,,,,,,-2.1053,,,,,,,,,,,,
2014-12-31,D,,,,,,,,,,,,,,,,,,,,,,,,,,,,,,,,,,,,,,0.01,,,0.83,,,,,,,,,,,,,,,,,,,,,,,,,,,,,,,,,,,,,,,,,,,,,,,,,2015-02-06,,0.84,,post-market,,,,,,,,,,,,,1.2048,,,,,,,,,,,,
2015-03-31,D,,,,,,,,,,,,,,,,,,,,,,,,,,,,,,,,,,,,,,0.03,,,0.96,,,,,,,,,,,,,,,,,,,,,,,,,,,,,,,,,,,,,,,,,,,,,,,,,2015-05-04,,0.99,,pre-market,,,,,,,,,,,,,3.125,,,,,,,,,,,,
2015-06-30,D,,,,,,,,,,,,,,,,,,,,,,,,,,,,,,,,,,,,,,0.01,,,0.72,,,,,,,,,,,,,,,,,,,,,,,,,,,,,,,,,,,,,,,,,,,,,,,,,2015-08-05,,0.73,,pre-market,,,,,,,,,,,,,1.3889,,,,,,,,,,,,
2015-09-30,D,,,,,,,,,,,,,,,,,,,,,,,,,,,,,,,,,,,,,,-0.02,,,1.05,,,,,,,,,,,,,,,,,,,,,,,,,,,,,,,,,,,,,,,,,,,,,,,,,2015-11-02,,1.03,,pre-market,,,,,,,,,,,,,-1.9048,,,,,,,,,,,,
2015-12-31,D,,,,,,,,,,,,,,,,,,,,,,,,,,,,,,,,,,,,,,-0.19,,,0.89,,,,,,,,,,,,,,,,,,,,,,,,,,,,,,,,,,,,,,,,,,,,,,,,,2016-02-01,,0.7,,pre-market,,,,,,,,,,,,,-21.3483,,,,,,,,,,,,
2016-03-31,D,,,,,,,,,,,,,,,,,,,,,,,,,,,,,,,,,,,,,,0.02,,,0.94,,,,,,,,,,,,,,,,,,,,,,,,,,,,,,,,,,,,,,,,,,,,,,,,,2016-05-04,,0.96,,pre-market,,,,,,,,,,,,,2.1277,,,,,,,,,,,,
2016-06-30,D,,,,,,,,,,,,,,,,,,,,,,,,,,,,,,,,,,,,,,0.0,,,0.71,,,,,,,,,,,,,,,,,,,,,,,,,,,,,,,,,,,,,,,,,,,,,,,,,2016-08-03,,0.71,,pre-market,,,,,,,,,,,,,0.0,,,,,,,,,,,,
2016-09-30,D,,,,,,,,,,,,,,,,,,,,,,,,,,,,,,,,,,,,,,0.07,,,1.07,,,,,,,,,,,,,,,,,,,,,,,,,,,,,,,,,,,,,,,,,,,,,,,,,2016-10-31,,1.14,,pre-market,,,,,,,,,,,,,6.5421,,,,,,,,,,,,
2016-12-31,D,,,,,,,,,,,,,,,,,,,,,,,,,,,,,,,,,,,,,,-0.01,,,1.0,,,,,,,,,,,,,,,,,,,,,,,,,,,,,,,,,,,,,,,,,,,,,,,,,2017-02-01,,0.99,,pre-market,,,,,,,,,,,,,-1.0,,,,,,,,,,,,
2017-03-31,D,,,,,,,,,,,,,,,,,,,,,,,,,,,,,,,,,,,,,,0.01,,,0.96,,,,,,,,,,,,,,,,,,,,,,,,,,,,,,,,,,,,,,,,,,,,,,,,,2017-05-04,,0.97,,pre-market,,,,,,,,,,,,,1.0417,,,,,,,,,,,,
2017-06-30,D,,,,,,,,,,,,,,,,,,,,,,,,,,,,,,,,,,,,,,0.0,,,0.67,,,,,,,,,,,,,,,,,,,,,,,,,,,,,,,,,,,,,,,,,,,,,,,,,2017-08-02,,0.67,,pre-market,,,,,,,,,,,,,0.0,,,,,,,,,,,,
2017-09-30,D,,,,,,,,,,,,,,,,,,,,,,,,,,,,,,,,,,,,,,0.02,,,1.02,,,,,,,,,,,,,,,,,,,,,,,,,,,,,,,,,,,,,,,,,,,,,,,,,2017-10-30,,1.04,,pre-market,,,,,,,,,,,,,1.9608,,,,,,,,,,,,
2017-12-31,D,,,,,,,,,,,,,,,,,,,,,,,,,,,,,,,,,,,,,,0.02,,,0.89,,,,,,,,,,,,,,,,,,,,,,,,,,,,,,,,,,,,,,,,,,,,,,,,,2018-01-29,,0.91,,pre-market,,,,,,,,,,,,,2.2472,,,,,,,,,,,,
2018-03-31,D,,,,,,,,,,,,,,,,,,,,,,,,,,,,,,,,,,,,,,0.1,,,1.04,,,,,,,,,,,,,,,,,,,,,,,,,,,,,,,,,,,,,,,,,,,,,,,,,2018-04-27,,1.14,,pre-market,,,,,,,,,,,,,9.6154,,,,,,,,,,,,
2018-06-30,D,,,,,,,,,,,,,,,,,,,,,,,,,,,,,,,,,,,,,,0.07,,,0.79,,,,,,,,,,,,,,,,,,,,,,,,,,,,,,,,,,,,,,,,,,,,,,,,,2018-08-01,,0.86,,pre-market,,,,,,,,,,,,,8.8608,,,,,,,,,,,,
2018-09-30,D,,,,,,,,,,,,,,,,,,,,,,,,,,,,,,,,,,,,,,0.02,,,1.13,,,,,,,,,,,,,,,,,,,,,,,,,,,,,,,,,,,,,,,,,,,,,,,,,2018-11-01,,1.15,,pre-market,,,,,,,,,,,,,1.7699,,,,,,,,,,,,
2018-12-31,D,,,,,,,,,,,,,,,,,,,,,,,,,,,,,,,,,,,,,,-0.01,,,0.9,,,,,,,,,,,,,,,,,,,,,,,,,,,,,,,,,,,,,,,,,,,,,,,,,2019-02-01,,0.89,,pre-market,,,,,,,,,,,,,-1.1111,,,,,,,,,,,,
2019-03-31,D,,,,,,,,,,,,,,,,,,,,,,,,,,,,,,,,,,,,,,-0.01,,,1.11,,,,,,,,,,,,,,,,,,,,,,,,,,,,,,,,,,,,,,,,,,,,,,,,,2019-05-03,,1.1,,pre-market,,,,,,,,,,,,,-0.9009,,,,,,,,,,,,
2019-06-30,D,,,,,,,,,,,,,,,,,,,,,,,,,,,,,,,,,,,,,,0.01,,,0.76,,,,,,,,,,,,,,,,,,,,,,,,,,,,,,,,,,,,,,,,,,,,,,,,,2019-07-31,,0.77,,pre-market,,,,,,,,,,,,,1.3158,,,,,,,,,,,,
2019-09-30,D,,,,,,,,,,,,,,,,,,,,,,,,,,,,,,,,,,,,,,0.04,,,1.14,,,,,,,,,,,,,,,,,,,,,,,,,,,,,,,,,,,,,,,,,,,,,,,,,2019-11-01,,1.18,,pre-market,,,,,,,,,,,,,3.5088,,,,,,,,,,,,
2019-12-31,D,,,,,,,,,,,,,,,,,,,,,,,,,,,,,,,,,,,,,,0.02,,,1.16,,,,,,,,,,,,,,,,,,,,,,,,,,,,,,,,,,,,,,,,,,,,,,,,,2020-02-11,,1.18,,pre-market,,,,,,,,,,,,,1.7241,,,,,,,,,,,,
2020-03-31,D,,,,,,,,,,,,,,,,,,,,,,,,,,,,,,,,,,,,,,0.0,,,1.09,,,,,,,,,,,,,,,,,,,,,,,,,,,,,,,,,,,,,,,,,,,,,,,,,2020-05-05,,1.09,,pre-market,,,,,,,,,,,,,0.0,,,,,,,,,,,,
2020-06-30,D,,,,,,,,,,,,,,,,,,,,,,,,,,,,,,,,,,,,,,0.06,,,0.76,,,,,,,,,,,,,,,,,,,,,,,,,,,,,,,,,,,,,,,,,,,,,,,,,2020-07-31,,0.82,,pre-market,,,,,,,,,,,,,7.8947,,,,,,,,,,,,
2020-09-30,D,,,,,,,,,,,,,,,,,,,,,,,,,,,,,,,,,,,,,,0.09,,,0.99,,,,,,,,,,,,,,,,,,,,,,,,,,,,,,,,,,,,,,,,,,,,,,,,,2020-11-05,,1.08,,pre-market,,,,,,,,,,,,,9.0909,,,,,,,,,,,,
2020-12-31,D,,,,,,,,,,,,,,,,,,,,,,,,,,,,,,,,,,,,,,0.01,,,0.8,,,,,,,,,,,,,,,,,,,,,,,,,,,,,,,,,,,,,,,,,,,,,,,,,2021-02-12,,0.81,,pre-market,,,,,,,,,,,,,1.25,,,,,,,,,,,,
2021-03-31,D,,,,,,,,,,,,,,,,,,,,,,,,,,,,,,,,,,,,,,0.01,,,1.08,,,,,,,,,,,,,,,,,,,,,,,,,,,,,,,,,,,,,,,,,,,,,,,,,2021-05-04,,1.09,,pre-market,,,,,,,,,,,,,0.9259,,,,,,,,,,,,
2021-06-30,D,,,,,,,,,,,,,,,,,,,,,,,,,,,,,,,,,,,,,,-0.01,,,0.77,,,,,,,,,,,,,,,,,,,,,,,,,,,,,,,,,,,,,,,,,,,,,,,,,2021-08-06,,0.76,,pre-market,,,,,,,,,,,,,-1.2987,,,,,,,,,,,,
2021-09-30,D,,,,,,,,,,,,,,,,,,,,,,,,,,,,,,,,,,,,,,0.05,,,1.06,,,,,,,,,,,,,,,,,,,,,,,,,,,,,,,,,,,,,,,,,,,,,,,,,2021-11-05,,1.11,,pre-market,,,,,,,,,,,,,4.717,,,,,,,,,,,,
2021-12-31,D,,,,,,,,,,,,,,,,,,,,,,,,,,,,,,,,,,,,,,-0.01,,,0.91,,,,,,,,,,,,,,,,,,,,,,,,,,,,,,,,,,,,,,,,,,,,,,,,,2022-02-11,,0.9,,pre-market,,,,,,,,,,,,,-1.0989,,,,,,,,,,,,
2022-03-31,D,,,,,,,,,,,,,,,,,,,,,,,,,,,,,,,,,,,,,,0.01,,,1.17,,,,,,,,,,,,,,,,,,,,,,,,,,,,,,,,,,,,,,,,,,,,,,,,,2022-05-05,,1.18,,pre-market,,,,,,,,,,,,,0.8547,,,,,,,,,,,,
2022-06-30,D,,,,,,,,,,,,,,,,,,,,,,,,,,,,,,,,,,,,,,0.01,,,0.76,,,,,,,,,,,,,,,,,,,,,,,,,,,,,,,,,,,,,,,,,,,,,,,,,2022-08-08,,0.77,,pre-market,,,,,,,,,,,,,1.3158,,,,,,,,,,,,
2022-09-30,D,,,,,,,,,,,,,,,,,,,,,,,,,,,,,,,,,,,,,,0.03,,,1.08,,,,,,,,,,,,,,,,,,,,,,,,,,,,,,,,,,,,,,,,,,,,,,,,,2022-11-04,,1.11,,pre-market,,,,,,,,,,,,,2.7778,,,,,,,,,,,,
2022-12-31,D,,,,,,,,,,,,,,,,,,,,,,,,,,,,,,,,,,,,,,0.02,,,1.04,,,,,,,,,,,,,,,,,,,,,,,,,,,,,,,,,,,,,,,,,,,,,,,,,2023-02-08,,1.06,,pre-market,,,,,,,,,,,,,1.9231,,,,,,,,,,,,
2023-03-31,D,,,,,,,,,,,,,,,,,,,,,,,,,,,,,,,,,,,,,,0.02,,,0.97,,,,,,,,,,,,,,,,,,,,,,,,,,,,,,,,,,,,,,,,,,,,,,,,,2023-05-05,,0.99,,pre-market,,,,,,,,,,,,,2.0619,,,,,,,,,,,,
2023-06-30,D,,,,,,,,,,,,,,,,,,,,,,,,,,,,,,,,,,,,,,0.06,,,0.47,,,,,,,,,,,,,,,,,,,,,,,,,,,,,,,,,,,,,,,,,,,,,,,,,2023-08-04,,0.53,,pre-market,,,,,,,,,,,,,12.766,,,,,,,,,,,,
2023-09-30,D,,,,,,,,,,,,,,,,,,,,,,,,,,,,,,,,,,,,,,0.01,,,0.76,,,,,,,,,,,,,,,,,,,,,,,,,,,,,,,,,,,,,,,,,,,,,,,,,2023-11-03,,0.77,,pre-market,,,,,,,,,,,,,1.3158,,,,,,,,,,,,
2023-12-31,D,,,,,,,,,,,,,,,,,,,,,,,,,,,,,,,,,,,,,,-0.09,,,0.38,,,,,,,,,,,,,,,,,,,,,,,,,,,,,,,,,,,,,,,,,,,,,,,,,2024-02-22,,0.29,,pre-market,,,,,,,,,,,,,-23.6842,,,,,,,,,,,,
2024-03-31,D,,,,,,,,,,,,,,,,,,,,,,,,,,,,,,,,,,,,,,0.0,,,0.55,,,,,,,,,,,,,,,,,,,,,,,,,,,,,,,,,,,,,,,,,,,,,,,,,2024-05-02,,0.55,,pre-market,,,,,,,,,,,,,0.0,,,,,,,,,,,,
2024-06-30,D,,,,,,,,,,,,,,,,,,,,,,,,,,,,,,,,,,,,,,0.09,,,0.56,,,,,,,,,,,,,,,,,,,,,,,,,,,,,,,,,,,,,,,,,,,,,,,,,2024-08-01,,0.65,,pre-market,,,,,,,,,,,,,16.0714,,,,,,,,,,,,
2024-09-30,D,,,,,,,,,,,,,,,,,,,,,,,,,,,,,,,,,,,,,,0.05,,,0.93,,,,,,,,,,,,,,,,,,,,,,,,,,,,,,,,,,,,,,,,,,,,,,,,,2024-11-01,,0.98,,pre-market,,,,,,,,,,,,,5.3763,,,,,,,,,,,,
2024-12-31,D,,,,,,,,,,,,,,,,,,,,,,,,,,,,,,,,,,,,,,0.0255,,,0.5545,,,,,,,,,,,,,,,,,,,,,,,,,,,,,,,,,,,,,,,,,,,,,,,,,2025-02-20,,0.58,,pre-market,,,,,,,,,,,,,4.5987,,,,,,,,,,,,
2025-03-31,D,,,,,,,,,,,,,,,,,,,,,,,,,,,,,,,,,,,,,,0.17,,,0.76,,,,,,,,,,,,,,,,,,,,,,,,,,,,,,,,,,,,,,,,,,,,,,,,,2025-05-01,,0.93,,pre-market,,,,,,,,,,,,,22.3684,,,,,,,,,,,,
2025-06-30,D,,,,,,,,,,,,,,,,,,,,,,,,,,,,,,,,,,,,,,0.07,,,0.68,,,,,,,,,,,,,,,,,,,,,,,,,,,,,,,,,,,,,,,,,,,,,,,,,2025-08-01,,0.75,,pre-market,,,,,,,,,,,,,10.2941,,,,,,,,,,,,
2025-09-30,D,,,,,,,,,,,,,,,,,,,,,,,,,,,,,,,,,,,,,,-0.11,,,1.17,,,,,,,,,,,,,,,,,,,,,,,,,,,,,,,,,,,,,,,,,,,,,,,,,2025-10-31,,1.06,,pre-market,,,,,,,,,,,,,-9.4017,,,,,,,,,,,,
2025-12-28,D,3.06,15813000000.0,19.35,,0.68,31.27,,,,,,,,,,,,,,,,,,,,,,,,,,2.67,0.0452,,,,0.062,-0.11,,,1.17,,16.37,,7753000000.0,,,,,,,,,,,,,,,,,,,0.345,,,,,,,,,,,,,2.049,1.893,3.197,,,,,,,,0.168,,,2025-10-31,,1.06,,pre-market,,,0.0298,0.092,0.149,18.6,,,,,57.92,60.18,-9.4017,,,,,,,,,19.35,,62.17,46.43
2025-12-28,D,3.06,15813000000.0,19.35,,0.68,31.27,,,,,,,,,,,,,,,None,2013000000,2013000000,,,,,,None,609000000,,2.67,0.0452,,,,0.062,-0.11,1771000000,2380000000,1.17,2025-09-30,16.37,,7753000000.0,2514000000,1244000000,216000000,,,None,527000000,70000000,,None,,,,,1006000000,1028000000,-527000000,None,0.345,,1175000000,1339000000,,,,,None,,,,,2.049,1.893,3.197,,,,,,,,0.168,,,2025-10-31,quarterly,1.06,USD,pre-market,None,,0.0298,0.092,0.149,18.6,None,,,,57.92,60.18,-9.4017,,,,,,,4527000000,,19.35,,62.17,46.43
2025-12-28,D,3.06,15813000000.0,19.35,,0.68,31.27,,,,,,,,,,,,,,,None,1890000000,1890000000,,,,,,None,656000000,,2.67,0.0452,,,,0.062,-0.11,1538000000,2194000000,1.17,2025-06-30,16.37,,7753000000.0,1920000000,1033000000,220000000,,,None,505000000,40000000,,None,,,,,760000000,813000000,-505000000,None,0.345,,824000000,1096000000,,,,,None,,,,,2.049,1.893,3.197,,,,,,,,0.168,,,2025-10-31,quarterly,1.06,USD,pre-market,None,,0.0298,0.092,0.149,18.6,None,,,,57.92,60.18,-9.4017,,,,,,,3810000000,,19.35,,62.17,46.43
2025-12-28,D,3.06,15813000000.0,19.35,,0.68,31.27,,,,,,,,,,,,,,,None,2016000000,2016000000,,,,,,None,660000000,,2.67,0.0452,,,,0.062,-0.11,1269000000,1929000000,1.17,2025-03-31,16.37,,7753000000.0,2060000000,748000000,55000000,,,None,490000000,713000000,,None,,,,,646000000,693000000,-480000000,None,0.345,,837000000,1223000000,,,,,None,,,,,2.049,1.893,3.197,,,,,,,,0.168,,,2025-10-31,quarterly,1.06,USD,pre-market,None,,0.0298,0.092,0.149,18.6,None,,,,57.92,60.18,-9.4017,,,,,,,4076000000,,19.35,,62.17,46.43
2025-12-28,D,3.06,15813000000.0,19.35,,0.68,31.27,,,,,,,,,,,,,,,None,1898000000,1898000000,,,,,,None,625000000,,2.67,0.0452,,,,0.062,-0.11,996000000,1621000000,1.17,2024-12-31,16.37,,7753000000.0,1502000000,-248000000,-104000000,,,None,431000000,355000000,,None,,,,,-76000000,-144000000,-441000000,None,0.345,,1111000000,391000000,,,,,None,,,,,2.049,1.893,3.197,,,,,,,,0.168,,,2025-10-31,quarterly,1.06,USD,pre-market,None,,0.0298,0.092,0.149,18.6,None,,,,57.92,60.18,-9.4017,,,,,,,3400000000,,19.35,,62.17,46.43
2025-12-28,D,3.06,15813000000.0,19.35,,0.68,31.27,,,,,,,,,,,,,,,None,1868000000,1868000000,,,,,,None,625000000,,2.67,0.0452,,,,0.062,-0.11,1340000000,1965000000,1.17,2024-09-30,16.37,,7753000000.0,2073000000,1150000000,183000000,,,None,392000000,116000000,,None,,,,,954000000,967000000,-403000000,None,0.345,,855000000,1218000000,,,,,None,,,,,2.049,1.893,3.197,,,,,,,,0.168,,,2025-10-31,quarterly,1.06,USD,pre-market,None,,0.0298,0.092,0.149,18.6,None,,,,57.92,60.18,-9.4017,,,,,,,3941000000,,19.35,,62.17,46.43
2025-12-28,D,3.06,15813000000.0,19.35,,0.68,31.27,,,,,,,,,,,,,,,None,1824000000,1824000000,,,,,,None,695000000,,2.67,0.0452,,,,0.062,-0.11,1055000000,1750000000,1.17,2024-06-30,16.37,,7753000000.0,1662000000,586000000,95000000,,,None,469000000,None,,None,,,,,572000000,491000000,-469000000,None,0.345,,857000000,805000000,,,,,None,,,,,2.049,1.893,3.197,,,,,,,,0.168,,,2025-10-31,quarterly,1.06,USD,pre-market,None,,0.0298,0.092,0.149,18.6,None,,,,57.92,60.18,-9.4017,,,,,,,3486000000,,19.35,,62.17,46.43
2025-12-28,D,3.06,15813000000.0,19.35,,0.68,31.27,,,,,,,,,,,,,,,None,1946000000,1946000000,,,,,,None,694000000,,2.67,0.0452,,,,0.062,-0.11,863000000,1557000000,1.17,2024-03-31,16.37,,7753000000.0,1686000000,378000000,55000000,,,None,574000000,None,,None,,,,,441000000,560000000,-574000000,None,0.345,,853000000,833000000,,,,,None,,,,,2.049,1.893,3.197,,,,,,,,0.168,,,2025-10-31,quarterly,1.06,USD,pre-market,None,,0.0298,0.092,0.149,18.6,None,,,,57.92,60.18,-9.4017,,,,,,,3632000000,,19.35,,62.17,46.43
2025-12-28,D,3.06,15813000000.0,19.35,,0.68,31.27,,,,,,,,,,,,,,,None,1806000000,1806000000,,,,,,None,768000000,,2.67,0.0452,,,,0.062,-0.11,865000000,1633000000,1.17,2023-12-31,16.37,,7753000000.0,1728000000,436000000,143000000,,,None,597000000,None,,None,,,,,235000000,293000000,-608000000,None,0.345,,1030000000,698000000,,,,,None,,,,,2.049,1.893,3.197,,,,,,,,0.168,,,2025-10-31,quarterly,1.06,USD,pre-market,None,,0.0298,0.092,0.149,18.6,None,,,,57.92,60.18,-9.4017,,,,,,,3534000000,,19.35,,62.17,46.43
2025-12-28,D,3.06,15813000000.0,19.35,,0.68,31.27,,,,,,,,,,,,,,,None,1956000000,1956000000,,,,,,None,797000000,,2.67,0.0452,,,,0.062,-0.11,1029000000,1826000000,1.17,2023-09-30,16.37,,7753000000.0,1854000000,899000000,182000000,,,None,181000000,192000000,,None,,,,,163000000,717000000,-192000000,None,0.345,,819000000,1035000000,,,,,None,,,,,2.049,1.893,3.197,,,,,,,,0.168,,,2025-10-31,quarterly,1.06,USD,pre-market,None,,0.0298,0.092,0.149,18.6,None,,,,57.92,60.18,-9.4017,,,,,,,3810000000,,19.35,,62.17,46.43
2025-12-28,D,3.06,15813000000.0,19.35,,0.68,31.27,,,,,,,,,,,,,,,None,1785000000,1785000000,,,,,,None,760000000,,2.67,0.0452,,,,0.062,-0.11,908000000,1668000000,1.17,2023-06-30,16.37,,7753000000.0,1381000000,513000000,98000000,,,None,395000000,430000000,,None,,,,,583000000,586000000,-430000000,None,0.345,,787000000,594000000,,,,,415000000,,,,,2.049,1.893,3.197,,,,,,,,0.168,,,2025-10-31,quarterly,1.06,USD,pre-market,None,,0.0298,0.092,0.149,18.6,222000000,,,,57.92,60.18,-9.4017,,,,,,,3166000000,,19.35,,62.17,46.43
2025-12-28,D,3.06,15813000000.0,19.35,,0.68,31.27,,,,,,,,,,,,,,,None,1895000000,1895000000,,,,,,None,803000000,,2.67,0.0452,,,,0.062,-0.11,1175000000,1978000000,1.17,2023-03-31,16.37,,7753000000.0,1988000000,876000000,176000000,,,None,479000000,278000000,,None,,,,,981000000,1002000000,-586000000,None,0.345,,909000000,1079000000,,,,,364000000,,,,,2.049,1.893,3.197,,,,,,,,0.168,,,2025-10-31,quarterly,1.06,USD,pre-market,None,,0.0298,0.092,0.149,18.6,275000000,,,,57.92,60.18,-9.4017,,,,,,,3883000000,,19.35,,62.17,46.43
2025-12-28,D,3.06,15813000000.0,19.35,,0.68,31.27,,,,,,,,,,,,,,,None,2651000000,2651000000,,,,,,None,779000000,,2.67,0.0452,,,,0.062,-0.11,1348000000,2127000000,1.17,2022-12-31,16.37,,7753000000.0,2262000000,-211000000,-175000000,,,None,987000000,92000000,,None,,,,,-42000000,-36000000,-416000000,None,0.345,,2396000000,-134000000,,,,,339000000,,,,,2.049,1.893,3.197,,,,,,,,0.168,,,2025-10-31,quarterly,1.06,USD,pre-market,None,,0.0298,0.092,0.149,18.6,204000000,,,,57.92,60.18,-9.4017,,,,,,,4913000000,,19.35,,62.17,46.43
2025-12-28,D,3.06,15813000000.0,19.35,,0.68,31.27,,,,,,,,,,,,,,,None,2173000000,2173000000,,,,,,None,1397000000,,2.67,0.0452,,,,0.062,-0.11,988000000,2385000000,1.17,2022-09-30,16.37,,7753000000.0,1790000000,696000000,70000000,,,None,363000000,444000000,,None,,,,,778000000,781000000,-329000000,None,0.345,,795000000,995000000,,,,,162000000,,,,,2.049,1.893,3.197,,,,,,,,0.168,,,2025-10-31,quarterly,1.06,USD,pre-market,None,,0.0298,0.092,0.149,18.6,231000000,,,,57.92,60.18,-9.4017,,,,,,,3963000000,,19.35,,62.17,46.43
2025-12-28,D,3.06,15813000000.0,19.35,,0.68,31.27,,,,,,,,,,,,,,,None,1933000000,1933000000,,,,,,None,695000000,,2.67,0.0452,,,,0.062,-0.11,733000000,1428000000,1.17,2022-06-30,16.37,,7753000000.0,1663000000,-569000000,-117000000,,,None,47000000,670000000,,None,,,,,-453000000,-452000000,-47000000,None,0.345,,1981000000,-318000000,,,,,-204000000,,,,,2.049,1.893,3.197,,,,,,,,0.168,,,2025-10-31,quarterly,1.06,USD,pre-market,None,,0.0298,0.092,0.149,18.6,235000000,,,,57.92,60.18,-9.4017,,,,,,,3596000000,,19.35,,62.17,46.43
2025-12-28,D,3.06,15813000000.0,19.35,,0.68,31.27,,,,,,,,,,,,,,,None,2390000000,2390000000,,,,,,None,773000000,,2.67,0.0452,,,,0.062,-0.11,938000000,1711000000,1.17,2022-03-31,16.37,,7753000000.0,1889000000,928000000,236000000,,,None,174000000,301000000,,None,,,,,711000000,692000000,-174000000,None,0.345,,913000000,976000000,,,,,126000000,,,,,2.049,1.893,3.197,,,,,,,,0.168,,,2025-10-31,quarterly,1.06,USD,pre-market,None,,0.0298,0.092,0.149,18.6,253000000,,,,57.92,60.18,-9.4017,,,,,,,4279000000,,19.35,,62.17,46.43
2025-12-28,D,3.06,15813000000.0,19.35,,0.68,31.27,,,,,,,,,,,,,,,None,1982000000,1982000000,,,,,,None,710000000,,2.67,0.0452,,,,0.062,-0.11,1046000000,1756000000,1.17,2021-12-31,16.37,,7753000000.0,1898000000,1048000000,225000000,,,None,376000000,119000000,,None,,,,,1341000000,823000000,-376000000,None,0.345,,961000000,937000000,,,,,487000000,,,,,2.049,1.893,3.197,,,,,,,,0.168,,,2025-10-31,quarterly,1.06,USD,pre-market,None,,0.0298,0.092,0.149,18.6,207000000,,,,57.92,60.18,-9.4017,,,,,,,3880000000,,19.35,,62.17,46.43
2025-12-28,D,3.06,15813000000.0,19.35,,0.68,31.27,,,,,,,,,,,,,,,None,1716000000,1716000000,,,,,,None,700000000,,2.67,0.0452,,,,0.062,-0.11,616000000,1316000000,1.17,2021-09-30,16.37,,7753000000.0,1460000000,636000000,35000000,,,None,407000000,364000000,,None,,,,,654000000,601000000,-407000000,None,0.345,,619000000,841000000,,,,,202000000,,,,,2.049,1.893,3.197,,,,,,,,0.168,,,2025-10-31,quarterly,1.06,USD,pre-market,20000000,,0.0298,0.092,0.149,18.6,223000000,,,,57.92,60.18,-9.4017,,,,,,,3176000000,,19.35,,62.17,46.43
2025-12-28,D,3.06,15813000000.0,19.35,,0.68,31.27,,,,,,,,,,,,,,,None,1528000000,1528000000,,,,,,None,673000000,,2.67,0.0452,,,,0.062,-0.11,684000000,1357000000,1.17,2021-06-30,16.37,,7753000000.0,1510000000,222000000,-47000000,,,None,518000000,453000000,,None,,,,,285000000,269000000,-518000000,None,0.345,,1147000000,363000000,,,,,377000000,,,,,2.049,1.893,3.197,,,,,,,,0.168,,,2025-10-31,quarterly,1.06,USD,pre-market,20000000,,0.0298,0.092,0.149,18.6,222000000,,,,57.92,60.18,-9.4017,,,,,,,3038000000,,19.35,,62.17,46.43
2025-12-28,D,3.06,15813000000.0,19.35,,0.68,31.27,,,,,,,,,,,,,,,None,2032000000,2032000000,,,,,,None,685000000,,2.67,0.0452,,,,0.062,-0.11,973000000,1658000000,1.17,2021-03-31,16.37,,7753000000.0,1838000000,1192000000,212000000,,,None,53000000,53000000,,None,,,,,1008000000,980000000,-53000000,None,0.345,,960000000,878000000,,,,,367000000,,,,,2.049,1.893,3.197,,,,,,,,0.168,,,2025-10-31,quarterly,1.06,USD,pre-market,None,,0.0298,0.092,0.149,18.6,257000000,,,,57.92,60.18,-9.4017,,,,,,,3870000000,,19.35,,62.17,46.43
2025-12-28,D,3.06,15813000000.0,19.35,,0.68,31.27,,,,,,,,,,,,,,,None,1795000000,1795000000,,,,,,None,658000000,,2.67,0.0452,,,,0.062,-0.11,937000000,1595000000,1.17,2020-12-31,16.37,,7753000000.0,1726000000,1021000000,206000000,,,None,241000000,241000000,,None,,,,,682000000,2587000000,-241000000,None,0.345,,870000000,856000000,,,,,2630000000,,,,,2.049,1.893,3.197,,,,,,,,0.168,,,2025-10-31,quarterly,1.06,USD,pre-market,None,,0.0298,0.092,0.149,18.6,128000000,,,,57.92,60.18,-9.4017,,,,,,,3521000000,,19.35,,62.17,46.43
2025-12-28,D,3.06,15813000000.0,19.35,,0.68,31.27,,,,,,,,,,,,,,,None,1631000000,1631000000,,,,,,None,681000000,,2.67,0.0452,,,,0.062,-0.11,1178000000,1859000000,1.17,2020-09-30,16.37,,7753000000.0,1976000000,2000000,-110000000,,,None,306000000,378000000,,None,,,,,356000000,112000000,-306000000,None,0.345,,1949000000,27000000,,,,,281000000,,,,,2.049,1.893,3.197,,,,,,,,0.168,,,2025-10-31,quarterly,1.06,USD,pre-market,None,,0.0298,0.092,0.149,18.6,203000000,,,,57.92,60.18,-9.4017,,,,,,,3607000000,,19.35,,62.17,46.43
2025-12-28,D,3.06,15813000000.0,19.35,,0.68,31.27,,,,,,,,,,,,,,,None,1460000000,1460000000,,,,,,None,738000000,,2.67,0.0452,,,,0.062,-0.11,848000000,1586000000,1.17,2020-06-30,16.37,,7753000000.0,1646000000,906000000,37000000,,,None,398000000,2730000000,,None,,,,,-1169000000,-1132000000,-449000000,None,0.345,,842000000,804000000,,,,,-1779000000,,,,,2.049,1.893,3.197,,,,,,,,0.168,,,2025-10-31,quarterly,1.06,USD,pre-market,None,,0.0298,0.092,0.149,18.6,256000000,,,,57.92,60.18,-9.4017,,,,,,,3106000000,,19.35,,62.17,46.43
2025-12-28,D,3.06,15813000000.0,19.35,,0.68,31.27,,,,,,,,,,,,,,,None,1984000000,1984000000,,,,,,None,759000000,,2.67,0.0452,,,,0.062,-0.11,1136000000,1895000000,1.17,2020-03-31,16.37,,7753000000.0,1954000000,-518000000,-50000000,,,None,432000000,490000000,,None,,,,,-270000000,-239000000,-490000000,None,0.345,,1586000000,368000000,,,,,-399000000,,,,,2.049,1.893,3.197,,,,,,,,0.168,,,2025-10-31,quarterly,1.06,USD,pre-market,None,,0.0298,0.092,0.149,18.6,284000000,,,,57.92,60.18,-9.4017,,,,,,,3938000000,,19.35,,62.17,46.43
2025-12-28,D,3.06,15813000000.0,19.35,,0.68,31.27,,,,,,,,,,,,,,,None,2228000000,2228000000,,,,,,None,742000000,,2.67,0.0452,,,,0.062,-0.11,1362000000,2104000000,1.17,2019-12-31,16.37,,7753000000.0,2247000000,1153000000,143000000,,,None,401000000,419000000,,None,,,,,1009000000,1010000000,-401000000,None,0.345,,1026000000,1221000000,,,,,333000000,,,,,2.049,1.893,3.197,,,,,,,,0.168,,,2025-10-31,quarterly,1.06,USD,pre-market,None,,0.0298,0.092,0.149,18.6,221000000,,,,57.92,60.18,-9.4017,,,,,,,4475000000,,19.35,,62.17,46.43
2025-12-28,D,3.06,15813000000.0,19.35,,0.68,31.27,,,,,,,,,,,,,,,None,1805000000,1805000000,,,,,,None,763000000,,2.67,0.0452,,,,0.062,-0.11,1189000000,1952000000,1.17,2019-09-30,16.37,,7753000000.0,1977000000,863000000,-84000000,,,None,370000000,451000000,,None,,,,,975000000,985000000,-451000000,None,0.345,,873000000,1104000000,,,,,173000000,,,,,2.049,1.893,3.197,,,,,,,,0.168,,,2025-10-31,quarterly,1.06,USD,pre-market,None,,0.0298,0.092,0.149,18.6,243000000,,,,57.92,60.18,-9.4017,,,,,,,3782000000,,19.35,,62.17,46.43
2025-12-28,D,3.06,15813000000.0,19.35,,0.68,31.27,,,,,,,,,,,,,,,None,2252000000,2252000000,,,,,,None,738000000,,2.67,0.0452,,,,0.062,-0.11,773000000,1511000000,1.17,2019-06-30,16.37,,7753000000.0,1718000000,101000000,43000000,,,None,452000000,452000000,,None,,,,,54000000,58000000,-452000000,None,0.345,,1257000000,461000000,,,,,92000000,,,,,2.049,1.893,3.197,,,,,,,,0.168,,,2025-10-31,quarterly,1.06,USD,pre-market,None,,0.0298,0.092,0.149,18.6,284000000,,,,57.92,60.18,-9.4017,,,,,,,3970000000,,19.35,,62.17,46.43
2025-12-28,D,3.06,15813000000.0,19.35,,0.68,31.27,,,,,,,,,,,,,,,None,2562000000,2562000000,,,,,,None,734000000,,2.67,0.0452,,,,0.062,-0.11,353000000,1087000000,1.17,2019-03-31,16.37,,7753000000.0,1296000000,-563000000,114000000,,,None,469000000,460000000,,None,,,,,-680000000,-677000000,-469000000,None,0.345,,1778000000,-482000000,,,,,388000000,,,,,2.049,1.893,3.197,,,,,,,,0.168,,,2025-10-31,quarterly,1.06,USD,pre-market,None,,0.0298,0.092,0.149,18.6,292000000,,,,57.92,60.18,-9.4017,,,,,,,3858000000,,19.35,,62.17,46.43
2025-12-28,D,3.06,15813000000.0,19.35,,0.68,31.27,,,,,,,,,,,,,,,None,1830000000,1830000000,,,,,,None,574000000,,2.67,0.0452,,,,0.062,-0.11,857000000,1431000000,1.17,2018-12-31,16.37,,7753000000.0,1531000000,757000000,95000000,,,None,440000000,None,,None,,,,,641000000,662000000,None,None,0.345,,697000000,834000000,,,,,560000000,,,,,2.049,1.893,3.197,,,,,,,,0.168,,,2025-10-31,quarterly,1.06,USD,pre-market,0,,0.0298,0.092,0.149,18.6,161000000,,,,57.92,60.18,-9.4017,,,,,,,3361000000,,19.35,,62.17,46.43
2025-12-28,D,3.06,15813000000.0,19.35,,0.68,31.27,,,,,,,,,,,,,,,None,1586000000,1586000000,,,,,,None,600000000,,2.67,0.0452,,,,0.062,-0.11,1162000000,1762000000,1.17,2018-09-30,16.37,,7753000000.0,1865000000,1145000000,262000000,,,None,378000000,None,,None,,,,,854000000,883000000,None,None,0.345,,715000000,1150000000,,,,,373000000,,,,,2.049,1.893,3.197,,,,,,,,0.168,,,2025-10-31,quarterly,1.06,USD,pre-market,0,,0.0298,0.092,0.149,18.6,177000000,,,,57.92,60.18,-9.4017,,,,,,,3451000000,,19.35,,62.17,46.43
2025-12-28,D,3.06,15813000000.0,19.35,,0.68,31.27,,,,,,,,,,,,,,,None,1583000000,1583000000,,,,,,None,534000000,,2.67,0.0452,,,,0.062,-0.11,876000000,1410000000,1.17,2018-06-30,16.37,,7753000000.0,1505000000,566000000,88000000,,,None,361000000,None,,None,,,,,449000000,478000000,None,None,0.345,,763000000,742000000,,,,,185000000,,,,,2.049,1.893,3.197,,,,,,,,0.168,,,2025-10-31,quarterly,1.06,USD,pre-market,0,,0.0298,0.092,0.149,18.6,166000000,,,,57.92,60.18,-9.4017,,,,,,,3088000000,,19.35,,62.17,46.43
2025-12-28,D,3.06,15813000000.0,19.35,,0.68,31.27,,,,,,,,,,,,,,,None,1893000000,1893000000,,,,,,None,572000000,,2.67,0.0452,,,,0.062,-0.11,876000000,1448000000,1.17,2018-03-31,16.37,,7753000000.0,1573000000,661000000,135000000,,,None,314000000,None,,None,,,,,503000000,526000000,None,None,0.345,,698000000,875000000,,,,,100000000,,,,,2.049,1.893,3.197,,,,,,,,0.168,,,2025-10-31,quarterly,1.06,USD,pre-market,0,,0.0298,0.092,0.149,18.6,199000000,,,,57.92,60.18,-9.4017,,,,,,,3466000000,,19.35,,62.17,46.43
2025-12-28,D,3.06,15813000000.0,19.35,,0.68,31.27,,,,,,,,,,,,,,,None,1573000000,1573000000,,,,,,None,553000000,,2.67,0.0452,,,,0.062,-0.11,1004000000,1557000000,1.17,2017-12-31,16.37,,7753000000.0,1637000000,620000000,-713000000,,,None,300000000,None,,None,,,,,1312000000,1333000000,None,None,0.345,,633000000,1004000000,,,,,-102000000,,,,,2.049,1.893,3.197,,,,,,,,0.168,,,2025-10-31,quarterly,1.06,USD,pre-market,0,,0.0298,0.092,0.149,18.6,149000000,,,,57.92,60.18,-9.4017,,,,,,,3210000000,,19.35,,62.17,46.43
2025-12-28,D,3.06,15813000000.0,19.35,,0.68,31.27,,,,,,,,,,,,,,,None,1380000000,1380000000,,,,,,None,561000000,,2.67,0.0452,,,,0.062,-0.11,1152000000,1713000000,1.17,2017-09-30,16.37,,7753000000.0,1799000000,968000000,272000000,,,None,305000000,None,,None,,,,,665000000,696000000,None,None,0.345,,647000000,1152000000,,,,,73000000,,,,,2.049,1.893,3.197,,,,,,,,0.168,,,2025-10-31,quarterly,1.06,USD,pre-market,0,,0.0298,0.092,0.149,18.6,162000000,,,,57.92,60.18,-9.4017,,,,,,,3179000000,,19.35,,62.17,46.43
2025-12-28,D,3.06,15813000000.0,19.35,,0.68,31.27,,,,,,,,,,,,,,,None,1425000000,1425000000,,,,,,None,540000000,,2.67,0.0452,,,,0.062,-0.11,753000000,1293000000,1.17,2017-06-30,16.37,,7753000000.0,1388000000,553000000,136000000,,,None,308000000,None,,None,,,,,390000000,417000000,None,None,0.345,,635000000,753000000,,,,,60000000,,,,,2.049,1.893,3.197,,,,,,,,0.168,,,2025-10-31,quarterly,1.06,USD,pre-market,0,,0.0298,0.092,0.149,18.6,168000000,,,,57.92,60.18,-9.4017,,,,,,,2813000000,,19.35,,62.17,46.43
2025-12-28,D,3.06,15813000000.0,19.35,,0.68,31.27,,,,,,,,,,,,,,,None,1647000000,1647000000,,,,,,None,548000000,,2.67,0.0452,,,,0.062,-0.11,1079000000,1627000000,1.17,2017-03-31,16.37,,7753000000.0,1737000000,949000000,275000000,,,None,292000000,None,,None,,,,,632000000,674000000,None,None,0.345,,658000000,1079000000,,,,,116000000,,,,,2.049,1.893,3.197,,,,,,,,0.168,,,2025-10-31,quarterly,1.06,USD,pre-market,0,,0.0298,0.092,0.149,18.6,189000000,,,,57.92,60.18,-9.4017,,,,,,,3384000000,,19.35,,62.17,46.43
2025-12-28,D,3.06,15813000000.0,19.35,,0.68,31.27,,,,,,,,,,,,,,,None,1672000000,1672000000,,,,,,None,524000000,,2.67,0.0452,,,,0.062,-0.11,819000000,1343000000,1.17,2016-12-31,16.37,,7753000000.0,1414000000,585000000,94000000,,,None,295000000,None,,None,,,,,457000000,491000000,None,None,0.345,,595000000,819000000,,,,,172000000,,,,,2.049,1.893,3.197,,,,,,,,0.168,,,2025-10-31,quarterly,1.06,USD,pre-market,0,,0.0298,0.092,0.149,18.6,148000000,,,,57.92,60.18,-9.4017,,,,,,,3086000000,,19.35,,62.17,46.43
2025-12-28,D,3.06,15813000000.0,19.35,,0.68,31.27,,,,,,,,,,,,,,,None,1442000000,1442000000,,,,,,None,472000000,,2.67,0.0452,,,,0.062,-0.11,1145000000,1617000000,1.17,2016-09-30,16.37,,7753000000.0,1690000000,958000000,230000000,,,None,250000000,None,,None,,,,,690000000,728000000,None,None,0.345,,545000000,1145000000,,,,,63000000,,,,,2.049,1.893,3.197,,,,,,,,0.168,,,2025-10-31,quarterly,1.06,USD,pre-market,0,,0.0298,0.092,0.149,18.6,145000000,,,,57.92,60.18,-9.4017,,,,,,,3132000000,,19.35,,62.17,46.43
2025-12-28,D,3.06,15813000000.0,19.35,,0.68,31.27,,,,,,,,,,,,,,,None,1317000000,1317000000,,,,,,None,429000000,,2.67,0.0452,,,,0.062,-0.11,781000000,1210000000,1.17,2016-06-30,16.37,,7753000000.0,1281000000,614000000,152000000,,,None,239000000,None,,None,,,,,452000000,462000000,None,None,0.345,,500000000,781000000,,,,,72000000,,,,,2.049,1.893,3.197,,,,,,,,0.168,,,2025-10-31,quarterly,1.06,USD,pre-market,0,,0.0298,0.092,0.149,18.6,139000000,,,,57.92,60.18,-9.4017,,,,,,,2598000000,,19.35,,62.17,46.43
2025-12-28,D,3.06,15813000000.0,19.35,,0.68,31.27,,,,,,,,,,,,,,,None,1524000000,1524000000,,,,,,None,424000000,,2.67,0.0452,,,,0.062,-0.11,882000000,1306000000,1.17,2016-03-31,16.37,,7753000000.0,1397000000,710000000,179000000,,,None,226000000,None,,None,,,,,524000000,531000000,None,None,0.345,,515000000,882000000,,,,,54000000,,,,,2.049,1.893,3.197,,,,,,,,0.168,,,2025-10-31,quarterly,1.06,USD,pre-market,0,,0.0298,0.092,0.149,18.6,164000000,,,,57.92,60.18,-9.4017,,,,,,,2921000000,,19.35,,62.17,46.43
2025-12-28,D,3.06,15813000000.0,19.35,,0.68,31.27,,,,,,,,,,,,,,,None,1441000000,1441000000,,,,,,None,419000000,,2.67,0.0452,,,,0.062,-0.11,638000000,1057000000,1.17,2015-12-31,16.37,,7753000000.0,1115000000,477000000,111000000,,,None,230000000,None,,None,,,,,357000000,366000000,None,None,0.345,,477000000,638000000,,,,,69000000,,,,,2.049,1.893,3.197,,,,,,,,0.168,,,2025-10-31,quarterly,1.06,USD,pre-market,0,,0.0298,0.092,0.149,18.6,119000000,,,,57.92,60.18,-9.4017,,,,,,,2556000000,,19.35,,62.17,46.43
2025-12-28,D,3.06,15813000000.0,19.35,,0.68,31.27,,,,,,,,,,,,,,,None,1360000000,1360000000,,,,,,None,428000000,,2.67,0.0452,,,,0.062,-0.11,1123000000,1551000000,1.17,2015-09-30,16.37,,7753000000.0,1611000000,904000000,305000000,,,None,230000000,None,,None,,,,,593000000,599000000,None,None,0.345,,488000000,1123000000,,,,,11000000,,,,,2.049,1.893,3.197,,,,,,,,0.168,,,2025-10-31,quarterly,1.06,USD,pre-market,0,,0.0298,0.092,0.149,18.6,133000000,,,,57.92,60.18,-9.4017,,,,,,,2971000000,,19.35,,62.17,46.43
2025-12-28,D,3.06,15813000000.0,19.35,,0.68,31.27,,,,,,,,,,,,,,,None,1501000000,1501000000,,,,,,None,408000000,,2.67,0.0452,,,,0.062,-0.11,773000000,1181000000,1.17,2015-06-30,16.37,,7753000000.0,1246000000,608000000,190000000,,,None,221000000,None,,None,,,,,413000000,418000000,None,None,0.345,,473000000,773000000,,,,,56000000,,,,,2.049,1.893,3.197,,,,,,,,0.168,,,2025-10-31,quarterly,1.06,USD,pre-market,0,,0.0298,0.092,0.149,18.6,134000000,,,,57.92,60.18,-9.4017,,,,,,,2747000000,,19.35,,62.17,46.43
2025-12-28,D,3.06,15813000000.0,19.35,,0.68,31.27,,,,,,,,,,,,,,,None,1899000000,1899000000,,,,,,None,414000000,,2.67,0.0452,,,,0.062,-0.11,1002000000,1416000000,1.17,2015-03-31,16.37,,7753000000.0,1510000000,839000000,299000000,,,None,223000000,None,,None,,,,,536000000,540000000,None,None,0.345,,508000000,1002000000,,,,,60000000,,,,,2.049,1.893,3.197,,,,,,,,0.168,,,2025-10-31,quarterly,1.06,USD,pre-market,0,,0.0298,0.092,0.149,18.6,165000000,,,,57.92,60.18,-9.4017,,,,,,,3409000000,,19.35,,62.17,46.43
2025-12-28,D,3.06,15813000000.0,19.35,,0.68,31.27,,,,,,,,,,,,,,,None,1865000000,1865000000,,,,,,None,389000000,,2.67,0.0452,,,,0.062,-0.11,638000000,1027000000,1.17,2014-12-31,16.37,,7753000000.0,1078000000,224000000,-25000000,,,None,498000000,None,,None,,,,,243000000,249000000,None,None,0.345,,440000000,638000000,,,,,84000000,,,,,2.049,1.893,3.197,,,,,,,,0.168,,,2025-10-31,quarterly,1.06,USD,pre-market,0,,0.0298,0.092,0.149,18.6,118000000,,,,57.92,60.18,-9.4017,,,,,,,2943000000,,19.35,,62.17,46.43
2025-12-28,D,3.06,15813000000.0,19.35,,0.68,31.27,,,,,,,,,,,,,,,None,1652000000,1652000000,,,,,,None,423000000,,2.67,0.0452,,,,0.062,-0.11,921000000,1344000000,1.17,2014-09-30,16.37,,7753000000.0,1398000000,759000000,228000000,,,None,231000000,None,,None,,,,,529000000,531000000,None,None,0.345,,477000000,921000000,,,,,69000000,,,,,2.049,1.893,3.197,,,,,,,,0.168,,,2025-10-31,quarterly,1.06,USD,pre-market,0,,0.0298,0.092,0.149,18.6,123000000,,,,57.92,60.18,-9.4017,,,,,,,3050000000,,19.35,,62.17,46.43
2025-12-28,D,3.06,15813000000.0,19.35,,0.68,31.27,,,,,,,,,,,,,,,None,1977000000,1977000000,,,,,,None,370000000,,2.67,0.0452,,,,0.062,-0.11,394000000,764000000,1.17,2014-06-30,16.37,,7753000000.0,836000000,224000000,63000000,,,None,227000000,None,,None,,,,,159000000,161000000,None,None,0.345,,442000000,394000000,,,,,57000000,,,,,2.049,1.893,3.197,,,,,,,,0.168,,,2025-10-31,quarterly,1.06,USD,pre-market,0,,0.0298,0.092,0.149,18.6,134000000,,,,57.92,60.18,-9.4017,,,,,,,2813000000,,19.35,,62.17,46.43
2025-12-28,D,3.06,15813000000.0,19.35,,0.68,31.27,,,,,,,,,,,,,,,None,2387000000,2387000000,,,,,,None,378000000,,2.67,0.0452,,,,0.062,-0.11,768000000,1146000000,1.17,2014-03-31,16.37,,7753000000.0,1243000000,571000000,186000000,,,None,237000000,None,,None,,,,,379000000,385000000,None,None,0.345,,475000000,768000000,,,,,40000000,,,,,2.049,1.893,3.197,,,,,,,,0.168,,,2025-10-31,quarterly,1.06,USD,pre-market,0,,0.0298,0.092,0.149,18.6,167000000,,,,57.92,60.18,-9.4017,,,,,,,3630000000,,19.35,,62.17,46.43
2025-12-28,D,3.06,15813000000.0,19.35,,0.68,31.27,,,,,,,,,,,,,,,None,1961000000,1961000000,,,,,,None,286000000,,2.67,0.0452,,,,0.062,-0.11,817000000,1103000000,1.17,2013-12-31,16.37,,7753000000.0,1224000000,618000000,183000000,,,None,229000000,None,,None,,,,,431000000,0,None,None,0.345,,420000000,804000000,,,,,None,,,,,2.049,1.893,3.197,,,,,,,,0.168,,,2025-10-31,quarterly,1.06,USD,pre-market,0,,0.0298,0.092,0.149,18.6,0,,,,57.92,60.18,-9.4017,,,,,,,3185000000,,19.35,,62.17,46.43
2025-12-28,D,3.06,15813000000.0,19.35,,0.68,31.27,,,,,,,,,,,,,,,None,1955000000,1955000000,,,,,,None,375000000,,2.67,0.0452,,,,0.062,-0.11,1034000000,1409000000,1.17,2013-09-30,16.37,,7753000000.0,1477000000,903000000,305000000,,,None,217000000,None,,None,,,,,569000000,598000000,None,None,0.345,,443000000,1034000000,,,,,86000000,,,,,2.049,1.893,3.197,,,,,,,,0.168,,,2025-10-31,quarterly,1.06,USD,pre-market,0,,0.0298,0.092,0.149,18.6,134000000,,,,57.92,60.18,-9.4017,,,,,,,3432000000,,19.35,,62.17,46.43
2025-12-28,D,3.06,15813000000.0,19.35,,0.68,31.27,,,,,,,,,,,,,,,None,1988000000,1988000000,,,,,,None,363000000,,2.67,0.0452,,,,0.062,-0.11,548000000,911000000,1.17,2013-06-30,16.37,,7753000000.0,992000000,394000000,116000000,,,None,203000000,None,,None,,,,,202000000,278000000,None,None,0.345,,444000000,548000000,,,,,49000000,,,,,2.049,1.893,3.197,,,,,,,,0.168,,,2025-10-31,quarterly,1.06,USD,pre-market,0,,0.0298,0.092,0.149,18.6,141000000,,,,57.92,60.18,-9.4017,,,,,,,2980000000,,19.35,,62.17,46.43
2025-12-28,D,3.06,15813000000.0,19.35,,0.68,31.27,,,,,,,,,,,,,,,None,2129000000,2129000000,,,,,,None,366000000,,2.67,0.0452,,,,0.062,-0.11,930000000,1296000000,1.17,2013-03-31,16.37,,7753000000.0,1394000000,789000000,288000000,,,None,228000000,None,,None,,,,,495000000,0,None,None,0.345,,464000000,930000000,,,,,None,,,,,2.049,1.893,3.197,,,,,,,,0.168,,,2025-10-31,quarterly,1.06,USD,pre-market,0,,0.0298,0.092,0.149,18.6,0,,,,57.92,60.18,-9.4017,,,,,,,3523000000,,19.35,,62.17,46.43
2025-12-28,D,3.06,15813000000.0,19.35,,0.68,31.27,,,,,,,,,,,,,,,None,6172000000,6172000000,,,,,,None,363000000,,2.67,0.0452,,,,0.062,-0.11,-1066000000,-703000000,1.17,2012-12-31,16.37,,7753000000.0,-3005000000,-1058000000,-406000000,,,None,215000000,None,,None,,,,,-659000000,0,None,None,0.345,,-2113000000,-892000000,,,,,None,,,,,2.049,1.893,3.197,,,,,,,,0.168,,,2025-10-31,quarterly,1.06,USD,pre-market,0,,0.0298,0.092,0.149,18.6,0,,,,57.92,60.18,-9.4017,,,,,,,3167000000,,19.35,,62.17,46.43
2025-12-28,D,3.06,15813000000.0,19.35,,0.68,31.27,,,,,,,,,,,,,,,None,2372000000,2372000000,,,,,,None,376000000,,2.67,0.0452,,,,0.062,-0.11,551000000,927000000,1.17,2012-09-30,16.37,,7753000000.0,960000000,410000000,143000000,,,None,197000000,None,,None,,,,,209000000,0,None,None,0.345,,409000000,551000000,,,,,None,,,,,2.049,1.893,3.197,,,,,,,,0.168,,,2025-10-31,quarterly,1.06,USD,pre-market,0,,0.0298,0.092,0.149,18.6,0,,,,57.92,60.18,-9.4017,,,,,,,3332000000,,19.35,,62.17,46.43
2025-12-28,D,3.06,15813000000.0,19.35,,0.68,31.27,,,,,,,,,,,,,,,None,1961000000,1961000000,,,,,,None,351000000,,2.67,0.0452,,,,0.062,-0.11,628000000,979000000,1.17,2012-06-30,16.37,,7753000000.0,1044000000,463000000,166000000,,,None,209000000,None,,None,,,,,258000000,0,None,None,0.345,,416000000,628000000,,,,,None,,,,,2.049,1.893,3.197,,,,,,,,0.168,,,2025-10-31,quarterly,1.06,USD,pre-market,0,,0.0298,0.092,0.149,18.6,0,,,,57.92,60.18,-9.4017,,,,,,,3005000000,,19.35,,62.17,46.43
2025-12-28,D,3.06,15813000000.0,19.35,,0.68,31.27,,,,,,,,,,,,,,,None,2044000000,2044000000,,,,,,None,353000000,,2.67,0.0452,,,,0.062,-0.11,918000000,1271000000,1.17,2012-03-31,16.37,,7753000000.0,1353000000,780000000,269000000,,,None,212000000,None,,None,,,,,494000000,0,None,None,0.345,,435000000,918000000,,,,,None,,,,,2.049,1.893,3.197,,,,,,,,0.168,,,2025-10-31,quarterly,1.06,USD,pre-market,0,,0.0298,0.092,0.149,18.6,0,,,,57.92,60.18,-9.4017,,,,,,,3397000000,,19.35,,62.17,46.43
2025-12-28,D,3.06,15813000000.0,19.35,,0.68,31.27,,,,,,,,,,,,,,,None,1456000000,1456000000,,,,,,None,337000000,,2.67,0.0452,,,,0.062,-0.11,407000000,744000000,1.17,2011-12-31,16.37,,7753000000.0,1722000000,230000000,23000000,,,None,177000000,None,,None,,,,,201000000,0,None,None,0.345,,1382000000,340000000,,,,,None,,,,,2.049,1.893,3.197,,,,,,,,0.168,,,2025-10-31,quarterly,1.06,USD,pre-market,0,,0.0298,0.092,0.149,18.6,0,,,,57.92,60.18,-9.4017,,,,,,,3178000000,,19.35,,62.17,46.43
2025-12-28,D,3.06,15813000000.0,19.35,,0.68,31.27,,,,,,,,,,,,,,,None,1661000000,1661000000,,,,,,None,324000000,,2.67,0.0452,,,,0.062,-0.11,844000000,1168000000,1.17,2011-09-30,16.37,,7753000000.0,2084000000,595000000,203000000,,,None,249000000,None,,None,,,,,392000000,0,None,None,0.345,,1256000000,828000000,,,,,None,,,,,2.049,1.893,3.197,,,,,,,,0.168,,,2025-10-31,quarterly,1.06,USD,pre-market,0,,0.0298,0.092,0.149,18.6,0,,,,57.92,60.18,-9.4017,,,,,,,3745000000,,19.35,,62.17,46.43
2025-12-28,D,3.06,15813000000.0,19.35,,0.68,31.27,,,,,,,,,,,,,,,None,1438000000,1438000000,,,,,,None,309000000,,2.67,0.0452,,,,0.062,-0.11,772000000,1081000000,1.17,2011-06-30,16.37,,7753000000.0,1850000000,556000000,211000000,,,None,216000000,None,,None,,,,,336000000,0,None,None,0.345,,1117000000,733000000,,,,,None,,,,,2.049,1.893,3.197,,,,,,,,0.168,,,2025-10-31,quarterly,1.06,USD,pre-market,0,,0.0298,0.092,0.149,18.6,0,,,,57.92,60.18,-9.4017,,,,,,,3288000000,,19.35,,62.17,46.43
2025-12-28,D,3.06,15813000000.0,19.35,,0.68,31.27,,,,,,,,,,,,,,,None,1810000000,1810000000,,,,,,None,318000000,,2.67,0.0452,,,,0.062,-0.11,1020000000,1338000000,1.17,2011-03-31,16.37,,7753000000.0,2247000000,793000000,310000000,,,None,227000000,None,,None,,,,,479000000,0,None,None,0.345,,1284000000,963000000,,,,,None,,,,,2.049,1.893,3.197,,,,,,,,0.168,,,2025-10-31,quarterly,1.06,USD,pre-market,0,,0.0298,0.092,0.149,18.6,0,,,,57.92,60.18,-9.4017,,,,,,,4057000000,,19.35,,62.17,46.43
2025-12-28,D,3.06,15813000000.0,19.35,,0.68,31.27,,,,,,,,,,,,,,,None,1606000000,1606000000,,,,,,None,312000000,,2.67,0.0452,,,,0.062,-0.11,797000000,1109000000,1.17,2010-12-31,16.37,,7753000000.0,2140000000,565000000,254000000,,,None,232000000,None,,None,,,,,298000000,0,None,None,0.345,,1403000000,737000000,,,,,None,,,,,2.049,1.893,3.197,,,,,,,,0.168,,,2025-10-31,quarterly,1.06,USD,pre-market,0,,0.0298,0.092,0.149,18.6,0,,,,57.92,60.18,-9.4017,,,,,,,3746000000,,19.35,,62.17,46.43
2025-12-28,D,3.06,15813000000.0,19.35,,0.68,31.27,,,,,,,,,,,,,,,None,1663000000,1663000000,,,,,,None,317000000,,2.67,0.0452,,,,0.062,-0.11,1182000000,1499000000,1.17,2010-09-30,16.37,,7753000000.0,2287000000,953000000,374000000,,,None,229000000,None,,None,,,,,575000000,0,None,None,0.345,,1168000000,1119000000,,,,,None,,,,,2.049,1.893,3.197,,,,,,,,0.168,,,2025-10-31,quarterly,1.06,USD,pre-market,0,,0.0298,0.092,0.149,18.6,0,,,,57.92,60.18,-9.4017,,,,,,,3950000000,,19.35,,62.17,46.43
2025-12-28,D,3.06,15813000000.0,19.35,,0.68,31.27,,,,,,,,,,,,,,,None,1456000000,1456000000,,,,,,None,309000000,,2.67,0.0452,,,,0.062,-0.11,3085000000,3394000000,1.17,2010-06-30,16.37,,7753000000.0,1877000000,2897000000,1134000000,,,None,188000000,None,,None,,,,,1761000000,0,None,None,0.345,,-1233000000,3110000000,,,,,None,,,,,2.049,1.893,3.197,,,,,,,,0.168,,,2025-10-31,quarterly,1.06,USD,pre-market,0,,0.0298,0.092,0.149,18.6,0,,,,57.92,60.18,-9.4017,,,,,,,3333000000,,19.35,,62.17,46.43
2025-12-28,D,3.06,15813000000.0,19.35,,0.68,31.27,,,,,,,,,,,,,,,None,1928000000,1928000000,,,,,,None,320000000,,2.67,0.0452,,,,0.062,-0.11,805000000,1125000000,1.17,2010-03-31,16.37,,7753000000.0,2240000000,622000000,295000000,,,None,183000000,None,,None,,,,,174000000,0,None,None,0.345,,1506000000,734000000,,,,,None,,,,,2.049,1.893,3.197,,,,,,,,0.168,,,2025-10-31,quarterly,1.06,USD,pre-market,0,,0.0298,0.092,0.149,18.6,0,,,,57.92,60.18,-9.4017,,,,,,,4168000000,,19.35,,62.17,46.43
2025-12-28,D,3.06,15813000000.0,19.35,,0.68,31.27,,,,,,,,,,,,,,,None,1772000000,1772000000,,,,,,None,359000000,,2.67,0.0452,,,,0.062,-0.11,4000000,363000000,1.17,2009-12-31,16.37,,7753000000.0,1483000000,-232000000,-228000000,,,None,236000000,None,,None,,,,,-9000000,0,None,None,0.345,,1533000000,-50000000,,,,,None,,,,,2.049,1.893,3.197,,,,,,,,0.168,,,2025-10-31,quarterly,1.06,USD,pre-market,0,,0.0298,0.092,0.149,18.6,0,,,,57.92,60.18,-9.4017,,,,,,,3255000000,,19.35,,62.17,46.43
2025-12-28,D,3.06,15813000000.0,19.35,,0.68,31.27,,,,,,,,,,,,,,,None,1449000000,1449000000,,,,,,None,320000000,,2.67,0.0452,,,,0.062,-0.11,1216000000,1536000000,1.17,2009-09-30,16.37,,7753000000.0,2181000000,999000000,360000000,,,None,217000000,None,,None,,,,,594000000,0,None,None,0.345,,1093000000,1088000000,,,,,None,,,,,2.049,1.893,3.197,,,,,,,,0.168,,,2025-10-31,quarterly,1.06,USD,pre-market,0,,0.0298,0.092,0.149,18.6,0,,,,57.92,60.18,-9.4017,,,,,,,3630000000,,19.35,,62.17,46.43
2025-12-28,D,3.06,15813000000.0,19.35,,0.68,31.27,,,,,,,,,,,,,,,None,1454000000,1454000000,,,,,,None,315000000,,2.67,0.0452,,,,0.062,-0.11,958000000,1273000000,1.17,2009-06-30,16.37,,7753000000.0,1952000000,738000000,265000000,,,None,220000000,None,,None,,,,,454000000,0,None,None,0.345,,1063000000,889000000,,,,,None,,,,,2.049,1.893,3.197,,,,,,,,0.168,,,2025-10-31,quarterly,1.06,USD,pre-market,0,,0.0298,0.092,0.149,18.6,0,,,,57.92,60.18,-9.4017,,,,,,,3406000000,,19.35,,62.17,46.43
2025-12-28,D,3.06,15813000000.0,19.35,,0.68,31.27,,,,,,,,,,,,,,,None,2256000000,2256000000,,,,,,None,325000000,,2.67,0.0452,,,,0.062,-0.11,603000000,928000000,1.17,2009-03-31,16.37,,7753000000.0,2330000000,384000000,141000000,,,None,219000000,None,,None,,,,,248000000,0,None,None,0.345,,1666000000,664000000,,,,,None,,,,,2.049,1.893,3.197,,,,,,,,0.168,,,2025-10-31,quarterly,1.06,USD,pre-market,0,,0.0298,0.092,0.149,18.6,0,,,,57.92,60.18,-9.4017,,,,,,,4586000000,,19.35,,62.17,46.43
2025-12-28,D,3.06,15813000000.0,19.35,,0.68,31.27,,,,,,,,,,,,,,,None,1991000000,1991000000,,,,,,None,303000000,,2.67,0.0452,,,,0.062,-0.11,801000000,1104000000,1.17,2008-12-31,16.37,,7753000000.0,2227000000,526000000,178000000,,,None,191000000,None,,None,,,,,349000000,0,None,None,0.345,,1426000000,801000000,,,,,None,,,,,2.049,1.893,3.197,,,,,,,,0.168,,,2025-10-31,quarterly,1.06,USD,pre-market,0,,0.0298,0.092,0.149,18.6,0,,,,57.92,60.18,-9.4017,,,,,,,4218000000,,19.35,,62.17,46.43
2025-12-28,D,3.06,15813000000.0,19.35,,0.68,31.27,,,,,,,,,,,,,,,None,2177000000,2177000000,,,,,,None,312000000,,2.67,0.0452,,,,0.062,-0.11,1069000000,1381000000,1.17,2008-09-30,16.37,,7753000000.0,2188000000,856000000,344000000,,,None,213000000,None,,None,,,,,508000000,0,None,None,0.345,,1133000000,1055000000,,,,,None,,,,,2.049,1.893,3.197,,,,,,,,0.168,,,2025-10-31,quarterly,1.06,USD,pre-market,0,,0.0298,0.092,0.149,18.6,0,,,,57.92,60.18,-9.4017,,,,,,,4365000000,,19.35,,62.17,46.43
2025-12-28,D,3.06,15813000000.0,19.35,,0.68,31.27,,,,,,,,,,,,,,,None,1518000000,1518000000,,,,,,None,282000000,,2.67,0.0452,,,,0.062,-0.11,710000000,992000000,1.17,2008-06-30,16.37,,7753000000.0,1881000000,504000000,200000000,,,None,206000000,None,,None,,,,,298000000,0,None,None,0.345,,1170000000,711000000,,,,,None,,,,,2.049,1.893,3.197,,,,,,,,0.168,,,2025-10-31,quarterly,1.06,USD,pre-market,0,,0.0298,0.092,0.149,18.6,0,,,,57.92,60.18,-9.4017,,,,,,,3399000000,,19.35,,62.17,46.43
2025-12-28,D,3.06,15813000000.0,19.35,,0.68,31.27,,,,,,,,,,,,,,,None,2043000000,2043000000,,,,,,None,294000000,,2.67,0.0452,,,,0.062,-0.11,1056000000,1350000000,1.17,2008-03-31,16.37,,7753000000.0,2310000000,837000000,157000000,,,None,219000000,None,,None,,,,,680000000,0,None,None,0.345,,1251000000,1059000000,,,,,None,,,,,2.049,1.893,3.197,,,,,,,,0.168,,,2025-10-31,quarterly,1.06,USD,pre-market,0,,0.0298,0.092,0.149,18.6,0,,,,57.92,60.18,-9.4017,,,,,,,4353000000,,19.35,,62.17,46.43
2025-12-28,D,3.06,15813000000.0,19.35,,0.68,31.27,,,,,,,,,,,,,,,None,1611000000,1611000000,,,,,,None,289000000,,2.67,0.0452,,,,0.062,-0.11,699000000,988000000,1.17,2007-12-31,16.37,,7753000000.0,2083000000,509000000,207000000,,,None,197000000,None,,None,,,,,299000000,0,None,None,0.345,,1384000000,699000000,,,,,None,,,,,2.049,1.893,3.197,,,,,,,,0.168,,,2025-10-31,quarterly,1.06,USD,pre-market,0,,0.0298,0.092,0.149,18.6,0,,,,57.92,60.18,-9.4017,,,,,,,3694000000,,19.35,,62.17,46.43
2025-12-28,D,3.06,15813000000.0,19.35,,0.68,31.27,,,,,,,,,,,,,,,None,1371000000,1371000000,,,,,,None,322000000,,2.67,0.0452,,,,0.062,-0.11,598000000,920000000,1.17,2007-09-30,16.37,,7753000000.0,2218000000,3818000000,1498000000,,,None,403000,None,,None,,,,,2317000000,0,None,None,0.345,,1620000000,598000000,,,,,None,,,,,2.049,1.893,3.197,,,,,,,,0.168,,,2025-10-31,quarterly,1.06,USD,pre-market,0,,0.0298,0.092,0.149,18.6,0,,,,57.92,60.18,-9.4017,,,,,,,3589000000,,19.35,,62.17,46.43
2025-12-28,D,3.06,15813000000.0,19.35,,0.68,31.27,,,,,,,,,,,,,,,None,1549000000,1549000000,,,,,,None,464000000,,2.67,0.0452,,,,0.062,-0.11,-380000000,84000000,1.17,2007-06-30,16.37,,7753000000.0,2181000000,-624000000,-232000000,,,None,239000,None,,None,,,,,-530000000,0,None,None,0.345,,2561000000,-380000000,,,,,None,,,,,2.049,1.893,3.197,,,,,,,,0.168,,,2025-10-31,quarterly,1.06,USD,pre-market,0,,0.0298,0.092,0.149,18.6,0,,,,57.92,60.18,-9.4017,,,,,,,3730000000,,19.35,,62.17,46.43
2025-12-28,D,3.06,15813000000.0,19.35,,0.68,31.27,,,,,,,,,,,,,,,None,2241000000,2241000000,,,,,,None,458000000,,2.67,0.0452,,,,0.062,-0.11,999000000,1457000000,1.17,2007-03-31,16.37,,7753000000.0,2420000000,785000000,310000000,,,None,220000,None,,None,,,,,453000000,0,None,None,0.345,,1421000000,999000000,,,,,None,,,,,2.049,1.893,3.197,,,,,,,,0.168,,,2025-10-31,quarterly,1.06,USD,pre-market,0,,0.0298,0.092,0.149,18.6,0,,,,57.92,60.18,-9.4017,,,,,,,4661000000,,19.35,,62.17,46.43
2025-12-28,D,3.06,15813000000.0,19.35,,0.68,31.27,,,,,,,,,,,,,,,None,1550000000,1550000000,,,,,,None,443000000,,2.67,0.0452,,,,0.062,-0.11,601000000,1044000000,1.17,2006-12-31,16.37,,7753000000.0,2386000000,400000000,186000000,,,None,260000000,None,,None,,,,,31000000,0,None,None,0.345,,1785000000,601000000,,,,,None,,,,,2.049,1.893,3.197,,,,,,,,0.168,,,2025-10-31,quarterly,1.06,USD,pre-market,0,,0.0298,0.092,0.149,18.6,0,,,,57.92,60.18,-9.4017,,,,,,,3936000000,,19.35,,62.17,46.43
2025-12-28,D,3.06,15813000000.0,19.35,,0.68,31.27,,,,,,,,,,,,,,,None,1522000000,1522000000,,,,,,None,434000000,,2.67,0.0452,,,,0.062,-0.11,1294000000,1728000000,1.17,2006-09-30,16.37,,7753000000.0,2451000000,1075000000,421000000,,,None,228000,None,,None,,,,,653000000,0,None,None,0.345,,1157000000,1294000000,,,,,None,,,,,2.049,1.893,3.197,,,,,,,,0.168,,,2025-10-31,quarterly,1.06,USD,pre-market,0,,0.0298,0.092,0.149,18.6,0,,,,57.92,60.18,-9.4017,,,,,,,3973000000,,19.35,,62.17,46.43
2025-12-28,D,3.06,15813000000.0,19.35,,0.68,31.27,,,,,,,,,,,,,,,None,1306000000,1306000000,,,,,,None,448000000,,2.67,0.0452,,,,0.062,-0.11,474000000,922000000,1.17,2006-06-30,16.37,,7753000000.0,2190000000,272000000,126000000,,,None,224000,None,,None,,,,,161000000,0,None,None,0.345,,1716000000,474000000,,,,,None,,,,,2.049,1.893,3.197,,,,,,,,0.168,,,2025-10-31,quarterly,1.06,USD,pre-market,0,,0.0298,0.092,0.149,18.6,0,,,,57.92,60.18,-9.4017,,,,,,,3496000000,,19.35,,62.17,46.43
2025-12-28,D,3.06,15813000000.0,19.35,,0.68,31.27,,,,,,,,,,,,,,,None,2666000000,2666000000,,,,,,None,414000000,,2.67,0.0452,,,,0.062,-0.11,961000000,1375000000,1.17,2006-03-31,16.37,,7753000000.0,2285000000,746000000,207000000,,,None,234000,None,,None,,,,,534000000,0,None,None,0.345,,1324000000,961000000,,,,,None,,,,,2.049,1.893,3.197,,,,,,,,0.168,,,2025-10-31,quarterly,1.06,USD,pre-market,0,,0.0298,0.092,0.149,18.6,0,,,,57.92,60.18,-9.4017,,,,,,,4951000000,,19.35,,62.17,46.43
2025-12-28,D,3.06,15813000000.0,19.35,,0.68,31.27,,,,,,,,,,,,,,,None,3179000000,3179000000,,,,,,None,395000000,,2.67,0.0452,,,,0.062,-0.11,676000000,1071000000,1.17,2005-12-31,16.37,,7753000000.0,1929000000,423000000,160000000,,,None,269000000,None,,None,,,,,257000000,0,None,None,0.345,,1253000000,676000000,,,,,None,,,,,2.049,1.893,3.197,,,,,,,,0.168,,,2025-10-31,quarterly,1.06,USD,pre-market,0,,0.0298,0.092,0.149,18.6,0,,,,57.92,60.18,-9.4017,,,,,,,5108000000,,19.35,,62.17,46.43
2025-12-28,D,3.06,15813000000.0,19.35,,0.68,31.27,,,,,,,,,,,,,,,None,2502000000,2502000000,,,,,,None,392000000,,2.67,0.0452,,,,0.062,-0.11,185000000,577000000,1.17,2005-09-30,16.37,,7753000000.0,2062000000,8000000,-2000000,,,None,211000000,None,,None,,,,,15000000,0,None,None,0.345,,1877000000,185000000,,,,,None,,,,,2.049,1.893,3.197,,,,,,,,0.168,,,2025-10-31,quarterly,1.06,USD,pre-market,0,,0.0298,0.092,0.149,18.6,0,,,,57.92,60.18,-9.4017,,,,,,,4564000000,,19.35,,62.17,46.43
2025-12-28,D,3.06,15813000000.0,19.35,,0.68,31.27,,,,,,,,,,,,,,,None,7537000000,7537000000,,,,,,None,2639000000,,2.67,0.0452,,,,0.062,-0.11,4069000000,6708000000,1.17,2024-12-31,16.37,,7753000000.0,6922000000,2182000000,308000000,,,None,1887000000,880000000,,None,,,,,2124000000,1874000000,-1887000000,None,0.345,,3675000000,3247000000,,,,,None,,,,,2.049,1.893,3.197,,,,,,,,0.168,,,2025-10-31,annual,1.06,USD,pre-market,None,,0.0298,0.092,0.149,18.6,None,,,,57.92,60.18,-9.4017,,,,,,,14459000000,,19.35,,62.17,46.43
2025-12-28,D,3.06,15813000000.0,19.35,,0.68,31.27,,,,,,,,,,,,,,,None,7435000000,7435000000,,,,,,None,3128000000,,2.67,0.0452,,,,0.062,-0.11,3694000000,6822000000,1.17,2023-12-31,16.37,,7753000000.0,6958000000,2732000000,575000000,,,None,1674000000,896000000,,None,,,,,1994000000,2157000000,-1674000000,None,0.345,,3544000000,3414000000,,,,,None,,,,,2.049,1.893,3.197,,,,,,,,0.168,,,2025-10-31,annual,1.06,USD,pre-market,None,,0.0298,0.092,0.149,18.6,None,,,,57.92,60.18,-9.4017,,,,,,,14393000000,,19.35,,62.17,46.43
2025-12-28,D,3.06,15813000000.0,19.35,,0.68,31.27,,,,,,,,,,,,,,,None,7561000000,7561000000,,,,,,None,3113000000,,2.67,0.0452,,,,0.062,-0.11,3260000000,6373000000,1.17,2022-12-31,16.37,,7753000000.0,6377000000,540000000,113000000,,,None,1002000000,1507000000,,None,,,,,1321000000,985000000,-966000000,None,0.345,,4944000000,1433000000,,,,,423000000,,,,,2.049,1.893,3.197,,,,,,,,0.168,,,2025-10-31,annual,1.06,USD,pre-market,None,,0.0298,0.092,0.149,18.6,923000000,,,,57.92,60.18,-9.4017,,,,,,,13938000000,,19.35,,62.17,46.43
2025-12-28,D,3.06,15813000000.0,19.35,,0.68,31.27,,,,,,,,,,,,,,,None,6007000000,6007000000,,,,,,None,2781000000,,2.67,0.0452,,,,0.062,-0.11,2605000000,5386000000,1.17,2021-12-31,16.37,,7753000000.0,5412000000,1880000000,-181000000,,,None,1294000000,372000000,,None,,,,,3399000000,2673000000,-1354000000,None,0.345,,3416000000,1996000000,,,,,1433000000,,,,,2.049,1.893,3.197,,,,,,,,0.168,,,2025-10-31,annual,1.06,USD,pre-market,20000000,,0.0298,0.092,0.149,18.6,909000000,,,,57.92,60.18,-9.4017,,,,,,,11419000000,,19.35,,62.17,46.43
2025-12-28,D,3.06,15813000000.0,19.35,,0.68,31.27,,,,,,,,,,,,,,,None,6870000000,6870000000,,,,,,None,2836000000,,2.67,0.0452,,,,0.062,-0.11,4099000000,6935000000,1.17,2020-12-31,16.37,,7753000000.0,7302000000,1411000000,83000000,,,None,1377000000,3677000000,,None,,,,,-401000000,1328000000,-1377000000,None,0.345,,5247000000,2055000000,,,,,733000000,,,,,2.049,1.893,3.197,,,,,,,,0.168,,,2025-10-31,annual,1.06,USD,pre-market,None,,0.0298,0.092,0.149,18.6,871000000,,,,57.92,60.18,-9.4017,,,,,,,14172000000,,19.35,,62.17,46.43
2025-12-28,D,3.06,15813000000.0,19.35,,0.68,31.27,,,,,,,,,,,,,,,None,8323000000,8323000000,,,,,,None,2977000000,,2.67,0.0452,,,,0.062,-0.11,2912000000,5889000000,1.17,2019-12-31,16.37,,7753000000.0,6078000000,869000000,209000000,,,None,1486000000,1614000000,,None,,,,,1358000000,1376000000,-1773000000,None,0.345,,4534000000,1544000000,,,,,986000000,,,,,2.049,1.893,3.197,,,,,,,,0.168,,,2025-10-31,annual,1.06,USD,pre-market,None,,0.0298,0.092,0.149,18.6,1040000000,,,,57.92,60.18,-9.4017,,,,,,,14401000000,,19.35,,62.17,46.43
2025-12-28,D,3.06,15813000000.0,19.35,,0.68,31.27,,,,,,,,,,,,,,,None,6199000000,6199000000,,,,,,None,2280000000,,2.67,0.0452,,,,0.062,-0.11,2760000000,5040000000,1.17,2018-12-31,16.37,,7753000000.0,5000000000,2619000000,522000000,,,None,1279000000,1296000000,,None,,,,,2447000000,2549000000,-1493000000,None,0.345,,1987000000,3013000000,,,,,1218000000,,,,,2.049,1.893,3.197,,,,,,,,0.168,,,2025-10-31,annual,1.06,USD,pre-market,0,,0.0298,0.092,0.149,18.6,703000000,,,,57.92,60.18,-9.4017,,,,,,,11199000000,,19.35,,62.17,46.43
2025-12-28,D,3.06,15813000000.0,19.35,,0.68,31.27,,,,,,,,,,,,,,,None,6208000000,6208000000,,,,,,None,2202000000,,2.67,0.0452,,,,0.062,-0.11,3805000000,6007000000,1.17,2017-12-31,16.37,,7753000000.0,6378000000,3090000000,-30000000,,,None,1205000000,1191000000,,None,,,,,2999000000,3120000000,-1205000000,None,0.345,,2441000000,3937000000,,,,,147000000,,,,,2.049,1.893,3.197,,,,,,,,0.168,,,2025-10-31,annual,1.06,USD,pre-market,0,,0.0298,0.092,0.149,18.6,668000000,,,,57.92,60.18,-9.4017,,,,,,,12586000000,,19.35,,62.17,46.43
2025-12-28,D,3.06,15813000000.0,19.35,,0.68,31.27,,,,,,,,,,,,,,,None,6170000000,6170000000,,,,,,None,1849000000,,2.67,0.0452,,,,0.062,-0.11,3412000000,5261000000,1.17,2016-12-31,16.37,,7753000000.0,5567000000,2867000000,655000000,,,None,1010000000,899000000,,None,,,,,2123000000,2212000000,-1010000000,None,0.345,,2119000000,3448000000,,,,,361000000,,,,,2.049,1.893,3.197,,,,,,,,0.168,,,2025-10-31,annual,1.06,USD,pre-market,0,,0.0298,0.092,0.149,18.6,596000000,,,,57.92,60.18,-9.4017,,,,,,,11737000000,,19.35,,62.17,46.43
2025-12-28,D,3.06,15813000000.0,19.35,,0.68,31.27,,,,,,,,,,,,,,,None,6201000000,6201000000,,,,,,None,1669000000,,2.67,0.0452,,,,0.062,-0.11,3536000000,5205000000,1.17,2015-12-31,16.37,,7753000000.0,5482000000,2828000000,905000000,,,None,904000000,904000000,,None,,,,,1899000000,1923000000,None,None,0.345,,1946000000,3536000000,,,,,196000000,,,,,2.049,1.893,3.197,,,,,,,,0.168,,,2025-10-31,annual,1.06,USD,pre-market,0,,0.0298,0.092,0.149,18.6,551000000,,,,57.92,60.18,-9.4017,,,,,,,11683000000,,19.35,,62.17,46.43
2025-12-28,D,3.06,15813000000.0,19.35,,0.68,31.27,,,,,,,,,,,,,,,None,7881000000,7881000000,,,,,,None,1560000000,,2.67,0.0452,,,,0.062,-0.11,2721000000,4281000000,1.17,2014-12-31,16.37,,7753000000.0,4555000000,1778000000,452000000,,,None,1193000000,None,,None,,,,,1310000000,1326000000,None,None,0.345,,1834000000,2721000000,,,,,250000000,,,,,2.049,1.893,3.197,,,,,,,,0.168,,,2025-10-31,annual,1.06,USD,pre-market,0,,0.0298,0.092,0.149,18.6,542000000,,,,57.92,60.18,-9.4017,,,,,,,12436000000,,19.35,,62.17,46.43
2025-12-28,D,3.06,15813000000.0,19.35,,0.68,31.27,,,,,,,,,,,,,,,None,8033000000,8033000000,,,,,,None,1390000000,,2.67,0.0452,,,,0.062,-0.11,3316000000,4706000000,1.17,2013-12-31,16.37,,7753000000.0,5087000000,2704000000,892000000,,,None,877000000,None,,None,,,,,1697000000,1812000000,None,None,0.345,,1771000000,3316000000,,,,,265000000,,,,,2.049,1.893,3.197,,,,,,,,0.168,,,2025-10-31,annual,1.06,USD,pre-market,0,,0.0298,0.092,0.149,18.6,563000000,,,,57.92,60.18,-9.4017,,,,,,,13120000000,,19.35,,62.17,46.43
2025-12-28,D,3.06,15813000000.0,19.35,,0.68,31.27,,,,,,,,,,,,,,,None,8300000000,8300000000,,,,,,None,1443000000,,2.67,0.0452,,,,0.062,-0.11,2858000000,4301000000,1.17,2012-12-31,16.37,,7753000000.0,4535000000,2265000000,811000000,,,None,816000000,None,,None,,,,,302000000,None,None,None,0.345,,1677000000,2858000000,,,,,None,,,,,2.049,1.893,3.197,,,,,,,,0.168,,,2025-10-31,annual,1.06,USD,pre-market,0,,0.0298,0.092,0.149,18.6,0,,,,57.92,60.18,-9.4017,,,,,,,12835000000,,19.35,,62.17,46.43
2025-12-28,D,3.06,15813000000.0,19.35,,0.68,31.27,,,,,,,,,,,,,,,None,9338000000,9338000000,,,,,,None,1288000000,,2.67,0.0452,,,,0.062,-0.11,2880000000,4168000000,1.17,2011-12-31,16.37,,7753000000.0,4427000000,2262000000,778000000,,,None,869000000,None,,None,,,,,1408000000,None,None,None,0.345,,1547000000,2880000000,,,,,None,,,,,2.049,1.893,3.197,,,,,,,,0.168,,,2025-10-31,annual,1.06,USD,pre-market,0,,0.0298,0.092,0.149,18.6,0,,,,57.92,60.18,-9.4017,,,,,,,13765000000,,19.35,,62.17,46.43
2025-12-28,D,3.06,15813000000.0,19.35,,0.68,31.27,,,,,,,,,,,,,,,None,9984000000,9984000000,,,,,,None,1258000000,,2.67,0.0452,,,,0.062,-0.11,3384000000,4642000000,1.17,2010-12-31,16.37,,7753000000.0,4943000000,5195000000,2112000000,,,None,904000000,None,,None,,,,,2808000000,None,None,None,0.345,,-908000000,5851000000,,,,,None,,,,,2.049,1.893,3.197,,,,,,,,0.168,,,2025-10-31,annual,1.06,USD,pre-market,0,,0.0298,0.092,0.149,18.6,0,,,,57.92,60.18,-9.4017,,,,,,,14927000000,,19.35,,62.17,46.43
2025-12-28,D,3.06,15813000000.0,19.35,,0.68,31.27,,,,,,,,,,,,,,,None,6896000000,6896000000,,,,,,None,1319000000,,2.67,0.0452,,,,0.062,-0.11,2763000000,4082000000,1.17,2009-12-31,16.37,,7753000000.0,7902000000,1874000000,596000000,,,None,889000000,None,,None,,,,,1287000000,None,None,None,0.345,,5333000000,2569000000,,,,,None,,,,,2.049,1.893,3.197,,,,,,,,0.168,,,2025-10-31,annual,1.06,USD,pre-market,0,,0.0298,0.092,0.149,18.6,0,,,,57.92,60.18,-9.4017,,,,,,,14798000000,,19.35,,62.17,46.43
2025-12-28,D,3.06,15813000000.0,19.35,,0.68,31.27,,,,,,,,,,,,,,,None,7600000000,7600000000,,,,,,None,1191000000,,2.67,0.0452,,,,0.062,-0.11,3442000000,4633000000,1.17,2008-12-31,16.37,,7753000000.0,8295000000,2613000000,953000000,,,None,829000000,None,,None,,,,,1834000000,None,None,None,0.345,,4811000000,3484000000,,,,,None,,,,,2.049,1.893,3.197,,,,,,,,0.168,,,2025-10-31,annual,1.06,USD,pre-market,None,,0.0298,0.092,0.149,18.6,None,,,,57.92,60.18,-9.4017,,,,,,,15895000000,,19.35,,62.17,46.43
2025-12-28,D,3.06,15813000000.0,19.35,,0.68,31.27,,,,,,,,,,,,,,,None,6716000000,6716000000,,,,,,None,1533000000,,2.67,0.0452,,,,0.062,-0.11,1932000000,3465000000,1.17,2007-12-31,16.37,,7753000000.0,8958000000,4488000000,1783000000,,,None,941000000,None,,None,,,,,2539000000,None,None,None,0.345,,7026000000,1932000000,,,,,None,,,,,2.049,1.893,3.197,,,,,,,,0.168,,,2025-10-31,annual,1.06,USD,pre-market,None,,0.0298,0.092,0.149,18.6,None,,,,57.92,60.18,-9.4017,,,,,,,15674000000,,19.35,,62.17,46.43
2025-12-28,D,3.06,15813000000.0,19.35,,0.68,31.27,,,,,,,,,,,,,,,None,6654000000,6654000000,,,,,,None,1739000000,,2.67,0.0452,,,,0.062,-0.11,3318000000,5057000000,1.17,2006-12-31,16.37,,7753000000.0,9643000000,2457000000,927000000,,,None,1030000000,None,,None,,,,,1380000000,None,None,None,0.345,,6325000000,3318000000,,,,,None,,,,,2.049,1.893,3.197,,,,,,,,0.168,,,2025-10-31,annual,1.06,USD,pre-market,None,,0.0298,0.092,0.149,18.6,None,,,,57.92,60.18,-9.4017,,,,,,,16297000000,,19.35,,62.17,46.43
2025-12-28,D,3.06,15813000000.0,19.35,,0.68,31.27,,,,,,,,,,,,,,,None,9115000000,9115000000,,,,,,None,1538000000,,2.67,0.0452,,,,0.062,-0.11,2387000000,3925000000,1.17,2005-12-31,16.37,,7753000000.0,8694000000,1606000000,573000000,,,None,966000000,None,,None,,,,,1033000000,None,None,None,0.345,,6307000000,2387000000,,,,,None,,,,,2.049,1.893,3.197,,,,,,,,0.168,,,2025-10-31,annual,1.06,USD,pre-market,None,,0.0298,0.092,0.149,18.6,None,,,,57.92,60.18,-9.4017,,,,,,,17809000000,,19.35,,62.17,46.43
2025-12-28,D,3.06,15813000000.0,19.35,None,0.68,31.27,,None,1066000000,1066000000,,,,,,,,,24506000000,855400000,None,9115000000,9115000000,1007000000,None,5258000000,2538000000,None,None,1538000000,,2.67,0.0452,,,,0.062,-0.11,2387000000,3925000000,1.17,2025-09-30,16.37,4143000000,7753000000.0,8694000000,1606000000,573000000,1455000000,1455000000,None,966000000,None,1894000000,None,None,43291000000,None,9456000000,1033000000,None,None,None,0.345,,6307000000,2387000000,2724000000,3466000000,None,8759000000,None,,,,,2.049,1.893,3.197,,,,,,,,0.168,,None,2025-10-31,quarterly,1.06,USD,pre-market,None,2333000000,0.0298,0.092,0.149,18.6,None,48549000000,5258000000,None,57.92,60.18,-9.4017,111597000000,8222000000,9731000000,79871000000,103375000000,70140000000,17809000000,27691000000,19.35,None,62.17,46.43
2025-12-28,D,3.06,15813000000.0,19.35,None,0.68,31.27,,None,344000000,344000000,,,,,,,,,24463000000,852200000,None,9115000000,9115000000,1015000000,None,6067000000,2569000000,None,None,1538000000,,2.67,0.0452,,,,0.062,-0.11,2387000000,3925000000,1.17,2025-06-30,16.37,4143000000,7753000000.0,8694000000,1606000000,573000000,None,None,None,966000000,None,1826000000,None,None,40294000000,None,8939000000,1033000000,None,None,None,0.345,,6307000000,2387000000,2217000000,3365000000,None,8621000000,None,,,,,2.049,1.893,3.197,,,,,,,,0.168,,None,2025-10-31,quarterly,1.06,USD,pre-market,None,1906000000,0.0298,0.092,0.149,18.6,None,46361000000,6067000000,None,57.92,60.18,-9.4017,107441000000,6956000000,10447000000,76569000000,100485000000,66122000000,17809000000,27215000000,19.35,None,62.17,46.43
2025-12-28,D,3.06,15813000000.0,19.35,None,0.68,31.27,,None,355000000,355000000,,,,,,,,,24424000000,852200000,None,9115000000,9115000000,995000000,None,4154000000,2368000000,None,None,1538000000,,2.67,0.0452,,,,0.062,-0.11,2387000000,3925000000,1.17,2025-03-31,16.37,4143000000,7753000000.0,8694000000,1606000000,573000000,None,None,None,966000000,None,1765000000,None,None,39949000000,None,8371000000,1033000000,None,None,None,0.345,,6307000000,2387000000,1918000000,3629000000,None,8702000000,None,,,,,2.049,1.893,3.197,,,,,,,,0.168,,None,2025-10-31,quarterly,1.06,USD,pre-market,None,2102000000,0.0298,0.092,0.149,18.6,None,44103000000,4154000000,None,57.92,60.18,-9.4017,104555000000,6406000000,8778000000,73833000000,98149000000,65055000000,17809000000,27365000000,19.35,None,62.17,46.43
2025-12-28,D,3.06,15813000000.0,19.35,None,0.68,31.27,,214000000,310000000,310000000,,,,,,,,,24383000000,852000000,None,9115000000,9115000000,1149000000,None,4225000000,2527000000,None,None,1538000000,,2.67,0.0452,,,,0.062,-0.11,2387000000,3925000000,1.17,2024-12-31,16.37,4143000000,7753000000.0,8694000000,1606000000,573000000,1136000000,1136000000,None,966000000,None,1764000000,None,None,37311000000,None,8550000000,1033000000,None,None,None,0.345,,6307000000,2387000000,2012000000,3915000000,None,1352000000,None,,,,,2.049,1.893,3.197,,,,,,,,0.168,,None,2025-10-31,quarterly,1.06,USD,pre-market,None,2035000000,0.0298,0.092,0.149,18.6,None,41750000000,4225000000,None,57.92,60.18,-9.4017,102415000000,6613000000,9289000000,72223000000,95802000000,62934000000,17809000000,27253000000,19.35,None,62.17,46.43
2025-12-28,D,3.06,15813000000.0,19.35,None,0.68,31.27,,None,1776000000,1776000000,,,,,,,,,23854000000,839300000,None,9115000000,9115000000,937000000,None,5924000000,2347000000,None,None,1538000000,,2.67,0.0452,,,,0.062,-0.11,2387000000,3925000000,1.17,2024-09-30,16.37,4143000000,7753000000.0,8694000000,1606000000,573000000,None,None,None,966000000,None,1717000000,None,None,37101000000,None,8499000000,1033000000,None,None,None,0.345,,6307000000,2387000000,2151000000,3971000000,None,1296000000,None,,,,,2.049,1.893,3.197,,,,,,,,0.168,,None,2025-10-31,quarterly,1.06,USD,pre-market,None,3983000000,0.0298,0.092,0.149,18.6,None,43025000000,5924000000,7665000000,57.92,60.18,-9.4017,99820000000,7991000000,10832000000,72289000000,91829000000,61457000000,17809000000,27531000000,19.35,None,62.17,46.43
2025-12-28,D,3.06,15813000000.0,19.35,None,0.68,31.27,,None,139000000,139000000,,,,,,,,,23809000000,838300000,None,9115000000,9115000000,917000000,None,4962000000,2494000000,None,None,1538000000,,2.67,0.0452,,,,0.062,-0.11,2387000000,3925000000,1.17,2024-06-30,16.37,4143000000,7753000000.0,8694000000,1606000000,573000000,None,None,None,966000000,None,1758000000,None,None,36617000000,None,8084000000,1033000000,None,None,None,0.345,,6307000000,2387000000,6361000000,5627000000,None,1774000000,None,,,,,2.049,1.893,3.197,,,,,,,,0.168,,None,2025-10-31,quarterly,1.06,USD,pre-market,None,3603000000,0.0298,0.092,0.149,18.6,None,41579000000,4962000000,None,57.92,60.18,-9.4017,100417000000,10752000000,11506000000,73344000000,89665000000,61838000000,17809000000,27073000000,19.35,None,62.17,46.43
2025-12-28,D,3.06,15813000000.0,19.35,None,0.68,31.27,,None,265000000,265000000,,,,,,,,,23763000000,837600000,None,9115000000,9115000000,721000000,None,6420000000,2389000000,None,None,1538000000,,2.67,0.0452,,,,0.062,-0.11,2387000000,3925000000,1.17,2024-03-31,16.37,4143000000,7753000000.0,8694000000,1606000000,573000000,None,None,None,966000000,None,1719000000,None,None,35064000000,None,7894000000,1033000000,None,None,None,0.345,,6307000000,2387000000,11816000000,8277000000,None,7549000000,None,,,,,2.049,1.893,3.197,,,,,,,,0.168,,None,2025-10-31,quarterly,1.06,USD,pre-market,None,3619000000,0.0298,0.092,0.149,18.6,None,41484000000,6420000000,None,57.92,60.18,-9.4017,102005000000,16189000000,15418000000,74584000000,85816000000,59166000000,17809000000,27421000000,19.35,None,62.17,46.43
2025-12-28,D,3.06,15813000000.0,19.35,None,0.68,31.27,,192000000,184000000,184000000,,,,,,,,,23728000000,838000000,None,9115000000,9115000000,921000000,None,10995000000,2509000000,None,None,1538000000,,2.67,0.0452,,,,0.062,-0.11,2387000000,3925000000,1.17,2023-12-31,16.37,4143000000,7753000000.0,8694000000,1606000000,573000000,945000000,945000000,None,966000000,None,1698000000,None,None,33056000000,None,7538000000,1033000000,None,None,None,0.345,,6307000000,2387000000,21044000000,12560000000,None,1434000000,None,,,,,2.049,1.893,3.197,,,,,,,,0.168,,None,2025-10-31,quarterly,1.06,USD,pre-market,None,3524000000,0.0298,0.092,0.149,18.6,None,44243000000,10995000000,None,57.92,60.18,-9.4017,109032000000,25435000000,24476000000,81513000000,83645000000,57037000000,17809000000,27529000000,19.35,None,62.17,46.43
2025-12-28,D,3.06,15813000000.0,19.35,None,0.68,31.27,,None,137000000,137000000,,,,,,,,,23720000000,836800000,None,9115000000,9115000000,756000000,None,8832000000,2560000000,None,None,1538000000,,2.67,0.0452,,,,0.062,-0.11,2387000000,3925000000,1.17,2023-09-30,16.37,4143000000,7753000000.0,8694000000,1606000000,573000000,None,None,None,966000000,None,1633000000,None,None,33057000000,None,6972000000,1033000000,None,None,None,0.345,,6307000000,2387000000,20349000000,12045000000,None,7655000000,None,,,,,2.049,1.893,3.197,,,,,,,,0.168,,56161000000,2025-10-31,quarterly,1.06,USD,pre-market,None,4090000000,0.0298,0.092,0.149,18.6,None,41889000000,8832000000,536000000,57.92,60.18,-9.4017,105943000000,24679000000,21633000000,77915000000,81264000000,56282000000,17809000000,28028000000,19.35,None,62.17,46.43
2025-12-28,D,3.06,15813000000.0,19.35,-28545000000,0.68,31.27,,None,137000000,137000000,,,,,,,,,23704000000,836200000,None,9115000000,9115000000,997000000,None,9374000000,2895000000,None,None,1538000000,,2.67,0.0452,,,,0.062,-0.11,2387000000,3925000000,1.17,2023-06-30,16.37,7295000000,7753000000.0,8694000000,1606000000,573000000,None,None,None,966000000,None,1826000000,None,None,39223000000,None,9952000000,1033000000,None,None,None,0.345,,6307000000,2387000000,3119000000,3615000000,None,24427000000,None,,,,,2.049,1.893,3.197,,,,,,,,0.168,,66543000000,2025-10-31,quarterly,1.06,USD,pre-market,None,4507000000,0.0298,0.092,0.149,18.6,None,48597000000,9374000000,131000000,57.92,60.18,-9.4017,106064000000,7977000000,13986000000,77636000000,98087000000,63650000000,17809000000,28428000000,19.35,None,62.17,46.43
2025-12-28,D,3.06,15813000000.0,19.35,-28123000000,0.68,31.27,,None,1792000000,1792000000,,,,,,,,,23652000000,835500000,None,9115000000,9115000000,1125000000,None,7898000000,2835000000,None,None,1538000000,,2.67,0.0452,,,,0.062,-0.11,2387000000,3925000000,1.17,2023-03-31,16.37,7295000000,7753000000.0,8694000000,1606000000,573000000,None,None,None,966000000,None,1746000000,None,None,40158000000,None,9664000000,1033000000,None,None,None,0.345,,6307000000,2387000000,3232000000,3739000000,None,24049000000,None,,,,,2.049,1.893,3.197,,,,,,,,0.168,,64625000000,2025-10-31,quarterly,1.06,USD,pre-market,None,4486000000,0.0298,0.092,0.149,18.6,None,48056000000,7898000000,106000000,57.92,60.18,-9.4017,105325000000,9605000000,12762000000,76969000000,95720000000,64207000000,17809000000,28356000000,19.35,None,62.17,46.43
2025-12-28,D,3.06,15813000000.0,19.35,-27742000000,0.68,31.27,,91000000,119000000,119000000,,,,,,,,,23605000000,835000000,None,9115000000,9115000000,1163000000,None,6764000000,2532000000,None,None,1538000000,,2.67,0.0452,,,,0.062,-0.11,2387000000,3925000000,1.17,2022-12-31,16.37,4143000000,7753000000.0,8694000000,1606000000,573000000,813000000,813000000,None,966000000,None,1528000000,None,None,38914000000,None,9359000000,1033000000,None,None,None,0.345,,6307000000,2387000000,5671000000,5527000000,None,1359000000,None,,,,,2.049,1.893,3.197,,,,,,,,0.168,,63460000000,2025-10-31,quarterly,1.06,USD,pre-market,None,3843000000,0.0298,0.092,0.149,18.6,None,41203000000,6760000000,605000000,57.92,60.18,-9.4017,104795000000,9850000000,13450000000,77136000000,94945000000,63686000000,17809000000,27659000000,19.35,None,62.17,46.43
2025-12-28,D,3.06,15813000000.0,19.35,-27891000000,0.68,31.27,,None,163000000,163000000,,,,,,,,,23480000000,833200000,None,9115000000,9115000000,1105000000,None,5832000000,2445000000,None,None,1538000000,,2.67,0.0452,,,,0.062,-0.11,2387000000,3925000000,1.17,2022-09-30,16.37,7295000000,7753000000.0,8694000000,1606000000,573000000,None,None,None,966000000,None,1766000000,None,None,38162000000,None,10713000000,1033000000,None,None,None,0.345,,6307000000,2387000000,4325000000,5235000000,None,24628000000,None,,,,,2.049,1.893,3.197,,,,,,,,0.168,,62894000000,2025-10-31,quarterly,1.06,USD,pre-market,None,4684000000,0.0298,0.092,0.149,18.6,None,43994000000,5832000000,54000000,57.92,60.18,-9.4017,103535000000,8699000000,12172000000,74962000000,94836000000,62790000000,17809000000,28573000000,19.35,None,62.17,46.43
2025-12-28,D,3.06,15813000000.0,19.35,-27431000000,0.68,31.27,,None,272000000,272000000,,,,,,,,,23427000000,818400000,None,9115000000,9115000000,1130000000,None,5625000000,2522000000,None,None,1538000000,,2.67,0.0452,,,,0.062,-0.11,2387000000,3925000000,1.17,2022-06-30,16.37,7297000000,7753000000.0,8694000000,1606000000,573000000,None,None,None,966000000,None,1584000000,None,None,38259000000,None,9201000000,1033000000,None,None,None,0.345,,6307000000,2387000000,5010000000,6411000000,None,7012000000,None,,,,,2.049,1.893,3.197,,,,,,,,0.168,,61264000000,2025-10-31,quarterly,1.06,USD,pre-market,None,4483000000,0.0298,0.092,0.149,18.6,None,43884000000,5625000000,2000000000,57.92,60.18,-9.4017,103678000000,11388000000,13166000000,75381000000,92290000000,62215000000,17809000000,28297000000,19.35,None,62.17,46.43
2025-12-28,D,3.06,15813000000.0,19.35,-26986000000,0.68,31.27,,None,444000000,444000000,,,,,,,,,21657000000,832000000,None,9115000000,9115000000,1090000000,None,5098000000,2505000000,None,None,1538000000,,2.67,0.0452,,,,0.062,-0.11,2387000000,3925000000,1.17,2022-03-31,16.37,7297000000,7753000000.0,8694000000,1606000000,573000000,None,None,None,966000000,None,1512000000,None,None,36659000000,None,10944000000,1033000000,None,None,None,0.345,,6307000000,2387000000,3922000000,4393000000,None,24482000000,None,,,,,2.049,1.893,3.197,,,,,,,,0.168,,60121000000,2025-10-31,quarterly,1.06,USD,pre-market,None,5516000000,0.0298,0.092,0.149,18.6,None,41757000000,5098000000,53000000,57.92,60.18,-9.4017,100852000000,8383000000,10581000000,73332000000,92469000000,62751000000,17809000000,27520000000,19.35,None,62.17,46.43
2025-12-28,D,3.06,15813000000.0,19.35,-26729000000,0.68,31.27,,None,283000000,283000000,,,,,,,,,21610000000,811000000,None,9115000000,9115000000,1197000000,None,3155000000,2568000000,None,None,1538000000,,2.67,0.0452,,,,0.062,-0.11,2387000000,3925000000,1.17,2021-12-31,16.37,7405000000,7753000000.0,8694000000,1606000000,573000000,784000000,784000000,None,966000000,None,1631000000,None,None,37426000000,None,11276000000,1033000000,None,None,None,0.345,,6307000000,2387000000,2787000000,4321000000,None,24573000000,None,,,,,2.049,1.893,3.197,,,,,,,,0.168,,59774000000,2025-10-31,quarterly,1.06,USD,pre-market,None,5373000000,0.0298,0.092,0.149,18.6,None,40581000000,3155000000,18000000,57.92,60.18,-9.4017,99590000000,7269000000,8673000000,72282000000,92321000000,63609000000,17809000000,27308000000,19.35,None,62.17,46.43
2025-12-28,D,3.06,15813000000.0,19.35,-26352000000,0.68,31.27,,None,180000000,180000000,,,,,,,,,21573000000,810000000,None,9115000000,9115000000,851000000,None,6730000000,2059000000,None,None,1538000000,,2.67,0.0452,,,,0.062,-0.11,2387000000,3925000000,1.17,2021-09-30,16.37,7405000000,7753000000.0,8694000000,1606000000,573000000,None,None,None,966000000,None,1593000000,None,None,34775000000,None,10817000000,1033000000,None,None,None,0.345,,6307000000,2387000000,5466000000,5642000000,None,24574000000,None,,,,,2.049,1.893,3.197,,,,,,,,0.168,,58386000000,2025-10-31,quarterly,1.06,USD,pre-market,None,4562000000,0.0298,0.092,0.149,18.6,None,41505000000,6730000000,None,57.92,60.18,-9.4017,99804000000,9298000000,13223000000,72572000000,90506000000,59349000000,17809000000,26906000000,19.35,None,62.17,46.43
2025-12-28,D,3.06,15813000000.0,19.35,-26067000000,0.68,31.27,,None,240000000,240000000,,,,,,,,,21369000000,806600000,None,9115000000,9115000000,774000000,None,5124000000,1975000000,None,None,1538000000,,2.67,0.0452,,,,0.062,-0.11,2387000000,3925000000,1.17,2021-06-30,16.37,7405000000,7753000000.0,8694000000,1606000000,573000000,None,None,None,966000000,None,1538000000,None,None,34585000000,None,10856000000,1033000000,None,None,None,0.345,,6307000000,2387000000,3170000000,5778000000,None,8265000000,None,,,,,2.049,1.893,3.197,,,,,,,,0.168,,59226000000,2025-10-31,quarterly,1.06,USD,pre-market,None,4434000000,0.0298,0.092,0.149,18.6,None,39709000000,5124000000,None,57.92,60.18,-9.4017,97963000000,6923000000,11676000000,71079000000,91040000000,59403000000,17809000000,26550000000,19.35,None,62.17,46.43
2025-12-28,D,3.06,15813000000.0,19.35,-25614000000,0.68,31.27,,None,477000000,477000000,,,,,,,,,21310000000,805900000,None,9115000000,9115000000,848000000,None,5454000000,2080000000,None,None,1538000000,,2.67,0.0452,,,,0.062,-0.11,2387000000,3925000000,1.17,2021-03-31,16.37,7381000000,7753000000.0,8694000000,1606000000,573000000,None,None,None,966000000,None,1476000000,None,None,33248000000,None,10493000000,1033000000,None,None,None,0.345,,6307000000,2387000000,2629000000,5534000000,None,24581000000,None,,,,,2.049,1.893,3.197,,,,,,,,0.168,,58421000000,2025-10-31,quarterly,1.06,USD,pre-market,None,4673000000,0.0298,0.092,0.149,18.6,None,38702000000,5454000000,2949000000,57.92,60.18,-9.4017,96703000000,6662000000,11836000000,69665000000,90041000000,57829000000,17809000000,26699000000,19.35,None,62.17,46.43
2025-12-28,D,3.06,15813000000.0,19.35,-25111000000,0.68,31.27,,None,172000000,172000000,,,,,,,,,21258000000,812800000,None,9115000000,9115000000,944000000,None,3057000000,2507000000,None,None,1538000000,,2.67,0.0452,,,,0.062,-0.11,2387000000,3925000000,1.17,2020-12-31,16.37,7381000000,7753000000.0,8694000000,1606000000,573000000,765000000,765000000,None,966000000,None,1550000000,None,None,33957000000,None,10238000000,1033000000,None,None,None,0.345,,6307000000,2387000000,2657000000,6842000000,None,24644000000,None,,,,,2.049,1.893,3.197,,,,,,,,0.168,,57848000000,2025-10-31,quarterly,1.06,USD,pre-market,None,4189000000,0.0298,0.092,0.149,18.6,None,37014000000,3057000000,2934000000,57.92,60.18,-9.4017,95905000000,6886000000,10843000000,69444000000,89019000000,58601000000,17809000000,26117000000,19.35,None,62.17,46.43
2025-12-28,D,3.06,15813000000.0,19.35,-24941000000,0.68,31.27,,None,413000000,413000000,,,,,,,,,21930000000,833800000,None,9115000000,9115000000,738000000,None,5253000000,2176000000,None,None,1538000000,,2.67,0.0452,,,,0.062,-0.11,2387000000,3925000000,1.17,2020-09-30,16.37,7395000000,7753000000.0,8694000000,1606000000,573000000,None,None,None,966000000,None,1565000000,None,None,33145000000,None,6890000000,1033000000,None,None,None,0.345,,6307000000,2387000000,15675000000,11569000000,None,25764000000,None,,,,,2.049,1.893,3.197,,,,,,,,0.168,,56788000000,2025-10-31,quarterly,1.06,USD,pre-market,None,4035000000,0.0298,0.092,0.149,18.6,None,38398000000,5253000000,None,57.92,60.18,-9.4017,104535000000,19829000000,17560000000,76469000000,84706000000,58909000000,17809000000,26336000000,19.35,None,62.17,46.43
2025-12-28,D,3.06,15813000000.0,19.35,-28547000000,0.68,31.27,,444000000,675000000,675000000,,,,,,,,,23984000000,840000000,None,9115000000,9115000000,797000000,None,3410000000,2273000000,None,None,1538000000,,2.67,0.0452,,,,0.062,-0.11,2387000000,3925000000,1.17,2020-06-30,16.37,8946000000,7753000000.0,8694000000,1606000000,573000000,None,None,None,966000000,None,1735000000,None,None,37146000000,None,6984000000,1033000000,None,None,None,0.345,,6307000000,2387000000,1441000000,5330000000,None,26161000000,None,,,,,2.049,1.893,3.197,,,,,,,,0.168,,67980000000,2025-10-31,quarterly,1.06,USD,pre-market,None,4480000000,0.0298,0.092,0.149,18.6,None,40556000000,3410000000,None,57.92,60.18,-9.4017,103728000000,6124000000,9537000000,72844000000,97604000000,63307000000,17809000000,28871000000,19.35,None,62.17,46.43
2025-12-28,D,3.06,15813000000.0,19.35,-27945000000,0.68,31.27,,111000000,1192000000,1192000000,,,,,,,,,23902000000,838200000,None,9115000000,9115000000,842000000,None,5109000000,2425000000,None,None,1538000000,,2.67,0.0452,,,,0.062,-0.11,2387000000,3925000000,1.17,2020-03-31,16.37,8946000000,7753000000.0,8694000000,1606000000,573000000,None,None,None,966000000,None,1677000000,None,None,34615000000,None,7575000000,1033000000,None,None,None,0.345,,6307000000,2387000000,1242000000,4497000000,None,26311000000,None,,,,,2.049,1.893,3.197,,,,,,,,0.168,,67396000000,2025-10-31,quarterly,1.06,USD,pre-market,None,6455000000,0.0298,0.092,0.149,18.6,None,39724000000,5109000000,11000000,57.92,60.18,-9.4017,104126000000,6536000000,10448000000,71374000000,97590000000,60926000000,17809000000,30726000000,19.35,None,62.17,46.43
2025-12-28,D,3.06,15813000000.0,19.35,None,0.68,31.27,,105000000,135000000,135000000,,,,,,,,,23824000000,838000000,None,9115000000,9115000000,1023000000,None,4073000000,2425000000,None,None,1538000000,,2.67,0.0452,,,,0.062,-0.11,2387000000,3925000000,1.17,2019-12-31,16.37,8946000000,7753000000.0,8694000000,1606000000,573000000,791000000,791000000,None,966000000,None,1616000000,None,None,33824000000,None,6192000000,1033000000,None,None,None,0.345,,6307000000,2387000000,1952000000,5606000000,None,1517000000,None,,,,,2.049,1.893,3.197,,,,,,,,0.168,,69082000000,2025-10-31,quarterly,1.06,USD,pre-market,None,7576000000,0.0298,0.092,0.149,18.6,None,32414000000,3311000000,None,57.92,60.18,-9.4017,103823000000,6096000000,9939000000,69790000000,97735000000,59850000000,17809000000,31994000000,19.35,None,62.17,46.43
2025-12-28,D,3.06,15813000000.0,19.35,-28144000000,0.68,31.27,,394000000,378000000,378000000,,,,,,,,,22131000000,813000000,None,9115000000,9115000000,791000000,None,7244000000,2335000000,None,None,1538000000,,2.67,0.0452,,,,0.062,-0.11,2387000000,3925000000,1.17,2019-09-30,16.37,8986000000,7753000000.0,8694000000,1606000000,573000000,773000000,773000000,None,966000000,None,1800000000,None,None,33635000000,None,7757000000,1033000000,None,None,None,0.345,,6307000000,2387000000,1756000000,4156000000,None,26576000000,None,,,,,2.049,1.893,3.197,,,,,,,,0.168,,67978000000,2025-10-31,quarterly,1.06,USD,pre-market,None,7336000000,0.0298,0.092,0.149,18.6,None,41273000000,7244000000,2000000,57.92,60.18,-9.4017,102359000000,6269000000,12191000000,72402000000,96090000000,60211000000,17809000000,29286000000,19.35,None,62.17,46.43
2025-12-28,D,3.06,15813000000.0,19.35,-27732000000,0.68,31.27,,404000000,382000000,382000000,,,,,,,,,20660000000,802600000,None,9115000000,9115000000,787000000,None,4911000000,2096000000,None,None,1538000000,,2.67,0.0452,,,,0.062,-0.11,2387000000,3925000000,1.17,2019-06-30,16.37,8985000000,7753000000.0,8694000000,1606000000,573000000,878000000,878000000,None,966000000,None,1724000000,None,None,36648000000,None,7596000000,1033000000,None,None,None,0.345,,6307000000,2387000000,1525000000,3805000000,None,26290000000,None,,,,,2.049,1.893,3.197,,,,,,,,0.168,,67141000000,2025-10-31,quarterly,1.06,USD,pre-market,None,7124000000,0.0298,0.092,0.149,18.6,None,41963000000,4911000000,None,57.92,60.18,-9.4017,100822000000,5727000000,9503000000,72441000000,95095000000,62938000000,17809000000,27697000000,19.35,None,62.17,46.43
2025-12-28,D,3.06,15813000000.0,19.35,-26918000000,0.68,31.27,,418000000,422000000,422000000,,,,,,,,,20834000000,793100000,None,9115000000,9115000000,920000000,None,5492000000,2439000000,None,None,1538000000,,2.67,0.0452,,,,0.062,-0.11,2387000000,3925000000,1.17,2019-03-31,16.37,8960000000,7753000000.0,8694000000,1606000000,573000000,887000000,887000000,None,966000000,None,1657000000,None,None,36861000000,None,7370000000,1033000000,None,None,None,0.345,,6307000000,2387000000,1457000000,3364000000,None,25818000000,None,,,,,2.049,1.893,3.197,,,,,,,,0.168,,66567000000,2025-10-31,quarterly,1.06,USD,pre-market,None,7806000000,0.0298,0.092,0.149,18.6,None,42771000000,5492000000,2000000,57.92,60.18,-9.4017,100054000000,5975000000,9776000000,72455000000,94079000000,62679000000,17809000000,26909000000,19.35,None,62.17,46.43
2025-12-28,D,3.06,15813000000.0,19.35,-22018000000,0.68,31.27,,None,268000000,268000000,,,,,,,,,12588000000,681000000,None,9115000000,9115000000,914000000,None,3650000000,2080000000,None,None,1538000000,,2.67,0.0452,,,,0.062,-0.11,2387000000,3925000000,1.17,2018-12-31,16.37,6410000000,7753000000.0,8694000000,1606000000,573000000,670000000,670000000,None,966000000,None,1418000000,None,None,31144000000,None,6560000000,1033000000,None,None,None,0.345,,6307000000,2387000000,1395000000,2702000000,None,17075000000,None,,,,,2.049,1.893,3.197,,,,,,,,0.168,,54560000000,2025-10-31,quarterly,1.06,USD,pre-market,None,9219000000,0.0298,0.092,0.149,18.6,None,35175000000,4031000000,14000000,57.92,60.18,-9.4017,77914000000,5161000000,7647000000,55866000000,72753000000,48219000000,17809000000,20107000000,19.35,None,62.17,46.43
2025-12-28,D,3.06,15813000000.0,19.35,-22005000000,0.68,31.27,,None,310000000,310000000,,,,,,,,,10862000000,655000000,None,9115000000,9115000000,587000000,None,3111000000,1671000000,None,None,1538000000,,2.67,0.0452,,,,0.062,-0.11,2387000000,3925000000,1.17,2018-09-30,16.37,6410000000,7753000000.0,8694000000,1606000000,573000000,6410000000,6410000000,None,966000000,None,1455000000,None,None,32188000000,None,7627000000,1033000000,None,None,None,0.345,,6307000000,2387000000,2266000000,2589000000,None,17256000000,None,,,,,2.049,1.893,3.197,,,,,,,,0.168,,54185000000,2025-10-31,quarterly,1.06,USD,pre-market,None,9128000000,0.0298,0.092,0.149,18.6,None,38224000000,6036000000,58000000,57.92,60.18,-9.4017,79082000000,5702000000,9212000000,58656000000,73380000000,49444000000,17809000000,18470000000,19.35,0,62.17,46.43
2025-12-28,D,3.06,15813000000.0,19.35,-21854000000,0.68,31.27,,None,190000000,190000000,,,,,,,,,10782000000,653100000,None,9115000000,9115000000,660000000,None,2950000000,1643000000,None,None,1538000000,,2.67,0.0452,,,,0.062,-0.11,2387000000,3925000000,1.17,2018-06-30,16.37,6405000000,7753000000.0,8694000000,1606000000,573000000,6405000000,6405000000,None,966000000,None,1429000000,None,None,32115000000,None,7208000000,1033000000,None,None,None,0.345,,6307000000,2387000000,1348000000,2563000000,None,17006000000,None,,,,,2.049,1.893,3.197,,,,,,,,0.168,,54604000000,2025-10-31,quarterly,1.06,USD,pre-market,None,8820000000,0.0298,0.092,0.149,18.6,None,37810000000,5695000000,0,57.92,60.18,-9.4017,78075000000,4610000000,8918000000,58039000000,73465000000,49121000000,17809000000,18064000000,19.35,0,62.17,46.43
2025-12-28,D,3.06,15813000000.0,19.35,-21503000000,0.68,31.27,,None,189000000,189000000,,,,,,,,,10316000000,653246753,None,9115000000,9115000000,702000000,None,3622000000,1751000000,None,None,1538000000,,2.67,0.0452,,,,0.062,-0.11,2387000000,3925000000,1.17,2018-03-31,16.37,6405000000,7753000000.0,8694000000,1606000000,573000000,6405000000,6405000000,None,966000000,None,1367000000,None,None,31120000000,None,7032000000,1033000000,None,None,None,0.345,,6307000000,2387000000,974000000,2321000000,None,16853000000,None,,,,,2.049,1.893,3.197,,,,,,,,0.168,,54129000000,2025-10-31,quarterly,1.06,USD,pre-market,None,8924000000,0.0298,0.092,0.149,18.6,None,37436000000,6316000000,16000000,57.92,60.18,-9.4017,77354000000,4281000000,9339000000,57312000000,73073000000,47973000000,17809000000,17689000000,19.35,0,62.17,46.43
2025-12-28,D,3.06,15813000000.0,19.35,-21065000000,0.68,31.27,,None,120000000,120000000,,,,,,,,,9865000000,645000000,None,9115000000,9115000000,875000000,None,3131000000,1786000000,None,None,1538000000,,2.67,0.0452,,,,0.062,-0.11,2387000000,3925000000,1.17,2017-12-31,16.37,6405000000,7753000000.0,8694000000,1606000000,573000000,685000000,685000000,None,966000000,None,1477000000,None,None,30948000000,None,6964000000,1033000000,None,None,None,0.345,,6307000000,2387000000,951000000,2385000000,None,16631000000,None,,,,,2.049,1.893,3.197,,,,,,,,0.168,,53758000000,2025-10-31,quarterly,1.06,USD,pre-market,None,7936000000,0.0298,0.092,0.149,18.6,None,37324000000,6376000000,6000000,57.92,60.18,-9.4017,76585000000,4334000000,9636000000,57215000000,72251000000,47579000000,17809000000,17142000000,19.35,0,62.17,46.43
2025-12-28,D,3.06,15813000000.0,19.35,-20799000000,0.68,31.27,,None,227000000,227000000,,,,,,,,,9789000000,645631068,None,9115000000,9115000000,757000000,None,2809000000,1504000000,None,None,1538000000,,2.67,0.0452,,,,0.062,-0.11,2387000000,3925000000,1.17,2017-09-30,16.37,6405000000,7753000000.0,8694000000,1606000000,573000000,6405000000,6405000000,None,966000000,None,1527000000,None,None,30886000000,None,7096000000,1033000000,None,None,None,0.345,,6307000000,2387000000,736000000,1954000000,None,17444000000,None,,,,,2.049,1.893,3.197,,,,,,,,0.168,,52811000000,2025-10-31,quarterly,1.06,USD,pre-market,None,7119000000,0.0298,0.092,0.149,18.6,None,36734000000,5848000000,9000000,57.92,60.18,-9.4017,75391000000,3994000000,8559000000,56889000000,71397000000,48330000000,17809000000,16280000000,19.35,0,62.17,46.43
2025-12-28,D,3.06,15813000000.0,19.35,-20415000000,0.68,31.27,,None,260000000,260000000,,,,,,,,,8717000000,629200000,None,9115000000,9115000000,695000000,None,37122000000,1395000000,None,None,1538000000,,2.67,0.0452,,,,0.062,-0.11,2387000000,3925000000,1.17,2017-06-30,16.37,6399000000,7753000000.0,8694000000,1606000000,573000000,6399000000,6399000000,None,966000000,None,1469000000,None,None,30155000000,None,6858000000,1033000000,None,None,None,0.345,,6307000000,2387000000,787000000,1924000000,None,17040000000,None,,,,,2.049,1.893,3.197,,,,,,,,0.168,,51748000000,2025-10-31,quarterly,1.06,USD,pre-market,None,6938000000,0.0298,0.092,0.149,18.6,None,37038000000,6883000000,5000000,57.92,60.18,-9.4017,73902000000,3911000000,9502000000,56697000000,69991000000,47195000000,17809000000,14973000000,19.35,0,62.17,46.43
2025-12-28,D,3.06,15813000000.0,19.35,-20012000000,0.68,31.27,,None,486000000,486000000,,,,,,,,,8629000000,628100000,None,9115000000,9115000000,724000000,None,5018000000,1570000000,None,None,1538000000,,2.67,0.0452,,,,0.062,-0.11,2387000000,3925000000,1.17,2017-03-31,16.37,6399000000,7753000000.0,8694000000,1606000000,573000000,6399000000,6399000000,None,966000000,None,1453000000,None,None,31096000000,None,6674000000,1033000000,None,None,None,0.345,,6307000000,2387000000,776000000,2100000000,None,None,None,,,,,2.049,1.893,3.197,,,,,,,,0.168,,50716000000,2025-10-31,quarterly,1.06,USD,pre-market,None,7023000000,0.0298,0.092,0.149,18.6,None,36114000000,5018000000,19000000,57.92,60.18,-9.4017,72852000000,4285000000,7842000000,55671000000,68567000000,47829000000,17809000000,14917000000,19.35,0,62.17,46.43
2025-12-28,D,3.06,15813000000.0,19.35,-19592000000,0.68,31.27,,None,261000000,261000000,,,,,,,,,8550000000,628000000,None,9115000000,9115000000,1000000000,None,1742000000,1706000000,None,None,1538000000,,2.67,0.0452,,,,0.062,-0.11,2387000000,3925000000,1.17,2016-12-31,16.37,6399000000,7753000000.0,8694000000,1606000000,573000000,618000000,618000000,None,966000000,None,1524000000,None,None,30231000000,None,6343000000,1033000000,None,None,None,0.345,,6307000000,2387000000,757000000,2251000000,None,16424000000,None,,,,,2.049,1.893,3.197,,,,,,,,0.168,,49964000000,2025-10-31,quarterly,1.06,USD,pre-market,None,6854000000,0.0298,0.092,0.149,18.6,None,35095000000,4864000000,10000000,57.92,60.18,-9.4017,71610000000,4248000000,8115000000,54770000000,67362000000,46655000000,17809000000,14605000000,19.35,0,62.17,46.43
2025-12-28,D,3.06,15813000000.0,19.35,-19394000000,0.68,31.27,,None,251000000,251000000,,,,,,,,,8592000000,627272727,None,9115000000,9115000000,685000000,None,6028000000,1392000000,None,None,1538000000,,2.67,0.0452,,,,0.062,-0.11,2387000000,3925000000,1.17,2016-09-30,16.37,6405000000,7753000000.0,8694000000,1606000000,573000000,6405000000,6405000000,None,966000000,None,1516000000,None,None,28707000000,None,6224000000,1033000000,None,None,None,0.345,,6307000000,2387000000,640000000,2314000000,None,None,None,,,,,2.049,1.893,3.197,,,,,,,,0.168,,48888000000,2025-10-31,quarterly,1.06,USD,pre-market,None,6837000000,0.0298,0.092,0.149,18.6,None,34735000000,6028000000,9000000,57.92,60.18,-9.4017,69599000000,3799000000,9027000000,53407000000,65800000000,44380000000,17809000000,14958000000,19.35,0,62.17,46.43
2025-12-28,D,3.06,15813000000.0,19.35,-16808000000,0.68,31.27,,None,377000000,377000000,,,,,,,,,8160000000,617000000,None,9115000000,9115000000,589000000,None,4785000000,1279000000,None,None,1538000000,,2.67,0.0452,,,,0.062,-0.11,2387000000,3925000000,1.17,2016-06-30,16.37,3294000000,7753000000.0,8694000000,1606000000,573000000,3294000000,3294000000,None,966000000,None,1351000000,None,None,24787000000,None,5980000000,1033000000,None,None,None,0.345,,6307000000,2387000000,1136000000,1892000000,None,None,None,,,,,2.049,1.893,3.197,,,,,,,,0.168,,43682000000,2025-10-31,quarterly,1.06,USD,pre-market,None,6585000000,0.0298,0.092,0.149,18.6,None,29572000000,4785000000,4000000,57.92,60.18,-9.4017,61369000000,4143000000,7266000000,45917000000,57226000000,38651000000,17809000000,14252000000,19.35,0,62.17,46.43
2025-12-28,D,3.06,15813000000.0,19.35,-16531000000,0.68,31.27,,None,218000000,218000000,,,,,,,,,6778000000,598200000,None,9115000000,9115000000,670000000,None,4802000000,1328000000,None,None,1538000000,,2.67,0.0452,,,,0.062,-0.11,2387000000,3925000000,1.17,2016-03-31,16.37,3294000000,7753000000.0,8694000000,1606000000,573000000,3294000000,3294000000,None,966000000,None,1304000000,None,None,24186000000,None,5853000000,1033000000,None,None,None,0.345,,6307000000,2387000000,861000000,2046000000,None,None,None,,,,,2.049,1.893,3.197,,,,,,,,0.168,,42623000000,2025-10-31,quarterly,1.06,USD,pre-market,None,6565000000,0.0298,0.092,0.149,18.6,None,28988000000,4802000000,16000000,57.92,60.18,-9.4017,59505000000,3711000000,7518000000,45490000000,55794000000,37972000000,17809000000,12880000000,19.35,0,62.17,46.43
2025-12-28,D,3.06,15813000000.0,19.35,-16222000000,0.68,31.27,,None,607000000,607000000,,,,,,,,,6680000000,596600000,None,9115000000,9115000000,726000000,None,1989000000,1369000000,None,None,1538000000,,2.67,0.0452,,,,0.062,-0.11,2387000000,3925000000,1.17,2015-12-31,16.37,3294000000,7753000000.0,8694000000,1606000000,573000000,570000000,570000000,None,966000000,None,1348000000,None,None,23616000000,None,5774000000,1033000000,None,None,None,0.345,,6307000000,2387000000,865000000,2059000000,None,13459000000,None,,,,,2.049,1.893,3.197,,,,,,,,0.168,,41554000000,2025-10-31,quarterly,1.06,USD,pre-market,None,6458000000,0.0298,0.092,0.149,18.6,None,28802000000,5334000000,3000000,57.92,60.18,-9.4017,58797000000,4189000000,8120000000,45046000000,54606000000,36927000000,17809000000,12664000000,19.35,0,62.17,46.43
2025-12-28,D,3.06,15813000000.0,19.35,-16067000000,0.68,31.27,,None,238000000,238000000,,,,,,,,,6606000000,595500000,None,9115000000,9115000000,705000000,None,None,1433000000,None,None,1538000000,,2.67,0.0452,,,,0.062,-0.11,2387000000,3925000000,1.17,2015-09-30,16.37,3294000000,7753000000.0,8694000000,1606000000,573000000,3294000000,3294000000,None,966000000,None,1310000000,None,None,23245000000,None,5624000000,1033000000,None,None,None,0.345,,6307000000,2387000000,1142000000,1958000000,None,None,None,,,,,2.049,1.893,3.197,,,,,,,,0.168,,39781000000,2025-10-31,quarterly,1.06,USD,pre-market,None,6487000000,0.0298,0.092,0.149,18.6,None,27328000000,4083000000,11000000,57.92,60.18,-9.4017,56599000000,4123000000,6746000000,43323000000,52476000000,36577000000,17809000000,12592000000,19.35,0,62.17,46.43
2025-12-28,D,3.06,15813000000.0,19.35,-15780000000,0.68,31.27,,None,271000000,271000000,,,,,,,,,6530000000,592500000,None,9115000000,9115000000,842000000,None,None,1440000000,None,None,1538000000,,2.67,0.0452,,,,0.062,-0.11,2387000000,3925000000,1.17,2015-06-30,16.37,3294000000,7753000000.0,8694000000,1606000000,573000000,3294000000,3294000000,None,966000000,None,1260000000,None,None,23054000000,None,5585000000,1033000000,None,None,None,0.345,,6307000000,2387000000,1481000000,1962000000,None,None,None,,,,,2.049,1.893,3.197,,,,,,,,0.168,,38668000000,2025-10-31,quarterly,1.06,USD,pre-market,None,6278000000,0.0298,0.092,0.149,18.6,None,26986000000,3932000000,1000000,57.92,60.18,-9.4017,55942000000,4452000000,6736000000,43087000000,51490000000,36351000000,17809000000,12422000000,19.35,0,62.17,46.43
2025-12-28,D,3.06,15813000000.0,19.35,-15494000000,0.68,31.27,,None,275000000,275000000,,,,,,,,,6170000000,589900000,None,9115000000,9115000000,945000000,None,None,1702000000,None,None,1538000000,,2.67,0.0452,,,,0.062,-0.11,2387000000,3925000000,1.17,2015-03-31,16.37,3294000000,7753000000.0,8694000000,1606000000,573000000,3294000000,3294000000,None,966000000,None,1227000000,None,None,21353000000,None,5617000000,1033000000,None,None,None,0.345,,6307000000,2387000000,1849000000,2054000000,None,None,None,,,,,2.049,1.893,3.197,,,,,,,,0.168,,37226000000,2025-10-31,quarterly,1.06,USD,pre-market,None,6250000000,0.0298,0.092,0.149,18.6,None,26375000000,5022000000,13000000,57.92,60.18,-9.4017,55156000000,5053000000,8021000000,42740000000,50103000000,34719000000,17809000000,12011000000,19.35,0,62.17,46.43
2025-12-28,D,3.06,15813000000.0,19.35,-15136000000,0.68,31.27,,None,318000000,318000000,,,,,,,,,5876000000,587900000,None,9115000000,9115000000,952000000,None,1475000000,1633000000,None,None,1538000000,,2.67,0.0452,,,,0.062,-0.11,2387000000,3925000000,1.17,2014-12-31,16.37,3044000000,7753000000.0,8694000000,1606000000,573000000,570000000,570000000,None,966000000,None,1410000000,None,None,21805000000,None,5561000000,1033000000,None,None,None,0.345,,6307000000,2387000000,2254000000,2096000000,None,13367000000,None,,,,,2.049,1.893,3.197,,,,,,,,0.168,,36270000000,2025-10-31,quarterly,1.06,USD,pre-market,None,6095000000,0.0298,0.092,0.149,18.6,None,25955000000,4150000000,13000000,57.92,60.18,-9.4017,54327000000,5615000000,7198000000,42370000000,48712000000,35172000000,17809000000,11555000000,19.35,0,62.17,46.43
2025-12-28,D,3.06,15813000000.0,19.35,-15048000000,0.68,31.27,,None,218000000,218000000,,,,,,,,,5788000000,584600000,None,9115000000,9115000000,848000000,None,None,1464000000,None,None,1538000000,,2.67,0.0452,,,,0.062,-0.11,2387000000,3925000000,1.17,2014-09-30,16.37,3044000000,7753000000.0,8694000000,1606000000,573000000,3044000000,3044000000,None,966000000,None,1385000000,None,None,20666000000,None,5477000000,1033000000,None,None,None,0.345,,6307000000,2387000000,2379000000,2511000000,None,None,None,,,,,2.049,1.893,3.197,,,,,,,,0.168,,34884000000,2025-10-31,quarterly,1.06,USD,pre-market,None,6202000000,0.0298,0.092,0.149,18.6,None,24886000000,4220000000,49000000,57.92,60.18,-9.4017,52279000000,5446000000,7579000000,40706000000,46833000000,33127000000,17809000000,11573000000,19.35,0,62.17,46.43
2025-12-28,D,3.06,15813000000.0,19.35,-14811000000,0.68,31.27,,None,419000000,419000000,,,,,,,,,5861000000,583900000,None,9115000000,9115000000,852000000,None,None,1637000000,None,None,1538000000,,2.67,0.0452,,,,0.062,-0.11,2387000000,3925000000,1.17,2014-06-30,16.37,3044000000,7753000000.0,8694000000,1606000000,573000000,3044000000,3044000000,None,966000000,None,1261000000,None,None,20473000000,None,5458000000,1033000000,None,None,None,0.345,,6307000000,2387000000,2244000000,2446000000,None,None,None,,,,,2.049,1.893,3.197,,,,,,,,0.168,,33887000000,2025-10-31,quarterly,1.06,USD,pre-market,None,6023000000,0.0298,0.092,0.149,18.6,None,24418000000,3945000000,34000000,57.92,60.18,-9.4017,51499000000,5561000000,7243000000,39932000000,45938000000,32689000000,17809000000,11567000000,19.35,0,62.17,46.43
2025-12-28,D,3.06,15813000000.0,19.35,-14596000000,0.68,31.27,,None,228000000,228000000,,,,,,,,,5785000000,582900000,None,9115000000,9115000000,1143000000,None,None,1972000000,None,None,1538000000,,2.67,0.0452,,,,0.062,-0.11,2387000000,3925000000,1.17,2014-03-31,16.37,3046000000,7753000000.0,8694000000,1606000000,573000000,3046000000,3046000000,None,966000000,None,1013000000,None,None,20458000000,None,5317000000,1033000000,None,None,None,0.345,,6307000000,2387000000,2265000000,2320000000,None,None,None,,,,,2.049,1.893,3.197,,,,,,,,0.168,,33127000000,2025-10-31,quarterly,1.06,USD,pre-market,None,6213000000,0.0298,0.092,0.149,18.6,None,23346000000,2888000000,62000000,57.92,60.18,-9.4017,50586000000,5478000000,6351000000,38887000000,45108000000,32536000000,17809000000,11699000000,19.35,0,62.17,46.43
2025-12-28,D,3.06,15813000000.0,19.35,-14341000000,0.68,31.27,,None,316000000,316000000,,,,,,,,,5783000000,581600000,None,9115000000,9115000000,1168000000,None,None,1836000000,None,None,1538000000,,2.67,0.0452,,,,0.062,-0.11,2387000000,3925000000,1.17,2013-12-31,16.37,3086000000,7753000000.0,8694000000,1606000000,573000000,560000000,560000000,None,966000000,None,1176000000,None,None,19330000000,None,5102000000,1033000000,None,None,None,0.345,,6307000000,2387000000,2612000000,2380000000,None,11873000000,None,,,,,2.049,1.893,3.197,,,,,,,,0.168,,32628000000,2025-10-31,quarterly,1.06,USD,pre-market,None,6183000000,0.0298,0.092,0.149,18.6,None,22776000000,3446000000,116000000,57.92,60.18,-9.4017,50096000000,5940000000,6994000000,38454000000,44156000000,31460000000,17809000000,11642000000,19.35,0,62.17,46.43
2025-12-28,D,3.06,15813000000.0,19.35,-14241000000,0.68,31.27,,None,287000000,287000000,,,,,,,,,5699000000,580100000,None,9115000000,9115000000,980000000,None,None,1602000000,None,None,1538000000,,2.67,0.0452,,,,0.062,-0.11,2387000000,3925000000,1.17,2013-09-30,16.37,3087000000,7753000000.0,8694000000,1606000000,573000000,3087000000,3087000000,None,966000000,None,1210000000,None,None,18548000000,None,4876000000,1033000000,None,None,None,0.345,,6307000000,2387000000,2111000000,2196000000,None,None,None,,,,,2.049,1.893,3.197,,,,,,,,0.168,,31861000000,2025-10-31,quarterly,1.06,USD,pre-market,None,6079000000,0.0298,0.092,0.149,18.6,None,21825000000,3277000000,90000000,57.92,60.18,-9.4017,48488000000,5210000000,6453000000,37246000000,43278000000,30793000000,17809000000,11242000000,19.35,0,62.17,46.43
2025-12-28,D,3.06,15813000000.0,19.35,-14013000000,0.68,31.27,,None,190000000,190000000,,,,,,,,,5650000000,578900000,None,9115000000,9115000000,909000000,None,None,1647000000,None,None,1538000000,,2.67,0.0452,,,,0.062,-0.11,2387000000,3925000000,1.17,2013-06-30,16.37,3125000000,7753000000.0,8694000000,1606000000,573000000,3125000000,3125000000,None,966000000,None,1154000000,None,None,18043000000,None,4387000000,1033000000,None,None,None,0.345,,6307000000,2387000000,2739000000,2429000000,None,None,None,,,,,2.049,1.893,3.197,,,,,,,,0.168,,31554000000,2025-10-31,quarterly,1.06,USD,pre-market,None,5836000000,0.0298,0.092,0.149,18.6,None,22082000000,4039000000,0,57.92,60.18,-9.4017,48426000000,5863000000,7377000000,37366000000,42563000000,29989000000,17809000000,11003000000,19.35,0,62.17,46.43
2025-12-28,D,3.06,15813000000.0,19.35,None,0.68,31.27,,None,35000000,35000000,,,,,,,,,5571000000,577500000,None,9115000000,9115000000,950000000,None,None,1831000000,None,None,1538000000,,2.67,0.0452,,,,0.062,-0.11,2387000000,3925000000,1.17,2013-03-31,16.37,3128000000,7753000000.0,8694000000,1606000000,573000000,3128000000,3128000000,None,966000000,None,1039000000,None,None,17277000000,None,None,1033000000,None,None,None,0.345,,6307000000,2387000000,2170000000,1974000000,None,None,None,,,,,2.049,1.893,3.197,,,,,,,,0.168,,30909000000,2025-10-31,quarterly,1.06,USD,pre-market,None,5961000000,0.0298,0.092,0.149,18.6,None,21325000000,4048000000,0,57.92,60.18,-9.4017,47116000000,5148000000,6972000000,36188000000,41968000000,29216000000,17809000000,10868000000,19.35,0,62.17,46.43
2025-12-28,D,3.06,15813000000.0,19.35,None,0.68,31.27,,None,248000000,248000000,,,,,,,,,5493000000,576600000,None,9115000000,9115000000,1137000000,None,None,1717000000,None,None,1538000000,,2.67,0.0452,,,,0.062,-0.11,2387000000,3925000000,1.17,2012-12-31,16.37,3130000000,7753000000.0,8694000000,1606000000,573000000,536000000,536000000,None,966000000,None,1259000000,None,None,16851000000,None,None,1033000000,None,None,None,0.345,,6307000000,2387000000,1916000000,1991000000,None,None,None,,,,,2.049,1.893,3.197,,,,,,,,0.168,,30773000000,2025-10-31,quarterly,1.06,USD,pre-market,None,5790000000,0.0298,0.092,0.149,18.6,None,21486000000,4635000000,36000000,57.92,60.18,-9.4017,46838000000,5140000000,7763000000,36213000000,41698000000,28450000000,17809000000,10568000000,19.35,0,62.17,46.43
2025-12-28,D,3.06,15813000000.0,19.35,None,0.68,31.27,,None,81000000,81000000,,,,,,,,,5738000000,574700000,None,9115000000,9115000000,1020000000,None,None,1679000000,None,None,1538000000,,2.67,0.0452,,,,0.062,-0.11,2387000000,3925000000,1.17,2012-09-30,16.37,3141000000,7753000000.0,8694000000,1606000000,573000000,3141000000,3141000000,None,966000000,None,1257000000,None,None,17144000000,None,None,1033000000,None,None,None,0.345,,6307000000,2387000000,1598000000,1985000000,None,None,None,,,,,2.049,1.893,3.197,,,,,,,,0.168,,31523000000,2025-10-31,quarterly,1.06,USD,pre-market,None,6753000000,0.0298,0.092,0.149,18.6,None,20701000000,3557000000,38000000,57.92,60.18,-9.4017,46886000000,4653000000,6562000000,35008000000,42233000000,28446000000,17809000000,11818000000,19.35,0,62.17,46.43
2025-12-28,D,3.06,15813000000.0,19.35,None,0.68,31.27,,None,162000000,162000000,,,,,,,,,5351000000,573100000,None,9115000000,9115000000,917000000,None,None,1678000000,None,None,1538000000,,2.67,0.0452,,,,0.062,-0.11,2387000000,3925000000,1.17,2012-06-30,16.37,3141000000,7753000000.0,8694000000,1606000000,573000000,3141000000,3141000000,None,966000000,None,1251000000,None,None,17003000000,None,None,1033000000,None,None,None,0.345,,6307000000,2387000000,1621000000,2218000000,None,None,None,,,,,2.049,1.893,3.197,,,,,,,,0.168,,30921000000,2025-10-31,quarterly,1.06,USD,pre-market,None,6847000000,0.0298,0.092,0.149,18.6,None,20674000000,3671000000,0,57.92,60.18,-9.4017,46416000000,4712000000,6806000000,34463000000,41704000000,27657000000,17809000000,11896000000,19.35,0,62.17,46.43
2025-12-28,D,3.06,15813000000.0,19.35,None,0.68,31.27,,None,133000000,133000000,,,,,,,,,5256000000,571900000,None,9115000000,9115000000,935000000,None,None,1712000000,None,None,1538000000,,2.67,0.0452,,,,0.062,-0.11,2387000000,3925000000,1.17,2012-03-31,16.37,3141000000,7753000000.0,8694000000,1606000000,573000000,3141000000,3141000000,None,966000000,None,1249000000,None,None,17079000000,None,None,1033000000,None,None,None,0.345,,6307000000,2387000000,1925000000,2531000000,None,None,None,,,,,2.049,1.893,3.197,,,,,,,,0.168,,30288000000,2025-10-31,quarterly,1.06,USD,pre-market,None,6891000000,0.0298,0.092,0.149,18.6,None,20267000000,3188000000,0,57.92,60.18,-9.4017,46093000000,5019000000,6654000000,34124000000,41074000000,27470000000,17809000000,11909000000,19.35,0,62.17,46.43
2025-12-28,D,3.06,15813000000.0,19.35,None,0.68,31.27,,None,102000000,102000000,,,,,,,,,5180000000,570500000,None,9115000000,9115000000,1250000000,None,None,2035000000,None,None,1538000000,,2.67,0.0452,,,,0.062,-0.11,2387000000,3925000000,1.17,2011-12-31,16.37,3141000000,7753000000.0,8694000000,1606000000,573000000,637000000,637000000,None,966000000,None,1348000000,None,None,17394000000,None,None,1033000000,None,None,None,0.345,,6307000000,2387000000,1945000000,2419000000,None,None,None,,,,,2.049,1.893,3.197,,,,,,,,0.168,,29670000000,2025-10-31,quarterly,1.06,USD,pre-market,None,6697000000,0.0298,0.092,0.149,18.6,None,20687000000,3293000000,0,57.92,60.18,-9.4017,45614000000,5430000000,6962000000,34111000000,40184000000,27149000000,17809000000,11446000000,19.35,0,62.17,46.43
2025-12-28,D,3.06,15813000000.0,19.35,None,0.68,31.27,,None,212000000,212000000,,,,,,,,,5171000000,571200000,None,9115000000,9115000000,1138000000,None,None,1874000000,None,None,1538000000,,2.67,0.0452,,,,0.062,-0.11,2387000000,3925000000,1.17,2011-09-30,16.37,3141000000,7753000000.0,8694000000,1606000000,573000000,3141000000,3141000000,None,966000000,None,1326000000,None,None,17153000000,None,None,1033000000,None,None,None,0.345,,6307000000,2387000000,1855000000,2248000000,None,None,None,,,,,2.049,1.893,3.197,,,,,,,,0.168,,28411000000,2025-10-31,quarterly,1.06,USD,pre-market,None,6778000000,0.0298,0.092,0.149,18.6,None,19263000000,2110000000,0,57.92,60.18,-9.4017,44030000000,5267000000,5496000000,32398000000,38763000000,26902000000,17809000000,11632000000,19.35,0,62.17,46.43
2025-12-28,D,3.06,15813000000.0,19.35,None,0.68,31.27,,None,80000000,80000000,,,,,,,,,5150000000,575200000,None,9115000000,9115000000,1125000000,None,None,1998000000,None,None,1538000000,,2.67,0.0452,,,,0.062,-0.11,2387000000,3925000000,1.17,2011-06-30,16.37,3141000000,7753000000.0,8694000000,1606000000,573000000,3141000000,3141000000,None,966000000,None,1194000000,None,None,16500000000,None,None,1033000000,None,None,None,0.345,,6307000000,2387000000,1690000000,1790000000,None,None,None,,,,,2.049,1.893,3.197,,,,,,,,0.168,,27651000000,2025-10-31,quarterly,1.06,USD,pre-market,None,6665000000,0.0298,0.092,0.149,18.6,None,19099000000,2599000000,0,57.92,60.18,-9.4017,43411000000,4962000000,5514000000,31731000000,38449000000,26217000000,17809000000,11680000000,19.35,0,62.17,46.43
2025-12-28,D,3.06,15813000000.0,19.35,None,0.68,31.27,,None,188000000,188000000,,,,,,,,,5464000000,580500000,None,9115000000,9115000000,1189000000,None,None,1953000000,None,None,1538000000,,2.67,0.0452,,,,0.062,-0.11,2387000000,3925000000,1.17,2011-03-31,16.37,3141000000,7753000000.0,8694000000,1606000000,573000000,3141000000,3141000000,None,966000000,None,1044000000,None,None,16798000000,None,None,1033000000,None,None,None,0.345,,6307000000,2387000000,1747000000,1967000000,None,None,None,,,,,2.049,1.893,3.197,,,,,,,,0.168,,27082000000,2025-10-31,quarterly,1.06,USD,pre-market,None,6612000000,0.0298,0.092,0.149,18.6,None,18143000000,1345000000,0,57.92,60.18,-9.4017,42777000000,4932000000,4501000000,30834000000,37845000000,26333000000,17809000000,11943000000,19.35,0,62.17,46.43
2025-12-28,D,3.06,15813000000.0,19.35,None,0.68,31.27,,None,62000000,62000000,,,,,,,,,5715000000,579800000,None,9115000000,9115000000,1562000000,None,None,2246000000,None,None,1538000000,,2.67,0.0452,,,,0.062,-0.11,2387000000,3925000000,1.17,2010-12-31,16.37,3141000000,7753000000.0,8694000000,1606000000,573000000,642000000,642000000,None,966000000,None,1163000000,None,None,15758000000,None,None,1033000000,None,None,None,0.345,,6307000000,2387000000,1929000000,2328000000,None,None,None,,,,,2.049,1.893,3.197,,,,,,,,0.168,,26713000000,2025-10-31,quarterly,1.06,USD,pre-market,None,6418000000,0.0298,0.092,0.149,18.6,None,17641000000,1883000000,0,57.92,60.18,-9.4017,42817000000,5400000000,5773000000,30820000000,37417000000,25047000000,17809000000,11997000000,19.35,0,62.17,46.43
2025-12-28,D,3.06,15813000000.0,19.35,None,0.68,31.27,,None,446000000,446000000,,,,,,,,,5702000000,586400000,None,9115000000,9115000000,1342000000,None,None,1825000000,None,None,1538000000,,2.67,0.0452,,,,0.062,-0.11,2387000000,3925000000,1.17,2010-09-30,16.37,3141000000,7753000000.0,8694000000,1606000000,573000000,3141000000,3141000000,None,966000000,None,1222000000,None,None,16023000000,None,None,1033000000,None,None,None,0.345,,6307000000,2387000000,2502000000,-1151000000,None,None,None,,,,,2.049,1.893,3.197,,,,,,,,0.168,,26056000000,2025-10-31,quarterly,1.06,USD,pre-market,None,6386000000,0.0298,0.092,0.149,18.6,None,16123000000,100000000,0,57.92,60.18,-9.4017,42229000000,5995000000,4927000000,29877000000,36234000000,24950000000,17809000000,12352000000,19.35,0,62.17,46.43
2025-12-28,D,3.06,15813000000.0,19.35,None,0.68,31.27,,None,411000000,411000000,,,,,,,,,6079000000,591400000,None,9115000000,9115000000,1286000000,None,None,1874000000,None,None,1538000000,,2.67,0.0452,,,,0.062,-0.11,2387000000,3925000000,1.17,2010-06-30,16.37,3141000000,7753000000.0,8694000000,1606000000,573000000,3141000000,3141000000,None,966000000,None,1107000000,None,None,15349000000,None,None,1033000000,None,None,None,0.345,,6307000000,2387000000,1054000000,2407000000,None,None,None,,,,,2.049,1.893,3.197,,,,,,,,0.168,,25458000000,2025-10-31,quarterly,1.06,USD,pre-market,None,6077000000,0.0298,0.092,0.149,18.6,None,16244000000,895000000,1929000000,57.92,60.18,-9.4017,41788000000,6375000000,5671000000,29642000000,35413000000,23971000000,17809000000,12146000000,19.35,0,62.17,46.43
2025-12-28,D,3.06,15813000000.0,19.35,None,0.68,31.27,,None,85000000,85000000,,,,,,,,,6369000000,600900000,None,9115000000,9115000000,1324000000,None,None,2060000000,None,None,1538000000,,2.67,0.0452,,,,0.062,-0.11,2387000000,3925000000,1.17,2010-03-31,16.37,3275000000,7753000000.0,8694000000,1606000000,573000000,3275000000,3275000000,None,966000000,None,984000000,None,None,15364000000,None,None,1033000000,None,None,None,0.345,,6307000000,2387000000,1266000000,3619000000,None,None,None,,,,,2.049,1.893,3.197,,,,,,,,0.168,,26038000000,2025-10-31,quarterly,1.06,USD,pre-market,None,4585000000,0.0298,0.092,0.149,18.6,None,16913000000,1549000000,1638000000,57.92,60.18,-9.4017,42163000000,6033000000,6492000000,31112000000,36130000000,24620000000,17809000000,11051000000,19.35,0,62.17,46.43
2025-12-28,D,3.06,15813000000.0,19.35,None,0.68,31.27,,None,48000000,48000000,,,,,,,,,6525000000,599900000,None,9115000000,9115000000,1401000000,None,None,2180000000,None,None,1538000000,,2.67,0.0452,,,,0.062,-0.11,2387000000,3925000000,1.17,2009-12-31,16.37,3354000000,7753000000.0,8694000000,1606000000,573000000,693000000,693000000,None,966000000,None,1185000000,None,None,15481000000,None,None,1033000000,None,None,None,0.345,,6307000000,2387000000,3404000000,3000000000,None,None,None,,,,,2.049,1.893,3.197,,,,,,,,0.168,,25592000000,2025-10-31,quarterly,1.06,USD,pre-market,None,4686000000,0.0298,0.092,0.149,18.6,None,17913000000,2432000000,1128000000,57.92,60.18,-9.4017,42554000000,6817000000,6833000000,31369000000,35737000000,24536000000,17809000000,11185000000,19.35,0,62.17,46.43
2025-12-28,D,3.06,15813000000.0,19.35,None,0.68,31.27,,None,50000000,50000000,,,,,,,,,6443000000,596300000,None,9115000000,9115000000,1046000000,None,None,1865000000,None,None,1538000000,,2.67,0.0452,,,,0.062,-0.11,2387000000,3925000000,1.17,2009-09-30,16.37,3503000000,7753000000.0,8694000000,1606000000,573000000,3503000000,3503000000,None,966000000,None,1178000000,None,None,16223000000,None,None,1033000000,None,None,None,0.345,,6307000000,2387000000,2260000000,3044000000,None,None,None,,,,,2.049,1.893,3.197,,,,,,,,0.168,,24683000000,2025-10-31,quarterly,1.06,USD,pre-market,None,4956000000,0.0298,0.092,0.149,18.6,None,17581000000,1358000000,1498000000,57.92,60.18,-9.4017,42087000000,6851000000,5448000000,30760000000,35236000000,25312000000,17809000000,11327000000,19.35,0,62.17,46.43
2025-12-28,D,3.06,15813000000.0,19.35,None,0.68,31.27,,None,64000000,64000000,,,,,,,,,6370000000,594000000,None,9115000000,9115000000,1008000000,None,None,2014000000,None,None,1538000000,,2.67,0.0452,,,,0.062,-0.11,2387000000,3925000000,1.17,2009-06-30,16.37,3503000000,7753000000.0,8694000000,1606000000,573000000,3503000000,3503000000,None,966000000,None,1077000000,None,None,15707000000,None,None,1033000000,None,None,None,0.345,,6307000000,2387000000,2469000000,3178000000,None,None,None,,,,,2.049,1.893,3.197,,,,,,,,0.168,,23874000000,2025-10-31,quarterly,1.06,USD,pre-market,None,4623000000,0.0298,0.092,0.149,18.6,None,17495000000,1788000000,1487000000,57.92,60.18,-9.4017,41497000000,7111000000,5974000000,30487000000,34386000000,24513000000,17809000000,11010000000,19.35,0,62.17,46.43
2025-12-28,D,3.06,15813000000.0,19.35,None,0.68,31.27,,None,141000000,141000000,,,,,,,,,6204000000,585700000,None,9115000000,9115000000,1263000000,None,None,2450000000,None,None,1538000000,,2.67,0.0452,,,,0.062,-0.11,2387000000,3925000000,1.17,2009-03-31,16.37,3503000000,7753000000.0,8694000000,1606000000,573000000,3503000000,3503000000,None,966000000,None,888000000,None,None,14899000000,None,None,1033000000,None,None,None,0.345,,6307000000,2387000000,2218000000,3680000000,None,None,None,,,,,2.049,1.893,3.197,,,,,,,,0.168,,23353000000,2025-10-31,quarterly,1.06,USD,pre-market,None,4417000000,0.0298,0.092,0.149,18.6,None,16962000000,2063000000,1595000000,57.92,60.18,-9.4017,41687000000,7292000000,7006000000,30978000000,34395000000,23972000000,17809000000,10709000000,19.35,None,62.17,46.43
2025-12-28,D,3.06,15813000000.0,19.35,None,0.68,31.27,,None,66000000,66000000,,,,,,,,,5994000000,585300000,None,9115000000,9115000000,1499000000,None,None,2559000000,None,None,1538000000,,2.67,0.0452,,,,0.062,-0.11,2387000000,3925000000,1.17,2008-12-31,16.37,3503000000,7753000000.0,8694000000,1606000000,573000000,712000000,712000000,None,966000000,None,1166000000,None,None,14956000000,None,None,1033000000,None,None,None,0.345,,6307000000,2387000000,2373000000,3821000000,None,None,None,,,,,2.049,1.893,3.197,,,,,,,,0.168,,23274000000,2025-10-31,quarterly,1.06,USD,pre-market,None,4170000000,0.0298,0.092,0.149,18.6,None,17430000000,2474000000,1497000000,57.92,60.18,-9.4017,42053000000,7661000000,7794000000,31976000000,34392000000,23925000000,17809000000,10077000000,19.35,None,62.17,46.43
2025-12-28,D,3.06,15813000000.0,19.35,None,0.68,31.27,,None,88000000,88000000,,,,,,,,,5922000,582000000,None,9115000000,9115000000,1507000000,None,None,2085000000,None,None,1538000000,,2.67,0.0452,,,,0.062,-0.11,2387000000,3925000000,1.17,2008-09-30,16.37,2085000000,7753000000.0,8694000000,1606000000,573000000,3503000000,3503000000,None,966000000,None,1231000000,None,None,14117000000,None,None,1033000000,None,None,None,0.345,,6307000000,2387000000,3929000000,3259000000,None,None,None,,,,,2.049,1.893,3.197,,,,,,,,0.168,,22596000000,2025-10-31,quarterly,1.06,USD,pre-market,None,4307000000,0.0298,0.092,0.149,18.6,None,17322000000,3205000000,None,57.92,60.18,-9.4017,41379000000,7333000000,7971000000,30914000000,34046000000,22686000,17809000000,10465000000,19.35,None,62.17,46.43
2025-12-28,D,3.06,15813000000.0,19.35,None,0.68,31.27,,None,88000000,88000000,,,,,,,,,5857000,580700000,None,9115000000,9115000000,567000000,None,None,2044000000,None,None,1538000000,,2.67,0.0452,,,,0.062,-0.11,2387000000,3925000000,1.17,2008-06-30,16.37,2044000000,7753000000.0,8694000000,1606000000,573000000,3496000000,3496000000,None,966000000,None,1038000000,None,None,14204000000,None,None,1033000000,None,None,None,0.345,,6307000000,2387000000,5325000000,5596000000,None,None,None,,,,,2.049,1.893,3.197,,,,,,,,0.168,,22317000000,2025-10-31,quarterly,1.06,USD,pre-market,None,4029000000,0.0298,0.092,0.149,18.6,None,17397000000,3193000000,None,57.92,60.18,-9.4017,42041000000,8495000000,9356000000,33166000000,33546000000,23553000,17809000000,8875000000,19.35,None,62.17,46.43
2025-12-28,D,3.06,15813000000.0,19.35,None,0.68,31.27,,None,79000000,79000000,,,,,,,,,5789000,578400000,None,9115000000,9115000000,1497000000,None,None,2239000000,None,None,1538000000,,2.67,0.0452,,,,0.062,-0.11,2387000000,3925000000,1.17,2008-03-31,16.37,2239000000,7753000000.0,8694000000,1606000000,573000000,3496000000,3496000000,None,966000000,None,838000000,None,None,12811000000,None,None,1033000000,None,None,None,0.345,,6307000000,2387000000,3323000000,3007000000,None,None,None,,,,,2.049,1.893,3.197,,,,,,,,0.168,,21656000000,2025-10-31,quarterly,1.06,USD,pre-market,None,3960000000,0.0298,0.092,0.149,18.6,None,16229000000,3418000000,None,57.92,60.18,-9.4017,39052000000,6479000000,7922000000,29527000000,32573000000,21348000,17809000000,9525000000,19.35,None,62.17,46.43
2025-12-28,D,3.06,15813000000.0,19.35,None,0.68,31.27,,None,283000000,283000000,,,,,,,,,5733000000,576271186,None,9115000000,9115000000,1734000000,None,None,2130000000,None,None,1538000000,,2.67,0.0452,,,,0.062,-0.11,2387000000,3925000000,1.17,2007-12-31,16.37,2130000000,7753000000.0,8694000000,1606000000,573000000,4094000000,4094000000,None,966000000,None,1045000000,None,None,13235000000,None,None,1033000000,None,None,None,0.345,,6307000000,2387000000,3212000000,2792000000,None,None,None,,,,,2.049,1.893,3.197,,,,,,,,0.168,,21352000000,2025-10-31,quarterly,1.06,USD,pre-market,None,3510000000,0.0298,0.092,0.149,18.6,None,16469000000,3234000000,None,57.92,60.18,-9.4017,39123000000,6670000000,7746000000,29705000000,32467000000,21686000000,17809000000,9406000000,19.35,None,62.17,46.43
2025-12-28,D,3.06,15813000000.0,19.35,None,0.68,31.27,,None,469000000,469000000,,,,,,,,,5694000,639600000,None,9115000000,9115000000,1330000000,None,None,1943000000,None,None,1538000000,,2.67,0.0452,,,,0.062,-0.11,2387000000,3925000000,1.17,2007-09-30,16.37,1943000000,7753000000.0,8694000000,1606000000,573000000,3496000000,3496000000,None,966000000,None,1072000000,None,None,12478000000,None,None,1033000000,None,None,None,0.345,,6307000000,2387000000,3319000000,6231000000,None,None,None,,,,,2.049,1.893,3.197,,,,,,,,0.168,,20861000000,2025-10-31,quarterly,1.06,USD,pre-market,None,3438000000,0.0298,0.092,0.149,18.6,None,13277000000,799000000,None,57.92,60.18,-9.4017,38526000000,6803000000,8360000000,29249000000,31723000000,20632000,17809000000,9248000000,19.35,None,62.17,46.43
2025-12-28,D,3.06,15813000000.0,19.35,None,0.68,31.27,,None,40000000,40000000,,,,,,,,,11268000,697368421,None,9115000000,9115000000,1986000000,None,None,2308000000,None,None,1538000000,,2.67,0.0452,,,,0.062,-0.11,2387000000,3925000000,1.17,2007-06-30,16.37,2308000000,7753000000.0,8694000000,1606000000,573000000,4234000000,4234000000,None,966000000,None,926000000,None,None,14336000000,None,None,1033000000,None,None,None,0.345,,6307000000,2387000000,3958000000,3348000000,None,None,None,,,,,2.049,1.893,3.197,,,,,,,,0.168,,29504000000,2025-10-31,quarterly,1.06,USD,pre-market,None,1329000000,0.0298,0.092,0.149,18.6,None,19673000000,5337000000,None,57.92,60.18,-9.4017,48379000000,7232000000,10671000000,35765000000,41147000000,24837000,17809000000,12577000000,19.35,None,62.17,46.43
2025-12-28,D,3.06,15813000000.0,19.35,None,0.68,31.27,,None,103000000,103000000,,,,,,,,,11344000,696923077,None,9115000000,9115000000,2003000000,None,None,2865000000,None,None,1538000000,,2.67,0.0452,,,,0.062,-0.11,2387000000,3925000000,1.17,2007-03-31,16.37,2865000000,7753000000.0,8694000000,1606000000,573000000,4274000000,4274000000,None,966000000,None,749000000,None,None,14321000000,None,None,1033000000,None,None,None,0.345,,6307000000,2387000000,3547000000,3953000000,None,None,None,,,,,2.049,1.893,3.197,,,,,,,,0.168,,29834000000,2025-10-31,quarterly,1.06,USD,pre-market,None,2107000000,0.0298,0.092,0.149,18.6,None,19325000000,5004000000,None,57.92,60.18,-9.4017,48575000000,7264000000,10960000000,35585000000,41311000000,24368000,17809000000,12963000000,19.35,None,62.17,46.43
2025-12-28,D,3.06,15813000000.0,19.35,None,0.68,31.27,,None,138000000,138000000,,,,,,,,,11250000000,696923077,None,9115000000,9115000000,2142000000,None,None,2753000000,None,None,1538000000,,2.67,0.0452,,,,0.062,-0.11,2387000000,3925000000,1.17,2006-12-31,16.37,2753000000,7753000000.0,8694000000,1606000000,573000000,4926000000,4926000000,None,966000000,None,1101000000,None,None,14791000000,None,None,1033000000,None,None,None,0.345,,6307000000,2387000000,4106000000,4277000000,None,None,None,,,,,2.049,1.893,3.197,,,,,,,,0.168,,29382000000,2025-10-31,quarterly,1.06,USD,pre-market,None,1960000000,0.0298,0.092,0.149,18.6,None,19601000000,4810000000,None,57.92,60.18,-9.4017,49269000000,8098000000,11229000000,36333000000,41171000000,20649000000,17809000000,12913000000,19.35,None,62.17,46.43
2025-12-28,D,3.06,15813000000.0,19.35,None,0.68,31.27,,None,126000000,126000000,,,,,,,,,11741000,705945946,None,9115000000,9115000000,2015000000,None,None,2405000000,None,None,1538000000,,2.67,0.0452,,,,0.062,-0.11,2387000000,3925000000,1.17,2006-09-30,16.37,2405000000,7753000000.0,8694000000,1606000000,573000000,4924000000,4924000000,None,966000000,None,1225000000,None,None,14372000000,None,None,1033000000,None,None,None,0.345,,6307000000,2387000000,4269000000,5307000000,None,None,None,,,,,2.049,1.893,3.197,,,,,,,,0.168,,29636000000,2025-10-31,quarterly,1.06,USD,pre-market,None,2172000000,0.0298,0.092,0.149,18.6,None,18674000000,4302000000,None,57.92,60.18,-9.4017,50160000000,8025000000,11624000000,36591000000,42135000000,24710000,17809000000,13548000000,19.35,None,62.17,46.43
2025-12-28,D,3.06,15813000000.0,19.35,None,0.68,31.27,,None,81000000,81000000,,,,,,,,,11672000,700000000,None,9115000000,9115000000,1773000000,None,None,2461000000,None,None,1538000000,,2.67,0.0452,,,,0.062,-0.11,2387000000,3925000000,1.17,2006-06-30,16.37,2461000000,7753000000.0,8694000000,1606000000,573000000,4298000000,4298000000,None,966000000,None,1034000000,None,None,15703000000,None,None,1033000000,None,None,None,0.345,,6307000000,2387000000,4948000000,8238000000,None,None,None,,,,,2.049,1.893,3.197,,,,,,,,0.168,,29519000000,2025-10-31,quarterly,1.06,USD,pre-market,None,1762000000,0.0298,0.092,0.149,18.6,None,16768000000,1065000000,None,57.92,60.18,-9.4017,50668000000,8524000000,11076000000,38285000000,42144000000,27209000,17809000000,12366000000,19.35,None,62.17,46.43
2025-12-28,D,3.06,15813000000.0,19.35,None,0.68,31.27,,None,69000000,69000000,,,,,,,,,11295000000,698039216,None,9115000000,9115000000,1953000000,None,None,2909000000,None,None,1538000000,,2.67,0.0452,,,,0.062,-0.11,2387000000,3925000000,1.17,2006-03-31,16.37,2909000000,7753000000.0,8694000000,1606000000,573000000,4298000000,4298000000,None,966000000,None,1167000000,None,None,15015000000,None,None,1033000000,None,None,None,0.345,,6307000000,2387000000,6029000000,8687000000,None,None,None,,,,,2.049,1.893,3.197,,,,,,,,0.168,,28825000000,2025-10-31,quarterly,1.06,USD,pre-market,None,1844000000,0.0298,0.092,0.149,18.6,None,16418000000,1403000000,None,57.92,60.18,-9.4017,50544000000,9007000000,12043000000,39103000000,41537000000,26803000,17809000000,11441000000,19.35,None,62.17,46.43
2025-12-28,D,3.06,15813000000.0,19.35,None,0.68,31.27,,None,146000000,146000000,,,,,,,,,11286000000,693506494,None,9115000000,9115000000,2756000000,None,None,3561000000,None,None,1538000000,,2.67,0.0452,,,,0.062,-0.11,2387000000,3925000000,1.17,2005-12-31,16.37,None,7753000000.0,8694000000,1606000000,573000000,3561000000,3561000000,None,966000000,None,1167000000,None,None,14653000000,None,None,1033000000,None,None,None,0.345,,6307000000,2387000000,5255000000,7776000000,None,None,None,,,,,2.049,1.893,3.197,,,,,,,,0.168,,28940000000,2025-10-31,quarterly,1.06,USD,pre-market,None,1550000000,0.0298,0.092,0.149,18.6,None,18601000000,3948000000,None,57.92,60.18,-9.4017,52660000000,10129000000,14480000000,42263000000,42531000000,8072000000,17809000000,10397000000,19.35,None,62.17,46.43
2025-12-28,D,3.06,15813000000.0,19.35,None,0.68,31.27,,None,1237000000,1237000000,,,,,,,,,11268000000,750000000,None,9115000000,9115000000,2183000000,None,None,2763000000,None,None,1538000000,,2.67,0.0452,,,,0.062,-0.11,2387000000,3925000000,1.17,2005-09-30,16.37,None,7753000000.0,8694000000,1606000000,573000000,2763000000,2763000000,None,966000000,None,1162000000,None,None,16697000000,None,None,1033000000,None,None,None,0.345,,6307000000,2387000000,7984000000,11122000000,None,None,None,,,,,2.049,1.893,3.197,,,,,,,,0.168,,28547000000,2025-10-31,quarterly,1.06,USD,pre-market,None,1528000000,0.0298,0.092,0.149,18.6,None,18735000000,2038000000,None,57.92,60.18,-9.4017,55589000000,13146000000,15343000000,45556000000,42443000000,30213000000,17809000000,10033000000,19.35,None,62.17,46.43
2025-12-28,D,3.06,15813000000.0,19.35,None,0.68,31.27,,214000000,310000000,310000000,,,,,,,,,24383000000,839400000,None,9115000000,9115000000,1149000000,None,4225000000,2527000000,None,None,1538000000,,2.67,0.0452,,,,0.062,-0.11,2387000000,3925000000,1.17,2024-12-31,16.37,4143000000,7753000000.0,8694000000,1606000000,573000000,1136000000,1136000000,None,966000000,None,1764000000,None,None,37311000000,None,8550000000,1033000000,None,None,None,0.345,,6307000000,2387000000,2012000000,3915000000,None,1352000000,None,,,,,2.049,1.893,3.197,,,,,,,,0.168,,588000000,2025-10-31,annual,1.06,USD,pre-market,None,2035000000,0.0298,0.092,0.149,18.6,None,41750000000,4225000000,None,57.92,60.18,-9.4017,102415000000,6613000000,9289000000,72223000000,95802000000,62934000000,17809000000,27253000000,19.35,None,62.17,46.43
2025-12-28,D,3.06,15813000000.0,19.35,None,0.68,31.27,,192000000,184000000,184000000,,,,,,,,,23728000000,836500000,None,9115000000,9115000000,921000000,None,10995000000,2509000000,None,None,1538000000,,2.67,0.0452,,,,0.062,-0.11,2387000000,3925000000,1.17,2023-12-31,16.37,4143000000,7753000000.0,8694000000,1606000000,573000000,945000000,945000000,None,966000000,None,1698000000,None,None,33056000000,None,7538000000,1033000000,None,None,None,0.345,,6307000000,2387000000,21044000000,12560000000,None,1434000000,None,,,,,2.049,1.893,3.197,,,,,,,,0.168,,578000000,2025-10-31,annual,1.06,USD,pre-market,None,3524000000,0.0298,0.092,0.149,18.6,None,44243000000,10995000000,7184000000,57.92,60.18,-9.4017,109032000000,25435000000,24476000000,81513000000,83645000000,57037000000,17809000000,27529000000,19.35,None,62.17,46.43
2025-12-28,D,3.06,15813000000.0,19.35,-27742000000,0.68,31.27,,91000000,119000000,119000000,,,,,,,,,23605000000,835000000,None,9115000000,9115000000,1163000000,None,6764000000,2532000000,None,None,1538000000,,2.67,0.0452,,,,0.062,-0.11,2387000000,3925000000,1.17,2022-12-31,16.37,4143000000,7753000000.0,8694000000,1606000000,573000000,813000000,813000000,None,966000000,None,1528000000,None,None,38810000000,None,9359000000,1033000000,None,None,None,0.345,,6307000000,2387000000,5671000000,5527000000,None,1359000000,None,,,,,2.049,1.893,3.197,,,,,,,,0.168,,415000000,2025-10-31,annual,1.06,USD,pre-market,None,3843000000,0.0298,0.092,0.149,18.6,None,41203000000,6760000000,605000000,57.92,60.18,-9.4017,104795000000,9850000000,13450000000,77136000000,94945000000,63686000000,17809000000,27659000000,19.35,None,62.17,46.43
2025-12-28,D,3.06,15813000000.0,19.35,-26729000000,0.68,31.27,,None,283000000,283000000,,,,,,,,,21610000000,808500000,None,9115000000,9115000000,1197000000,None,3155000000,2568000000,None,None,1538000000,,2.67,0.0452,,,,0.062,-0.11,2387000000,3925000000,1.17,2021-12-31,16.37,7405000000,7753000000.0,8694000000,1606000000,573000000,784000000,784000000,None,966000000,None,1631000000,None,None,37426000000,None,11276000000,1033000000,None,None,None,0.345,,6307000000,2387000000,2787000000,4321000000,None,24573000000,None,,,,,2.049,1.893,3.197,,,,,,,,0.168,,59774000000,2025-10-31,annual,1.06,USD,pre-market,None,5373000000,0.0298,0.092,0.149,18.6,None,40581000000,3155000000,18000000,57.92,60.18,-9.4017,99590000000,7269000000,8673000000,72282000000,92321000000,63609000000,17809000000,27308000000,19.35,None,62.17,46.43
2025-12-28,D,3.06,15813000000.0,19.35,-25111000000,0.68,31.27,,None,172000000,172000000,,,,,,,,,21258000000,831000000,None,9115000000,9115000000,944000000,None,3057000000,2507000000,None,None,1538000000,,2.67,0.0452,,,,0.062,-0.11,2387000000,3925000000,1.17,2020-12-31,16.37,7381000000,7753000000.0,8694000000,1606000000,573000000,765000000,765000000,None,966000000,None,1550000000,None,None,33957000000,None,10238000000,1033000000,None,None,None,0.345,,6307000000,2387000000,2657000000,6842000000,None,24644000000,None,,,,,2.049,1.893,3.197,,,,,,,,0.168,,57848000000,2025-10-31,annual,1.06,USD,pre-market,None,4189000000,0.0298,0.092,0.149,18.6,None,37014000000,3057000000,2934000000,57.92,60.18,-9.4017,95905000000,6886000000,10843000000,69444000000,89019000000,58601000000,17809000000,26117000000,19.35,None,62.17,46.43
2025-12-28,D,3.06,15813000000.0,19.35,None,0.68,31.27,,105000000,135000000,135000000,,,,,,,,,23824000000,808900000,None,9115000000,9115000000,1023000000,None,4073000000,2425000000,None,None,1538000000,,2.67,0.0452,,,,0.062,-0.11,2387000000,3925000000,1.17,2019-12-31,16.37,8946000000,7753000000.0,8694000000,1606000000,573000000,791000000,791000000,None,966000000,None,1616000000,None,None,33824000000,None,6192000000,1033000000,None,None,None,0.345,,6307000000,2387000000,1920000000,5606000000,None,1517000000,None,,,,,2.049,1.893,3.197,,,,,,,,0.168,,69082000000,2025-10-31,annual,1.06,USD,pre-market,None,7576000000,0.0298,0.092,0.149,18.6,None,32414000000,3311000000,None,57.92,60.18,-9.4017,103823000000,6096000000,9939000000,69790000000,97735000000,59850000000,17809000000,31994000000,19.35,None,62.17,46.43
2025-12-28,D,3.06,15813000000.0,19.35,-22018000000,0.68,31.27,,None,268000000,268000000,,,,,,,,,12588000000,681000000,None,9115000000,9115000000,914000000,None,4031000000,2080000000,None,None,1538000000,,2.67,0.0452,,,,0.062,-0.11,2387000000,3925000000,1.17,2018-12-31,16.37,6410000000,7753000000.0,8694000000,1606000000,573000000,670000000,670000000,None,966000000,None,1418000000,None,None,31144000000,None,6560000000,1033000000,None,None,None,0.345,,6307000000,2387000000,1395000000,2702000000,None,17075000000,None,,,,,2.049,1.893,3.197,,,,,,,,0.168,,54560000000,2025-10-31,annual,1.06,USD,pre-market,None,9219000000,0.0298,0.092,0.149,18.6,None,35175000000,4031000000,14000000,57.92,60.18,-9.4017,77914000000,5161000000,7647000000,55866000000,72753000000,48219000000,17809000000,20107000000,19.35,None,62.17,46.43
2025-12-28,D,3.06,15813000000.0,19.35,-21065000000,0.68,31.27,,None,120000000,120000000,,,,,,,,,9865000000,636000000,None,9115000000,9115000000,875000000,None,6376000000,1786000000,None,None,1538000000,,2.67,0.0452,,,,0.062,-0.11,2387000000,3925000000,1.17,2017-12-31,16.37,6405000000,7753000000.0,8694000000,1606000000,573000000,685000000,685000000,None,966000000,None,1477000000,None,None,30948000000,None,6964000000,1033000000,None,None,None,0.345,,6307000000,2387000000,951000000,2385000000,None,16631000000,None,,,,,2.049,1.893,3.197,,,,,,,,0.168,,53758000000,2025-10-31,annual,1.06,USD,pre-market,None,7936000000,0.0298,0.092,0.149,18.6,None,37324000000,6376000000,6000000,57.92,60.18,-9.4017,76585000000,4334000000,9636000000,57215000000,72251000000,47579000000,17809000000,17142000000,19.35,0,62.17,46.43
2025-12-28,D,3.06,15813000000.0,19.35,-19592000000,0.68,31.27,,None,261000000,261000000,,,,,,,,,8550000000,628000000,None,9115000000,9115000000,1000000000,None,4864000000,1706000000,None,None,1538000000,,2.67,0.0452,,,,0.062,-0.11,2387000000,3925000000,1.17,2016-12-31,16.37,6399000000,7753000000.0,8694000000,1606000000,573000000,618000000,618000000,None,966000000,None,1524000000,None,None,30231000000,None,6343000000,1033000000,None,None,None,0.345,,6307000000,2387000000,757000000,2251000000,None,16424000000,None,,,,,2.049,1.893,3.197,,,,,,,,0.168,,49964000000,2025-10-31,annual,1.06,USD,pre-market,None,6854000000,0.0298,0.092,0.149,18.6,None,35095000000,4864000000,140000000,57.92,60.18,-9.4017,71610000000,4248000000,8115000000,54770000000,67362000000,46655000000,17809000000,14605000000,19.35,0,62.17,46.43
2025-12-28,D,3.06,15813000000.0,19.35,-16222000000,0.68,31.27,,None,607000000,607000000,,,,,,,,,6680000000,593700000,None,9115000000,9115000000,726000000,None,1989000000,1369000000,None,None,1538000000,,2.67,0.0452,,,,0.062,-0.11,2387000000,3925000000,1.17,2015-12-31,16.37,3294000000,7753000000.0,8694000000,1606000000,573000000,570000000,570000000,None,966000000,None,1348000000,None,None,23616000000,None,5774000000,1033000000,None,None,None,0.345,,6307000000,2387000000,865000000,2059000000,None,13459000000,None,,,,,2.049,1.893,3.197,,,,,,,,0.168,,41554000000,2025-10-31,annual,1.06,USD,pre-market,None,6458000000,0.0298,0.092,0.149,18.6,None,28802000000,5334000000,255000000,57.92,60.18,-9.4017,58797000000,4189000000,8120000000,45046000000,54606000000,36927000000,17809000000,12664000000,19.35,0,62.17,46.43
2025-12-28,D,3.06,15813000000.0,19.35,-15136000000,0.68,31.27,,None,318000000,318000000,,,,,,,,,5876000000,584500000,None,9115000000,9115000000,952000000,None,1475000000,1633000000,None,None,1538000000,,2.67,0.0452,,,,0.062,-0.11,2387000000,3925000000,1.17,2014-12-31,16.37,3044000000,7753000000.0,8694000000,1606000000,573000000,570000000,570000000,None,966000000,None,1410000000,None,None,21805000000,None,5561000000,1033000000,None,None,None,0.345,,6307000000,2387000000,2254000000,2096000000,None,13367000000,None,,,,,2.049,1.893,3.197,,,,,,,,0.168,,36270000000,2025-10-31,annual,1.06,USD,pre-market,None,6095000000,0.0298,0.092,0.149,18.6,None,25955000000,4150000000,13000000,57.92,60.18,-9.4017,54327000000,5615000000,7198000000,42370000000,48712000000,35172000000,17809000000,11555000000,19.35,0,62.17,46.43
2025-12-28,D,3.06,15813000000.0,19.35,-14341000000,0.68,31.27,,None,316000000,316000000,,,,,,,,,5783000000,579500000,None,9115000000,9115000000,1168000000,None,None,1836000000,None,None,1538000000,,2.67,0.0452,,,,0.062,-0.11,2387000000,3925000000,1.17,2013-12-31,16.37,3086000000,7753000000.0,8694000000,1606000000,573000000,560000000,560000000,None,966000000,None,1176000000,None,None,19330000000,None,5102000000,1033000000,None,None,None,0.345,,6307000000,2387000000,2612000000,2380000000,None,11873000000,None,,,,,2.049,1.893,3.197,,,,,,,,0.168,,32628000000,2025-10-31,annual,1.06,USD,pre-market,None,6183000000,0.0298,0.092,0.149,18.6,None,22776000000,3446000000,116000000,57.92,60.18,-9.4017,50096000000,5940000000,6994000000,38454000000,44156000000,31460000000,17809000000,11642000000,19.35,0,62.17,46.43
2025-12-28,D,3.06,15813000000.0,19.35,None,0.68,31.27,,None,248000000,248000000,,,,,,,,,5493000000,573900000,None,9115000000,9115000000,1137000000,None,None,1717000000,None,None,1538000000,,2.67,0.0452,,,,0.062,-0.11,2387000000,3925000000,1.17,2012-12-31,16.37,3130000000,7753000000.0,8694000000,1606000000,573000000,536000000,536000000,None,966000000,None,1259000000,None,None,16851000000,None,None,1033000000,None,None,None,0.345,,6307000000,2387000000,1916000000,1991000000,None,None,None,,,,,2.049,1.893,3.197,,,,,,,,0.168,,30773000000,2025-10-31,annual,1.06,USD,pre-market,None,5790000000,0.0298,0.092,0.149,18.6,None,21486000000,4635000000,36000000,57.92,60.18,-9.4017,46838000000,5140000000,7763000000,36213000000,41698000000,28450000000,17809000000,10568000000,19.35,0,62.17,46.43
2025-12-28,D,3.06,15813000000.0,19.35,None,0.68,31.27,,None,102000000,102000000,,,,,,,,,5180000000,574600000,None,9115000000,9115000000,1250000000,None,None,2035000000,None,None,1538000000,,2.67,0.0452,,,,0.062,-0.11,2387000000,3925000000,1.17,2011-12-31,16.37,3141000000,7753000000.0,8694000000,1606000000,573000000,637000000,637000000,None,966000000,None,1348000000,None,None,17394000000,None,None,1033000000,None,None,None,0.345,,6307000000,2387000000,1945000000,2419000000,None,None,None,,,,,2.049,1.893,3.197,,,,,,,,0.168,,29670000000,2025-10-31,annual,1.06,USD,pre-market,None,6697000000,0.0298,0.092,0.149,18.6,None,20687000000,3293000000,0,57.92,60.18,-9.4017,45614000000,5430000000,6962000000,34111000000,40184000000,27149000000,17809000000,11446000000,19.35,0,62.17,46.43
2025-12-28,D,3.06,15813000000.0,19.35,None,0.68,31.27,,None,62000000,62000000,,,,,,,,,5715000000,590100000,None,9115000000,9115000000,1562000000,None,None,2246000000,None,None,1538000000,,2.67,0.0452,,,,0.062,-0.11,2387000000,3925000000,1.17,2010-12-31,16.37,3141000000,7753000000.0,8694000000,1606000000,573000000,642000000,642000000,None,966000000,None,1163000000,None,None,15758000000,None,None,1033000000,None,None,None,0.345,,6307000000,2387000000,1929000000,2328000000,None,None,None,,,,,2.049,1.893,3.197,,,,,,,,0.168,,26713000000,2025-10-31,annual,1.06,USD,pre-market,None,6418000000,0.0298,0.092,0.149,18.6,None,17641000000,1883000000,0,57.92,60.18,-9.4017,42862000000,5400000000,5781000000,30820000000,37060000000,25047000000,17809000000,12033000000,19.35,0,62.17,46.43
2025-12-28,D,3.06,15813000000.0,19.35,None,0.68,31.27,,None,48000000,48000000,,,,,,,,,6525000000,593700000,None,9115000000,9115000000,1401000000,None,None,2180000000,None,None,1538000000,,2.67,0.0452,,,,0.062,-0.11,2387000000,3925000000,1.17,2009-12-31,16.37,3354000000,7753000000.0,8694000000,1606000000,573000000,693000000,693000000,None,966000000,None,1185000000,None,None,15481000000,None,None,1033000000,None,None,None,0.345,,6307000000,2387000000,3404000000,3000000000,None,None,None,,,,,2.049,1.893,3.197,,,,,,,,0.168,,25592000000,2025-10-31,annual,1.06,USD,pre-market,None,4686000000,0.0298,0.092,0.149,18.6,None,17913000000,2432000000,1128000000,57.92,60.18,-9.4017,42554000000,6817000000,6833000000,31369000000,35737000000,24536000000,17809000000,11185000000,19.35,0,62.17,46.43
2025-12-28,D,3.06,15813000000.0,19.35,None,0.68,31.27,,None,66000000,66000000,,,,,,,,,5994000000,580800000,None,9115000000,9115000000,1499000000,None,None,2559000000,None,None,1538000000,,2.67,0.0452,,,,0.062,-0.11,2387000000,3925000000,1.17,2008-12-31,16.37,3503000000,7753000000.0,8694000000,1606000000,573000000,712000000,712000000,None,966000000,None,1166000000,None,None,14956000000,None,None,1033000000,None,None,None,0.345,,6307000000,2387000000,2373000000,3821000000,None,None,None,,,,,2.049,1.893,3.197,,,,,,,,0.168,,23274000000,2025-10-31,annual,1.06,USD,pre-market,None,4170000000,0.0298,0.092,0.149,18.6,None,17430000000,2474000000,1497000000,57.92,60.18,-9.4017,42053000000,7661000000,7794000000,31976000000,34392000000,23925000000,17809000000,10077000000,19.35,None,62.17,46.43
2025-12-28,D,3.06,15813000000.0,19.35,None,0.68,31.27,,None,283000000,283000000,,,,,,,,,5733000000,654381443,None,9115000000,9115000000,1734000000,None,None,2130000000,None,None,1538000000,,2.67,0.0452,,,,0.062,-0.11,2387000000,3925000000,1.17,2007-12-31,16.37,2130000000,7753000000.0,8694000000,1606000000,573000000,4094000000,4094000000,None,966000000,None,1045000000,None,None,13235000000,None,None,1033000000,None,None,None,0.345,,6307000000,2387000000,3599000000,2792000000,None,None,None,,,,,2.049,1.893,3.197,,,,,,,,0.168,,21352000000,2025-10-31,annual,1.06,USD,pre-market,None,3510000000,0.0298,0.092,0.149,18.6,None,16469000000,3234000000,None,57.92,60.18,-9.4017,39123000000,6670000000,7746000000,29705000000,32467000000,21686000000,17809000000,9406000000,19.35,None,62.17,46.43
2025-12-28,D,3.06,15813000000.0,19.35,None,0.68,31.27,,None,138000000,138000000,,,,,,,,,11250000000,702290076,None,9115000000,9115000000,2142000000,None,None,2753000000,None,None,1538000000,,2.67,0.0452,,,,0.062,-0.11,2387000000,3925000000,1.17,2006-12-31,16.37,2753000000,7753000000.0,8694000000,1606000000,573000000,4926000000,4926000000,None,966000000,None,1101000000,None,None,14791000000,None,None,1033000000,None,None,None,0.345,,6307000000,2387000000,4360000000,4277000000,None,None,None,,,,,2.049,1.893,3.197,,,,,,,,0.168,,29382000000,2025-10-31,annual,1.06,USD,pre-market,None,1960000000,0.0298,0.092,0.149,18.6,None,19601000000,4810000000,None,57.92,60.18,-9.4017,49269000000,8098000000,11229000000,36333000000,41171000000,20649000000,17809000000,12913000000,19.35,None,62.17,46.43
2025-12-28,D,3.06,15813000000.0,19.35,None,0.68,31.27,,None,146000000,146000000,,,,,,,,,11286000000,688666667,None,9115000000,9115000000,2756000000,None,None,3561000000,None,None,1538000000,,2.67,0.0452,,,,0.062,-0.11,2387000000,3925000000,1.17,2005-12-31,16.37,None,7753000000.0,8694000000,1606000000,573000000,3561000000,3561000000,None,966000000,None,1167000000,None,None,14653000000,None,None,1033000000,None,None,None,0.345,,6307000000,2387000000,5416000000,7776000000,None,None,None,,,,,2.049,1.893,3.197,,,,,,,,0.168,,28940000000,2025-10-31,annual,1.06,USD,pre-market,None,1550000000,0.0298,0.092,0.149,18.6,None,18601000000,3948000000,None,57.92,60.18,-9.4017,52660000000,10129000000,14480000000,42263000000,42531000000,8072000000,17809000000,10397000000,19.35,None,62.17,46.43
2025-12-28,D,3.06,15813000000.0,19.35,None,0.68,31.27,3029000000,None,146000000,146000000,1912000000,-3204000000,None,None,-68000000,None,None,None,11286000000,688666667,None,9115000000,9115000000,2756000000,None,None,3561000000,None,None,1538000000,609000000,2.67,0.0452,570000000,570000000,None,0.062,-0.11,2387000000,3925000000,1.17,2025-09-30,16.37,None,7753000000.0,8694000000,1606000000,573000000,3561000000,3561000000,None,966000000,None,1167000000,None,None,14653000000,None,None,1006000000,None,None,None,0.345,1945000000,6307000000,2387000000,5416000000,7776000000,None,None,None,None,None,None,None,2.049,1.893,3.197,None,None,None,None,None,105000000,None,0.168,None,28940000000,2025-10-31,quarterly,1.06,USD,pre-market,None,1550000000,0.0298,0.092,0.149,18.6,None,18601000000,3948000000,None,57.92,60.18,-9.4017,52660000000,10129000000,14480000000,42263000000,42531000000,8072000000,17809000000,10397000000,19.35,None,62.17,46.43
2025-12-28,D,3.06,15813000000.0,19.35,None,0.68,31.27,3012000000,None,146000000,146000000,1837000000,-3147000000,None,None,-58000000,None,None,None,11286000000,688666667,None,9115000000,9115000000,2756000000,None,None,3561000000,None,None,1538000000,580000000,2.67,0.0452,569000000,569000000,None,0.062,-0.11,2387000000,3925000000,1.17,2025-06-30,16.37,None,7753000000.0,8694000000,1606000000,573000000,3561000000,3561000000,None,966000000,None,1167000000,None,None,14653000000,None,None,759000000,None,None,None,0.345,1246000000,6307000000,2387000000,5416000000,7776000000,None,None,None,None,None,None,None,2.049,1.893,3.197,None,None,None,None,None,70000000,None,0.168,None,28940000000,2025-10-31,quarterly,1.06,USD,pre-market,None,1550000000,0.0298,0.092,0.149,18.6,None,18601000000,3948000000,None,57.92,60.18,-9.4017,52660000000,10129000000,14480000000,42263000000,42531000000,8072000000,17809000000,10397000000,19.35,None,62.17,46.43
2025-12-28,D,3.06,15813000000.0,19.35,None,0.68,31.27,3214000000,None,146000000,146000000,2167000000,-3238000000,None,None,2000000,None,None,None,11286000000,688666667,None,9115000000,9115000000,2756000000,None,None,3561000000,None,None,1538000000,660000000,2.67,0.0452,569000000,569000000,None,0.062,-0.11,2387000000,3925000000,1.17,2025-03-31,16.37,None,7753000000.0,8694000000,1606000000,573000000,3561000000,3561000000,None,966000000,None,1167000000,None,None,14653000000,None,None,647000000,None,None,None,0.345,1183000000,6307000000,2387000000,5416000000,7776000000,None,None,None,None,None,None,None,2.049,1.893,3.197,None,None,None,None,None,35000000,None,0.168,None,28940000000,2025-10-31,quarterly,1.06,USD,pre-market,None,1550000000,0.0298,0.092,0.149,18.6,None,18601000000,3948000000,None,57.92,60.18,-9.4017,52660000000,10129000000,14480000000,42263000000,42531000000,8072000000,17809000000,10397000000,19.35,None,62.17,46.43
2025-12-28,D,3.06,15813000000.0,19.35,None,0.68,31.27,3506000000,None,146000000,146000000,1298000000,-3476000000,None,None,-40000000,None,None,None,11286000000,688666667,None,9115000000,9115000000,2756000000,None,None,3561000000,None,None,1538000000,554000000,2.67,0.0452,561000000,561000000,None,0.062,-0.11,2387000000,3925000000,1.17,2024-12-31,16.37,None,7753000000.0,8694000000,1606000000,573000000,3561000000,3561000000,None,966000000,None,1167000000,None,None,14653000000,None,None,148000000,None,None,None,0.345,641000000,6307000000,2387000000,5416000000,7776000000,None,None,None,None,None,None,None,2.049,1.893,3.197,None,None,None,None,None,-361000000,None,0.168,None,28940000000,2025-10-31,quarterly,1.06,USD,pre-market,None,1550000000,0.0298,0.092,0.149,18.6,None,18601000000,3948000000,None,57.92,60.18,-9.4017,52660000000,10129000000,14480000000,42263000000,42531000000,8072000000,17809000000,10397000000,19.35,None,62.17,46.43
2025-12-28,D,3.06,15813000000.0,19.35,None,0.68,31.27,3000000000,None,146000000,146000000,1191000000,-1035000000,None,None,-23000000,None,None,None,11286000000,688666667,None,9115000000,9115000000,2756000000,None,None,3561000000,None,None,1538000000,549000000,2.67,0.0452,559000000,559000000,None,0.062,-0.11,2387000000,3925000000,1.17,2024-09-30,16.37,None,7753000000.0,8694000000,1606000000,573000000,3561000000,3561000000,None,966000000,None,1167000000,None,None,14653000000,None,None,967000000,None,None,None,0.345,1539000000,6307000000,2387000000,5416000000,7776000000,None,None,None,None,None,None,None,2.049,1.893,3.197,None,None,None,None,None,-338000000,None,0.168,None,28940000000,2025-10-31,quarterly,1.06,USD,pre-market,None,1550000000,0.0298,0.092,0.149,18.6,None,18601000000,3948000000,None,57.92,60.18,-9.4017,52660000000,10129000000,14480000000,42263000000,42531000000,8072000000,17809000000,10397000000,19.35,None,62.17,46.43
2025-12-28,D,3.06,15813000000.0,19.35,None,0.68,31.27,2991000000,None,146000000,146000000,-928000000,-57000000,None,None,-40000000,None,None,None,11286000000,688666667,None,9115000000,9115000000,2756000000,None,None,3561000000,None,None,1538000000,621000000,2.67,0.0452,560000000,560000000,None,0.062,-0.11,2387000000,3925000000,1.17,2024-06-30,16.37,None,7753000000.0,8694000000,1606000000,573000000,3561000000,3561000000,None,966000000,None,1167000000,None,None,14653000000,None,None,466000000,None,None,None,0.345,856000000,6307000000,2387000000,5416000000,7776000000,None,None,None,None,None,None,None,2.049,1.893,3.197,None,None,None,None,None,-440000000,None,0.168,None,28940000000,2025-10-31,quarterly,1.06,USD,pre-market,None,1550000000,0.0298,0.092,0.149,18.6,None,18601000000,3948000000,None,57.92,60.18,-9.4017,52660000000,10129000000,14480000000,42263000000,42531000000,8072000000,17809000000,10397000000,19.35,None,62.17,46.43
2025-12-28,D,3.06,15813000000.0,19.35,None,0.68,31.27,2930000000,None,146000000,146000000,-3332000000,1385000000,None,None,16000000,None,None,None,11286000000,688666667,None,9115000000,9115000000,2756000000,None,None,3561000000,None,None,1538000000,694000000,2.67,0.0452,559000000,559000000,None,0.062,-0.11,2387000000,3925000000,1.17,2024-03-31,16.37,None,7753000000.0,8694000000,1606000000,573000000,3561000000,3561000000,None,966000000,None,1167000000,None,None,14653000000,None,None,323000000,None,None,None,0.345,1982000000,6307000000,2387000000,5416000000,7776000000,None,None,None,None,None,None,None,2.049,1.893,3.197,None,None,None,None,None,None,None,0.168,None,28940000000,2025-10-31,quarterly,1.06,USD,pre-market,None,1550000000,0.0298,0.092,0.149,18.6,None,18601000000,3948000000,None,57.92,60.18,-9.4017,52660000000,10129000000,14480000000,42263000000,42531000000,8072000000,17809000000,10397000000,19.35,None,62.17,46.43
2025-12-28,D,3.06,15813000000.0,19.35,None,0.68,31.27,3055000000,None,146000000,146000000,1784000000,-3116000000,None,None,-50000000,None,None,None,11286000000,688666667,None,9115000000,9115000000,2756000000,None,None,3561000000,None,None,1538000000,684000000,2.67,0.0452,559000000,559000000,None,0.062,-0.11,2387000000,3925000000,1.17,2023-12-31,16.37,None,7753000000.0,8694000000,1606000000,573000000,3561000000,3561000000,None,966000000,None,1167000000,None,None,14653000000,None,None,364000000,None,None,None,0.345,1386000000,6307000000,2387000000,5416000000,7776000000,None,None,None,None,None,None,None,2.049,1.893,3.197,None,None,None,None,None,4792000000,None,0.168,None,28940000000,2025-10-31,quarterly,1.06,USD,pre-market,None,1550000000,0.0298,0.092,0.149,18.6,None,18601000000,3948000000,None,57.92,60.18,-9.4017,52660000000,10129000000,14480000000,42263000000,42531000000,8072000000,17809000000,10397000000,19.35,None,62.17,46.43
2025-12-28,D,3.06,15813000000.0,19.35,None,0.68,31.27,2318000000,None,146000000,146000000,-2983000000,923000000,None,None,-47000000,None,None,None,11286000000,688666667,None,9115000000,9115000000,2756000000,None,None,3561000000,None,None,1538000000,667000000,2.67,0.0452,559000000,559000000,None,0.062,-0.11,2387000000,3925000000,1.17,2023-09-30,16.37,None,7753000000.0,8694000000,1606000000,573000000,3561000000,3561000000,None,966000000,None,1167000000,None,None,14653000000,None,None,698000000,None,None,None,0.345,1992000000,6307000000,2387000000,5416000000,7776000000,None,None,None,None,None,None,None,2.049,1.893,3.197,None,None,None,None,None,553000000,None,0.168,None,28940000000,2025-10-31,quarterly,1.06,USD,pre-market,None,1550000000,0.0298,0.092,0.149,18.6,None,18601000000,3948000000,None,57.92,60.18,-9.4017,52660000000,10129000000,14480000000,42263000000,42531000000,8072000000,17809000000,10397000000,19.35,None,62.17,46.43
2025-12-28,D,3.06,15813000000.0,19.35,None,0.68,31.27,2631000000,None,146000000,146000000,-26000000,-2712000000,-1641000000,None,-80000000,None,None,71000000,11286000000,688666667,None,9115000000,9115000000,2756000000,None,None,3561000000,None,None,1538000000,607000000,2.67,0.0452,558000000,558000000,None,0.062,-0.11,2387000000,3925000000,1.17,2023-06-30,16.37,None,7753000000.0,8694000000,1606000000,573000000,3561000000,3561000000,None,966000000,None,1167000000,None,None,14653000000,None,None,415000000,None,None,None,0.345,1097000000,6307000000,2387000000,5416000000,7776000000,None,None,None,None,None,None,None,2.049,1.893,3.197,None,None,None,None,None,516000000,None,0.168,None,28940000000,2025-10-31,quarterly,1.06,USD,pre-market,None,1550000000,0.0298,0.092,0.149,18.6,None,18601000000,3948000000,None,57.92,60.18,-9.4017,52660000000,10129000000,14480000000,42263000000,42531000000,8072000000,17809000000,10397000000,19.35,None,62.17,46.43
2025-12-28,D,3.06,15813000000.0,19.35,None,0.68,31.27,2231000000,None,146000000,146000000,1820000000,-2302000000,1615000000,None,-21000000,None,None,519000000,11286000000,688666667,None,9115000000,9115000000,2756000000,None,None,3561000000,None,None,1538000000,803000000,2.67,0.0452,557000000,557000000,None,0.062,-0.11,2387000000,3925000000,1.17,2023-03-31,16.37,None,7753000000.0,8694000000,1606000000,573000000,3561000000,3561000000,None,966000000,None,1167000000,None,None,14653000000,None,None,700000000,None,None,None,0.345,2097000000,6307000000,2387000000,5416000000,7776000000,None,None,None,None,None,None,None,2.049,1.893,3.197,None,None,None,None,None,514000000,None,0.168,None,28940000000,2025-10-31,quarterly,1.06,USD,pre-market,None,1550000000,0.0298,0.092,0.149,18.6,None,18601000000,3948000000,None,57.92,60.18,-9.4017,52660000000,10129000000,14480000000,42263000000,42531000000,8072000000,17809000000,10397000000,19.35,None,62.17,46.43
2025-12-28,D,3.06,15813000000.0,19.35,None,0.68,31.27,2340000000,None,146000000,146000000,1199000000,-2227000000,1000000,None,-10000000,None,None,-929000000,11286000000,688666667,None,9115000000,9115000000,2756000000,None,None,3561000000,None,None,1538000000,779000000,2.67,0.0452,556000000,556000000,None,0.062,-0.11,2387000000,3925000000,1.17,2022-12-31,16.37,None,7753000000.0,8694000000,1606000000,573000000,3561000000,3561000000,None,966000000,None,1167000000,None,None,14653000000,None,None,-42000000,None,None,None,0.345,1029000000,6307000000,2387000000,5416000000,7776000000,None,None,None,None,None,None,None,2.049,1.893,3.197,None,None,None,None,None,122000000,None,0.168,None,28940000000,2025-10-31,quarterly,1.06,USD,pre-market,None,1550000000,0.0298,0.092,0.149,18.6,None,18601000000,3948000000,None,57.92,60.18,-9.4017,52660000000,10129000000,14480000000,42263000000,42531000000,8072000000,17809000000,10397000000,19.35,None,62.17,46.43
2025-12-28,D,3.06,15813000000.0,19.35,None,0.68,31.27,2050000000,None,146000000,146000000,-2006000000,629000000,-67000000,None,-194000000,None,None,59000000,11286000000,688666667,None,9115000000,9115000000,2756000000,None,None,3561000000,None,None,1538000000,799000000,2.67,0.0452,557000000,557000000,None,0.062,-0.11,2387000000,3925000000,1.17,2022-09-30,16.37,None,7753000000.0,8694000000,1606000000,573000000,3561000000,3561000000,None,966000000,None,1167000000,None,None,14653000000,None,None,626000000,None,None,None,0.345,1310000000,6307000000,2387000000,5416000000,7776000000,None,None,None,None,None,None,None,2.049,1.893,3.197,None,None,None,None,None,-1610000000,None,0.168,None,28940000000,2025-10-31,quarterly,1.06,USD,pre-market,None,1550000000,0.0298,0.092,0.149,18.6,None,18601000000,3948000000,None,57.92,60.18,-9.4017,52660000000,10129000000,14480000000,42263000000,42531000000,8072000000,17809000000,10397000000,19.35,None,62.17,46.43
2025-12-28,D,3.06,15813000000.0,19.35,None,0.68,31.27,1681000000,None,146000000,146000000,3151000000,-3574000000,-187000000,None,-92000000,None,None,-143000000,11286000000,688666667,None,9115000000,9115000000,2756000000,None,None,3561000000,None,None,1538000000,762000000,2.67,0.0452,555000000,555000000,None,0.062,-0.11,2387000000,3925000000,1.17,2022-06-30,16.37,None,7753000000.0,8694000000,1606000000,573000000,3561000000,3561000000,None,966000000,None,1167000000,None,None,14653000000,None,None,-452000000,None,None,None,0.345,236000000,6307000000,2387000000,5416000000,7776000000,None,None,None,None,None,None,None,2.049,1.893,3.197,None,None,None,None,None,1656000000,None,0.168,None,28940000000,2025-10-31,quarterly,1.06,USD,pre-market,None,1550000000,0.0298,0.092,0.149,18.6,None,18601000000,3948000000,None,57.92,60.18,-9.4017,52660000000,10129000000,14480000000,42263000000,42531000000,8072000000,17809000000,10397000000,19.35,None,62.17,46.43
2025-12-28,D,3.06,15813000000.0,19.35,None,0.68,31.27,1659000000,None,146000000,146000000,635000000,-1574000000,186000000,None,80000000,None,None,28000000,11286000000,688666667,None,9115000000,9115000000,2756000000,None,None,3561000000,None,None,1538000000,773000000,2.67,0.0452,541000000,541000000,None,0.062,-0.11,2387000000,3925000000,1.17,2022-03-31,16.37,None,7753000000.0,8694000000,1606000000,573000000,3561000000,3561000000,None,966000000,None,1167000000,None,None,14653000000,None,None,692000000,None,None,None,0.345,1125000000,6307000000,2387000000,5416000000,7776000000,None,None,None,None,None,None,None,2.049,1.893,3.197,None,None,None,None,None,45000000,None,0.168,None,28940000000,2025-10-31,quarterly,1.06,USD,pre-market,None,1550000000,0.0298,0.092,0.149,18.6,None,18601000000,3948000000,None,57.92,60.18,-9.4017,52660000000,10129000000,14480000000,42263000000,42531000000,8072000000,17809000000,10397000000,19.35,None,62.17,46.43
2025-12-28,D,3.06,15813000000.0,19.35,None,0.68,31.27,1832000000,None,146000000,146000000,-721000000,360000000,141000000,None,-29000000,None,None,-390000000,11286000000,688666667,None,9115000000,9115000000,2756000000,None,None,3561000000,None,None,1538000000,710000000,2.67,0.0452,510000000,510000000,None,0.062,-0.11,2387000000,3925000000,1.17,2021-12-31,16.37,None,7753000000.0,8694000000,1606000000,573000000,3561000000,3561000000,None,966000000,None,1167000000,None,None,14653000000,None,None,819000000,None,None,None,0.345,502000000,6307000000,2387000000,5416000000,7776000000,None,None,None,None,None,None,None,2.049,1.893,3.197,None,None,None,None,None,3071000000,None,0.168,None,28940000000,2025-10-31,quarterly,1.06,USD,pre-market,None,1550000000,0.0298,0.092,0.149,18.6,None,18601000000,3948000000,None,57.92,60.18,-9.4017,52660000000,10129000000,14480000000,42263000000,42531000000,8072000000,17809000000,10397000000,19.35,None,62.17,46.43
2025-12-28,D,3.06,15813000000.0,19.35,None,0.68,31.27,1529000000,None,146000000,146000000,1507000000,-2839000000,-37000000,None,-55000000,None,None,-130000000,11286000000,688666667,None,9115000000,9115000000,2756000000,None,None,3561000000,None,None,1538000000,700000000,2.67,0.0452,510000000,510000000,None,0.062,-0.11,2387000000,3925000000,1.17,2021-09-30,16.37,None,7753000000.0,8694000000,1606000000,573000000,3561000000,3561000000,None,966000000,None,1167000000,None,None,14653000000,None,None,589000000,None,None,None,0.345,1295000000,6307000000,2387000000,5416000000,7776000000,None,None,None,None,None,None,None,2.049,1.893,3.197,None,None,None,None,None,4022000000,None,0.168,None,28940000000,2025-10-31,quarterly,1.06,USD,pre-market,None,1550000000,0.0298,0.092,0.149,18.6,None,18601000000,3948000000,None,57.92,60.18,-9.4017,52660000000,10129000000,14480000000,42263000000,42531000000,8072000000,17809000000,10397000000,19.35,None,62.17,46.43
2025-12-28,D,3.06,15813000000.0,19.35,None,0.68,31.27,1349000000,None,146000000,146000000,414000000,-1460000000,-258000000,None,-63000000,None,None,3000000,11286000000,688666667,None,9115000000,9115000000,2756000000,None,None,3561000000,None,None,1538000000,673000000,2.67,0.0452,508000000,508000000,None,0.062,-0.11,2387000000,3925000000,1.17,2021-06-30,16.37,None,7753000000.0,8694000000,1606000000,573000000,3561000000,3561000000,None,966000000,None,1167000000,None,None,14653000000,None,None,259000000,None,None,None,0.345,788000000,6307000000,2387000000,5416000000,7776000000,None,None,None,None,None,None,None,2.049,1.893,3.197,None,None,None,None,None,1562000000,None,0.168,None,28940000000,2025-10-31,quarterly,1.06,USD,pre-market,None,1550000000,0.0298,0.092,0.149,18.6,None,18601000000,3948000000,None,57.92,60.18,-9.4017,52660000000,10129000000,14480000000,42263000000,42531000000,8072000000,17809000000,10397000000,19.35,None,62.17,46.43
2025-12-28,D,3.06,15813000000.0,19.35,None,0.68,31.27,1351000000,None,146000000,146000000,1171000000,-2308000000,315000000,None,73000000,None,None,334000000,11286000000,688666667,None,9115000000,9115000000,2756000000,None,None,3561000000,None,None,1538000000,685000000,2.67,0.0452,508000000,508000000,None,0.062,-0.11,2387000000,3925000000,1.17,2021-03-31,16.37,None,7753000000.0,8694000000,1606000000,573000000,3561000000,3561000000,None,966000000,None,1167000000,None,None,14653000000,None,None,980000000,None,None,None,0.345,1452000000,6307000000,2387000000,5416000000,7776000000,None,None,None,None,None,None,None,2.049,1.893,3.197,None,None,None,None,None,2071000000,None,0.168,None,28940000000,2025-10-31,quarterly,1.06,USD,pre-market,None,1550000000,0.0298,0.092,0.149,18.6,None,18601000000,3948000000,None,57.92,60.18,-9.4017,52660000000,10129000000,14480000000,42263000000,42531000000,8072000000,17809000000,10397000000,19.35,None,62.17,46.43
2025-12-28,D,3.06,15813000000.0,19.35,None,0.68,31.27,1922000000,None,146000000,146000000,-2672000000,1944000000,-311000000,None,10000000,None,None,-529000000,11286000000,688666667,None,9115000000,9115000000,2756000000,None,None,3561000000,None,None,1538000000,658000000,2.67,0.0452,511000000,511000000,None,0.062,-0.11,2387000000,3925000000,1.17,2020-12-31,16.37,None,7753000000.0,8694000000,1606000000,573000000,3561000000,3561000000,None,966000000,None,1167000000,None,None,14653000000,None,None,807000000,None,None,None,0.345,417000000,6307000000,2387000000,5416000000,7776000000,None,None,None,None,None,None,None,2.049,1.893,3.197,None,None,None,None,None,-695000000,None,0.168,None,28940000000,2025-10-31,quarterly,1.06,USD,pre-market,None,1550000000,0.0298,0.092,0.149,18.6,None,18601000000,3948000000,None,57.92,60.18,-9.4017,52660000000,10129000000,14480000000,42263000000,42531000000,8072000000,17809000000,10397000000,19.35,None,62.17,46.43
2025-12-28,D,3.06,15813000000.0,19.35,None,0.68,31.27,1307000000,None,146000000,146000000,-332000000,-1526000000,-184000000,None,22000000,None,None,-105000000,11286000000,688666667,None,9115000000,9115000000,2756000000,None,None,3561000000,None,None,1538000000,681000000,2.67,0.0452,785000000,785000000,None,0.062,-0.11,2387000000,3925000000,1.17,2020-09-30,16.37,None,7753000000.0,8694000000,1606000000,573000000,3561000000,3561000000,None,966000000,None,1167000000,None,None,14653000000,None,None,337000000,None,None,None,0.345,1674000000,6307000000,2387000000,5416000000,7776000000,None,None,None,None,None,None,None,2.049,1.893,3.197,None,None,None,None,None,-2385000000,None,0.168,None,28940000000,2025-10-31,quarterly,1.06,USD,pre-market,None,1550000000,0.0298,0.092,0.149,18.6,None,18601000000,3948000000,None,57.92,60.18,-9.4017,52660000000,10129000000,14480000000,42263000000,42531000000,8072000000,17809000000,10397000000,19.35,None,62.17,46.43
2025-12-28,D,3.06,15813000000.0,19.35,None,0.68,31.27,1632000000,None,146000000,146000000,-335000000,-1693000000,-525000000,None,-64000000,None,None,151000000,11286000000,688666667,None,9115000000,9115000000,2756000000,None,None,3561000000,None,None,1538000000,738000000,2.67,0.0452,789000000,789000000,None,0.062,-0.11,2387000000,3925000000,1.17,2020-06-30,16.37,None,7753000000.0,8694000000,1606000000,573000000,3561000000,3561000000,None,966000000,None,1167000000,None,None,14653000000,None,None,832000000,None,None,None,0.345,1503000000,6307000000,2387000000,5416000000,7776000000,None,None,None,None,None,None,None,2.049,1.893,3.197,None,None,None,None,None,2451000000,None,0.168,None,28940000000,2025-10-31,quarterly,1.06,USD,pre-market,None,1550000000,0.0298,0.092,0.149,18.6,None,18601000000,3948000000,None,57.92,60.18,-9.4017,52660000000,10129000000,14480000000,42263000000,42531000000,8072000000,17809000000,10397000000,19.35,None,62.17,46.43
2025-12-28,D,3.06,15813000000.0,19.35,None,0.68,31.27,1470000000,None,146000000,146000000,1006000000,-1641000000,998000000,None,71000000,None,None,245000000,11286000000,688666667,None,9115000000,9115000000,2756000000,None,None,3561000000,None,None,1538000000,759000000,2.67,0.0452,788000000,788000000,None,0.062,-0.11,2387000000,3925000000,1.17,2020-03-31,16.37,None,7753000000.0,8694000000,1606000000,573000000,3561000000,3561000000,None,966000000,None,1167000000,None,None,14653000000,None,None,-466000000,None,None,None,0.345,1633000000,6307000000,2387000000,5416000000,7776000000,None,None,None,None,None,None,None,2.049,1.893,3.197,None,None,None,None,None,2729000000,None,0.168,None,28940000000,2025-10-31,quarterly,1.06,USD,pre-market,None,1550000000,0.0298,0.092,0.149,18.6,None,18601000000,3948000000,None,57.92,60.18,-9.4017,52660000000,10129000000,14480000000,42263000000,42531000000,8072000000,17809000000,10397000000,19.35,None,62.17,46.43
2025-12-28,D,3.06,15813000000.0,19.35,None,0.68,31.27,1914000000,None,146000000,146000000,-204000000,-1462000000,-171000000,None,16000000,None,None,-425000000,11286000000,688666667,None,9115000000,9115000000,2756000000,None,None,3561000000,None,None,1538000000,742000000,2.67,0.0452,759000000,759000000,None,0.062,-0.11,2387000000,3925000000,1.17,2019-12-31,16.37,None,7753000000.0,8694000000,1606000000,573000000,3561000000,3561000000,None,966000000,None,1167000000,None,None,14653000000,None,None,819000000,None,None,None,0.345,1495000000,6307000000,2387000000,5416000000,7776000000,None,None,None,None,None,None,None,2.049,1.893,3.197,None,None,None,None,None,1358000000,None,0.168,None,28940000000,2025-10-31,quarterly,1.06,USD,pre-market,None,1550000000,0.0298,0.092,0.149,18.6,None,18601000000,3948000000,None,57.92,60.18,-9.4017,52660000000,10129000000,14480000000,42263000000,42531000000,8072000000,17809000000,10397000000,19.35,None,62.17,46.43
2025-12-28,D,3.06,15813000000.0,19.35,None,0.68,31.27,1143000000,None,146000000,146000000,-189000000,-1327000000,-120000000,None,-92000000,None,None,-138000000,11286000000,688666667,None,9115000000,9115000000,2756000000,None,None,3561000000,None,None,1538000000,763000000,2.67,0.0452,755000000,755000000,None,0.062,-0.11,2387000000,3925000000,1.17,2019-09-30,16.37,None,7753000000.0,8694000000,1606000000,573000000,3561000000,3561000000,None,966000000,None,1167000000,None,None,14653000000,None,None,937000000,None,None,None,0.345,1396000000,6307000000,2387000000,5416000000,7776000000,None,None,None,None,None,None,None,2.049,1.893,3.197,None,None,None,None,None,4373000000,None,0.168,None,28940000000,2025-10-31,quarterly,1.06,USD,pre-market,None,1550000000,0.0298,0.092,0.149,18.6,None,18601000000,3948000000,None,57.92,60.18,-9.4017,52660000000,10129000000,14480000000,42263000000,42531000000,8072000000,17809000000,10397000000,19.35,None,62.17,46.43
2025-12-28,D,3.06,15813000000.0,19.35,None,0.68,31.27,1233000000,None,146000000,146000000,72000000,-1281000000,-67000000,None,-67000000,None,None,339000000,11286000000,688666667,None,9115000000,9115000000,2756000000,None,None,3561000000,None,None,1538000000,738000000,2.67,0.0452,736000000,736000000,None,0.062,-0.11,2387000000,3925000000,1.17,2019-06-30,16.37,None,7753000000.0,8694000000,1606000000,573000000,3561000000,3561000000,None,966000000,None,1167000000,None,None,14653000000,None,None,54000000,None,None,None,0.345,1142000000,6307000000,2387000000,5416000000,7776000000,None,None,None,None,None,None,None,2.049,1.893,3.197,None,None,None,None,None,333000000,None,0.168,None,28940000000,2025-10-31,quarterly,1.06,USD,pre-market,None,1550000000,0.0298,0.092,0.149,18.6,None,18601000000,3948000000,None,57.92,60.18,-9.4017,52660000000,10129000000,14480000000,42263000000,42531000000,8072000000,17809000000,10397000000,19.35,None,62.17,46.43
2025-12-28,D,3.06,15813000000.0,19.35,None,0.68,31.27,1031000000,None,146000000,146000000,-383000000,-552000000,236000000,None,53000000,None,None,153000000,11286000000,688666667,None,9115000000,9115000000,2756000000,None,None,3561000000,None,None,1538000000,734000000,2.67,0.0452,733000000,733000000,None,0.062,-0.11,2387000000,3925000000,1.17,2019-03-31,16.37,None,7753000000.0,8694000000,1606000000,573000000,3561000000,3561000000,None,966000000,None,1167000000,None,None,14653000000,None,None,-680000000,None,None,None,0.345,1171000000,6307000000,2387000000,5416000000,7776000000,None,None,None,None,None,None,None,2.049,1.893,3.197,None,None,None,None,None,2505000000,None,0.168,None,28940000000,2025-10-31,quarterly,1.06,USD,pre-market,None,1550000000,0.0298,0.092,0.149,18.6,None,18601000000,3948000000,None,57.92,60.18,-9.4017,52660000000,10129000000,14480000000,42263000000,42531000000,8072000000,17809000000,10397000000,19.35,None,62.17,46.43
2025-12-28,D,3.06,15813000000.0,19.35,None,0.68,31.27,1186000000,None,146000000,146000000,-2069000000,1011000000,4000000,None,8000000,None,None,-239000000,11286000000,688666667,None,9115000000,9115000000,2756000000,None,None,3561000000,None,None,1538000000,574000000,2.67,0.0452,550000000,550000000,None,0.062,-0.11,2387000000,3925000000,1.17,2018-12-31,16.37,None,7753000000.0,8694000000,1606000000,573000000,3561000000,3561000000,None,966000000,None,1167000000,None,None,14653000000,None,None,641000000,None,None,None,0.345,1062000000,6307000000,2387000000,5416000000,7776000000,None,None,None,None,None,None,None,2.049,1.893,3.197,None,None,None,None,None,1962000000,None,0.168,None,28940000000,2025-10-31,quarterly,1.06,USD,pre-market,None,1550000000,0.0298,0.092,0.149,18.6,None,18601000000,3948000000,None,57.92,60.18,-9.4017,52660000000,10129000000,14480000000,42263000000,42531000000,8072000000,17809000000,10397000000,19.35,None,62.17,46.43
2025-12-28,D,3.06,15813000000.0,19.35,None,0.68,31.27,1122000000,None,146000000,146000000,-120000000,-1133000000,33000000,None,-68000000,None,None,-29000000,11286000000,688666667,None,9115000000,9115000000,2756000000,None,None,3561000000,None,None,1538000000,600000000,2.67,0.0452,546000000,546000000,None,0.062,-0.11,2387000000,3925000000,1.17,2018-09-30,16.37,None,7753000000.0,8694000000,1606000000,573000000,3561000000,3561000000,None,966000000,None,1167000000,None,None,14653000000,None,None,854000000,None,None,None,0.345,1286000000,6307000000,2387000000,5416000000,7776000000,None,None,None,None,None,None,None,2.049,1.893,3.197,None,None,None,None,None,2000000000,None,0.168,None,28940000000,2025-10-31,quarterly,1.06,USD,pre-market,None,1550000000,0.0298,0.092,0.149,18.6,None,18601000000,3948000000,None,57.92,60.18,-9.4017,52660000000,10129000000,14480000000,42263000000,42531000000,8072000000,17809000000,10397000000,19.35,None,62.17,46.43
2025-12-28,D,3.06,15813000000.0,19.35,None,0.68,31.27,987000000,None,146000000,146000000,-120000000,-1053000000,20000000,None,-73000000,None,None,111000000,11286000000,688666667,None,9115000000,9115000000,2756000000,None,None,3561000000,None,None,1538000000,534000000,2.67,0.0452,545000000,545000000,None,0.062,-0.11,2387000000,3925000000,1.17,2018-06-30,16.37,None,7753000000.0,8694000000,1606000000,573000000,3561000000,3561000000,None,966000000,None,1167000000,None,None,14653000000,None,None,449000000,None,None,None,0.345,1193000000,6307000000,2387000000,5416000000,7776000000,None,None,None,None,None,None,None,2.049,1.893,3.197,None,None,None,None,None,2023000000,None,0.168,None,28940000000,2025-10-31,quarterly,1.06,USD,pre-market,None,1550000000,0.0298,0.092,0.149,18.6,None,18601000000,3948000000,None,57.92,60.18,-9.4017,52660000000,10129000000,14480000000,42263000000,42531000000,8072000000,17809000000,10397000000,19.35,None,62.17,46.43
2025-12-28,D,3.06,15813000000.0,19.35,None,0.68,31.27,1110000000,None,146000000,146000000,100000000,-1183000000,149000000,None,104000000,None,None,47000000,11286000000,688666667,None,9115000000,9115000000,2756000000,None,None,3561000000,None,None,1538000000,572000000,2.67,0.0452,544000000,544000000,None,0.062,-0.11,2387000000,3925000000,1.17,2018-03-31,16.37,None,7753000000.0,8694000000,1606000000,573000000,3561000000,3561000000,None,966000000,None,1167000000,None,None,14653000000,None,None,503000000,None,None,None,0.345,1232000000,6307000000,2387000000,5416000000,7776000000,None,None,None,None,None,None,None,2.049,1.893,3.197,None,None,None,None,None,1900000000,None,0.168,None,28940000000,2025-10-31,quarterly,1.06,USD,pre-market,None,1550000000,0.0298,0.092,0.149,18.6,None,18601000000,3948000000,None,57.92,60.18,-9.4017,52660000000,10129000000,14480000000,42263000000,42531000000,8072000000,17809000000,10397000000,19.35,None,62.17,46.43
2025-12-28,D,3.06,15813000000.0,19.35,None,0.68,31.27,1444000000,None,146000000,146000000,128000000,-1120000000,-107000000,None,49000000,None,None,-350000000,11286000000,688666667,None,9115000000,9115000000,2756000000,None,None,3561000000,None,None,1538000000,553000000,2.67,0.0452,496000000,496000000,None,0.062,-0.11,2387000000,3925000000,1.17,2017-12-31,16.37,None,7753000000.0,8694000000,1606000000,573000000,3561000000,3561000000,None,966000000,None,1167000000,None,None,14653000000,None,None,1449000000,None,None,None,0.345,885000000,6307000000,2387000000,5416000000,7776000000,None,None,None,None,None,None,None,2.049,1.893,3.197,None,None,None,None,None,543000000,None,0.168,None,28940000000,2025-10-31,quarterly,1.06,USD,pre-market,None,1550000000,0.0298,0.092,0.149,18.6,None,18601000000,3948000000,None,57.92,60.18,-9.4017,52660000000,10129000000,14480000000,42263000000,42531000000,8072000000,17809000000,10397000000,19.35,None,62.17,46.43
2025-12-28,D,3.06,15813000000.0,19.35,None,0.68,31.27,1437000000,None,146000000,146000000,212000000,-1557000000,-33000000,None,-55000000,None,None,-60000000,11286000000,688666667,None,9115000000,9115000000,2756000000,None,None,3561000000,None,None,1538000000,561000000,2.67,0.0452,486000000,486000000,None,0.062,-0.11,2387000000,3925000000,1.17,2017-09-30,16.37,None,7753000000.0,8694000000,1606000000,573000000,3561000000,3561000000,None,966000000,None,1167000000,None,None,14653000000,None,None,665000000,None,None,None,0.345,1312000000,6307000000,2387000000,5416000000,7776000000,None,None,None,None,None,None,None,2.049,1.893,3.197,None,None,None,None,None,750000000,None,0.168,None,28940000000,2025-10-31,quarterly,1.06,USD,pre-market,None,1550000000,0.0298,0.092,0.149,18.6,None,18601000000,3948000000,None,57.92,60.18,-9.4017,52660000000,10129000000,14480000000,42263000000,42531000000,8072000000,17809000000,10397000000,19.35,None,62.17,46.43
2025-12-28,D,3.06,15813000000.0,19.35,None,0.68,31.27,1499000000,None,146000000,146000000,404000000,-1627000000,-226000000,None,-40000000,None,None,171000000,11286000000,688666667,None,9115000000,9115000000,2756000000,None,None,3561000000,None,None,1538000000,540000000,2.67,0.0452,475000000,475000000,None,0.062,-0.11,2387000000,3925000000,1.17,2017-06-30,16.37,None,7753000000.0,8694000000,1606000000,573000000,3561000000,3561000000,None,966000000,None,1167000000,None,None,14653000000,None,None,390000000,None,None,None,0.345,1000000000,6307000000,2387000000,5416000000,7776000000,None,None,None,None,None,None,None,2.049,1.893,3.197,None,None,None,None,None,780000000,None,0.168,None,28940000000,2025-10-31,quarterly,1.06,USD,pre-market,None,1550000000,0.0298,0.092,0.149,18.6,None,18601000000,3948000000,None,57.92,60.18,-9.4017,52660000000,10129000000,14480000000,42263000000,42531000000,8072000000,17809000000,10397000000,19.35,None,62.17,46.43
2025-12-28,D,3.06,15813000000.0,19.35,None,0.68,31.27,1529000000,None,146000000,146000000,559000000,-1694000000,225000000,None,61000000,None,None,136000000,11286000000,688666667,None,9115000000,9115000000,2756000000,None,None,3561000000,None,None,1538000000,548000000,2.67,0.0452,474000000,474000000,None,0.062,-0.11,2387000000,3925000000,1.17,2017-03-31,16.37,None,7753000000.0,8694000000,1606000000,573000000,3561000000,3561000000,None,966000000,None,1167000000,None,None,14653000000,None,None,632000000,None,None,None,0.345,1360000000,6307000000,2387000000,5416000000,7776000000,None,None,None,None,None,None,None,2.049,1.893,3.197,None,None,None,None,None,1950000000,None,0.168,None,28940000000,2025-10-31,quarterly,1.06,USD,pre-market,None,1550000000,0.0298,0.092,0.149,18.6,None,18601000000,3948000000,None,57.92,60.18,-9.4017,52660000000,10129000000,14480000000,42263000000,42531000000,8072000000,17809000000,10397000000,19.35,None,62.17,46.43
2025-12-28,D,3.06,15813000000.0,19.35,None,0.68,31.27,1568000000,None,146000000,146000000,943000000,-1674000000,10000000,None,11000000,None,None,-305000000,11286000000,688666667,None,9115000000,9115000000,2756000000,None,None,3561000000,None,None,1538000000,524000000,2.67,0.0452,440000000,440000000,None,0.062,-0.11,2387000000,3925000000,1.17,2016-12-31,16.37,None,7753000000.0,8694000000,1606000000,573000000,3561000000,3561000000,None,966000000,None,1167000000,None,None,14653000000,None,None,457000000,None,None,None,0.345,741000000,6307000000,2387000000,5416000000,7776000000,None,None,None,None,None,None,None,2.049,1.893,3.197,None,None,None,None,None,1992000000,None,0.168,None,28940000000,2025-10-31,quarterly,1.06,USD,pre-market,None,1550000000,0.0298,0.092,0.149,18.6,None,18601000000,3948000000,None,57.92,60.18,-9.4017,52660000000,10129000000,14480000000,42263000000,42531000000,8072000000,17809000000,10397000000,19.35,None,62.17,46.43
2025-12-28,D,3.06,15813000000.0,19.35,None,0.68,31.27,1397000000,None,146000000,146000000,3810000000,-5304000000,-126000000,None,-7000000,None,None,-63000000,11286000000,688666667,None,9115000000,9115000000,2756000000,None,None,3561000000,None,None,1538000000,472000000,2.67,0.0452,438000000,438000000,None,0.062,-0.11,2387000000,3925000000,1.17,2016-09-30,16.37,None,7753000000.0,8694000000,1606000000,573000000,3561000000,3561000000,None,966000000,None,1167000000,None,None,14653000000,None,None,690000000,None,None,None,0.345,1368000000,6307000000,2387000000,5416000000,7776000000,None,None,None,None,None,None,None,2.049,1.893,3.197,None,None,None,None,None,5000000000,None,0.168,None,28940000000,2025-10-31,quarterly,1.06,USD,pre-market,None,1550000000,0.0298,0.092,0.149,18.6,None,18601000000,3948000000,None,57.92,60.18,-9.4017,52660000000,10129000000,14480000000,42263000000,42531000000,8072000000,17809000000,10397000000,19.35,None,62.17,46.43
2025-12-28,D,3.06,15813000000.0,19.35,None,0.68,31.27,1663000000,None,146000000,146000000,1533000000,-2200000000,159000000,None,-47000000,None,None,42000000,11286000000,688666667,None,9115000000,9115000000,2756000000,None,None,3561000000,None,None,1538000000,429000000,2.67,0.0452,432000000,432000000,None,0.062,-0.11,2387000000,3925000000,1.17,2016-06-30,16.37,None,7753000000.0,8694000000,1606000000,573000000,3561000000,3561000000,None,966000000,None,1167000000,None,None,14653000000,None,None,462000000,None,None,None,0.345,826000000,6307000000,2387000000,5416000000,7776000000,None,None,None,None,None,None,None,2.049,1.893,3.197,None,None,None,None,None,680000000,None,0.168,None,28940000000,2025-10-31,quarterly,1.06,USD,pre-market,None,1550000000,0.0298,0.092,0.149,18.6,None,18601000000,3948000000,None,57.92,60.18,-9.4017,52660000000,10129000000,14480000000,42263000000,42531000000,8072000000,17809000000,10397000000,19.35,None,62.17,46.43
2025-12-28,D,3.06,15813000000.0,19.35,None,0.68,31.27,1497000000,None,146000000,146000000,-56000000,-1525000000,-389000000,None,44000000,None,None,40000000,11286000000,688666667,None,9115000000,9115000000,2756000000,None,None,3561000000,None,None,1538000000,424000000,2.67,0.0452,417000000,417000000,None,0.062,-0.11,2387000000,3925000000,1.17,2016-03-31,16.37,None,7753000000.0,8694000000,1606000000,573000000,3561000000,3561000000,None,966000000,None,1167000000,None,None,14653000000,None,None,531000000,None,None,None,0.345,1192000000,6307000000,2387000000,5416000000,7776000000,None,None,None,None,None,None,None,2.049,1.893,3.197,None,None,None,None,None,1250000000,None,0.168,None,28940000000,2025-10-31,quarterly,1.06,USD,pre-market,None,1550000000,0.0298,0.092,0.149,18.6,None,18601000000,3948000000,None,57.92,60.18,-9.4017,52660000000,10129000000,14480000000,42263000000,42531000000,8072000000,17809000000,10397000000,19.35,None,62.17,46.43
2025-12-28,D,3.06,15813000000.0,19.35,None,0.68,31.27,1943000000,None,146000000,146000000,1500000000,-2153000000,369000000,None,-23000000,None,None,65000000,11286000000,688666667,None,9115000000,9115000000,2756000000,None,None,3561000000,None,None,1538000000,419000000,2.67,0.0452,386000000,386000000,None,0.062,-0.11,2387000000,3925000000,1.17,2015-12-31,16.37,None,7753000000.0,8694000000,1606000000,573000000,3561000000,3561000000,None,966000000,None,1167000000,None,None,14653000000,None,None,366000000,None,None,None,0.345,1022000000,6307000000,2387000000,5416000000,7776000000,None,None,None,None,None,None,None,2.049,1.893,3.197,None,None,None,None,None,2034000000,None,0.168,None,28940000000,2025-10-31,quarterly,1.06,USD,pre-market,None,1550000000,0.0298,0.092,0.149,18.6,None,18601000000,3948000000,None,57.92,60.18,-9.4017,52660000000,10129000000,14480000000,42263000000,42531000000,8072000000,17809000000,10397000000,19.35,None,62.17,46.43
2025-12-28,D,3.06,15813000000.0,19.35,None,0.68,31.27,1262000000,None,146000000,146000000,-60000000,-1266000000,-33000000,None,-50000000,None,None,15000000,11286000000,688666667,None,9115000000,9115000000,2756000000,None,None,3561000000,None,None,1538000000,428000000,2.67,0.0452,385000000,385000000,None,0.062,-0.11,2387000000,3925000000,1.17,2015-09-30,16.37,None,7753000000.0,8694000000,1606000000,573000000,3561000000,3561000000,None,966000000,None,1167000000,None,None,14653000000,None,None,599000000,None,None,None,0.345,1293000000,6307000000,2387000000,5416000000,7776000000,None,None,None,None,None,None,None,2.049,1.893,3.197,None,None,None,None,None,1062000000,None,0.168,None,28940000000,2025-10-31,quarterly,1.06,USD,pre-market,None,1550000000,0.0298,0.092,0.149,18.6,None,18601000000,3948000000,None,57.92,60.18,-9.4017,52660000000,10129000000,14480000000,42263000000,42531000000,8072000000,17809000000,10397000000,19.35,None,62.17,46.43
2025-12-28,D,3.06,15813000000.0,19.35,None,0.68,31.27,1356000000,None,146000000,146000000,552000000,-1585000000,-4000000,None,-101000000,None,None,279000000,11286000000,688666667,None,9115000000,9115000000,2756000000,None,None,3561000000,None,None,1538000000,408000000,2.67,0.0452,384000000,384000000,None,0.062,-0.11,2387000000,3925000000,1.17,2015-06-30,16.37,None,7753000000.0,8694000000,1606000000,573000000,3561000000,3561000000,None,966000000,None,1167000000,None,None,14653000000,None,None,418000000,None,None,None,0.345,1029000000,6307000000,2387000000,5416000000,7776000000,None,None,None,None,None,None,None,2.049,1.893,3.197,None,None,None,None,None,3000000,None,0.168,None,28940000000,2025-10-31,quarterly,1.06,USD,pre-market,None,1550000000,0.0298,0.092,0.149,18.6,None,18601000000,3948000000,None,57.92,60.18,-9.4017,52660000000,10129000000,14480000000,42263000000,42531000000,8072000000,17809000000,10397000000,19.35,None,62.17,46.43
2025-12-28,D,3.06,15813000000.0,19.35,None,0.68,31.27,1014000000,None,146000000,146000000,325000000,-1499000000,-43000000,None,148000000,None,None,-65000000,11286000000,688666667,None,9115000000,9115000000,2756000000,None,None,3561000000,None,None,1538000000,414000000,2.67,0.0452,381000000,381000000,None,0.062,-0.11,2387000000,3925000000,1.17,2015-03-31,16.37,None,7753000000.0,8694000000,1606000000,573000000,3561000000,3561000000,None,966000000,None,1167000000,None,None,14653000000,None,None,540000000,None,None,None,0.345,1131000000,6307000000,2387000000,5416000000,7776000000,None,None,None,None,None,None,None,2.049,1.893,3.197,None,None,None,None,None,-3000000,None,0.168,None,28940000000,2025-10-31,quarterly,1.06,USD,pre-market,None,1550000000,0.0298,0.092,0.149,18.6,None,18601000000,3948000000,None,57.92,60.18,-9.4017,52660000000,10129000000,14480000000,42263000000,42531000000,8072000000,17809000000,10397000000,19.35,None,62.17,46.43
2025-12-28,D,3.06,15813000000.0,19.35,None,0.68,31.27,1603000000,None,146000000,146000000,719000000,-1648000000,100000000,None,-4000000,None,None,-169000000,11286000000,688666667,None,9115000000,9115000000,2756000000,None,None,3561000000,None,None,1538000000,389000000,2.67,0.0452,350000000,350000000,None,0.062,-0.11,2387000000,3925000000,1.17,2014-12-31,16.37,None,7753000000.0,8694000000,1606000000,573000000,3561000000,3561000000,None,966000000,None,1167000000,None,None,14653000000,None,None,249000000,None,None,None,0.345,1029000000,6307000000,2387000000,5416000000,7776000000,None,None,None,None,None,None,None,2.049,1.893,3.197,None,None,None,None,None,-134000000,None,0.168,None,28940000000,2025-10-31,quarterly,1.06,USD,pre-market,None,1550000000,0.0298,0.092,0.149,18.6,None,18601000000,3948000000,None,57.92,60.18,-9.4017,52660000000,10129000000,14480000000,42263000000,42531000000,8072000000,17809000000,10397000000,19.35,None,62.17,46.43
2025-12-28,D,3.06,15813000000.0,19.35,None,0.68,31.27,1353000000,None,146000000,146000000,183000000,-1347000000,-201000000,None,-41000000,None,None,147000000,11286000000,688666667,None,9115000000,9115000000,2756000000,None,None,3561000000,None,None,1538000000,423000000,2.67,0.0452,350000000,350000000,None,0.062,-0.11,2387000000,3925000000,1.17,2014-09-30,16.37,None,7753000000.0,8694000000,1606000000,573000000,3561000000,3561000000,None,966000000,None,1167000000,None,None,14653000000,None,None,531000000,None,None,None,0.345,963000000,6307000000,2387000000,5416000000,7776000000,None,None,None,None,None,None,None,2.049,1.893,3.197,None,None,None,None,None,550000000,None,0.168,None,28940000000,2025-10-31,quarterly,1.06,USD,pre-market,None,1550000000,0.0298,0.092,0.149,18.6,None,18601000000,3948000000,None,57.92,60.18,-9.4017,52660000000,10129000000,14480000000,42263000000,42531000000,8072000000,17809000000,10397000000,19.35,None,62.17,46.43
2025-12-28,D,3.06,15813000000.0,19.35,None,0.68,31.27,1269000000,None,146000000,146000000,764000000,-1267000000,191000000,None,-161000000,None,None,336000000,11286000000,688666667,None,9115000000,9115000000,2756000000,None,None,3561000000,None,None,1538000000,370000000,2.67,0.0452,349000000,349000000,None,0.062,-0.11,2387000000,3925000000,1.17,2014-06-30,16.37,None,7753000000.0,8694000000,1606000000,573000000,3561000000,3561000000,None,966000000,None,1167000000,None,None,14653000000,None,None,161000000,None,None,None,0.345,694000000,6307000000,2387000000,5416000000,7776000000,None,None,None,None,None,None,None,2.049,1.893,3.197,None,None,None,None,None,1107000000,None,0.168,None,28940000000,2025-10-31,quarterly,1.06,USD,pre-market,None,1550000000,0.0298,0.092,0.149,18.6,None,18601000000,3948000000,None,57.92,60.18,-9.4017,52660000000,10129000000,14480000000,42263000000,42531000000,8072000000,17809000000,10397000000,19.35,None,62.17,46.43
2025-12-28,D,3.06,15813000000.0,19.35,None,0.68,31.27,1120000000,None,146000000,146000000,78000000,-919000000,-88000000,None,163000000,None,None,-183000000,11286000000,688666667,None,9115000000,9115000000,2756000000,None,None,3561000000,None,None,1538000000,378000000,2.67,0.0452,349000000,349000000,None,0.062,-0.11,2387000000,3925000000,1.17,2014-03-31,16.37,None,7753000000.0,8694000000,1606000000,573000000,3561000000,3561000000,None,966000000,None,1167000000,None,None,14653000000,None,None,385000000,None,None,None,0.345,753000000,6307000000,2387000000,5416000000,7776000000,None,None,None,None,None,None,None,2.049,1.893,3.197,None,None,None,None,None,-125000000,None,0.168,None,28940000000,2025-10-31,quarterly,1.06,USD,pre-market,None,1550000000,0.0298,0.092,0.149,18.6,None,18601000000,3948000000,None,57.92,60.18,-9.4017,52660000000,10129000000,14480000000,42263000000,42531000000,8072000000,17809000000,10397000000,19.35,None,62.17,46.43
2025-12-28,D,3.06,15813000000.0,19.35,None,0.68,31.27,1126000000,None,146000000,146000000,656000000,-1110000000,None,None,34000000,None,None,None,11286000000,688666667,None,9115000000,9115000000,2756000000,None,None,3561000000,None,None,1538000000,286000000,2.67,0.0452,326000000,326000000,None,0.062,-0.11,2387000000,3925000000,1.17,2013-12-31,16.37,None,7753000000.0,8694000000,1606000000,573000000,3561000000,3561000000,None,966000000,None,1167000000,None,None,14653000000,None,None,435000000,None,None,None,0.345,483000000,6307000000,2387000000,5416000000,7776000000,None,None,None,None,None,None,None,2.049,1.893,3.197,None,None,None,None,None,1600000000,None,0.168,None,28940000000,2025-10-31,quarterly,1.06,USD,pre-market,None,1550000000,0.0298,0.092,0.149,18.6,None,18601000000,3948000000,None,57.92,60.18,-9.4017,52660000000,10129000000,14480000000,42263000000,42531000000,8072000000,17809000000,10397000000,19.35,None,62.17,46.43
2025-12-28,D,3.06,15813000000.0,19.35,None,0.68,31.27,1028000000,None,146000000,146000000,-599000000,-463000000,None,None,-53000000,None,None,None,11286000000,688666667,None,9115000000,9115000000,2756000000,None,None,3561000000,None,None,1538000000,375000000,2.67,0.0452,326000000,326000000,None,0.062,-0.11,2387000000,3925000000,1.17,2013-09-30,16.37,None,7753000000.0,8694000000,1606000000,573000000,3561000000,3561000000,None,966000000,None,1167000000,None,None,14653000000,None,None,575000000,None,None,None,0.345,1159000000,6307000000,2387000000,5416000000,7776000000,None,None,None,None,None,None,None,2.049,1.893,3.197,None,None,None,None,None,585000000,None,0.168,None,28940000000,2025-10-31,quarterly,1.06,USD,pre-market,None,1550000000,0.0298,0.092,0.149,18.6,None,18601000000,3948000000,None,57.92,60.18,-9.4017,52660000000,10129000000,14480000000,42263000000,42531000000,8072000000,17809000000,10397000000,19.35,None,62.17,46.43
2025-12-28,D,3.06,15813000000.0,19.35,None,0.68,31.27,1046000000,None,146000000,146000000,439000000,-1023000000,None,None,-143000000,None,None,None,11286000000,688666667,None,9115000000,9115000000,2756000000,None,None,3561000000,None,None,1538000000,363000000,2.67,0.0452,326000000,326000000,None,0.062,-0.11,2387000000,3925000000,1.17,2013-06-30,16.37,None,7753000000.0,8694000000,1606000000,573000000,3561000000,3561000000,None,966000000,None,1167000000,None,None,14653000000,None,None,208000000,None,None,None,0.345,739000000,6307000000,2387000000,5416000000,7776000000,None,None,None,None,None,None,None,2.049,1.893,3.197,None,None,None,None,None,1100000000,None,0.168,None,28940000000,2025-10-31,quarterly,1.06,USD,pre-market,None,1550000000,0.0298,0.092,0.149,18.6,None,18601000000,3948000000,None,57.92,60.18,-9.4017,52660000000,10129000000,14480000000,42263000000,42531000000,8072000000,17809000000,10397000000,19.35,None,62.17,46.43
2025-12-28,D,3.06,15813000000.0,19.35,None,0.68,31.27,904000000,None,146000000,146000000,-403000000,-862000000,None,None,133000000,None,None,None,11286000000,688666667,None,9115000000,9115000000,2756000000,None,None,3561000000,None,None,1538000000,366000000,2.67,0.0452,324000000,324000000,None,0.062,-0.11,2387000000,3925000000,1.17,2013-03-31,16.37,None,7753000000.0,8694000000,1606000000,573000000,3561000000,3561000000,None,966000000,None,1167000000,None,None,14653000000,None,None,502000000,None,None,None,0.345,1052000000,6307000000,2387000000,5416000000,7776000000,None,None,None,None,None,None,None,2.049,1.893,3.197,None,None,None,None,None,1250000000,None,0.168,None,28940000000,2025-10-31,quarterly,1.06,USD,pre-market,None,1550000000,0.0298,0.092,0.149,18.6,None,18601000000,3948000000,None,57.92,60.18,-9.4017,52660000000,10129000000,14480000000,42263000000,42531000000,8072000000,17809000000,10397000000,19.35,None,62.17,46.43
2025-12-28,D,3.06,15813000000.0,19.35,None,0.68,31.27,1261000000,None,146000000,146000000,548000000,-1056000000,None,None,-2000000,None,None,None,11286000000,688666667,None,9115000000,9115000000,2756000000,None,None,3561000000,None,None,1538000000,363000000,2.67,0.0452,307000000,307000000,None,0.062,-0.11,2387000000,3925000000,1.17,2012-12-31,16.37,None,7753000000.0,8694000000,1606000000,573000000,3561000000,3561000000,None,966000000,None,1167000000,None,None,14653000000,None,None,-652000000,None,None,None,0.345,675000000,6307000000,2387000000,5416000000,7776000000,None,None,None,None,None,None,None,2.049,1.893,3.197,None,None,None,None,None,1431000000,None,0.168,None,28940000000,2025-10-31,quarterly,1.06,USD,pre-market,None,1550000000,0.0298,0.092,0.149,18.6,None,18601000000,3948000000,None,57.92,60.18,-9.4017,52660000000,10129000000,14480000000,42263000000,42531000000,8072000000,17809000000,10397000000,19.35,None,62.17,46.43
2025-12-28,D,3.06,15813000000.0,19.35,None,0.68,31.27,924000000,None,146000000,146000000,-225000000,-920000000,None,None,-40000000,None,None,None,11286000000,688666667,None,9115000000,9115000000,2756000000,None,None,3561000000,None,None,1538000000,376000000,2.67,0.0452,307000000,307000000,None,0.062,-0.11,2387000000,3925000000,1.17,2012-09-30,16.37,None,7753000000.0,8694000000,1606000000,573000000,3561000000,3561000000,None,966000000,None,1167000000,None,None,14653000000,None,None,215000000,None,None,None,0.345,1064000000,6307000000,2387000000,5416000000,7776000000,None,None,None,None,None,None,None,2.049,1.893,3.197,None,None,None,None,None,197000000,None,0.168,None,28940000000,2025-10-31,quarterly,1.06,USD,pre-market,None,1550000000,0.0298,0.092,0.149,18.6,None,18601000000,3948000000,None,57.92,60.18,-9.4017,52660000000,10129000000,14480000000,42263000000,42531000000,8072000000,17809000000,10397000000,19.35,None,62.17,46.43
2025-12-28,D,3.06,15813000000.0,19.35,None,0.68,31.27,979000000,None,146000000,146000000,172000000,-918000000,None,None,-24000000,None,None,None,11286000000,688666667,None,9115000000,9115000000,2756000000,None,None,3561000000,None,None,1538000000,0,2.67,0.0452,306000000,306000000,None,0.062,-0.11,2387000000,3925000000,1.17,2012-06-30,16.37,None,7753000000.0,8694000000,1606000000,573000000,3561000000,3561000000,None,966000000,None,1167000000,None,None,14653000000,None,None,265000000,None,None,None,0.345,775000000,6307000000,2387000000,5416000000,7776000000,None,None,None,None,None,None,None,2.049,1.893,3.197,None,None,None,None,None,139000000,None,0.168,None,28940000000,2025-10-31,quarterly,1.06,USD,pre-market,None,1550000000,0.0298,0.092,0.149,18.6,None,18601000000,3948000000,None,57.92,60.18,-9.4017,52660000000,10129000000,14480000000,42263000000,42531000000,8072000000,17809000000,10397000000,19.35,None,62.17,46.43
2025-12-28,D,3.06,15813000000.0,19.35,None,0.68,31.27,981000000,None,146000000,146000000,-646000000,-946000000,None,None,99000000,None,None,None,11286000000,688666667,None,9115000000,9115000000,2756000000,None,None,3561000000,None,None,1538000000,0,2.67,0.0452,305000000,305000000,None,0.062,-0.11,2387000000,3925000000,1.17,2012-03-31,16.37,None,7753000000.0,8694000000,1606000000,573000000,3561000000,3561000000,None,966000000,None,1167000000,None,None,14653000000,None,None,501000000,None,None,None,0.345,1623000000,6307000000,2387000000,5416000000,7776000000,None,None,None,None,None,None,None,2.049,1.893,3.197,None,None,None,None,None,-307000000,None,0.168,None,28940000000,2025-10-31,quarterly,1.06,USD,pre-market,None,1550000000,0.0298,0.092,0.149,18.6,None,18601000000,3948000000,None,57.92,60.18,-9.4017,52660000000,10129000000,14480000000,42263000000,42531000000,8072000000,17809000000,10397000000,19.35,None,62.17,46.43
2025-12-28,D,3.06,15813000000.0,19.35,None,0.68,31.27,1036000000,None,146000000,146000000,262000000,-957000000,None,None,-23000000,None,None,None,11286000000,688666667,None,9115000000,9115000000,2756000000,None,None,3561000000,None,None,1538000000,0,2.67,0.0452,286000000,286000000,None,0.062,-0.11,2387000000,3925000000,1.17,2011-12-31,16.37,None,7753000000.0,8694000000,1606000000,573000000,3561000000,3561000000,None,966000000,None,1167000000,None,None,14653000000,None,None,207000000,None,None,None,0.345,585000000,6307000000,2387000000,5416000000,7776000000,None,None,None,None,None,None,None,2.049,1.893,3.197,None,None,None,None,None,1106000000,None,0.168,None,28940000000,2025-10-31,quarterly,1.06,USD,pre-market,None,1550000000,0.0298,0.092,0.149,18.6,None,18601000000,3948000000,None,57.92,60.18,-9.4017,52660000000,10129000000,14480000000,42263000000,42531000000,8072000000,17809000000,10397000000,19.35,None,62.17,46.43
2025-12-28,D,3.06,15813000000.0,19.35,None,0.68,31.27,981000000,None,146000000,146000000,-150000000,-829000000,None,None,-131000000,None,None,None,11286000000,688666667,None,9115000000,9115000000,2756000000,None,None,3561000000,None,None,1538000000,0,2.67,0.0452,284000000,284000000,None,0.062,-0.11,2387000000,3925000000,1.17,2011-09-30,16.37,None,7753000000.0,8694000000,1606000000,573000000,3561000000,3561000000,None,966000000,None,1167000000,None,None,14653000000,None,None,396000000,None,None,None,0.345,1111000000,6307000000,2387000000,5416000000,7776000000,None,None,None,None,None,None,None,2.049,1.893,3.197,None,None,None,None,None,182000000,None,0.168,None,28940000000,2025-10-31,quarterly,1.06,USD,pre-market,None,1550000000,0.0298,0.092,0.149,18.6,None,18601000000,3948000000,None,57.92,60.18,-9.4017,52660000000,10129000000,14480000000,42263000000,42531000000,8072000000,17809000000,10397000000,19.35,None,62.17,46.43
2025-12-28,D,3.06,15813000000.0,19.35,None,0.68,31.27,829000000,None,146000000,146000000,300000000,-783000000,None,None,-150000000,None,None,None,11286000000,688666667,None,9115000000,9115000000,2756000000,None,None,3561000000,None,None,1538000000,0,2.67,0.0452,287000000,287000000,None,0.062,-0.11,2387000000,3925000000,1.17,2011-06-30,16.37,None,7753000000.0,8694000000,1606000000,573000000,3561000000,3561000000,None,966000000,None,1167000000,None,None,14653000000,None,None,336000000,None,None,None,0.345,375000000,6307000000,2387000000,5416000000,7776000000,None,None,None,None,None,None,None,2.049,1.893,3.197,None,None,None,None,None,-327000000,None,0.168,None,28940000000,2025-10-31,quarterly,1.06,USD,pre-market,None,1550000000,0.0298,0.092,0.149,18.6,None,18601000000,3948000000,None,57.92,60.18,-9.4017,52660000000,10129000000,14480000000,42263000000,42531000000,8072000000,17809000000,10397000000,19.35,None,62.17,46.43
2025-12-28,D,3.06,15813000000.0,19.35,None,0.68,31.27,806000000,None,146000000,146000000,-34000000,-752000000,None,None,119000000,None,None,None,11286000000,688666667,None,9115000000,9115000000,2756000000,None,None,3561000000,None,None,1538000000,0,2.67,0.0452,289000000,289000000,None,0.062,-0.11,2387000000,3925000000,1.17,2011-03-31,16.37,None,7753000000.0,8694000000,1606000000,573000000,3561000000,3561000000,None,966000000,None,1167000000,None,None,14653000000,None,None,479000000,None,None,None,0.345,912000000,6307000000,2387000000,5416000000,7776000000,None,None,None,None,None,None,None,2.049,1.893,3.197,None,None,None,None,None,-274000000,None,0.168,None,28940000000,2025-10-31,quarterly,1.06,USD,pre-market,None,1550000000,0.0298,0.092,0.149,18.6,None,18601000000,3948000000,None,57.92,60.18,-9.4017,52660000000,10129000000,14480000000,42263000000,42531000000,8072000000,17809000000,10397000000,19.35,None,62.17,46.43
2025-12-28,D,3.06,15813000000.0,19.35,None,0.68,31.27,913000000,None,146000000,146000000,481000000,-806000000,None,None,58000000,None,None,None,11286000000,688666667,None,9115000000,9115000000,2756000000,None,None,3561000000,None,None,1538000000,0,2.67,0.0452,271000000,271000000,None,0.062,-0.11,2387000000,3925000000,1.17,2010-12-31,16.37,None,7753000000.0,8694000000,1606000000,573000000,3561000000,3561000000,None,966000000,None,1167000000,None,None,14653000000,None,None,303000000,None,None,None,0.345,-59000000,6307000000,2387000000,5416000000,7776000000,None,None,None,None,None,None,None,2.049,1.893,3.197,None,None,None,None,None,1826000000,None,0.168,None,28940000000,2025-10-31,quarterly,1.06,USD,pre-market,None,1550000000,0.0298,0.092,0.149,18.6,None,18601000000,3948000000,None,57.92,60.18,-9.4017,52660000000,10129000000,14480000000,42263000000,42531000000,8072000000,17809000000,10397000000,19.35,None,62.17,46.43
2025-12-28,D,3.06,15813000000.0,19.35,None,0.68,31.27,855000000,None,146000000,146000000,-7000000,-436000000,None,None,-114000000,None,None,None,11286000000,688666667,None,9115000000,9115000000,2756000000,None,None,3561000000,None,None,1538000000,0,2.67,0.0452,270000000,270000000,None,0.062,-0.11,2387000000,3925000000,1.17,2010-09-30,16.37,None,7753000000.0,8694000000,1606000000,573000000,3561000000,3561000000,None,966000000,None,1167000000,None,None,14653000000,None,None,579000000,None,None,None,0.345,478000000,6307000000,2387000000,5416000000,7776000000,None,None,None,None,None,None,None,2.049,1.893,3.197,None,None,None,None,None,-400000000,None,0.168,None,28940000000,2025-10-31,quarterly,1.06,USD,pre-market,None,1550000000,0.0298,0.092,0.149,18.6,None,18601000000,3948000000,None,57.92,60.18,-9.4017,52660000000,10129000000,14480000000,42263000000,42531000000,8072000000,17809000000,10397000000,19.35,None,62.17,46.43
2025-12-28,D,3.06,15813000000.0,19.35,None,0.68,31.27,750000000,None,146000000,146000000,-1262000000,1832000000,None,None,-122000000,None,None,None,11286000000,688666667,None,9115000000,9115000000,2756000000,None,None,3561000000,None,None,1538000000,0,2.67,0.0452,273000000,273000000,None,0.062,-0.11,2387000000,3925000000,1.17,2010-06-30,16.37,None,7753000000.0,8694000000,1606000000,573000000,3561000000,3561000000,None,966000000,None,1167000000,None,None,14653000000,None,None,1765000000,None,None,None,0.345,-244000000,6307000000,2387000000,5416000000,7776000000,None,None,None,None,None,None,None,2.049,1.893,3.197,None,None,None,None,None,-309000000,None,0.168,None,28940000000,2025-10-31,quarterly,1.06,USD,pre-market,None,1550000000,0.0298,0.092,0.149,18.6,None,18601000000,3948000000,None,57.92,60.18,-9.4017,52660000000,10129000000,14480000000,42263000000,42531000000,8072000000,17809000000,10397000000,19.35,None,62.17,46.43
2025-12-28,D,3.06,15813000000.0,19.35,None,0.68,31.27,904000000,None,146000000,146000000,-1444000000,-171000000,None,None,213000000,None,None,None,11286000000,688666667,None,9115000000,9115000000,2756000000,None,None,3561000000,None,None,1538000000,0,2.67,0.0452,279000000,279000000,None,0.062,-0.11,2387000000,3925000000,1.17,2010-03-31,16.37,None,7753000000.0,8694000000,1606000000,573000000,3561000000,3561000000,None,966000000,None,1167000000,None,None,14653000000,None,None,178000000,None,None,None,0.345,1650000000,6307000000,2387000000,5416000000,7776000000,None,None,None,None,None,None,None,2.049,1.893,3.197,None,None,None,None,None,-191000000,None,0.168,None,28940000000,2025-10-31,quarterly,1.06,USD,pre-market,None,1550000000,0.0298,0.092,0.149,18.6,None,18601000000,3948000000,None,57.92,60.18,-9.4017,52660000000,10129000000,14480000000,42263000000,42531000000,8072000000,17809000000,10397000000,19.35,None,62.17,46.43
2025-12-28,D,3.06,15813000000.0,19.35,None,0.68,31.27,953000000,None,146000000,146000000,144000000,-951000000,None,None,31000000,None,None,None,11286000000,688666667,None,9115000000,9115000000,2756000000,None,None,3561000000,None,None,1538000000,0,2.67,0.0452,267000000,267000000,None,0.062,-0.11,2387000000,3925000000,1.17,2009-12-31,16.37,None,7753000000.0,8694000000,1606000000,573000000,3561000000,3561000000,None,966000000,None,1167000000,None,None,14653000000,None,None,-4000000,None,None,None,0.345,804000000,6307000000,2387000000,5416000000,7776000000,None,None,None,None,None,None,None,2.049,1.893,3.197,None,None,None,None,None,666000000,None,0.168,None,28940000000,2025-10-31,quarterly,1.06,USD,pre-market,None,1550000000,0.0298,0.092,0.149,18.6,None,18601000000,3948000000,None,57.92,60.18,-9.4017,52660000000,10129000000,14480000000,42263000000,42531000000,8072000000,17809000000,10397000000,19.35,None,62.17,46.43
2025-12-28,D,3.06,15813000000.0,19.35,None,0.68,31.27,1096000000,None,146000000,146000000,-137000000,-956000000,None,None,-81000000,None,None,None,11286000000,688666667,None,9115000000,9115000000,2756000000,None,None,3561000000,None,None,1538000000,0,2.67,0.0452,265000000,265000000,None,0.062,-0.11,2387000000,3925000000,1.17,2009-09-30,16.37,None,7753000000.0,8694000000,1606000000,573000000,3561000000,3561000000,None,966000000,None,1167000000,None,None,14653000000,None,None,598000000,None,None,None,0.345,1080000000,6307000000,2387000000,5416000000,7776000000,None,None,None,None,None,None,None,2.049,1.893,3.197,None,None,None,None,None,500000000,None,0.168,None,28940000000,2025-10-31,quarterly,1.06,USD,pre-market,None,1550000000,0.0298,0.092,0.149,18.6,None,18601000000,3948000000,None,57.92,60.18,-9.4017,52660000000,10129000000,14480000000,42263000000,42531000000,8072000000,17809000000,10397000000,19.35,None,62.17,46.43
2025-12-28,D,3.06,15813000000.0,19.35,None,0.68,31.27,951000000,None,146000000,146000000,408000000,-914000000,None,None,-231000000,None,None,None,11286000000,688666667,None,9115000000,9115000000,2756000000,None,None,3561000000,None,None,1538000000,0,2.67,0.0452,263000000,263000000,None,0.062,-0.11,2387000000,3925000000,1.17,2009-06-30,16.37,None,7753000000.0,8694000000,1606000000,573000000,3561000000,3561000000,None,966000000,None,1167000000,None,None,14653000000,None,None,462000000,None,None,None,0.345,425000000,6307000000,2387000000,5416000000,7776000000,None,None,None,None,None,None,None,2.049,1.893,3.197,None,None,None,None,None,1195000000,None,0.168,None,28940000000,2025-10-31,quarterly,1.06,USD,pre-market,None,1550000000,0.0298,0.092,0.149,18.6,None,18601000000,3948000000,None,57.92,60.18,-9.4017,52660000000,10129000000,14480000000,42263000000,42531000000,8072000000,17809000000,10397000000,19.35,None,62.17,46.43
2025-12-28,D,3.06,15813000000.0,19.35,None,0.68,31.27,837000000,None,146000000,146000000,-527000000,-874000000,None,None,271000000,None,None,None,11286000000,688666667,None,9115000000,9115000000,2756000000,None,None,3561000000,None,None,1538000000,None,2.67,0.0452,261000000,261000000,None,0.062,-0.11,2387000000,3925000000,1.17,2009-03-31,16.37,None,7753000000.0,8694000000,1606000000,573000000,3561000000,3561000000,None,966000000,None,1167000000,None,None,14653000000,None,None,248000000,None,None,None,0.345,1477000000,6307000000,2387000000,5416000000,7776000000,None,None,None,None,None,None,None,2.049,1.893,3.197,None,None,None,None,None,None,None,0.168,None,28940000000,2025-10-31,quarterly,1.06,USD,pre-market,None,1550000000,0.0298,0.092,0.149,18.6,None,18601000000,3948000000,None,57.92,60.18,-9.4017,52660000000,10129000000,14480000000,42263000000,42531000000,8072000000,17809000000,10397000000,19.35,None,62.17,46.43
2025-12-28,D,3.06,15813000000.0,19.35,None,0.68,31.27,1081000000,None,146000000,146000000,-94000000,-1169000000,None,None,128000000,None,None,None,11286000000,688666667,None,9115000000,9115000000,2756000000,None,None,3561000000,None,None,1538000000,None,2.67,0.0452,230000000,230000000,None,0.062,-0.11,2387000000,3925000000,1.17,2008-12-31,16.37,None,7753000000.0,8694000000,1606000000,573000000,3561000000,3561000000,None,966000000,None,1167000000,None,None,14653000000,None,None,348000000,None,None,None,0.345,1244000000,6307000000,2387000000,5416000000,7776000000,None,None,None,None,None,None,None,2.049,1.893,3.197,None,None,None,None,None,None,None,0.168,None,28940000000,2025-10-31,quarterly,1.06,USD,pre-market,None,1550000000,0.0298,0.092,0.149,18.6,None,18601000000,3948000000,None,57.92,60.18,-9.4017,52660000000,10129000000,14480000000,42263000000,42531000000,8072000000,17809000000,10397000000,19.35,None,62.17,46.43
2025-12-28,D,3.06,15813000000.0,19.35,None,0.68,31.27,857000000,None,146000000,146000000,-238000000,-650000000,None,None,-268000000,None,None,None,11286000000,688666667,None,9115000000,9115000000,2756000000,None,None,3561000000,None,None,1538000000,None,2.67,0.0452,233000000,233000000,None,0.062,-0.11,2387000000,3925000000,1.17,2008-09-30,16.37,None,7753000000.0,8694000000,1606000000,573000000,3561000000,3561000000,None,966000000,None,1167000000,None,None,14653000000,None,None,508000000,None,None,None,0.345,887000000,6307000000,2387000000,5416000000,7776000000,None,None,None,None,None,None,None,2.049,1.893,3.197,None,None,None,None,None,None,None,0.168,None,28940000000,2025-10-31,quarterly,1.06,USD,pre-market,None,1550000000,0.0298,0.092,0.149,18.6,None,18601000000,3948000000,None,57.92,60.18,-9.4017,52660000000,10129000000,14480000000,42263000000,42531000000,8072000000,17809000000,10397000000,19.35,None,62.17,46.43
2025-12-28,D,3.06,15813000000.0,19.35,None,0.68,31.27,919000000,None,146000000,146000000,982000000,-953000000,None,None,-172000000,None,None,None,11286000000,688666667,None,9115000000,9115000000,2756000000,None,None,3561000000,None,None,1538000000,None,2.67,0.0452,237000000,237000000,None,0.062,-0.11,2387000000,3925000000,1.17,2008-06-30,16.37,None,7753000000.0,8694000000,1606000000,573000000,3561000000,3561000000,None,966000000,None,1167000000,None,None,14653000000,None,None,298000000,None,None,None,0.345,-23000000,6307000000,2387000000,5416000000,7776000000,None,None,None,None,None,None,None,2.049,1.893,3.197,None,None,None,None,None,None,None,0.168,None,28940000000,2025-10-31,quarterly,1.06,USD,pre-market,None,1550000000,0.0298,0.092,0.149,18.6,None,18601000000,3948000000,None,57.92,60.18,-9.4017,52660000000,10129000000,14480000000,42263000000,42531000000,8072000000,17809000000,10397000000,19.35,None,62.17,46.43
2025-12-28,D,3.06,15813000000.0,19.35,None,0.68,31.27,697000000,None,146000000,146000000,-35000000,-718000000,None,None,196000000,None,None,None,11286000000,688666667,None,9115000000,9115000000,2756000000,None,None,3561000000,None,None,1538000000,None,2.67,0.0452,228000000,228000000,None,0.062,-0.11,2387000000,3925000000,1.17,2008-03-31,16.37,None,7753000000.0,8694000000,1606000000,573000000,3561000000,3561000000,None,966000000,None,1167000000,None,None,14653000000,None,None,680000000,None,None,None,0.345,551000000,6307000000,2387000000,5416000000,7776000000,None,None,None,None,None,None,None,2.049,1.893,3.197,None,None,None,None,None,None,None,0.168,None,28940000000,2025-10-31,quarterly,1.06,USD,pre-market,None,1550000000,0.0298,0.092,0.149,18.6,None,18601000000,3948000000,None,57.92,60.18,-9.4017,52660000000,10129000000,14480000000,42263000000,42531000000,8072000000,17809000000,10397000000,19.35,None,62.17,46.43
2025-12-28,D,3.06,15813000000.0,19.35,None,0.68,31.27,735000000,None,146000000,146000000,2967000000,-622000000,None,None,67000000,None,None,None,11286000000,688666667,None,9115000000,9115000000,2756000000,None,None,3561000000,None,None,1538000000,None,2.67,0.0452,227000000,227000000,None,0.062,-0.11,2387000000,3925000000,1.17,2007-12-31,16.37,None,7753000000.0,8694000000,1606000000,573000000,3561000000,3561000000,None,966000000,None,1167000000,None,None,14653000000,None,None,299000000,None,None,None,0.345,-2529000000,6307000000,2387000000,5416000000,7776000000,None,None,None,None,None,None,None,2.049,1.893,3.197,None,None,None,None,None,-5000000,None,0.168,None,28940000000,2025-10-31,quarterly,1.06,USD,pre-market,None,1550000000,0.0298,0.092,0.149,18.6,None,18601000000,3948000000,None,57.92,60.18,-9.4017,52660000000,10129000000,14480000000,42263000000,42531000000,8072000000,17809000000,10397000000,19.35,None,62.17,46.43
2025-12-28,D,3.06,15813000000.0,19.35,None,0.68,31.27,881000000,None,146000000,146000000,-12370000000,12488000000,None,None,-206000000,None,None,None,11286000000,688666667,None,9115000000,9115000000,2756000000,None,None,3561000000,None,None,1538000000,None,2.67,0.0452,207000000,207000000,None,0.062,-0.11,2387000000,3925000000,1.17,2007-09-30,16.37,None,7753000000.0,8694000000,1606000000,573000000,3561000000,3561000000,None,966000000,None,1167000000,None,None,14653000000,None,None,2317000000,None,None,None,0.345,310000000,6307000000,2387000000,5416000000,7776000000,None,None,None,None,None,None,None,2.049,1.893,3.197,None,None,None,None,None,-5646000000,None,0.168,None,28940000000,2025-10-31,quarterly,1.06,USD,pre-market,None,1550000000,0.0298,0.092,0.149,18.6,None,18601000000,3948000000,None,57.92,60.18,-9.4017,52660000000,10129000000,14480000000,42263000000,42531000000,8072000000,17809000000,10397000000,19.35,None,62.17,46.43
2025-12-28,D,3.06,15813000000.0,19.35,None,0.68,31.27,1309000000,None,146000000,146000000,50000000,-878000000,None,None,-200000000,None,None,None,11286000000,688666667,None,9115000000,9115000000,2756000000,None,None,3561000000,None,None,1538000000,None,2.67,0.0452,248000000,248000000,None,0.062,-0.11,2387000000,3925000000,1.17,2007-06-30,16.37,None,7753000000.0,8694000000,1606000000,573000000,3561000000,3561000000,None,966000000,None,1167000000,None,None,14653000000,None,None,-530000000,None,None,None,0.345,763000000,6307000000,2387000000,5416000000,7776000000,None,None,None,None,None,None,None,2.049,1.893,3.197,None,None,None,None,None,None,None,0.168,None,28940000000,2025-10-31,quarterly,1.06,USD,pre-market,None,1550000000,0.0298,0.092,0.149,18.6,None,18601000000,3948000000,None,57.92,60.18,-9.4017,52660000000,10129000000,14480000000,42263000000,42531000000,8072000000,17809000000,10397000000,19.35,None,62.17,46.43
2025-12-28,D,3.06,15813000000.0,19.35,None,0.68,31.27,1047000000,None,146000000,146000000,-448000000,-796000000,None,None,391000000,None,None,None,11286000000,688666667,None,9115000000,9115000000,2756000000,None,None,3561000000,None,None,1538000000,-375000,2.67,0.0452,249000000,249000000,None,0.062,-0.11,2387000000,3925000000,1.17,2007-03-31,16.37,None,7753000000.0,8694000000,1606000000,573000000,3561000000,3561000000,None,966000000,None,1167000000,None,None,14653000000,None,None,453000000,None,None,None,0.345,1210000000,6307000000,2387000000,5416000000,7776000000,None,None,None,None,None,None,None,2.049,1.893,3.197,None,None,None,None,None,None,None,0.168,None,28940000000,2025-10-31,quarterly,1.06,USD,pre-market,None,1550000000,0.0298,0.092,0.149,18.6,None,18601000000,3948000000,None,57.92,60.18,-9.4017,52660000000,10129000000,14480000000,42263000000,42531000000,8072000000,17809000000,10397000000,19.35,None,62.17,46.43
2025-12-28,D,3.06,15813000000.0,19.35,None,0.68,31.27,1178000000,None,146000000,146000000,209000000,-714000000,None,None,146000000,None,None,None,11286000000,688666667,None,9115000000,9115000000,2756000000,None,None,3561000000,None,None,1538000000,None,2.67,0.0452,243000000,243000000,None,0.062,-0.11,2387000000,3925000000,1.17,2006-12-31,16.37,None,7753000000.0,8694000000,1606000000,573000000,3561000000,3561000000,None,966000000,None,1167000000,None,None,14653000000,None,None,31000000,None,None,None,0.345,519000000,6307000000,2387000000,5416000000,7776000000,None,None,None,None,None,None,None,2.049,1.893,3.197,None,None,None,None,None,None,None,0.168,None,28940000000,2025-10-31,quarterly,1.06,USD,pre-market,None,1550000000,0.0298,0.092,0.149,18.6,None,18601000000,3948000000,None,57.92,60.18,-9.4017,52660000000,10129000000,14480000000,42263000000,42531000000,8072000000,17809000000,10397000000,19.35,None,62.17,46.43
2025-12-28,D,3.06,15813000000.0,19.35,None,0.68,31.27,943000000,None,146000000,146000000,-624000000,-828000000,None,None,-236000000,None,None,None,11286000000,688666667,None,9115000000,9115000000,2756000000,None,None,3561000000,None,None,1538000000,None,2.67,0.0452,244000000,244000000,None,0.062,-0.11,2387000000,3925000000,1.17,2006-09-30,16.37,None,7753000000.0,8694000000,1606000000,573000000,3561000000,3561000000,None,966000000,None,1167000000,None,None,14653000000,None,None,654000000,None,None,None,0.345,1497000000,6307000000,2387000000,5416000000,7776000000,None,None,None,None,None,None,None,2.049,1.893,3.197,None,None,None,None,None,None,None,0.168,None,28940000000,2025-10-31,quarterly,1.06,USD,pre-market,None,1550000000,0.0298,0.092,0.149,18.6,None,18601000000,3948000000,None,57.92,60.18,-9.4017,52660000000,10129000000,14480000000,42263000000,42531000000,8072000000,17809000000,10397000000,19.35,None,62.17,46.43
2025-12-28,D,3.06,15813000000.0,19.35,None,0.68,31.27,1008000000,None,146000000,146000000,-29000000,-966000000,None,None,-169000000,None,None,None,11286000000,688666667,None,9115000000,9115000000,2756000000,None,None,3561000000,None,None,1538000000,None,2.67,0.0452,243000000,243000000,None,0.062,-0.11,2387000000,3925000000,1.17,2006-06-30,16.37,None,7753000000.0,8694000000,1606000000,573000000,3561000000,3561000000,None,966000000,None,1167000000,None,None,14653000000,None,None,161000000,None,None,None,0.345,1005000000,6307000000,2387000000,5416000000,7776000000,None,None,None,None,None,None,None,2.049,1.893,3.197,None,None,None,None,None,None,None,0.168,None,28940000000,2025-10-31,quarterly,1.06,USD,pre-market,None,1550000000,0.0298,0.092,0.149,18.6,None,18601000000,3948000000,None,57.92,60.18,-9.4017,52660000000,10129000000,14480000000,42263000000,42531000000,8072000000,17809000000,10397000000,19.35,None,62.17,46.43
2025-12-28,D,3.06,15813000000.0,19.35,None,0.68,31.27,923000000,None,146000000,146000000,-71000000,-986000000,None,None,262000000,None,None,None,11286000000,688666667,None,9115000000,9115000000,2756000000,None,None,3561000000,None,None,1538000000,414000,2.67,0.0452,240000000,240000000,None,0.062,-0.11,2387000000,3925000000,1.17,2006-03-31,16.37,None,7753000000.0,8694000000,1606000000,573000000,3561000000,3561000000,None,966000000,None,1167000000,None,None,14653000000,None,None,534000000,None,None,None,0.345,984000000,6307000000,2387000000,5416000000,7776000000,None,None,None,None,None,None,None,2.049,1.893,3.197,None,None,None,None,None,None,None,0.168,None,28940000000,2025-10-31,quarterly,1.06,USD,pre-market,None,1550000000,0.0298,0.092,0.149,18.6,None,18601000000,3948000000,None,57.92,60.18,-9.4017,52660000000,10129000000,14480000000,42263000000,42531000000,8072000000,17809000000,10397000000,19.35,None,62.17,46.43
2025-12-28,D,3.06,15813000000.0,19.35,None,0.68,31.27,940000000,None,146000000,146000000,-349000000,-867000000,None,None,-5000000,None,None,None,11286000000,688666667,None,9115000000,9115000000,2756000000,None,None,3561000000,None,None,1538000000,None,2.67,0.0452,233000000,233000000,None,0.062,-0.11,2387000000,3925000000,1.17,2005-12-31,16.37,None,7753000000.0,8694000000,1606000000,573000000,3561000000,3561000000,None,966000000,None,1167000000,None,None,14653000000,None,None,257000000,None,None,None,0.345,125000000,6307000000,2387000000,5416000000,7776000000,None,None,None,None,None,None,None,2.049,1.893,3.197,None,None,None,None,None,None,None,0.168,None,28940000000,2025-10-31,quarterly,1.06,USD,pre-market,None,1550000000,0.0298,0.092,0.149,18.6,None,18601000000,3948000000,None,57.92,60.18,-9.4017,52660000000,10129000000,14480000000,42263000000,42531000000,8072000000,17809000000,10397000000,19.35,None,62.17,46.43
2025-12-28,D,3.06,15813000000.0,19.35,None,0.68,31.27,832000000,None,146000000,146000000,1003000000,-938000000,None,None,-284000000,None,None,None,11286000000,688666667,None,9115000000,9115000000,2756000000,None,None,3561000000,None,None,1538000000,-3000000,2.67,0.0452,232000000,232000000,None,0.062,-0.11,2387000000,3925000000,1.17,2005-09-30,16.37,None,7753000000.0,8694000000,1606000000,573000000,3561000000,3561000000,None,966000000,None,1167000000,None,None,14653000000,None,None,15000000,None,None,None,0.345,1128000000,6307000000,2387000000,5416000000,7776000000,None,None,None,None,None,None,None,2.049,1.893,3.197,None,None,None,None,None,None,None,0.168,None,28940000000,2025-10-31,quarterly,1.06,USD,pre-market,None,1550000000,0.0298,0.092,0.149,18.6,None,18601000000,3948000000,None,57.92,60.18,-9.4017,52660000000,10129000000,14480000000,42263000000,42531000000,8072000000,17809000000,10397000000,19.35,None,62.17,46.43
2025-12-28,D,3.06,15813000000.0,19.35,None,0.68,31.27,12427000000,None,146000000,146000000,-1771000000,-3183000000,None,None,-87000000,None,None,None,11286000000,688666667,None,9115000000,9115000000,2756000000,None,None,3561000000,None,None,1538000000,2345000000,2.67,0.0452,2239000000,2239000000,None,0.062,-0.11,2387000000,3925000000,1.17,2024-12-31,16.37,None,7753000000.0,8694000000,1606000000,573000000,3561000000,3561000000,None,966000000,None,1167000000,None,None,14653000000,None,None,1927000000,None,None,None,0.345,5018000000,6307000000,2387000000,5416000000,7776000000,None,None,None,None,None,None,None,2.049,1.893,3.197,None,None,None,None,None,-801000000,None,0.168,None,28940000000,2025-10-31,annual,1.06,USD,pre-market,None,1550000000,0.0298,0.092,0.149,18.6,None,18601000000,3948000000,None,57.92,60.18,-9.4017,52660000000,10129000000,14480000000,42263000000,42531000000,8072000000,17809000000,10397000000,19.35,None,62.17,46.43
2025-12-28,D,3.06,15813000000.0,19.35,None,0.68,31.27,10235000000,None,146000000,146000000,595000000,-7207000000,None,None,-198000000,None,None,None,11286000000,688666667,None,9115000000,9115000000,2756000000,None,None,3561000000,None,None,1538000000,2580000000,2.67,0.0452,2233000000,2233000000,None,0.062,-0.11,2387000000,3925000000,1.17,2023-12-31,16.37,None,7753000000.0,8694000000,1606000000,573000000,3561000000,3561000000,None,966000000,None,1167000000,None,None,14653000000,None,None,2156000000,None,None,None,0.345,6572000000,6307000000,2387000000,5416000000,7776000000,None,None,None,None,None,None,None,2.049,1.893,3.197,None,None,None,None,None,5840000000,None,0.168,None,28940000000,2025-10-31,annual,1.06,USD,pre-market,None,1550000000,0.0298,0.092,0.149,18.6,None,18601000000,3948000000,None,57.92,60.18,-9.4017,52660000000,10129000000,14480000000,42263000000,42531000000,8072000000,17809000000,10397000000,19.35,None,62.17,46.43
2025-12-28,D,3.06,15813000000.0,19.35,None,0.68,31.27,7591000000,None,146000000,146000000,2979000000,-6746000000,-67000000,None,-216000000,None,None,-985000000,11286000000,688666667,None,9115000000,9115000000,2756000000,None,None,3561000000,None,None,1538000000,3113000000,2.67,0.0452,2209000000,2209000000,None,0.062,-0.11,2387000000,3925000000,1.17,2022-12-31,16.37,None,7753000000.0,8694000000,1606000000,573000000,3561000000,3561000000,None,966000000,None,1167000000,None,None,14653000000,None,None,994000000,None,None,None,0.345,3700000000,6307000000,2387000000,5416000000,7776000000,None,None,None,None,None,None,None,2.049,1.893,3.197,None,None,None,None,None,-1610000000,None,0.168,None,28940000000,2025-10-31,annual,1.06,USD,pre-market,None,1550000000,0.0298,0.092,0.149,18.6,None,18601000000,3948000000,None,57.92,60.18,-9.4017,52660000000,10129000000,14480000000,42263000000,42531000000,8072000000,17809000000,10397000000,19.35,None,62.17,46.43
2025-12-28,D,3.06,15813000000.0,19.35,None,0.68,31.27,5960000000,None,146000000,146000000,2371000000,-6247000000,161000000,None,-74000000,None,None,-183000000,11286000000,688666667,None,9115000000,9115000000,2756000000,None,None,3561000000,None,None,1538000000,2768000000,2.67,0.0452,2036000000,2036000000,None,0.062,-0.11,2387000000,3925000000,1.17,2021-12-31,16.37,None,7753000000.0,8694000000,1606000000,573000000,3561000000,3561000000,None,966000000,None,1167000000,None,None,14653000000,None,None,3314000000,None,None,None,0.345,4037000000,6307000000,2387000000,5416000000,7776000000,None,None,None,None,None,None,None,2.049,1.893,3.197,None,None,None,None,None,10726000000,None,0.168,None,28940000000,2025-10-31,annual,1.06,USD,pre-market,None,1550000000,0.0298,0.092,0.149,18.6,None,18601000000,3948000000,None,57.92,60.18,-9.4017,52660000000,10129000000,14480000000,42263000000,42531000000,8072000000,17809000000,10397000000,19.35,None,62.17,46.43
2025-12-28,D,3.06,15813000000.0,19.35,None,0.68,31.27,6020000000,None,146000000,146000000,-2333000000,-2916000000,-22000000,None,39000000,None,None,-238000000,11286000000,688666667,None,9115000000,9115000000,2756000000,None,None,3561000000,None,None,1538000000,2836000000,2.67,0.0452,2873000000,2873000000,None,0.062,-0.11,2387000000,3925000000,1.17,2020-12-31,16.37,None,7753000000.0,8694000000,1606000000,573000000,3561000000,3561000000,None,966000000,None,1167000000,None,None,14653000000,None,None,-550000000,None,None,None,0.345,5227000000,6307000000,2387000000,5416000000,7776000000,None,None,None,None,None,None,None,2.049,1.893,3.197,None,None,None,None,None,-3080000000,None,0.168,None,28940000000,2025-10-31,annual,1.06,USD,pre-market,None,1550000000,0.0298,0.092,0.149,18.6,None,18601000000,3948000000,None,57.92,60.18,-9.4017,52660000000,10129000000,14480000000,42263000000,42531000000,8072000000,17809000000,10397000000,19.35,None,62.17,46.43
2025-12-28,D,3.06,15813000000.0,19.35,None,0.68,31.27,4980000000,None,146000000,146000000,-704000000,-4622000000,-122000000,None,-90000000,None,None,-71000000,11286000000,688666667,None,9115000000,9115000000,2756000000,None,None,3561000000,None,None,1538000000,2977000000,2.67,0.0452,2983000000,2983000000,None,0.062,-0.11,2387000000,3925000000,1.17,2019-12-31,16.37,None,7753000000.0,8694000000,1606000000,573000000,3561000000,3561000000,None,966000000,None,1167000000,None,None,14653000000,None,None,1376000000,None,None,None,0.345,5204000000,6307000000,2387000000,5416000000,7776000000,None,None,None,None,None,None,None,2.049,1.893,3.197,None,None,None,None,None,8569000000,None,0.168,None,28940000000,2025-10-31,annual,1.06,USD,pre-market,None,1550000000,0.0298,0.092,0.149,18.6,None,18601000000,3948000000,None,57.92,60.18,-9.4017,52660000000,10129000000,14480000000,42263000000,42531000000,8072000000,17809000000,10397000000,19.35,None,62.17,46.43
2025-12-28,D,3.06,15813000000.0,19.35,None,0.68,31.27,4405000000,None,146000000,146000000,-2209000000,-2358000000,206000000,None,-29000000,None,None,-110000000,11286000000,688666667,None,9115000000,9115000000,2756000000,None,None,3561000000,None,None,1538000000,2280000000,2.67,0.0452,2185000000,2185000000,None,0.062,-0.11,2387000000,3925000000,1.17,2018-12-31,16.37,None,7753000000.0,8694000000,1606000000,573000000,3561000000,3561000000,None,966000000,None,1167000000,None,None,14653000000,None,None,2447000000,None,None,None,0.345,4773000000,6307000000,2387000000,5416000000,7776000000,None,None,None,None,None,None,None,2.049,1.893,3.197,None,None,None,None,None,7885000000,None,0.168,None,28940000000,2025-10-31,annual,1.06,USD,pre-market,None,1550000000,0.0298,0.092,0.149,18.6,None,18601000000,3948000000,None,57.92,60.18,-9.4017,52660000000,10129000000,14480000000,42263000000,42531000000,8072000000,17809000000,10397000000,19.35,None,62.17,46.43
2025-12-28,D,3.06,15813000000.0,19.35,None,0.68,31.27,5909000000,None,146000000,146000000,1303000000,-5942000000,-141000000,None,15000000,None,None,-103000000,11286000000,688666667,None,9115000000,9115000000,2756000000,None,None,3561000000,None,None,1538000000,2202000000,2.67,0.0452,1931000000,1931000000,None,0.062,-0.11,2387000000,3925000000,1.17,2017-12-31,16.37,None,7753000000.0,8694000000,1606000000,573000000,3561000000,3561000000,None,966000000,None,1167000000,None,None,14653000000,None,None,2999000000,None,None,None,0.345,4502000000,6307000000,2387000000,5416000000,7776000000,None,None,None,None,None,None,None,2.049,1.893,3.197,None,None,None,None,None,4023000000,None,0.168,None,28940000000,2025-10-31,annual,1.06,USD,pre-market,None,1550000000,0.0298,0.092,0.149,18.6,None,18601000000,3948000000,None,57.92,60.18,-9.4017,52660000000,10129000000,14480000000,42263000000,42531000000,8072000000,17809000000,10397000000,19.35,None,62.17,46.43
2025-12-28,D,3.06,15813000000.0,19.35,None,0.68,31.27,6125000000,None,146000000,146000000,6230000000,-10703000000,-346000000,None,1000000,None,None,-286000000,11286000000,688666667,None,9115000000,9115000000,2756000000,None,None,3561000000,None,None,1538000000,1849000000,2.67,0.0452,1727000000,1727000000,None,0.062,-0.11,2387000000,3925000000,1.17,2016-12-31,16.37,None,7753000000.0,8694000000,1606000000,573000000,3561000000,3561000000,None,966000000,None,1167000000,None,None,14653000000,None,None,2123000000,None,None,None,0.345,4127000000,6307000000,2387000000,5416000000,7776000000,None,None,None,None,None,None,None,2.049,1.893,3.197,None,None,None,None,None,8922000000,None,0.168,None,28940000000,2025-10-31,annual,1.06,USD,pre-market,None,1550000000,0.0298,0.092,0.149,18.6,None,18601000000,3948000000,None,57.92,60.18,-9.4017,52660000000,10129000000,14480000000,42263000000,42531000000,8072000000,17809000000,10397000000,19.35,None,62.17,46.43
2025-12-28,D,3.06,15813000000.0,19.35,None,0.68,31.27,5993000000,None,146000000,146000000,2317000000,-6503000000,289000000,None,-26000000,None,None,294000000,11286000000,688666667,None,9115000000,9115000000,2756000000,None,None,3561000000,None,None,1538000000,1669000000,2.67,0.0452,1536000000,1536000000,None,0.062,-0.11,2387000000,3925000000,1.17,2015-12-31,16.37,None,7753000000.0,8694000000,1606000000,573000000,3561000000,3561000000,None,966000000,None,1167000000,None,None,14653000000,None,None,1899000000,None,None,None,0.345,4475000000,6307000000,2387000000,5416000000,7776000000,None,None,None,None,None,None,None,2.049,1.893,3.197,None,None,None,None,None,4296000000,None,0.168,None,28940000000,2025-10-31,annual,1.06,USD,pre-market,None,1550000000,0.0298,0.092,0.149,18.6,None,18601000000,3948000000,None,57.92,60.18,-9.4017,52660000000,10129000000,14480000000,42263000000,42531000000,8072000000,17809000000,10397000000,19.35,None,62.17,46.43
2025-12-28,D,3.06,15813000000.0,19.35,None,0.68,31.27,5551000000,None,146000000,146000000,1744000000,-5181000000,2000000,None,-43000000,None,None,131000000,11286000000,688666667,None,9115000000,9115000000,2756000000,None,None,3561000000,None,None,1538000000,1560000000,2.67,0.0452,1409000000,1409000000,None,0.062,-0.11,2387000000,3925000000,1.17,2014-12-31,16.37,None,7753000000.0,8694000000,1606000000,573000000,3561000000,3561000000,None,966000000,None,1167000000,None,None,14653000000,None,None,1310000000,None,None,None,0.345,3439000000,6307000000,2387000000,5416000000,7776000000,None,None,None,None,None,None,None,2.049,1.893,3.197,None,None,None,None,None,-259000000,None,0.168,None,28940000000,2025-10-31,annual,1.06,USD,pre-market,None,1550000000,0.0298,0.092,0.149,18.6,None,18601000000,3948000000,None,57.92,60.18,-9.4017,52660000000,10129000000,14480000000,42263000000,42531000000,8072000000,17809000000,10397000000,19.35,None,62.17,46.43
2025-12-28,D,3.06,15813000000.0,19.35,None,0.68,31.27,4104000000,None,146000000,146000000,1016000000,-4381000000,68000000,None,-29000000,None,None,-98000000,11286000000,688666667,None,9115000000,9115000000,2756000000,None,None,3561000000,None,None,1538000000,1390000000,2.67,0.0452,1319000000,1319000000,None,0.062,-0.11,2387000000,3925000000,1.17,2013-12-31,16.37,None,7753000000.0,8694000000,1606000000,573000000,3561000000,3561000000,None,966000000,None,1167000000,None,None,14653000000,None,None,1789000000,None,None,None,0.345,3433000000,6307000000,2387000000,5416000000,7776000000,None,None,None,None,None,None,None,2.049,1.893,3.197,None,None,None,None,None,4535000000,None,0.168,None,28940000000,2025-10-31,annual,1.06,USD,pre-market,None,1550000000,0.0298,0.092,0.149,18.6,None,18601000000,3948000000,None,57.92,60.18,-9.4017,52660000000,10129000000,14480000000,42263000000,42531000000,8072000000,17809000000,10397000000,19.35,None,62.17,46.43
2025-12-28,D,3.06,15813000000.0,19.35,None,0.68,31.27,4145000000,None,146000000,146000000,-151000000,-3840000000,None,None,33000000,None,None,None,11286000000,688666667,None,9115000000,9115000000,2756000000,None,None,3561000000,None,None,1538000000,1443000000,2.67,0.0452,1225000000,1225000000,None,0.062,-0.11,2387000000,3925000000,1.17,2012-12-31,16.37,None,7753000000.0,8694000000,1606000000,573000000,3561000000,3561000000,None,966000000,None,1167000000,None,None,14653000000,None,None,1427000000,None,None,None,0.345,4137000000,6307000000,2387000000,5416000000,7776000000,None,None,None,None,None,None,None,2.049,1.893,3.197,None,None,None,None,None,2498000000,None,0.168,None,28940000000,2025-10-31,annual,1.06,USD,pre-market,None,1550000000,0.0298,0.092,0.149,18.6,None,18601000000,3948000000,None,57.92,60.18,-9.4017,52660000000,10129000000,14480000000,42263000000,42531000000,8072000000,17809000000,10397000000,19.35,None,62.17,46.43
2025-12-28,D,3.06,15813000000.0,19.35,None,0.68,31.27,3652000000,None,146000000,146000000,378000000,-3321000000,None,None,-188000000,None,None,None,11286000000,688666667,None,9115000000,9115000000,2756000000,None,None,3561000000,None,None,1538000000,1288000000,2.67,0.0452,1146000000,1146000000,None,0.062,-0.11,2387000000,3925000000,1.17,2011-12-31,16.37,None,7753000000.0,8694000000,1606000000,573000000,3561000000,3561000000,None,966000000,None,1167000000,None,None,14653000000,None,None,1466000000,None,None,None,0.345,2983000000,6307000000,2387000000,5416000000,7776000000,None,None,None,None,None,None,None,2.049,1.893,3.197,None,None,None,None,None,-601000000,None,0.168,None,28940000000,2025-10-31,annual,1.06,USD,pre-market,None,1550000000,0.0298,0.092,0.149,18.6,None,18601000000,3948000000,None,57.92,60.18,-9.4017,52660000000,10129000000,14480000000,42263000000,42531000000,8072000000,17809000000,10397000000,19.35,None,62.17,46.43
2025-12-28,D,3.06,15813000000.0,19.35,None,0.68,31.27,3422000000,None,146000000,146000000,-2232000000,419000000,None,None,35000000,None,None,None,11286000000,688666667,None,9115000000,9115000000,2756000000,None,None,3561000000,None,None,1538000000,1258000000,2.67,0.0452,1093000000,1093000000,None,0.062,-0.11,2387000000,3925000000,1.17,2010-12-31,16.37,None,7753000000.0,8694000000,1606000000,573000000,3561000000,3561000000,None,966000000,None,1167000000,None,None,14653000000,None,None,2963000000,None,None,None,0.345,1825000000,6307000000,2387000000,5416000000,7776000000,None,None,None,None,None,None,None,2.049,1.893,3.197,None,None,None,None,None,-900000000,None,0.168,None,28940000000,2025-10-31,annual,1.06,USD,pre-market,None,1550000000,0.0298,0.092,0.149,18.6,None,18601000000,3948000000,None,57.92,60.18,-9.4017,52660000000,10129000000,14480000000,42263000000,42531000000,8072000000,17809000000,10397000000,19.35,None,62.17,46.43
2025-12-28,D,3.06,15813000000.0,19.35,None,0.68,31.27,3837000000,None,146000000,146000000,-112000000,-3695000000,None,None,-10000000,None,None,None,11286000000,688666667,None,9115000000,9115000000,2756000000,None,None,3561000000,None,None,1538000000,1319000000,2.67,0.0452,1056000000,1056000000,None,0.062,-0.11,2387000000,3925000000,1.17,2009-12-31,16.37,None,7753000000.0,8694000000,1606000000,573000000,3561000000,3561000000,None,966000000,None,1167000000,None,None,14653000000,None,None,1287000000,None,None,None,0.345,3786000000,6307000000,2387000000,5416000000,7776000000,None,None,None,None,None,None,None,2.049,1.893,3.197,None,None,None,None,None,1695000000,None,0.168,None,28940000000,2025-10-31,annual,1.06,USD,pre-market,None,1550000000,0.0298,0.092,0.149,18.6,None,18601000000,3948000000,None,57.92,60.18,-9.4017,52660000000,10129000000,14480000000,42263000000,42531000000,8072000000,17809000000,10397000000,19.35,None,62.17,46.43
2025-12-28,D,3.06,15813000000.0,19.35,None,0.68,31.27,3554000000,None,146000000,146000000,615000000,-3490000000,None,None,-116000000,None,None,None,11286000000,688666667,None,9115000000,9115000000,2756000000,None,None,3561000000,None,None,1538000000,1191000000,2.67,0.0452,916000000,916000000,None,0.062,-0.11,2387000000,3925000000,1.17,2008-12-31,16.37,None,7753000000.0,8694000000,1606000000,573000000,3561000000,3561000000,None,966000000,None,1167000000,None,None,14653000000,None,None,1836000000,None,None,None,0.345,2659000000,6307000000,2387000000,5416000000,7776000000,None,None,None,None,None,None,None,2.049,1.893,3.197,None,None,None,None,None,None,None,0.168,None,28940000000,2025-10-31,annual,1.06,USD,pre-market,None,1550000000,0.0298,0.092,0.149,18.6,None,18601000000,3948000000,None,57.92,60.18,-9.4017,52660000000,10129000000,14480000000,42263000000,42531000000,8072000000,17809000000,10397000000,19.35,None,62.17,46.43
2025-12-28,D,3.06,15813000000.0,19.35,None,0.68,31.27,3972000000,None,146000000,146000000,-9801000000,10192000000,None,None,52000000,None,None,None,11286000000,688666667,None,9115000000,9115000000,2756000000,None,None,3561000000,None,None,1538000000,1533000000,2.67,0.0452,931000000,931000000,None,0.062,-0.11,2387000000,3925000000,1.17,2007-12-31,16.37,None,7753000000.0,8694000000,1606000000,573000000,3561000000,3561000000,None,966000000,None,1167000000,None,None,14653000000,None,None,2705000000,None,None,None,0.345,-246000000,6307000000,2387000000,5416000000,7776000000,None,None,None,None,None,None,None,2.049,1.893,3.197,None,None,None,None,None,-5768000000,None,0.168,None,28940000000,2025-10-31,annual,1.06,USD,pre-market,None,1550000000,0.0298,0.092,0.149,18.6,None,18601000000,3948000000,None,57.92,60.18,-9.4017,52660000000,10129000000,14480000000,42263000000,42531000000,8072000000,17809000000,10397000000,19.35,None,62.17,46.43
2025-12-28,D,3.06,15813000000.0,19.35,None,0.68,31.27,4052000000,None,146000000,146000000,-515000000,-3494000000,None,None,3000000,None,None,None,11286000000,688666667,None,9115000000,9115000000,2756000000,None,None,3561000000,None,None,1538000000,1739000000,2.67,0.0452,970000000,970000000,None,0.062,-0.11,2387000000,3925000000,1.17,2006-12-31,16.37,None,7753000000.0,8694000000,1606000000,573000000,3561000000,3561000000,None,966000000,None,1167000000,None,None,14653000000,None,None,1563000000,None,None,None,0.345,4005000000,6307000000,2387000000,5416000000,7776000000,None,None,None,None,None,None,None,2.049,1.893,3.197,None,None,None,None,None,-540000000,None,0.168,None,28940000000,2025-10-31,annual,1.06,USD,pre-market,None,1550000000,0.0298,0.092,0.149,18.6,None,18601000000,3948000000,None,57.92,60.18,-9.4017,52660000000,10129000000,14480000000,42263000000,42531000000,8072000000,17809000000,10397000000,19.35,None,62.17,46.43
2025-12-28,D,3.06,15813000000.0,19.35,None,0.68,31.27,3358000000,None,146000000,146000000,522000000,-3360000000,None,None,-220000000,None,None,None,11286000000,688666667,None,9115000000,9115000000,2756000000,None,None,3561000000,None,None,1538000000,1538000000,2.67,0.0452,923000000,923000000,None,0.062,-0.11,2387000000,3925000000,1.17,2005-12-31,16.37,None,7753000000.0,8694000000,1606000000,573000000,3561000000,3561000000,None,966000000,None,1167000000,None,None,14653000000,None,None,1047000000,None,None,None,0.345,2623000000,6307000000,2387000000,5416000000,7776000000,None,None,None,None,None,None,None,2.049,1.893,3.197,None,None,None,None,None,-276000000,None,0.168,None,28940000000,2025-10-31,annual,1.06,USD,pre-market,None,1550000000,0.0298,0.092,0.149,18.6,None,18601000000,3948000000,None,57.92,60.18,-9.4017,52660000000,10129000000,14480000000,42263000000,42531000000,8072000000,17809000000,10397000000,19.35,None,62.17,46.43
