date,symbol,eps,revenue_ttm,pe_ratio,accumulateddepreciationamortizationppe,beta,book_value,capitalexpenditures,capitalleaseobligations,cashandcashequivalentsatcarryingvalue,cashandshortterminvestments,cashflowfromfinancing,cashflowfrominvestment,changeincashandcashequivalents,changeinexchangerate,changeininventory,changeinoperatingassets,changeinoperatingliabilities,changeinreceivables,commonstock,commonstocksharesoutstanding,comprehensiveincomenetoftax,costofgoodsandservicessold,costofrevenue,currentaccountspayable,currentdebt,currentlongtermdebt,currentnetreceivables,deferredrevenue,depreciation,depreciationandamortization,depreciationdepletionandamortization,dividend_per_share,dividend_yield,dividendpayout,dividendpayoutcommonstock,dividendpayoutpreferredstock,earnings_growth_yoy,earnings_surprise,ebit,ebitda,estimated_eps,fiscaldateending,forward_pe,goodwill,gross_profit_ttm,grossprofit,incomebeforetax,incometaxexpense,intangibleassets,intangibleassetsexcludinggoodwill,interestanddebtexpense,interestexpense,interestincome,inventory,investmentincomenet,investments,longtermdebt,longtermdebtnoncurrent,longterminvestments,netincome,netincomefromcontinuingoperations,netinterestincome,noninterestincome,operating_margin_ttm,operatingcashflow,operatingexpenses,operatingincome,othercurrentassets,othercurrentliabilities,othernoncurrentassets,othernoncurrentliabilities,othernonoperatingincome,paymentsforoperatingactivities,paymentsforrepurchaseofcommonstock,paymentsforrepurchaseofequity,paymentsforrepurchaseofpreferredstock,peg_ratio,price_to_book,price_to_sales_ttm,proceedsfromissuanceofcommonstock,proceedsfromissuanceoflongtermdebtandcapitalsecuritiesnet,proceedsfromissuanceofpreferredstock,proceedsfromoperatingactivities,proceedsfromrepaymentsofshorttermdebt,proceedsfromrepurchaseofequity,proceedsfromsaleoftreasurystock,profit_margin,profitloss,propertyplantequipment,report_date,report_type,reported_eps,reportedcurrency,reporttime,researchanddevelopment,retainedearnings,return_on_assets_ttm,return_on_equity_ttm,revenue_growth_yoy,revenue_per_share_ttm,sellinggeneralandadministrative,shortlongtermdebttotal,shorttermdebt,shortterminvestments,sma_200,sma_50,surprise_pct,totalassets,totalcurrentassets,totalcurrentliabilities,totalliabilities,totalnoncurrentassets,totalnoncurrentliabilities,totalrevenue,totalshareholderequity,trailing_pe,treasurystock,week_52_high,week_52_low
1996-03-31,DHI,,,,,,,,,,,,,,,,,,,,,,,,,,,,,,,,,,,,,,0.0,,,0.05,,,,,,,,,,,,,,,,,,,,,,,,,,,,,,,,,,,,,,,,,,,,,,,,,1996-04-16,,0.05,,pre-market,,,,,,,,,,,,,0.0,,,,,,,,,,,,
1996-06-30,DHI,,,,,,,,,,,,,,,,,,,,,,,,,,,,,,,,,,,,,,0.0,,,0.06,,,,,,,,,,,,,,,,,,,,,,,,,,,,,,,,,,,,,,,,,,,,,,,,,1996-07-17,,0.06,,pre-market,,,,,,,,,,,,,0.0,,,,,,,,,,,,
1996-09-30,DHI,,,,,,,,,,,,,,,,,,,,,,,,,,,,,,,,,,,,,,0.0,,,0.08,,,,,,,,,,,,,,,,,,,,,,,,,,,,,,,,,,,,,,,,,,,,,,,,,1996-11-12,,0.08,,pre-market,,,,,,,,,,,,,0.0,,,,,,,,,,,,
1996-12-31,DHI,,,,,,,,,,,,,,,,,,,,,,,,,,,,,,,,,,,,,,0.0,,,0.06,,,,,,,,,,,,,,,,,,,,,,,,,,,,,,,,,,,,,,,,,,,,,,,,,1997-01-21,,0.06,,pre-market,,,,,,,,,,,,,0.0,,,,,,,,,,,,
1997-03-31,DHI,,,,,,,,,,,,,,,,,,,,,,,,,,,,,,,,,,,,,,0.0,,,0.06,,,,,,,,,,,,,,,,,,,,,,,,,,,,,,,,,,,,,,,,,,,,,,,,,1997-04-22,,0.06,,pre-market,,,,,,,,,,,,,0.0,,,,,,,,,,,,
1997-06-30,DHI,,,,,,,,,,,,,,,,,,,,,,,,,,,,,,,,,,,,,,0.0,,,0.07,,,,,,,,,,,,,,,,,,,,,,,,,,,,,,,,,,,,,,,,,,,,,,,,,1997-07-30,,0.07,,pre-market,,,,,,,,,,,,,0.0,,,,,,,,,,,,
1997-09-30,DHI,,,,,,,,,,,,,,,,,,,,,,,,,,,,,,,,,,,,,,0.0,,,0.09,,,,,,,,,,,,,,,,,,,,,,,,,,,,,,,,,,,,,,,,,,,,,,,,,1997-11-10,,0.09,,pre-market,,,,,,,,,,,,,0.0,,,,,,,,,,,,
1997-12-31,DHI,,,,,,,,,,,,,,,,,,,,,,,,,,,,,,,,,,,,,,0.01,,,0.07,,,,,,,,,,,,,,,,,,,,,,,,,,,,,,,,,,,,,,,,,,,,,,,,,1998-01-20,,0.08,,pre-market,,,,,,,,,,,,,14.2857,,,,,,,,,,,,
1998-03-31,DHI,,,,,,,,,,,,,,,,,,,,,,,,,,,,,,,,,,,,,,0.01,,,0.08,,,,,,,,,,,,,,,,,,,,,,,,,,,,,,,,,,,,,,,,,,,,,,,,,1998-04-21,,0.09,,pre-market,,,,,,,,,,,,,12.5,,,,,,,,,,,,
1998-06-30,DHI,,,,,,,,,,,,,,,,,,,,,,,,,,,,,,,,,,,,,,0.02,,,0.12,,,,,,,,,,,,,,,,,,,,,,,,,,,,,,,,,,,,,,,,,,,,,,,,,1998-07-21,,0.14,,pre-market,,,,,,,,,,,,,16.6667,,,,,,,,,,,,
1998-09-30,DHI,,,,,,,,,,,,,,,,,,,,,,,,,,,,,,,,,,,,,,0.01,,,0.14,,,,,,,,,,,,,,,,,,,,,,,,,,,,,,,,,,,,,,,,,,,,,,,,,1998-11-03,,0.15,,pre-market,,,,,,,,,,,,,7.1429,,,,,,,,,,,,
1998-12-31,DHI,,,,,,,,,,,,,,,,,,,,,,,,,,,,,,,,,,,,,,0.02,,,0.12,,,,,,,,,,,,,,,,,,,,,,,,,,,,,,,,,,,,,,,,,,,,,,,,,1999-01-19,,0.14,,pre-market,,,,,,,,,,,,,16.6667,,,,,,,,,,,,
1999-03-31,DHI,,,,,,,,,,,,,,,,,,,,,,,,,,,,,,,,,,,,,,0.03,,,0.12,,,,,,,,,,,,,,,,,,,,,,,,,,,,,,,,,,,,,,,,,,,,,,,,,1999-04-20,,0.15,,pre-market,,,,,,,,,,,,,25.0,,,,,,,,,,,,
1999-06-30,DHI,,,,,,,,,,,,,,,,,,,,,,,,,,,,,,,,,,,,,,0.01,,,0.18,,,,,,,,,,,,,,,,,,,,,,,,,,,,,,,,,,,,,,,,,,,,,,,,,1999-07-20,,0.19,,pre-market,,,,,,,,,,,,,5.5556,,,,,,,,,,,,
1999-09-30,DHI,,,,,,,,,,,,,,,,,,,,,,,,,,,,,,,,,,,,,,0.01,,,0.2,,,,,,,,,,,,,,,,,,,,,,,,,,,,,,,,,,,,,,,,,,,,,,,,,1999-11-09,,0.21,,pre-market,,,,,,,,,,,,,5.0,,,,,,,,,,,,
1999-12-31,DHI,,,,,,,,,,,,,,,,,,,,,,,,,,,,,,,,,,,,,,0.01,,,0.17,,,,,,,,,,,,,,,,,,,,,,,,,,,,,,,,,,,,,,,,,,,,,,,,,2000-01-20,,0.18,,pre-market,,,,,,,,,,,,,5.8824,,,,,,,,,,,,
2000-03-31,DHI,,,,,,,,,,,,,,,,,,,,,,,,,,,,,,,,,,,,,,0.0,,,0.17,,,,,,,,,,,,,,,,,,,,,,,,,,,,,,,,,,,,,,,,,,,,,,,,,2000-04-19,,0.17,,pre-market,,,,,,,,,,,,,0.0,,,,,,,,,,,,
2000-06-30,DHI,,,,,,,,,,,,,,,,,,,,,,,,,,,,,,,,,,,,,,0.01,,,0.2,,,,,,,,,,,,,,,,,,,,,,,,,,,,,,,,,,,,,,,,,,,,,,,,,2000-07-14,,0.21,,pre-market,,,,,,,,,,,,,5.0,,,,,,,,,,,,
2000-09-30,DHI,,,,,,,,,,,,,,,,,,,,,,,,,,,,,,,,,,,,,,0.02,,,0.25,,,,,,,,,,,,,,,,,,,,,,,,,,,,,,,,,,,,,,,,,,,,,,,,,2000-11-10,,0.27,,pre-market,,,,,,,,,,,,,8.0,,,,,,,,,,,,
2000-12-31,DHI,,,,,,,,,,,,,,,,,,,,,,,,,,,,,,,,,,,,,,0.01,,,0.2,,,,,,,,,,,,,,,,,,,,,,,,,,,,,,,,,,,,,,,,,,,,,,,,,2001-01-19,,0.21,,pre-market,,,,,,,,,,,,,5.0,,,,,,,,,,,,
2001-03-31,DHI,,,,,,,,,,,,,,,,,,,,,,,,,,,,,,,,,,,,,,0.01,,,0.21,,,,,,,,,,,,,,,,,,,,,,,,,,,,,,,,,,,,,,,,,,,,,,,,,2001-04-18,,0.22,,pre-market,,,,,,,,,,,,,4.7619,,,,,,,,,,,,
2001-06-30,DHI,,,,,,,,,,,,,,,,,,,,,,,,,,,,,,,,,,,,,,0.03,,,0.27,,,,,,,,,,,,,,,,,,,,,,,,,,,,,,,,,,,,,,,,,,,,,,,,,2001-07-19,,0.3,,pre-market,,,,,,,,,,,,,11.1111,,,,,,,,,,,,
2001-09-30,DHI,,,,,,,,,,,,,,,,,,,,,,,,,,,,,,,,,,,,,,0.01,,,0.36,,,,,,,,,,,,,,,,,,,,,,,,,,,,,,,,,,,,,,,,,,,,,,,,,2001-11-14,,0.37,,pre-market,,,,,,,,,,,,,2.7778,,,,,,,,,,,,
2001-12-31,DHI,,,,,,,,,,,,,,,,,,,,,,,,,,,,,,,,,,,,,,0.05,,,0.26,,,,,,,,,,,,,,,,,,,,,,,,,,,,,,,,,,,,,,,,,,,,,,,,,2002-01-22,,0.31,,pre-market,,,,,,,,,,,,,19.2308,,,,,,,,,,,,
2002-03-31,DHI,,,,,,,,,,,,,,,,,,,,,,,,,,,,,,,,,,,,,,0.06,,,0.26,,,,,,,,,,,,,,,,,,,,,,,,,,,,,,,,,,,,,,,,,,,,,,,,,2002-04-22,,0.32,,pre-market,,,,,,,,,,,,,23.0769,,,,,,,,,,,,
2002-06-30,DHI,,,,,,,,,,,,,,,,,,,,,,,,,,,,,,,,,,,,,,0.01,,,0.33,,,,,,,,,,,,,,,,,,,,,,,,,,,,,,,,,,,,,,,,,,,,,,,,,2002-07-22,,0.34,,pre-market,,,,,,,,,,,,,3.0303,,,,,,,,,,,,
2002-09-30,DHI,,,,,,,,,,,,,,,,,,,,,,,,,,,,,,,,,,,,,,0.02,,,0.44,,,,,,,,,,,,,,,,,,,,,,,,,,,,,,,,,,,,,,,,,,,,,,,,,2002-11-12,,0.46,,pre-market,,,,,,,,,,,,,4.5455,,,,,,,,,,,,
2002-12-31,DHI,,,,,,,,,,,,,,,,,,,,,,,,,,,,,,,,,,,,,,0.05,,,0.33,,,,,,,,,,,,,,,,,,,,,,,,,,,,,,,,,,,,,,,,,,,,,,,,,2003-01-16,,0.38,,pre-market,,,,,,,,,,,,,15.1515,,,,,,,,,,,,
2003-03-31,DHI,,,,,,,,,,,,,,,,,,,,,,,,,,,,,,,,,,,,,,0.05,,,0.38,,,,,,,,,,,,,,,,,,,,,,,,,,,,,,,,,,,,,,,,,,,,,,,,,2003-04-16,,0.43,,pre-market,,,,,,,,,,,,,13.1579,,,,,,,,,,,,
2003-06-30,DHI,,,,,,,,,,,,,,,,,,,,,,,,,,,,,,,,,,,,,,0.03,,,0.47,,,,,,,,,,,,,,,,,,,,,,,,,,,,,,,,,,,,,,,,,,,,,,,,,2003-07-16,,0.5,,pre-market,,,,,,,,,,,,,6.383,,,,,,,,,,,,
2003-09-30,DHI,,,,,,,,,,,,,,,,,,,,,,,,,,,,,,,,,,,,,,0.08,,,0.65,,,,,,,,,,,,,,,,,,,,,,,,,,,,,,,,,,,,,,,,,,,,,,,,,2003-11-12,,0.73,,pre-market,,,,,,,,,,,,,12.3077,,,,,,,,,,,,
2003-12-31,DHI,,,,,,,,,,,,,,,,,,,,,,,,,,,,,,,,,,,,,,0.12,,,0.47,,,,,,,,,,,,,,,,,,,,,,,,,,,,,,,,,,,,,,,,,,,,,,,,,2004-01-21,,0.59,,pre-market,,,,,,,,,,,,,25.5319,,,,,,,,,,,,
2004-03-31,DHI,,,,,,,,,,,,,,,,,,,,,,,,,,,,,,,,,,,,,,0.07,,,0.53,,,,,,,,,,,,,,,,,,,,,,,,,,,,,,,,,,,,,,,,,,,,,,,,,2004-04-15,,0.6,,pre-market,,,,,,,,,,,,,13.2075,,,,,,,,,,,,
2004-06-30,DHI,,,,,,,,,,,,,,,,,,,,,,,,,,,,,,,,,,,,,,0.14,,,0.66,,,,,,,,,,,,,,,,,,,,,,,,,,,,,,,,,,,,,,,,,,,,,,,,,2004-07-21,,0.8,,pre-market,,,,,,,,,,,,,21.2121,,,,,,,,,,,,
2004-09-30,DHI,,,,,,,,,,,,,,,,,,,,,,,,,,,,,,,,,,,,,,0.18,,,0.92,,,,,,,,,,,,,,,,,,,,,,,,,,,,,,,,,,,,,,,,,,,,,,,,,2004-11-10,,1.1,,pre-market,,,,,,,,,,,,,19.5652,,,,,,,,,,,,
2004-12-31,DHI,,,,,,,,,,,,,,,,,,,,,,,,,,,,,,,,,,,,,,0.06,,,0.7,,,,,,,,,,,,,,,,,,,,,,,,,,,,,,,,,,,,,,,,,,,,,,,,,2005-01-20,,0.76,,pre-market,,,,,,,,,,,,,8.5714,,,,,,,,,,,,
2005-03-31,DHI,,,,,,,,,,,,,,,,,,,,,,,,,,,,,,,,,,,,,,0.11,,,0.81,,,,,,,,,,,,,,,,,,,,,,,,,,,,,,,,,,,,,,,,,,,,,,,,,2005-04-19,,0.92,,pre-market,,,,,,,,,,,,,13.5802,,,,,,,,,,,,
2005-06-30,DHI,,,,,,,,,,,,,,,,,,,,,,,,,,,,,,,,,,,,,,0.08,,,1.09,,,,,,,,,,,,,,,,,,,,,,,,,,,,,,,,,,,,,,,,,,,,,,,,,2005-07-21,,1.17,,pre-market,,,,,,,,,,,,,7.3394,,,,,,,,,,,,
2005-09-30,DHI,,,,,,,,,,,,,,,,,,,,,,,,,,,,,,,,,,,,,,0.14,,,1.63,,,,,,,,,,,,,,,,,,,,,,,,,,,,,,,,,,,,,,,,,,,,,,,,,2005-11-16,,1.77,,pre-market,,,,,,,,,,,,,8.589,,,,,,,,,,,,
2005-12-31,DHI,,,,,,,,,,,,,,,,,,,,,,,,,,,,,,,,,,,,,,0.04,,,0.94,,,,,,,,,,,,,,,,,,,,,,,,,,,,,,,,,,,,,,,,,,,,,,,,,2006-01-19,,0.98,,pre-market,,,,,,,,,,,,,4.2553,,,,,,,,,,,,
2006-03-31,DHI,,,,,,,,,,,,,,,,,,,,,,,,,,,,,,,,,,,,,,0.0,,,1.11,,,,,,,,,,,,,,,,,,,,,,,,,,,,,,,,,,,,,,,,,,,,,,,,,2006-04-18,,1.11,,pre-market,,,,,,,,,,,,,0.0,,,,,,,,,,,,
2006-06-30,DHI,,,,,,,,,,,,,,,,,,,,,,,,,,,,,,,,,,,,,,-0.02,,,0.95,,,,,,,,,,,,,,,,,,,,,,,,,,,,,,,,,,,,,,,,,,,,,,,,,2006-07-20,,0.93,,pre-market,,,,,,,,,,,,,-2.1053,,,,,,,,,,,,
2006-09-30,DHI,,,,,,,,,,,,,,,,,,,,,,,,,,,,,,,,,,,,,,0.19,,,0.69,,,,,,,,,,,,,,,,,,,,,,,,,,,,,,,,,,,,,,,,,,,,,,,,,2006-11-14,,0.88,,pre-market,,,,,,,,,,,,,27.5362,,,,,,,,,,,,
2006-12-31,DHI,,,,,,,,,,,,,,,,,,,,,,,,,,,,,,,,,,,,,,0.02,,,0.33,,,,,,,,,,,,,,,,,,,,,,,,,,,,,,,,,,,,,,,,,,,,,,,,,2007-01-23,,0.35,,pre-market,,,,,,,,,,,,,6.0606,,,,,,,,,,,,
2007-03-31,DHI,,,,,,,,,,,,,,,,,,,,,,,,,,,,,,,,,,,,,,-0.11,,,0.27,,,,,,,,,,,,,,,,,,,,,,,,,,,,,,,,,,,,,,,,,,,,,,,,,2007-04-19,,0.16,,pre-market,,,,,,,,,,,,,-40.7407,,,,,,,,,,,,
2007-06-30,DHI,,,,,,,,,,,,,,,,,,,,,,,,,,,,,,,,,,,,,,-2.27,,,-0.35,,,,,,,,,,,,,,,,,,,,,,,,,,,,,,,,,,,,,,,,,,,,,,,,,2007-07-26,,-2.62,,pre-market,,,,,,,,,,,,,-648.5714,,,,,,,,,,,,
2007-09-30,DHI,,,,,,,,,,,,,,,,,,,,,,,,,,,,,,,,,,,,,,0.5,,,-0.66,,,,,,,,,,,,,,,,,,,,,,,,,,,,,,,,,,,,,,,,,,,,,,,,,2007-11-20,,-0.16,,pre-market,,,,,,,,,,,,,75.7576,,,,,,,,,,,,
2007-12-31,DHI,,,,,,,,,,,,,,,,,,,,,,,,,,,,,,,,,,,,,,-0.16,,,-0.25,,,,,,,,,,,,,,,,,,,,,,,,,,,,,,,,,,,,,,,,,,,,,,,,,2008-02-07,,-0.41,,pre-market,,,,,,,,,,,,,-64.0,,,,,,,,,,,,
2008-03-31,DHI,,,,,,,,,,,,,,,,,,,,,,,,,,,,,,,,,,,,,,-3.75,,,-0.39,,,,,,,,,,,,,,,,,,,,,,,,,,,,,,,,,,,,,,,,,,,,,,,,,2008-05-06,,-4.14,,pre-market,,,,,,,,,,,,,-961.5385,,,,,,,,,,,,
2008-06-30,DHI,,,,,,,,,,,,,,,,,,,,,,,,,,,,,,,,,,,,,,-0.56,,,-0.7,,,,,,,,,,,,,,,,,,,,,,,,,,,,,,,,,,,,,,,,,,,,,,,,,2008-08-05,,-1.26,,pre-market,,,,,,,,,,,,,-80.0,,,,,,,,,,,,
2008-09-30,DHI,,,,,,,,,,,,,,,,,,,,,,,,,,,,,,,,,,,,,,-0.65,,,-1.88,,,,,,,,,,,,,,,,,,,,,,,,,,,,,,,,,,,,,,,,,,,,,,,,,2008-11-25,,-2.53,,pre-market,,,,,,,,,,,,,-34.5745,,,,,,,,,,,,
2008-12-31,DHI,,,,,,,,,,,,,,,,,,,,,,,,,,,,,,,,,,,,,,0.32,,,-0.52,,,,,,,,,,,,,,,,,,,,,,,,,,,,,,,,,,,,,,,,,,,,,,,,,2009-02-03,,-0.2,,pre-market,,,,,,,,,,,,,61.5385,,,,,,,,,,,,
2009-03-31,DHI,,,,,,,,,,,,,,,,,,,,,,,,,,,,,,,,,,,,,,-0.04,,,-0.3,,,,,,,,,,,,,,,,,,,,,,,,,,,,,,,,,,,,,,,,,,,,,,,,,2009-05-04,,-0.34,,pre-market,,,,,,,,,,,,,-13.3333,,,,,,,,,,,,
2009-06-30,DHI,,,,,,,,,,,,,,,,,,,,,,,,,,,,,,,,,,,,,,-0.22,,,-0.23,,,,,,,,,,,,,,,,,,,,,,,,,,,,,,,,,,,,,,,,,,,,,,,,,2009-08-04,,-0.45,,pre-market,,,,,,,,,,,,,-95.6522,,,,,,,,,,,,
2009-09-30,DHI,,,,,,,,,,,,,,,,,,,,,,,,,,,,,,,,,,,,,,-0.43,,,-0.3,,,,,,,,,,,,,,,,,,,,,,,,,,,,,,,,,,,,,,,,,,,,,,,,,2009-11-20,,-0.73,,pre-market,,,,,,,,,,,,,-143.3333,,,,,,,,,,,,
2009-12-31,DHI,,,,,,,,,,,,,,,,,,,,,,,,,,,,,,,,,,,,,,0.69,,,-0.13,,,,,,,,,,,,,,,,,,,,,,,,,,,,,,,,,,,,,,,,,,,,,,,,,2010-02-02,,0.56,,pre-market,,,,,,,,,,,,,530.7692,,,,,,,,,,,,
2010-03-31,DHI,,,,,,,,,,,,,,,,,,,,,,,,,,,,,,,,,,,,,,0.05,,,-0.01,,,,,,,,,,,,,,,,,,,,,,,,,,,,,,,,,,,,,,,,,,,,,,,,,2010-04-30,,0.04,,pre-market,,,,,,,,,,,,,500.0,,,,,,,,,,,,
2010-06-30,DHI,,,,,,,,,,,,,,,,,,,,,,,,,,,,,,,,,,,,,,0.0,,,0.16,,,,,,,,,,,,,,,,,,,,,,,,,,,,,,,,,,,,,,,,,,,,,,,,,2010-08-03,,0.16,,pre-market,,,,,,,,,,,,,0.0,,,,,,,,,,,,
2010-09-30,DHI,,,,,,,,,,,,,,,,,,,,,,,,,,,,,,,,,,,,,,0.01,,,-0.04,,,,,,,,,,,,,,,,,,,,,,,,,,,,,,,,,,,,,,,,,,,,,,,,,2010-11-12,,-0.03,,pre-market,,,,,,,,,,,,,25.0,,,,,,,,,,,,
2010-12-31,DHI,,,,,,,,,,,,,,,,,,,,,,,,,,,,,,,,,,,,,,-0.03,,,-0.03,,,,,,,,,,,,,,,,,,,,,,,,,,,,,,,,,,,,,,,,,,,,,,,,,2011-01-27,,-0.06,,pre-market,,,,,,,,,,,,,-100.0,,,,,,,,,,,,
2011-03-31,DHI,,,,,,,,,,,,,,,,,,,,,,,,,,,,,,,,,,,,,,0.14,,,-0.05,,,,,,,,,,,,,,,,,,,,,,,,,,,,,,,,,,,,,,,,,,,,,,,,,2011-04-29,,0.09,,pre-market,,,,,,,,,,,,,280.0,,,,,,,,,,,,
2011-06-30,DHI,,,,,,,,,,,,,,,,,,,,,,,,,,,,,,,,,,,,,,0.04,,,0.05,,,,,,,,,,,,,,,,,,,,,,,,,,,,,,,,,,,,,,,,,,,,,,,,,2011-07-28,,0.09,,pre-market,,,,,,,,,,,,,80.0,,,,,,,,,,,,
2011-09-30,DHI,,,,,,,,,,,,,,,,,,,,,,,,,,,,,,,,,,,,,,-0.03,,,0.14,,,,,,,,,,,,,,,,,,,,,,,,,,,,,,,,,,,,,,,,,,,,,,,,,2011-11-11,,0.11,,pre-market,,,,,,,,,,,,,-21.4286,,,,,,,,,,,,
2011-12-31,DHI,,,,,,,,,,,,,,,,,,,,,,,,,,,,,,,,,,,,,,0.05,,,0.04,,,,,,,,,,,,,,,,,,,,,,,,,,,,,,,,,,,,,,,,,,,,,,,,,2012-01-27,,0.09,,pre-market,,,,,,,,,,,,,125.0,,,,,,,,,,,,
2012-03-31,DHI,,,,,,,,,,,,,,,,,,,,,,,,,,,,,,,,,,,,,,0.09,,,0.04,,,,,,,,,,,,,,,,,,,,,,,,,,,,,,,,,,,,,,,,,,,,,,,,,2012-04-23,,0.13,,pre-market,,,,,,,,,,,,,225.0,,,,,,,,,,,,
2012-06-30,DHI,,,,,,,,,,,,,,,,,,,,,,,,,,,,,,,,,,,,,,0.03,,,0.2,,,,,,,,,,,,,,,,,,,,,,,,,,,,,,,,,,,,,,,,,,,,,,,,,2012-07-27,,0.23,,pre-market,,,,,,,,,,,,,15.0,,,,,,,,,,,,
2012-09-30,DHI,,,,,,,,,,,,,,,,,,,,,,,,,,,,,,,,,,,,,,0.02,,,0.28,,,,,,,,,,,,,,,,,,,,,,,,,,,,,,,,,,,,,,,,,,,,,,,,,2012-11-12,,0.3,,pre-market,,,,,,,,,,,,,7.1429,,,,,,,,,,,,
2012-12-31,DHI,,,,,,,,,,,,,,,,,,,,,,,,,,,,,,,,,,,,,,0.06,,,0.14,,,,,,,,,,,,,,,,,,,,,,,,,,,,,,,,,,,,,,,,,,,,,,,,,2013-01-29,,0.2,,pre-market,,,,,,,,,,,,,42.8571,,,,,,,,,,,,
2013-03-31,DHI,,,,,,,,,,,,,,,,,,,,,,,,,,,,,,,,,,,,,,0.13,,,0.19,,,,,,,,,,,,,,,,,,,,,,,,,,,,,,,,,,,,,,,,,,,,,,,,,2013-04-26,,0.32,,pre-market,,,,,,,,,,,,,68.4211,,,,,,,,,,,,
2013-06-30,DHI,,,,,,,,,,,,,,,,,,,,,,,,,,,,,,,,,,,,,,0.08,,,0.34,,,,,,,,,,,,,,,,,,,,,,,,,,,,,,,,,,,,,,,,,,,,,,,,,2013-07-25,,0.42,,pre-market,,,,,,,,,,,,,23.5294,,,,,,,,,,,,
2013-09-30,DHI,,,,,,,,,,,,,,,,,,,,,,,,,,,,,,,,,,,,,,0.0,,,0.4,,,,,,,,,,,,,,,,,,,,,,,,,,,,,,,,,,,,,,,,,,,,,,,,,2013-11-12,,0.4,,pre-market,,,,,,,,,,,,,0.0,,,,,,,,,,,,
2013-12-31,DHI,,,,,,,,,,,,,,,,,,,,,,,,,,,,,,,,,,,,,,0.07,,,0.29,,,,,,,,,,,,,,,,,,,,,,,,,,,,,,,,,,,,,,,,,,,,,,,,,2014-01-28,,0.36,,pre-market,,,,,,,,,,,,,24.1379,,,,,,,,,,,,
2014-03-31,DHI,,,,,,,,,,,,,,,,,,,,,,,,,,,,,,,,,,,,,,0.04,,,0.34,,,,,,,,,,,,,,,,,,,,,,,,,,,,,,,,,,,,,,,,,,,,,,,,,2014-04-24,,0.38,,pre-market,,,,,,,,,,,,,11.7647,,,,,,,,,,,,
2014-06-30,DHI,,,,,,,,,,,,,,,,,,,,,,,,,,,,,,,,,,,,,,-0.17,,,0.49,,,,,,,,,,,,,,,,,,,,,,,,,,,,,,,,,,,,,,,,,,,,,,,,,2014-07-24,,0.32,,pre-market,,,,,,,,,,,,,-34.6939,,,,,,,,,,,,
2014-09-30,DHI,,,,,,,,,,,,,,,,,,,,,,,,,,,,,,,,,,,,,,-0.03,,,0.48,,,,,,,,,,,,,,,,,,,,,,,,,,,,,,,,,,,,,,,,,,,,,,,,,2014-11-11,,0.45,,pre-market,,,,,,,,,,,,,-6.25,,,,,,,,,,,,
2014-12-31,DHI,,,,,,,,,,,,,,,,,,,,,,,,,,,,,,,,,,,,,,0.05,,,0.34,,,,,,,,,,,,,,,,,,,,,,,,,,,,,,,,,,,,,,,,,,,,,,,,,2015-01-26,,0.39,,pre-market,,,,,,,,,,,,,14.7059,,,,,,,,,,,,
2015-03-31,DHI,,,,,,,,,,,,,,,,,,,,,,,,,,,,,,,,,,,,,,0.02,,,0.38,,,,,,,,,,,,,,,,,,,,,,,,,,,,,,,,,,,,,,,,,,,,,,,,,2015-04-22,,0.4,,pre-market,,,,,,,,,,,,,5.2632,,,,,,,,,,,,
2015-06-30,DHI,,,,,,,,,,,,,,,,,,,,,,,,,,,,,,,,,,,,,,0.1,,,0.5,,,,,,,,,,,,,,,,,,,,,,,,,,,,,,,,,,,,,,,,,,,,,,,,,2015-07-28,,0.6,,pre-market,,,,,,,,,,,,,20.0,,,,,,,,,,,,
2015-09-30,DHI,,,,,,,,,,,,,,,,,,,,,,,,,,,,,,,,,,,,,,-0.01,,,0.62,,,,,,,,,,,,,,,,,,,,,,,,,,,,,,,,,,,,,,,,,,,,,,,,,2015-11-10,,0.61,,pre-market,,,,,,,,,,,,,-1.6129,,,,,,,,,,,,
2015-12-31,DHI,,,,,,,,,,,,,,,,,,,,,,,,,,,,,,,,,,,,,,0.01,,,0.41,,,,,,,,,,,,,,,,,,,,,,,,,,,,,,,,,,,,,,,,,,,,,,,,,2016-01-25,,0.42,,pre-market,,,,,,,,,,,,,2.439,,,,,,,,,,,,
2016-03-31,DHI,,,,,,,,,,,,,,,,,,,,,,,,,,,,,,,,,,,,,,0.05,,,0.47,,,,,,,,,,,,,,,,,,,,,,,,,,,,,,,,,,,,,,,,,,,,,,,,,2016-04-21,,0.52,,pre-market,,,,,,,,,,,,,10.6383,,,,,,,,,,,,
2016-06-30,DHI,,,,,,,,,,,,,,,,,,,,,,,,,,,,,,,,,,,,,,0.0,,,0.66,,,,,,,,,,,,,,,,,,,,,,,,,,,,,,,,,,,,,,,,,,,,,,,,,2016-07-21,,0.66,,pre-market,,,,,,,,,,,,,0.0,,,,,,,,,,,,
2016-09-30,DHI,,,,,,,,,,,,,,,,,,,,,,,,,,,,,,,,,,,,,,-0.01,,,0.77,,,,,,,,,,,,,,,,,,,,,,,,,,,,,,,,,,,,,,,,,,,,,,,,,2016-11-08,,0.76,,pre-market,,,,,,,,,,,,,-1.2987,,,,,,,,,,,,
2016-12-31,DHI,,,,,,,,,,,,,,,,,,,,,,,,,,,,,,,,,,,,,,0.08,,,0.47,,,,,,,,,,,,,,,,,,,,,,,,,,,,,,,,,,,,,,,,,,,,,,,,,2017-01-24,,0.55,,pre-market,,,,,,,,,,,,,17.0213,,,,,,,,,,,,
2017-03-31,DHI,,,,,,,,,,,,,,,,,,,,,,,,,,,,,,,,,,,,,,0.01,,,0.59,,,,,,,,,,,,,,,,,,,,,,,,,,,,,,,,,,,,,,,,,,,,,,,,,2017-04-20,,0.6,,pre-market,,,,,,,,,,,,,1.6949,,,,,,,,,,,,
2017-06-30,DHI,,,,,,,,,,,,,,,,,,,,,,,,,,,,,,,,,,,,,,0.01,,,0.75,,,,,,,,,,,,,,,,,,,,,,,,,,,,,,,,,,,,,,,,,,,,,,,,,2017-07-26,,0.76,,pre-market,,,,,,,,,,,,,1.3333,,,,,,,,,,,,
2017-09-30,DHI,,,,,,,,,,,,,,,,,,,,,,,,,,,,,,,,,,,,,,0.01,,,0.81,,,,,,,,,,,,,,,,,,,,,,,,,,,,,,,,,,,,,,,,,,,,,,,,,2017-11-09,,0.82,,pre-market,,,,,,,,,,,,,1.2346,,,,,,,,,,,,
2017-12-31,DHI,,,,,,,,,,,,,,,,,,,,,,,,,,,,,,,,,,,,,,0.28,,,0.49,,,,,,,,,,,,,,,,,,,,,,,,,,,,,,,,,,,,,,,,,,,,,,,,,2018-01-31,,0.77,,pre-market,,,,,,,,,,,,,57.1429,,,,,,,,,,,,
2018-03-31,DHI,,,,,,,,,,,,,,,,,,,,,,,,,,,,,,,,,,,,,,0.06,,,0.85,,,,,,,,,,,,,,,,,,,,,,,,,,,,,,,,,,,,,,,,,,,,,,,,,2018-04-26,,0.91,,pre-market,,,,,,,,,,,,,7.0588,,,,,,,,,,,,
2018-06-30,DHI,,,,,,,,,,,,,,,,,,,,,,,,,,,,,,,,,,,,,,0.1,,,1.08,,,,,,,,,,,,,,,,,,,,,,,,,,,,,,,,,,,,,,,,,,,,,,,,,2018-07-26,,1.18,,pre-market,,,,,,,,,,,,,9.2593,,,,,,,,,,,,
2018-09-30,DHI,,,,,,,,,,,,,,,,,,,,,,,,,,,,,,,,,,,,,,0.0,,,1.22,,,,,,,,,,,,,,,,,,,,,,,,,,,,,,,,,,,,,,,,,,,,,,,,,2018-11-08,,1.22,,pre-market,,,,,,,,,,,,,0.0,,,,,,,,,,,,
2018-12-31,DHI,,,,,,,,,,,,,,,,,,,,,,,,,,,,,,,,,,,,,,-0.02,,,0.78,,,,,,,,,,,,,,,,,,,,,,,,,,,,,,,,,,,,,,,,,,,,,,,,,2019-01-25,,0.76,,pre-market,,,,,,,,,,,,,-2.5641,,,,,,,,,,,,
2019-03-31,DHI,,,,,,,,,,,,,,,,,,,,,,,,,,,,,,,,,,,,,,0.01,,,0.86,,,,,,,,,,,,,,,,,,,,,,,,,,,,,,,,,,,,,,,,,,,,,,,,,2019-04-25,,0.87,,pre-market,,,,,,,,,,,,,1.1628,,,,,,,,,,,,
2019-06-30,DHI,,,,,,,,,,,,,,,,,,,,,,,,,,,,,,,,,,,,,,0.19,,,1.07,,,,,,,,,,,,,,,,,,,,,,,,,,,,,,,,,,,,,,,,,,,,,,,,,2019-07-30,,1.26,,pre-market,,,,,,,,,,,,,17.757,,,,,,,,,,,,
2019-09-30,DHI,,,,,,,,,,,,,,,,,,,,,,,,,,,,,,,,,,,,,,0.1,,,1.25,,,,,,,,,,,,,,,,,,,,,,,,,,,,,,,,,,,,,,,,,,,,,,,,,2019-11-12,,1.35,,pre-market,,,,,,,,,,,,,8.0,,,,,,,,,,,,
2019-12-31,DHI,,,,,,,,,,,,,,,,,,,,,,,,,,,,,,,,,,,,,,0.15,,,0.92,,,,,,,,,,,,,,,,,,,,,,,,,,,,,,,,,,,,,,,,,,,,,,,,,2020-01-27,,1.07,,pre-market,,,,,,,,,,,,,16.3043,,,,,,,,,,,,
2020-03-31,DHI,,,,,,,,,,,,,,,,,,,,,,,,,,,,,,,,,,,,,,0.18,,,1.12,,,,,,,,,,,,,,,,,,,,,,,,,,,,,,,,,,,,,,,,,,,,,,,,,2020-04-28,,1.3,,pre-market,,,,,,,,,,,,,16.0714,,,,,,,,,,,,
2020-06-30,DHI,,,,,,,,,,,,,,,,,,,,,,,,,,,,,,,,,,,,,,0.42,,,1.3,,,,,,,,,,,,,,,,,,,,,,,,,,,,,,,,,,,,,,,,,,,,,,,,,2020-07-28,,1.72,,pre-market,,,,,,,,,,,,,32.3077,,,,,,,,,,,,
2020-09-30,DHI,,,,,,,,,,,,,,,,,,,,,,,,,,,,,,,,,,,,,,0.48,,,1.76,,,,,,,,,,,,,,,,,,,,,,,,,,,,,,,,,,,,,,,,,,,,,,,,,2020-11-10,,2.24,,pre-market,,,,,,,,,,,,,27.2727,,,,,,,,,,,,
2020-12-31,DHI,,,,,,,,,,,,,,,,,,,,,,,,,,,,,,,,,,,,,,0.45,,,1.69,,,,,,,,,,,,,,,,,,,,,,,,,,,,,,,,,,,,,,,,,,,,,,,,,2021-01-26,,2.14,,pre-market,,,,,,,,,,,,,26.6272,,,,,,,,,,,,
2021-03-31,DHI,,,,,,,,,,,,,,,,,,,,,,,,,,,,,,,,,,,,,,0.38,,,2.15,,,,,,,,,,,,,,,,,,,,,,,,,,,,,,,,,,,,,,,,,,,,,,,,,2021-04-22,,2.53,,pre-market,,,,,,,,,,,,,17.6744,,,,,,,,,,,,
2021-06-30,DHI,,,,,,,,,,,,,,,,,,,,,,,,,,,,,,,,,,,,,,0.3,,,2.81,,,,,,,,,,,,,,,,,,,,,,,,,,,,,,,,,,,,,,,,,,,,,,,,,2021-07-22,,3.11,,pre-market,,,,,,,,,,,,,10.6762,,,,,,,,,,,,
2021-09-30,DHI,,,,,,,,,,,,,,,,,,,,,,,,,,,,,,,,,,,,,,0.3,,,3.4,,,,,,,,,,,,,,,,,,,,,,,,,,,,,,,,,,,,,,,,,,,,,,,,,2021-11-09,,3.7,,pre-market,,,,,,,,,,,,,8.8235,,,,,,,,,,,,
2021-12-31,DHI,,,,,,,,,,,,,,,,,,,,,,,,,,,,,,,,,,,,,,0.38,,,2.79,,,,,,,,,,,,,,,,,,,,,,,,,,,,,,,,,,,,,,,,,,,,,,,,,2022-02-02,,3.17,,pre-market,,,,,,,,,,,,,13.6201,,,,,,,,,,,,
2022-03-31,DHI,,,,,,,,,,,,,,,,,,,,,,,,,,,,,,,,,,,,,,0.66,,,3.37,,,,,,,,,,,,,,,,,,,,,,,,,,,,,,,,,,,,,,,,,,,,,,,,,2022-04-26,,4.03,,pre-market,,,,,,,,,,,,,19.5846,,,,,,,,,,,,
2022-06-30,DHI,,,,,,,,,,,,,,,,,,,,,,,,,,,,,,,,,,,,,,0.18,,,4.49,,,,,,,,,,,,,,,,,,,,,,,,,,,,,,,,,,,,,,,,,,,,,,,,,2022-07-21,,4.67,,pre-market,,,,,,,,,,,,,4.0089,,,,,,,,,,,,
2022-09-30,DHI,,,,,,,,,,,,,,,,,,,,,,,,,,,,,,,,,,,,,,-0.42,,,5.09,,,,,,,,,,,,,,,,,,,,,,,,,,,,,,,,,,,,,,,,,,,,,,,,,2022-11-09,,4.67,,pre-market,,,,,,,,,,,,,-8.2515,,,,,,,,,,,,
2022-12-31,DHI,,,,,,,,,,,,,,,,,,,,,,,,,,,,,,,,,,,,,,0.5,,,2.26,,,,,,,,,,,,,,,,,,,,,,,,,,,,,,,,,,,,,,,,,,,,,,,,,2023-01-24,,2.76,,pre-market,,,,,,,,,,,,,22.1239,,,,,,,,,,,,
2023-03-31,DHI,,,,,,,,,,,,,,,,,,,,,,,,,,,,,,,,,,,,,,0.8,,,1.93,,,,,,,,,,,,,,,,,,,,,,,,,,,,,,,,,,,,,,,,,,,,,,,,,2023-04-20,,2.73,,pre-market,,,,,,,,,,,,,41.4508,,,,,,,,,,,,
2023-06-30,DHI,,,,,,,,,,,,,,,,,,,,,,,,,,,,,,,,,,,,,,1.11,,,2.79,,,,,,,,,,,,,,,,,,,,,,,,,,,,,,,,,,,,,,,,,,,,,,,,,2023-07-20,,3.9,,pre-market,,,,,,,,,,,,,39.7849,,,,,,,,,,,,
2023-09-30,DHI,,,,,,,,,,,,,,,,,,,,,,,,,,,,,,,,,,,,,,0.52,,,3.93,,,,,,,,,,,,,,,,,,,,,,,,,,,,,,,,,,,,,,,,,,,,,,,,,2023-11-07,,4.45,,pre-market,,,,,,,,,,,,,13.2316,,,,,,,,,,,,
2023-12-31,DHI,,,,,,,,,,,,,,,,,,,,,,,,,,,,,,,,,,,,,,-0.06,,,2.88,,,,,,,,,,,,,,,,,,,,,,,,,,,,,,,,,,,,,,,,,,,,,,,,,2024-01-23,,2.82,,pre-market,,,,,,,,,,,,,-2.0833,,,,,,,,,,,,
2024-03-31,DHI,,,,,,,,,,,,,,,,,,,,,,,,,,,,,,,,,,,,,,0.46,,,3.06,,,,,,,,,,,,,,,,,,,,,,,,,,,,,,,,,,,,,,,,,,,,,,,,,2024-04-18,,3.52,,pre-market,,,,,,,,,,,,,15.0327,,,,,,,,,,,,
2024-06-30,DHI,,,,,,,,,,,,,,,,,,,,,,,,,,,,,,,,,,,,,,0.35,,,3.75,,,,,,,,,,,,,,,,,,,,,,,,,,,,,,,,,,,,,,,,,,,,,,,,,2024-07-18,,4.1,,pre-market,,,,,,,,,,,,,9.3333,,,,,,,,,,,,
2024-09-30,DHI,,,,,,,,,,,,,,,,,,,,,,,,,,,,,,,,,,,,,,-0.24,,,4.16,,,,,,,,,,,,,,,,,,,,,,,,,,,,,,,,,,,,,,,,,,,,,,,,,2024-10-29,,3.92,,pre-market,,,,,,,,,,,,,-5.7692,,,,,,,,,,,,
2024-12-31,DHI,,,,,,,,,,,,,,,,,,,,,,,,,,,,,,,,,,,,,,0.24,,,2.37,,,,,,,,,,,,,,,,,,,,,,,,,,,,,,,,,,,,,,,,,,,,,,,,,2025-01-21,,2.61,,pre-market,,,,,,,,,,,,,10.1266,,,,,,,,,,,,
2025-03-31,DHI,,,,,,,,,,,,,,,,,,,,,,,,,,,,,,,,,,,,,,-0.07,,,2.65,,,,,,,,,,,,,,,,,,,,,,,,,,,,,,,,,,,,,,,,,,,,,,,,,2025-04-17,,2.58,,pre-market,,,,,,,,,,,,,-2.6415,,,,,,,,,,,,
2025-06-30,DHI,,,,,,,,,,,,,,,,,,,,,,,,,,,,,,,,,,,,,,0.49,,,2.87,,,,,,,,,,,,,,,,,,,,,,,,,,,,,,,,,,,,,,,,,,,,,,,,,2025-07-22,,3.36,,pre-market,,,,,,,,,,,,,17.0732,,,,,,,,,,,,
2025-09-30,DHI,,,,,,,,,,,,,,,,,,,,,,,,,,,,,,,,,,,,,,-0.25,,,3.29,,,,,,,,,,,,,,,,,,,,,,,,,,,,,,,,,,,,,,,,,,,,,,,,,2025-10-28,,3.04,,pre-market,,,,,,,,,,,,,-7.5988,,,,,,,,,,,,
2025-12-28,DHI,11.57,34250400000.0,12.65,,1.38,82.15,,,,,,,,,,,,,,,,,,,,,,,,,,1.6,0.0109,,,,-0.222,-0.25,,,3.29,,12.9,,7711800000.0,,,,,,,,,,,,,,,,,,,0.125,,,,,,,,,,,,,1.13,1.764,1.248,,,,,,,,0.105,,,2025-10-28,,3.04,,pre-market,,,0.0816,0.143,-0.032,111.02,,,,,143.3,150.78,-7.5988,,,,,,,,,12.65,,183.98,109.46
2025-12-28,DHI,11.57,34250400000.0,12.65,,1.38,82.15,,,,,,,,,,,,,,,None,7581100000,7581100000,,,,,,None,27400000,,1.6,0.0109,,,,-0.222,-0.25,1204800000,1232200000,3.29,2025-09-30,12.9,,7711800000.0,2096700000,1204800000,288000000,,,None,None,None,,None,,,,,905300000,916800000,None,None,0.125,,970900000,1125800000,,,,,None,,,,,1.13,1.764,1.248,,,,,,,,0.105,,,2025-10-28,quarterly,3.04,USD,pre-market,None,,0.0816,0.143,-0.032,111.02,970900000,,,,143.3,150.78,-7.5988,,,,,,,9677800000,,12.65,,183.98,109.46
2025-12-28,DHI,11.57,34250400000.0,12.65,,1.38,82.15,,,,,,,,,,,,,,,None,7016500000,7016500000,,,,,,None,25200000,,1.6,0.0109,,,,-0.222,-0.25,1358100000,1383300000,3.29,2025-06-30,12.9,,7711800000.0,2209100000,1358100000,325000000,,,None,None,None,,None,,,,,1024600000,1033100000,None,None,0.125,,944300000,1264800000,,,,,None,,,,,1.13,1.764,1.248,,,,,,,,0.105,,,2025-10-28,quarterly,3.04,USD,pre-market,None,,0.0816,0.143,-0.032,111.02,944300000,,,,143.3,150.78,-7.5988,,,,,,,9225600000,,12.65,,183.98,109.46
2025-12-28,DHI,11.57,34250400000.0,12.65,,1.38,82.15,,,,,,,,,,,,,,,None,5833800000,5833800000,,,,,,None,24600000,,1.6,0.0109,,,,-0.222,-0.25,1067100000,1091700000,3.29,2025-03-31,12.9,,7711800000.0,1900200000,1067100000,248000000,,,None,None,None,,None,,,,,810400000,819100000,None,None,0.125,,898700000,1001500000,,,,,None,,,,,1.13,1.764,1.248,,,,,,,,0.105,,,2025-10-28,quarterly,3.04,USD,pre-market,None,,0.0816,0.143,-0.032,111.02,898700000,,,,143.3,150.78,-7.5988,,,,,,,7734000000,,12.65,,183.98,109.46
2025-12-28,DHI,11.57,34250400000.0,12.65,,1.38,82.15,,,,,,,,,,,,,,,None,5702800000,5702800000,,,,,,None,24100000,,1.6,0.0109,,,,-0.222,-0.25,1109900000,1134000000,3.29,2024-12-31,12.9,,7711800000.0,1910200000,1109900000,258000000,,,None,30300000,None,,None,,,,,844900000,851900000,None,None,0.125,,878100000,1032100000,,,,,None,,,,,1.13,1.764,1.248,,,,,,,,0.105,,,2025-10-28,quarterly,3.04,USD,pre-market,None,,0.0816,0.143,-0.032,111.02,878100000,,,,143.3,150.78,-7.5988,,,,,,,7613000000,,12.65,,183.98,109.46
2025-12-28,DHI,11.57,34250400000.0,12.65,,1.38,82.15,,,,,,,,,,,,,,,None,7448300000,7448300000,,,,,,None,23600000,,1.6,0.0109,,,,-0.222,-0.25,1709700000,1733300000,3.29,2024-09-30,12.9,,7711800000.0,2554300000,1709700000,409900000,,,None,38900000,None,,None,,,,,1283400000,1299800000,None,None,0.125,,895800000,1658500000,,,,,None,,,,,1.13,1.764,1.248,,,,,,,,0.105,,,2025-10-28,quarterly,3.04,USD,pre-market,None,,0.0816,0.143,-0.032,111.02,960300000,,,,143.3,150.78,-7.5988,,,,,,,10002600000,,12.65,,183.98,109.46
2025-12-28,DHI,11.57,34250400000.0,12.65,,1.38,82.15,,,,,,,,,,,,,,,None,7323700000,7323700000,,,,,,None,22400000,,1.6,0.0109,,,,-0.222,-0.25,1799000000,1821400000,3.29,2024-06-30,12.9,,7711800000.0,2642000000,1799000000,432200000,,,None,35300000,None,,None,,,,,1353600000,1366800000,None,None,0.125,,879300000,1762700000,,,,,None,,,,,1.13,1.764,1.248,,,,,,,,0.105,,,2025-10-28,quarterly,3.04,USD,pre-market,None,,0.0816,0.143,-0.032,111.02,923600000,,,,143.3,150.78,-7.5988,,,,,,,9965700000,,12.65,,183.98,109.46
2025-12-28,DHI,11.57,34250400000.0,12.65,,1.38,82.15,,,,,,,,,,,,,,,None,6774300000,6774300000,,,,,,None,21100000,,1.6,0.0109,,,,-0.222,-0.25,1528500000,1549600000,3.29,2024-03-31,12.9,,7711800000.0,2332900000,1528500000,344800000,,,None,32800000,None,,None,,,,,1172100000,1183700000,None,None,0.125,,843400000,1489500000,,,,,None,,,,,1.13,1.764,1.248,,,,,,,,0.105,,,2025-10-28,quarterly,3.04,USD,pre-market,None,,0.0816,0.143,-0.032,111.02,880600000,,,,143.3,150.78,-7.5988,,,,,,,9107200000,,12.65,,183.98,109.46
2025-12-28,DHI,11.57,34250400000.0,12.65,,1.38,82.15,,,,,,,,,,,,,,,None,5719800000,5719800000,,,,,,None,20000000,,1.6,0.0109,,,,-0.222,-0.25,1247500000,1267500000,3.29,2023-12-31,12.9,,7711800000.0,2006200000,1247500000,291800000,,,None,28000000,None,,None,,,,,947400000,955700000,None,None,0.125,,808600000,1197600000,,,,,None,,,,,1.13,1.764,1.248,,,,,,,,0.105,,,2025-10-28,quarterly,3.04,USD,pre-market,None,,0.0816,0.143,-0.032,111.02,835000000,,,,143.3,150.78,-7.5988,,,,,,,7726000000,,12.65,,183.98,109.46
2025-12-28,DHI,11.57,34250400000.0,12.65,,1.38,82.15,,,,,,,,,,,,,,,None,7680700000,7680700000,,,,,,None,21400000,,1.6,0.0109,,,,-0.222,-0.25,2018300000,2039700000,3.29,2023-09-30,12.9,,7711800000.0,2823300000,2018300000,492700000,,,None,50700000,None,,None,,,,,1509700000,1525600000,None,None,0.125,,839100000,1984200000,,,,,None,,,,,1.13,1.764,1.248,,,,,,,,0.105,,,2025-10-28,quarterly,3.04,USD,pre-market,None,,0.0816,0.143,-0.032,111.02,821500000,,,,143.3,150.78,-7.5988,,,,,,,10504000000,,12.65,,183.98,109.46
2025-12-28,DHI,11.57,34250400000.0,12.65,,1.38,82.15,,,,,,,,,,,,,,,None,7141800000,7141800000,,,,,,None,23700000,,1.6,0.0109,,,,-0.222,-0.25,1783900000,1807600000,3.29,2023-06-30,12.9,,7711800000.0,2583800000,1783900000,432200000,,,None,41300000,None,,None,,,,,1335100000,1351700000,None,None,0.125,,852100000,1731700000,,,,,52200000,,,,,1.13,1.764,1.248,,,,,,,,0.105,,,2025-10-28,quarterly,3.04,USD,pre-market,None,,0.0816,0.143,-0.032,111.02,852100000,,,,143.3,150.78,-7.5988,,,,,,,9725600000,,12.65,,183.98,109.46
2025-12-28,DHI,11.57,34250400000.0,12.65,,1.38,82.15,,,,,,,,,,,,,,,None,5996200000,5996200000,,,,,,None,26700000,,1.6,0.0109,,,,-0.222,-0.25,1245300000,1272000000,3.29,2023-03-31,12.9,,7711800000.0,1976700000,1245300000,295700000,,,None,34800000,None,,None,,,,,942200000,949600000,None,None,0.125,,739100000,1237600000,,,,,42200000,,,,,1.13,1.764,1.248,,,,,,,,0.105,,,2025-10-28,quarterly,3.04,USD,pre-market,None,,0.0816,0.143,-0.032,111.02,773600000,,,,143.3,150.78,-7.5988,,,,,,,7972900000,,12.65,,183.98,109.46
2025-12-28,DHI,11.57,34250400000.0,12.65,,1.38,82.15,,,,,,,,,,,,,,,None,5291300000,5291300000,,,,,,None,19800000,,1.6,0.0109,,,,-0.222,-0.25,1267200000,1287000000,3.29,2022-12-31,12.9,,7711800000.0,1966500000,1267200000,298900000,,,None,28100000,None,,None,,,,,958700000,968300000,None,None,0.125,,718200000,1248300000,,,,,37700000,,,,,1.13,1.764,1.248,,,,,,,,0.105,,,2025-10-28,quarterly,3.04,USD,pre-market,None,,0.0816,0.143,-0.032,111.02,737000000,,,,143.3,150.78,-7.5988,,,,,,,7257800000,,12.65,,183.98,109.46
2025-12-28,DHI,11.57,34250400000.0,12.65,,1.38,82.15,,,,,,,,,,,,,,,None,6760900000,6760900000,,,,,,None,21200000,,1.6,0.0109,,,,-0.222,-0.25,2065900000,2087100000,3.29,2022-09-30,12.9,,7711800000.0,2878500000,2065900000,417600000,,,None,4200000,None,,None,,,,,1631900000,1648300000,None,None,0.125,,784700000,2093800000,,,,,19400000,,,,,1.13,1.764,1.248,,,,,,,,0.105,,,2025-10-28,quarterly,3.04,USD,pre-market,None,,0.0816,0.143,-0.032,111.02,790300000,,,,143.3,150.78,-7.5988,,,,,,,9639400000,,12.65,,183.98,109.46
2025-12-28,DHI,11.57,34250400000.0,12.65,,1.38,82.15,,,,,,,,,,,,,,,None,5879300000,5879300000,,,,,,None,20900000,,1.6,0.0109,,,,-0.222,-0.25,2183300000,2204200000,3.29,2022-06-30,12.9,,7711800000.0,2908800000,2183300000,524000000,,,None,3600000,None,,None,,,,,1647800000,1659300000,None,None,0.125,,694000000,2214800000,,,,,15100000,,,,,1.13,1.764,1.248,,,,,,,,0.105,,,2025-10-28,quarterly,3.04,USD,pre-market,None,,0.0816,0.143,-0.032,111.02,740600000,,,,143.3,150.78,-7.5988,,,,,,,8788100000,,12.65,,183.98,109.46
2025-12-28,DHI,11.57,34250400000.0,12.65,,1.38,82.15,,,,,,,,,,,,,,,None,5429900000,5429900000,,,,,,None,19900000,,1.6,0.0109,,,,-0.222,-0.25,1883300000,1903200000,3.29,2022-03-31,12.9,,7711800000.0,2569100000,1883300000,441000000,,,None,23200000,None,,None,,,,,1436300000,1442300000,None,None,0.125,,663900000,1905200000,,,,,9300000,,,,,1.13,1.764,1.248,,,,,,,,0.105,,,2025-10-28,quarterly,3.04,USD,pre-market,None,,0.0816,0.143,-0.032,111.02,695100000,,,,143.3,150.78,-7.5988,,,,,,,7999000000,,12.65,,183.98,109.46
2025-12-28,DHI,11.57,34250400000.0,12.65,,1.38,82.15,,,,,,,,,,,,,,,None,4905700000,4905700000,,,,,,None,19400000,,1.6,0.0109,,,,-0.222,-0.25,1497300000,1516700000,3.29,2021-12-31,12.9,,7711800000.0,2147700000,1497300000,351500000,,,None,4200000,None,,None,,,,,1141600000,1145800000,None,None,0.125,,653000000,1494700000,,,,,15500000,,,,,1.13,1.764,1.248,,,,,,,,0.105,,,2025-10-28,quarterly,3.04,USD,pre-market,None,,0.0816,0.143,-0.032,111.02,665900000,,,,143.3,150.78,-7.5988,,,,,,,7053400000,,12.65,,183.98,109.46
2025-12-28,DHI,11.57,34250400000.0,12.65,,1.38,82.15,,,,,,,,,,,,,,,None,5703200000,5703200000,,,,,,None,17200000,,1.6,0.0109,,,,-0.222,-0.25,1726600000,1743800000,3.29,2021-09-30,12.9,,7711800000.0,2406100000,1726600000,381000000,,,None,4000000,None,,None,,,,,1339000000,1345600000,None,None,0.125,,666800000,1739300000,,,,,13500000,,,,,1.13,1.764,1.248,,,,,,,,0.105,,,2025-10-28,quarterly,3.04,USD,pre-market,None,,0.0816,0.143,-0.032,111.02,693000000,,,,143.3,150.78,-7.5988,,,,,,,8109300000,,12.65,,183.98,109.46
2025-12-28,DHI,11.57,34250400000.0,12.65,,1.38,82.15,,,,,,,,,,,,,,,None,5212600000,5212600000,,,,,,None,17400000,,1.6,0.0109,,,,-0.222,-0.25,1415600000,1433000000,3.29,2021-06-30,12.9,,7711800000.0,2072000000,1415600000,299100000,,,None,4700000,None,,None,,,,,1115500000,1116500000,None,None,0.125,,646800000,1425200000,,,,,-700000,,,,,1.13,1.764,1.248,,,,,,,,0.105,,,2025-10-28,quarterly,3.04,USD,pre-market,None,,0.0816,0.143,-0.032,111.02,655700000,,,,143.3,150.78,-7.5988,,,,,,,7284600000,,12.65,,183.98,109.46
2025-12-28,DHI,11.57,34250400000.0,12.65,,1.38,82.15,,,,,,,,,,,,,,,None,4650900000,4650900000,,,,,,None,18900000,,1.6,0.0109,,,,-0.222,-0.25,1179900000,1198800000,3.29,2021-03-31,12.9,,7711800000.0,1796000000,1179900000,246000000,,,None,3800000,None,,None,,,,,929500000,933900000,None,None,0.125,,601600000,1194400000,,,,,5400000,,,,,1.13,1.764,1.248,,,,,,,,0.105,,,2025-10-28,quarterly,3.04,USD,pre-market,None,,0.0816,0.143,-0.032,111.02,621500000,,,,143.3,150.78,-7.5988,,,,,,,6446900000,,12.65,,183.98,109.46
2025-12-28,DHI,11.57,34250400000.0,12.65,,1.38,82.15,,,,,,,,,,,,,,,None,4332500000,4332500000,,,,,,None,20400000,,1.6,0.0109,,,,-0.222,-0.25,1034300000,1054700000,3.29,2020-12-31,12.9,,7711800000.0,1600900000,1034300000,239100000,,,None,4500000,None,,None,,,,,791800000,795200000,None,None,0.125,,568500000,1032400000,,,,,19300000,,,,,1.13,1.764,1.248,,,,,,,,0.105,,,2025-10-28,quarterly,3.04,USD,pre-market,None,,0.0816,0.143,-0.032,111.02,15000000,,,,143.3,150.78,-7.5988,,,,,,,5933400000,,12.65,,183.98,109.46
2025-12-28,DHI,11.57,34250400000.0,12.65,,1.38,82.15,,,,,,,,,,,,,,,None,4753600000,4753600000,,,,,,None,23000000,,1.6,0.0109,,,,-0.222,-0.25,1056100000,1079100000,3.29,2020-09-30,12.9,,7711800000.0,1646800000,1056099999,224900000,,,None,4400000,None,,None,,,,,829000000,831200000,None,None,0.125,,574400000,1072400000,,,,,None,,,,,1.13,1.764,1.248,,,,,,,,0.105,,,2025-10-28,quarterly,3.04,USD,pre-market,None,,0.0816,0.143,-0.032,111.02,922600000,,,,143.3,150.78,-7.5988,,,,,,,6400400000,,12.65,,183.98,109.46
2025-12-28,DHI,11.57,34250400000.0,12.65,,1.38,82.15,,,,,,,,,,,,,,,None,4084700000,4084700000,,,,,,None,18600000,,1.6,0.0109,,,,-0.222,-0.25,782400000,801000000,3.29,2020-06-30,12.9,,7711800000.0,1305300000,782400000,149500000,,,None,4300000,None,,None,,,,,630700000,632900000,None,None,0.125,,513000000,792300000,,,,,4600000,,,,,1.13,1.764,1.248,,,,,,,,0.105,,,2025-10-28,quarterly,3.04,USD,pre-market,None,,0.0816,0.143,-0.032,111.02,527500000,,,,143.3,150.78,-7.5988,,,,,,,5390000000,,12.65,,183.98,109.46
2025-12-28,DHI,11.57,34250400000.0,12.65,,1.38,82.15,,,,,,,,,,,,,,,None,3450800000,3450800000,,,,,,None,19800000,,1.6,0.0109,,,,-0.222,-0.25,621300000,641100000,3.29,2020-03-31,12.9,,7711800000.0,1049200000,621300000,137300000,,,None,5000000,None,,None,,,,,482700000,484000000,None,None,0.125,,456800000,592400000,,,,,38900000,,,,,1.13,1.764,1.248,,,,,,,,0.105,,,2025-10-28,quarterly,3.04,USD,pre-market,None,,0.0816,0.143,-0.032,111.02,466800000,,,,143.3,150.78,-7.5988,,,,,,,4500000000,,12.65,,183.98,109.46
2025-12-28,DHI,11.57,34250400000.0,12.65,,1.38,82.15,,,,,,,,,,,,,,,None,3084200000,3084200000,,,,,,None,19000000,,1.6,0.0109,,,,-0.222,-0.25,523300000,542300000,3.29,2019-12-31,12.9,,7711800000.0,936500000,523299999,90800000,,,None,4700000,None,,None,,,,,431300000,432500000,None,None,0.125,,439200000,497300000,,,,,42600000,,,,,1.13,1.764,1.248,,,,,,,,0.105,,,2025-10-28,quarterly,3.04,USD,pre-market,None,,0.0816,0.143,-0.032,111.02,455800000,,,,143.3,150.78,-7.5988,,,,,,,4020700000,,12.65,,183.98,109.46
2025-12-28,DHI,11.57,34250400000.0,12.65,,1.38,82.15,,,,,,,,,,,,,,,None,3881600000,3881600000,,,,,,None,19600000,,1.6,0.0109,,,,-0.222,-0.25,660100000,679700000,3.29,2019-09-30,12.9,,7711800000.0,1157300000,660100000,156200000,,,None,4800000,None,,None,,,,,505300000,503900000,None,None,0.125,,510100000,647200000,,,,,None,,,,,1.13,1.764,1.248,,,,,,,,0.105,,,2025-10-28,quarterly,3.04,USD,pre-market,None,,0.0816,0.143,-0.032,111.02,378900000,,,,143.3,150.78,-7.5988,,,,,,,5038900000,,12.65,,183.98,109.46
2025-12-28,DHI,11.57,34250400000.0,12.65,,1.38,82.15,,,,,,,,,,,,,,,None,3831600000,3831600000,,,,,,None,18300000,,1.6,0.0109,,,,-0.222,-0.25,626700000,645000000,3.29,2019-06-30,12.9,,7711800000.0,1074700000,626700000,153100000,,,None,4500000,None,,None,,,,,474800000,473600000,None,None,0.125,,474700000,600000000,,,,,32000000,,,,,1.13,1.764,1.248,,,,,,,,0.105,,,2025-10-28,quarterly,3.04,USD,pre-market,None,,0.0816,0.143,-0.032,111.02,480000000,,,,143.3,150.78,-7.5988,,,,,,,4906300000,,12.65,,183.98,109.46
2025-12-28,DHI,11.57,34250400000.0,12.65,,1.38,82.15,,,,,,,,,,,,,,,None,3256700000,3256700000,,,,,,None,17200000,,1.6,0.0109,,,,-0.222,-0.25,462800000,480000000,3.29,2019-03-31,12.9,,7711800000.0,872000000,462800000,108400000,,,None,3000000,None,,None,,,,,351300000,354400000,None,None,0.125,,435400000,436600000,,,,,35000000,,,,,1.13,1.764,1.248,,,,,,,,0.105,,,2025-10-28,quarterly,3.04,USD,pre-market,None,,0.0816,0.143,-0.032,111.02,444200000,,,,143.3,150.78,-7.5988,,,,,,,4128700000,,12.65,,183.98,109.46
2025-12-28,DHI,11.57,34250400000.0,12.65,,1.38,82.15,,,,,,,,,,,,,,,None,2751100000,2751100000,,,,,,None,16900000,,1.6,0.0109,,,,-0.222,-0.25,375700000,392600000,3.29,2018-12-31,12.9,,7711800000.0,767900000,375700000,89000000,,,None,31700000,None,,None,,,,,287200000,286700000,None,None,0.125,,397000000,370900000,,,,,10600000,,,,,1.13,1.764,1.248,,,,,,,,0.105,,,2025-10-28,quarterly,3.04,USD,pre-market,0,,0.0816,0.143,-0.032,111.02,402800000,,,,143.3,150.78,-7.5988,,,,,,,3519000000,,12.65,,183.98,109.46
2025-12-28,DHI,11.57,34250400000.0,12.65,,1.38,82.15,,,,,,,,,,,,,,,None,3459100000,3459100000,,,,,,None,15800000,,1.6,0.0109,,,,-0.222,-0.25,608700000,624500000,3.29,2018-09-30,12.9,,7711800000.0,1046100000,607700000,138800000,,,None,31600000,None,,None,,,,,466100000,467000000,None,None,0.125,,455900000,590200000,,,,,18500000,,,,,1.13,1.764,1.248,,,,,,,,0.105,,,2025-10-28,quarterly,3.04,USD,pre-market,0,,0.0816,0.143,-0.032,111.02,339800000,,,,143.3,150.78,-7.5988,,,,,,,4505200000,,12.65,,183.98,109.46
2025-12-28,DHI,11.57,34250400000.0,12.65,,1.38,82.15,,,,,,,,,,,,,,,None,3397200000,3397200000,,,,,,None,13500000,,1.6,0.0109,,,,-0.222,-0.25,616200000,629700000,3.29,2018-06-30,12.9,,7711800000.0,1038100000,616200000,162500000,,,None,31000000,None,,None,,,,,453800000,453700000,None,None,0.125,,426400000,611700000,,,,,13000000,,,,,1.13,1.764,1.248,,,,,,,,0.105,,,2025-10-28,quarterly,3.04,USD,pre-market,0,,0.0816,0.143,-0.032,111.02,434900000,,,,143.3,150.78,-7.5988,,,,,,,4435300000,,12.65,,183.98,109.46
2025-12-28,DHI,11.57,34250400000.0,12.65,,1.38,82.15,,,,,,,,,,,,,,,None,2961600000,2961600000,,,,,,None,16900000,,1.6,0.0109,,,,-0.222,-0.25,444800000,461700000,3.29,2018-03-31,12.9,,7711800000.0,833100000,444800000,94000000,,,None,31800000,None,,None,,,,,351000000,350800000,None,None,0.125,,370700000,462400000,,,,,12600000,,,,,1.13,1.764,1.248,,,,,,,,0.105,,,2025-10-28,quarterly,3.04,USD,pre-market,0,,0.0816,0.143,-0.032,111.02,400900000,,,,143.3,150.78,-7.5988,,,,,,,3794700000,,12.65,,183.98,109.46
2025-12-28,DHI,11.57,34250400000.0,12.65,,1.38,82.15,,,,,,,,,,,,,,,None,2580100000,2580100000,,,,,,None,16200000,,1.6,0.0109,,,,-0.222,-0.25,391200000,407400000,3.29,2017-12-31,12.9,,7711800000.0,752600000,391200000,202400000,,,None,31000000,None,,None,,,,,189300000,188800000,None,None,0.125,,370100000,382500000,,,,,22800000,,,,,1.13,1.764,1.248,,,,,,,,0.105,,,2025-10-28,quarterly,3.04,USD,pre-market,0,,0.0816,0.143,-0.032,111.02,384200000,,,,143.3,150.78,-7.5988,,,,,,,3332700000,,12.65,,183.98,109.46
2025-12-28,DHI,11.57,34250400000.0,12.65,,1.38,82.15,,,,,,,,,,,,,,,None,3264000000,3264000000,,,,,,None,14300000,,1.6,0.0109,,,,-0.222,-0.25,485500000,499800000,3.29,2017-09-30,12.9,,7711800000.0,895100000,485500000,172300000,,,None,14500000,None,,None,,,,,313200000,313300000,None,None,0.125,,408900000,486200000,,,,,3200000,,,,,1.13,1.764,1.248,,,,,,,,0.105,,,2025-10-28,quarterly,3.04,USD,pre-market,0,,0.0816,0.143,-0.032,111.02,306400000,,,,143.3,150.78,-7.5988,,,,,,,4159100000,,12.65,,183.98,109.46
2025-12-28,DHI,11.57,34250400000.0,12.65,,1.38,82.15,,,,,,,,,,,,,,,None,2961100000,2961100000,,,,,,None,13100000,,1.6,0.0109,,,,-0.222,-0.25,444500000,457600000,3.29,2017-06-30,12.9,,7711800000.0,815300000,444500000,155500000,,,None,2400000,None,,None,,,,,289000000,289000000,None,None,0.125,,346400000,468900000,,,,,1300000,,,,,1.13,1.764,1.248,,,,,,,,0.105,,,2025-10-28,quarterly,3.04,USD,pre-market,0,,0.0816,0.143,-0.032,111.02,374500000,,,,143.3,150.78,-7.5988,,,,,,,3776400000,,12.65,,183.98,109.46
2025-12-28,DHI,11.57,34250400000.0,12.65,,1.38,82.15,,,,,,,,,,,,,,,None,2549900000,2549900000,,,,,,None,12900000,,1.6,0.0109,,,,-0.222,-0.25,353900000,366800000,3.29,2017-03-31,12.9,,7711800000.0,701400000,353900000,124700000,,,None,33500000,None,,None,,,,,229200000,229200000,None,None,0.125,,329700000,371700000,,,,,2400000,,,,,1.13,1.764,1.248,,,,,,,,0.105,,,2025-10-28,quarterly,3.04,USD,pre-market,0,,0.0816,0.143,-0.032,111.02,355200000,,,,143.3,150.78,-7.5988,,,,,,,3251300000,,12.65,,183.98,109.46
2025-12-28,DHI,11.57,34250400000.0,12.65,,1.38,82.15,,,,,,,,,,,,,,,None,2267900000,2267900000,,,,,,None,14400000,,1.6,0.0109,,,,-0.222,-0.25,318100000,332500000,3.29,2016-12-31,12.9,,7711800000.0,636300000,318100000,111200000,,,None,3600000,None,,None,,,,,206900000,206900000,None,None,0.125,,298900000,337400000,,,,,4100000,,,,,1.13,1.764,1.248,,,,,,,,0.105,,,2025-10-28,quarterly,3.04,USD,pre-market,0,,0.0816,0.143,-0.032,111.02,325900000,,,,143.3,150.78,-7.5988,,,,,,,2904200000,,12.65,,183.98,109.46
2025-12-28,DHI,11.57,34250400000.0,12.65,,1.38,82.15,,,,,,,,,,,,,,,None,2918400000,2918400000,,,,,,None,19600000,,1.6,0.0109,,,,-0.222,-0.25,433000000,452600000,3.29,2016-09-30,12.9,,7711800000.0,822900000,433000000,149400000,,,None,13500000,None,,None,,,,,283600000,283700000,None,None,0.125,,369500000,453400000,,,,,-4100000,,,,,1.13,1.764,1.248,,,,,,,,0.105,,,2025-10-28,quarterly,3.04,USD,pre-market,0,,0.0816,0.143,-0.032,111.02,384800000,,,,143.3,150.78,-7.5988,,,,,,,3741300000,,12.65,,183.98,109.46
2025-12-28,DHI,11.57,34250400000.0,12.65,,1.38,82.15,,,,,,,,,,,,,,,None,2523000000,2523000000,,,,,,None,13800000,,1.6,0.0109,,,,-0.222,-0.25,372100000,385900000,3.29,2016-06-30,12.9,,7711800000.0,708900000,378600000,128800000,,,None,35400000,None,,None,,,,,249800000,249800000,None,None,0.125,,336800000,372100000,,,,,3800000,,,,,1.13,1.764,1.248,,,,,,,,0.105,,,2025-10-28,quarterly,3.04,USD,pre-market,0,,0.0816,0.143,-0.032,111.02,336800000,,,,143.3,150.78,-7.5988,,,,,,,3231900000,,12.65,,183.98,109.46
2025-12-28,DHI,11.57,34250400000.0,12.65,,1.38,82.15,,,,,,,,,,,,,,,None,2169300000,2169300000,,,,,,None,14000000,,1.6,0.0109,,,,-0.222,-0.25,289400000,303400000,3.29,2016-03-31,12.9,,7711800000.0,598600000,300500000,105400000,,,None,40400000,None,,None,,,,,195100000,195100000,None,None,0.125,,309200000,289400000,,,,,9600000,,,,,1.13,1.764,1.248,,,,,,,,0.105,,,2025-10-28,quarterly,3.04,USD,pre-market,0,,0.0816,0.143,-0.032,111.02,309200000,,,,143.3,150.78,-7.5988,,,,,,,2767900000,,12.65,,183.98,109.46
2025-12-28,DHI,11.57,34250400000.0,12.65,,1.38,82.15,,,,,,,,,,,,,,,None,1892200000,1892200000,,,,,,None,13600000,,1.6,0.0109,,,,-0.222,-0.25,234800000,248400000,3.29,2015-12-31,12.9,,7711800000.0,524200000,241300000,83600000,,,None,42200000,None,,None,,,,,157700000,157700000,None,None,0.125,,289400000,234800000,,,,,3400000,,,,,1.13,1.764,1.248,,,,,,,,0.105,,,2025-10-28,quarterly,3.04,USD,pre-market,0,,0.0816,0.143,-0.032,111.02,289400000,,,,143.3,150.78,-7.5988,,,,,,,2416400000,,12.65,,183.98,109.46
2025-12-28,DHI,11.57,34250400000.0,12.65,,1.38,82.15,,,,,,,,,,,,,,,None,2508800000,2508800000,,,,,,None,14400000,,1.6,0.0109,,,,-0.222,-0.25,381000000,395400000,3.29,2015-09-30,12.9,,7711800000.0,663700000,338800000,99900000,,,None,43000000,None,,None,,,,,238900000,238900000,None,None,0.125,,323200000,340400000,,,,,4500000,,,,,1.13,1.764,1.248,,,,,,,,0.105,,,2025-10-28,quarterly,3.04,USD,pre-market,0,,0.0816,0.143,-0.032,111.02,323200000,,,,143.3,150.78,-7.5988,,,,,,,3172500000,,12.65,,183.98,109.46
2025-12-28,DHI,11.57,34250400000.0,12.65,,1.38,82.15,,,,,,,,,,,,,,,None,2320400000,2320400000,,,,,,None,14300000,,1.6,0.0109,,,,-0.222,-0.25,326600000,340900000,3.29,2015-06-30,12.9,,7711800000.0,630400000,333800000,112400000,,,None,43200000,None,,None,,,,,221400000,221400000,None,None,0.125,,303800000,326600000,,,,,3900000,,,,,1.13,1.764,1.248,,,,,,,,0.105,,,2025-10-28,quarterly,3.04,USD,pre-market,0,,0.0816,0.143,-0.032,111.02,303800000,,,,143.3,150.78,-7.5988,,,,,,,2950800000,,12.65,,183.98,109.46
2025-12-28,DHI,11.57,34250400000.0,12.65,,1.38,82.15,,,,,,,,,,,,,,,None,1892000000,1892000000,,,,,,None,13100000,,1.6,0.0109,,,,-0.222,-0.25,222900000,236000000,3.29,2015-03-31,12.9,,7711800000.0,506000000,230100000,82200000,,,None,42600000,None,,None,,,,,147900000,147900000,None,None,0.125,,283100000,222900000,,,,,4500000,,,,,1.13,1.764,1.248,,,,,,,,0.105,,,2025-10-28,quarterly,3.04,USD,pre-market,0,,0.0816,0.143,-0.032,111.02,283100000,,,,143.3,150.78,-7.5988,,,,,,,2398000000,,12.65,,183.98,109.46
2025-12-28,DHI,11.57,34250400000.0,12.65,,1.38,82.15,,,,,,,,,,,,,,,None,1814400000,1814400000,,,,,,None,12300000,,1.6,0.0109,,,,-0.222,-0.25,212400000,224700000,3.29,2014-12-31,12.9,,7711800000.0,488200000,220700000,78200000,,,None,40400000,None,,None,,,,,142500000,142500000,None,None,0.125,,275800000,212400000,,,,,5500000,,,,,1.13,1.764,1.248,,,,,,,,0.105,,,2025-10-28,quarterly,3.04,USD,pre-market,0,,0.0816,0.143,-0.032,111.02,275800000,,,,143.3,150.78,-7.5988,,,,,,,2302600000,,12.65,,183.98,109.46
2025-12-28,DHI,11.57,34250400000.0,12.65,,1.38,82.15,,,,,,,,,,,,,,,None,1949600000,1949600000,,,,,,None,11800000,,1.6,0.0109,,,,-0.222,-0.25,268200000,280000000,3.29,2014-09-30,12.9,,7711800000.0,522700000,250800000,84500000,,,None,41800000,None,,None,,,,,166300000,166200000,None,None,0.125,,278500000,244200000,,,,,3900000,,,,,1.13,1.764,1.248,,,,,,,,0.105,,,2025-10-28,quarterly,3.04,USD,pre-market,0,,0.0816,0.143,-0.032,111.02,278500000,,,,143.3,150.78,-7.5988,,,,,,,2472300000,,12.65,,183.98,109.46
2025-12-28,DHI,11.57,34250400000.0,12.65,,1.38,82.15,,,,,,,,,,,,,,,None,1725500000,1725500000,,,,,,None,9900000,,1.6,0.0109,,,,-0.222,-0.25,165800000,175700000,3.29,2014-06-30,12.9,,7711800000.0,421500000,171800000,58700000,,,None,45200000,None,,None,,,,,113100000,113100000,None,None,0.125,,255700000,165800000,,,,,3100000,,,,,1.13,1.764,1.248,,,,,,,,0.105,,,2025-10-28,quarterly,3.04,USD,pre-market,0,,0.0816,0.143,-0.032,111.02,255700000,,,,143.3,150.78,-7.5988,,,,,,,2147000000,,12.65,,183.98,109.46
2025-12-28,DHI,11.57,34250400000.0,12.65,,1.38,82.15,,,,,,,,,,,,,,,None,1319800000,1319800000,,,,,,None,8900000,,1.6,0.0109,,,,-0.222,-0.25,197100000,206000000,3.29,2014-03-31,12.9,,7711800000.0,415200000,201900000,70900000,,,None,49500000,None,,None,,,,,131000000,131000000,None,None,0.125,,218100000,197100000,,,,,2800000,,,,,1.13,1.764,1.248,,,,,,,,0.105,,,2025-10-28,quarterly,3.04,USD,pre-market,0,,0.0816,0.143,-0.032,111.02,218100000,,,,143.3,150.78,-7.5988,,,,,,,1735000000,,12.65,,183.98,109.46
2025-12-28,DHI,11.57,34250400000.0,12.65,,1.38,82.15,,,,,,,,,,,,,,,None,1273600000,1273600000,,,,,,None,7800000,,1.6,0.0109,,,,-0.222,-0.25,183800000,191600000,3.29,2013-12-31,12.9,,7711800000.0,397000000,189700000,66500000,,,None,49300000,None,,None,,,,,123200000,123200000,None,None,0.125,,213200000,183800000,,,,,3300000,,,,,1.13,1.764,1.248,,,,,,,,0.105,,,2025-10-28,quarterly,3.04,USD,pre-market,0,,0.0816,0.143,-0.032,111.02,213200000,,,,143.3,150.78,-7.5988,,,,,,,1670600000,,12.65,,183.98,109.46
2025-12-28,DHI,11.57,34250400000.0,12.65,,1.38,82.15,,,,,,,,,,,,,,,None,1446400000,1446400000,,,,,,None,6700000,,1.6,0.0109,,,,-0.222,-0.25,225200000,231900000,3.29,2013-09-30,12.9,,7711800000.0,413400000,202800000,63300000,,,None,2100000,None,,None,,,,,139500000,139400000,None,None,0.125,,218100000,195300000,,,,,4600000,,,,,1.13,1.764,1.248,,,,,,,,0.105,,,2025-10-28,quarterly,3.04,USD,pre-market,0,,0.0816,0.143,-0.032,111.02,218100000,,,,143.3,150.78,-7.5988,,,,,,,1859800000,,12.65,,183.98,109.46
2025-12-28,DHI,11.57,34250400000.0,12.65,,1.38,82.15,,,,,,,,,,,,,,,None,1295400000,1295400000,,,,,,None,5900000,,1.6,0.0109,,,,-0.222,-0.25,205100000,211000000,3.29,2013-06-30,12.9,,7711800000.0,397400000,205100000,59100000,,,None,2700000,None,,None,,,,,146000000,146000000,None,None,0.125,,198800000,198600000,,,,,3800000,,,,,1.13,1.764,1.248,,,,,,,,0.105,,,2025-10-28,quarterly,3.04,USD,pre-market,0,,0.0816,0.143,-0.032,111.02,198800000,,,,143.3,150.78,-7.5988,,,,,,,1692800000,,12.65,,183.98,109.46
2025-12-28,DHI,11.57,34250400000.0,12.65,,1.38,82.15,,,,,,,,,,,,,,,None,1109200000,1109200000,,,,,,None,5300000,,1.6,0.0109,,,,-0.222,-0.25,144000000,149300000,3.29,2013-03-31,12.9,,7711800000.0,322400000,142100000,31100000,,,None,3000000,None,,None,,,,,111000000,111000000,None,None,0.125,,183100000,139300000,,,,,3200000,,,,,1.13,1.764,1.248,,,,,,,,0.105,,,2025-10-28,quarterly,3.04,USD,pre-market,0,,0.0816,0.143,-0.032,111.02,183100000,,,,143.3,150.78,-7.5988,,,,,,,1431600000,,12.65,,183.98,109.46
2025-12-28,DHI,11.57,34250400000.0,12.65,,1.38,82.15,,,,,,,,,,,,,,,None,1002300000,1002300000,,,,,,None,4800000,,1.6,0.0109,,,,-0.222,-0.25,111100000,115900000,3.29,2012-12-31,12.9,,7711800000.0,272800000,107900000,41600000,,,None,4200000,None,,None,,,,,66300000,66300000,None,None,0.125,,166500000,106300000,,,,,3300000,,,,,1.13,1.764,1.248,,,,,,,,0.105,,,2025-10-28,quarterly,3.04,USD,pre-market,0,,0.0816,0.143,-0.032,111.02,166500000,,,,143.3,150.78,-7.5988,,,,,,,1275100000,,12.65,,183.98,109.46
2025-12-28,DHI,11.57,34250400000.0,12.65,,1.38,82.15,,,,,,,,,,,,,,,None,1066300000,1066300000,,,,,,None,4400000,,1.6,0.0109,,,,-0.222,-0.25,105000000,109400000,3.29,2012-09-30,12.9,,7711800000.0,269900000,99200000,-900000,,,None,5800000,None,,None,,,,,100100000,0,None,None,0.125,,167500000,98500000,,,,,None,,,,,1.13,1.764,1.248,,,,,,,,0.105,,,2025-10-28,quarterly,3.04,USD,pre-market,0,,0.0816,0.143,-0.032,111.02,171300000,,,,143.3,150.78,-7.5988,,,,,,,1336200000,,12.65,,183.98,109.46
2025-12-28,DHI,11.57,34250400000.0,12.65,,1.38,82.15,,,,,,,,,,,,,,,None,917900000,917900000,,,,,,None,4600000,,1.6,0.0109,,,,-0.222,-0.25,78400000,83000000,3.29,2012-06-30,12.9,,7711800000.0,232100000,72200000,-715600000,,,None,6800000,None,,None,,,,,787800000,754000000,None,None,0.125,,157900000,74200000,,,,,2600000,,,,,1.13,1.764,1.248,,,,,,,,0.105,,,2025-10-28,quarterly,3.04,USD,pre-market,0,,0.0816,0.143,-0.032,111.02,157900000,,,,143.3,150.78,-7.5988,,,,,,,1150000000,,12.65,,183.98,109.46
2025-12-28,DHI,11.57,34250400000.0,12.65,,1.38,82.15,,,,,,,,,,,,,,,None,771200000,771200000,,,,,,None,4800000,,1.6,0.0109,,,,-0.222,-0.25,48600000,53400000,3.29,2012-03-31,12.9,,7711800000.0,190000000,42300000,1700000,,,None,6300000,None,,None,,,,,40600000,0,None,None,0.125,,172700000,17300000,,,,,None,,,,,1.13,1.764,1.248,,,,,,,,0.105,,,2025-10-28,quarterly,3.04,USD,pre-market,0,,0.0816,0.143,-0.032,111.02,172700000,,,,143.3,150.78,-7.5988,,,,,,,961200000,,12.65,,183.98,109.46
2025-12-28,DHI,11.57,34250400000.0,12.65,,1.38,82.15,,,,,,,,,,,,,,,None,737000000,737000000,,,,,,None,5000000,,1.6,0.0109,,,,-0.222,-0.25,37000000,42000000,3.29,2011-12-31,12.9,,7711800000.0,169600000,29200000,1500000,,,None,7800000,None,,None,,,,,27700000,6700000,None,None,0.125,,135600000,31700000,,,,,2300000,,,,,1.13,1.764,1.248,,,,,,,,0.105,,,2025-10-28,quarterly,3.04,USD,pre-market,0,,0.0816,0.143,-0.032,111.02,137900000,,,,143.3,150.78,-7.5988,,,,,,,906600000,,12.65,,183.98,109.46
2025-12-28,DHI,11.57,34250400000.0,12.65,,1.38,82.15,,,,,,,,,,,,,,,None,914100000,914100000,,,,,,None,5000000,,1.6,0.0109,,,,-0.222,-0.25,44100000,49100000,3.29,2011-09-30,12.9,,7711800000.0,184200000,33800000,-1900000,,,None,10100000,None,,None,,,,,35700000,-10000000,None,None,0.125,,143100000,48000000,,,,,1000000,,,,,1.13,1.764,1.248,,,,,,,,0.105,,,2025-10-28,quarterly,3.04,USD,pre-market,0,,0.0816,0.143,-0.032,111.02,144100000,,,,143.3,150.78,-7.5988,,,,,,,1098300000,,12.65,,183.98,109.46
2025-12-28,DHI,11.57,34250400000.0,12.65,,1.38,82.15,,,,,,,,,,,,,,,None,824100000,824100000,,,,,,None,5000000,,1.6,0.0109,,,,-0.222,-0.25,39300000,44300000,3.29,2011-06-30,12.9,,7711800000.0,175100000,28900000,200000,,,None,10400000,None,,None,,,,,28700000,5200000,None,None,0.125,,133000000,35600000,,,,,-5300000,,,,,1.13,1.764,1.248,,,,,,,,0.105,,,2025-10-28,quarterly,3.04,USD,pre-market,0,,0.0816,0.143,-0.032,111.02,133000000,,,,143.3,150.78,-7.5988,,,,,,,999200000,,12.65,,183.98,109.46
2025-12-28,DHI,11.57,34250400000.0,12.65,,1.38,82.15,,,,,,,,,,,,,,,None,628300000,628300000,,,,,,None,5000000,,1.6,0.0109,,,,-0.222,-0.25,-16000000,-11000000,3.29,2011-03-31,12.9,,7711800000.0,122800000,-30800000,-58600000,,,None,14800000,None,,None,,,,,27800000,9800000,None,None,0.125,,141400000,-18600000,,,,,700000,,,,,1.13,1.764,1.248,,,,,,,,0.105,,,2025-10-28,quarterly,3.04,USD,pre-market,0,,0.0816,0.143,-0.032,111.02,141400000,,,,143.3,150.78,-7.5988,,,,,,,751100000,,12.65,,183.98,109.46
2025-12-28,DHI,11.57,34250400000.0,12.65,,1.38,82.15,,,,,,,,,,,,,,,None,656800000,656800000,,,,,,None,4900000,,1.6,0.0109,,,,-0.222,-0.25,-3400000,1500000,3.29,2010-12-31,12.9,,7711800000.0,110200000,-19900000,500000,,,None,16500000,None,,None,,,,,-20400000,-20400000,None,None,0.125,,137100000,-6500000,,,,,800000,,,,,1.13,1.764,1.248,,,,,,,,0.105,,,2025-10-28,quarterly,3.04,USD,pre-market,0,,0.0816,0.143,-0.032,111.02,137900000,,,,143.3,150.78,-7.5988,,,,,,,767000000,,12.65,,183.98,109.46
2025-12-28,DHI,11.57,34250400000.0,12.65,,1.38,82.15,,,,,,,,,,,,,,,None,798000000,798000000,,,,,,None,4500000,,1.6,0.0109,,,,-0.222,-0.25,15800000,20300000,3.29,2010-09-30,12.9,,7711800000.0,150500000,-1700000,7100000,,,None,17500000,None,,None,,,,,-8800000,0,None,None,0.125,,141700000,8800000,,,,,None,,,,,1.13,1.764,1.248,,,,,,,,0.105,,,2025-10-28,quarterly,3.04,USD,pre-market,0,,0.0816,0.143,-0.032,111.02,141700000,,,,143.3,150.78,-7.5988,,,,,,,948500000,,12.65,,183.98,109.46
2025-12-28,DHI,11.57,34250400000.0,12.65,,1.38,82.15,,,,,,,,,,,,,,,None,1171500000,1171500000,,,,,,None,4000000,,1.6,0.0109,,,,-0.222,-0.25,66900000,70900000,3.29,2010-06-30,12.9,,7711800000.0,234600000,46300000,-4200000,,,None,20300000,None,,None,,,,,50500000,50500000,None,None,0.125,,164400000,70200000,,,,,-6600000,,,,,1.13,1.764,1.248,,,,,,,,0.105,,,2025-10-28,quarterly,3.04,USD,pre-market,0,,0.0816,0.143,-0.032,111.02,164400000,,,,143.3,150.78,-7.5988,,,,,,,1406100000,,12.65,,183.98,109.46
2025-12-28,DHI,11.57,34250400000.0,12.65,,1.38,82.15,,,,,,,,,,,,,,,None,737600000,737600000,,,,,,None,-3100000,,1.6,0.0109,,,,-0.222,-0.25,34800000,31700000,3.29,2010-03-31,12.9,,7711800000.0,175900000,12100000,700000,,,None,22900000,None,,None,,,,,11400000,0,None,None,0.125,,146100000,29800000,,,,,None,,,,,1.13,1.764,1.248,,,,,,,,0.105,,,2025-10-28,quarterly,3.04,USD,pre-market,0,,0.0816,0.143,-0.032,111.02,146100000,,,,143.3,150.78,-7.5988,,,,,,,913500000,,12.65,,183.98,109.46
2025-12-28,DHI,11.57,34250400000.0,12.65,,1.38,82.15,,,,,,,,,,,,,,,None,920600000,920600000,,,,,,None,11800000,,1.6,0.0109,,,,-0.222,-0.25,63300000,75100000,3.29,2009-12-31,12.9,,7711800000.0,211600000,42800000,-149200000,,,None,27400000,None,,None,,,,,192000000,0,None,None,0.125,,147100000,64500000,,,,,None,,,,,1.13,1.764,1.248,,,,,,,,0.105,,,2025-10-28,quarterly,3.04,USD,pre-market,0,,0.0816,0.143,-0.032,111.02,147100000,,,,143.3,150.78,-7.5988,,,,,,,1132200000,,12.65,,183.98,109.46
2025-12-28,DHI,11.57,34250400000.0,12.65,,1.38,82.15,,,,,,,,,,,,,,,None,1079400000,1079400000,,,,,,None,5000000,,1.6,0.0109,,,,-0.222,-0.25,-199000000,-194000000,3.29,2009-09-30,12.9,,7711800000.0,-50600000,-226100000,5800000,,,None,27100000,None,,None,,,,,-231900000,0,None,None,0.125,,154400000,-205000000,,,,,None,,,,,1.13,1.764,1.248,,,,,,,,0.105,,,2025-10-28,quarterly,3.04,USD,pre-market,0,,0.0816,0.143,-0.032,111.02,154400000,,,,143.3,150.78,-7.5988,,,,,,,1028800000,,12.65,,183.98,109.46
2025-12-28,DHI,11.57,34250400000.0,12.65,,1.38,82.15,,,,,,,,,,,,,,,None,922500000,922500000,,,,,,None,2400000,,1.6,0.0109,,,,-0.222,-0.25,-139700000,-137300000,3.29,2009-06-30,12.9,,7711800000.0,10400000,-161900000,-19600000,,,None,20500000,None,,None,,,,,-142300000,0,None,None,0.125,,152400000,-142000000,,,,,None,,,,,1.13,1.764,1.248,,,,,,,,0.105,,,2025-10-28,quarterly,3.04,USD,pre-market,0,,0.0816,0.143,-0.032,111.02,152400000,,,,143.3,150.78,-7.5988,,,,,,,932900000,,12.65,,183.98,109.46
2025-12-28,DHI,11.57,34250400000.0,12.65,,1.38,82.15,,,,,,,,,,,,,,,None,720300000,720300000,,,,,,None,10100000,,1.6,0.0109,,,,-0.222,-0.25,-85200000,-75100000,3.29,2009-03-31,12.9,,7711800000.0,57700000,-103000000,5600000,,,None,23400000,None,,None,,,,,-108600000,0,None,None,0.125,,139700000,-82000000,,,,,None,,,,,1.13,1.764,1.248,,,,,,,,0.105,,,2025-10-28,quarterly,3.04,USD,pre-market,0,,0.0816,0.143,-0.032,111.02,144100000,,,,143.3,150.78,-7.5988,,,,,,,778000000,,12.65,,183.98,109.46
2025-12-28,DHI,11.57,34250400000.0,12.65,,1.38,82.15,,,,,,,,,,,,,,,None,816600000,816600000,,,,,,None,8200000,,1.6,0.0109,,,,-0.222,-0.25,-33000000,-24800000,3.29,2008-12-31,12.9,,7711800000.0,101400000,-61300000,1300000,,,None,700000,None,,None,,,,,-62600000,0,None,None,0.125,,150200000,-48800000,,,,,None,,,,,1.13,1.764,1.248,,,,,,,,0.105,,,2025-10-28,quarterly,3.04,USD,pre-market,0,,0.0816,0.143,-0.032,111.02,150200000,,,,143.3,150.78,-7.5988,,,,,,,918000000,,12.65,,183.98,109.46
2025-12-28,DHI,11.57,34250400000.0,12.65,,1.38,82.15,,,,,,,,,,,,,,,None,2656700000,2656700000,,,,,,None,13000000,,1.6,0.0109,,,,-0.222,-0.25,-1073700000,-1060700000,3.29,2008-09-30,12.9,,7711800000.0,-874300000,-1165200000,-365400000,,,None,38449000,None,,None,,,,,-799800000,0,None,None,0.125,,199400000,-1073700000,,,,,None,,,,,1.13,1.764,1.248,,,,,,,,0.105,,,2025-10-28,quarterly,3.04,USD,pre-market,15698000,,0.0816,0.143,-0.032,111.02,199400000,,,,143.3,150.78,-7.5988,,,,,,,1782400000,,12.65,,183.98,109.46
2025-12-28,DHI,11.57,34250400000.0,12.65,,1.38,82.15,,,,,,,,,,,,,,,None,1616300000,1616300000,,,,,,None,14800000,,1.6,0.0109,,,,-0.222,-0.25,-372100000,-357300000,3.29,2008-06-30,12.9,,7711800000.0,-152100000,-379100000,20200000,,,None,11700000,None,,None,,,,,-399300000,0,None,None,0.125,,217800000,-369900000,,,,,None,,,,,1.13,1.764,1.248,,,,,,,,0.105,,,2025-10-28,quarterly,3.04,USD,pre-market,0,,0.0816,0.143,-0.032,111.02,217800000,,,,143.3,150.78,-7.5988,,,,,,,1464200000,,12.65,,183.98,109.46
2025-12-28,DHI,11.57,34250400000.0,12.65,,1.38,82.15,,,,,,,,,,,,,,,None,2302800000,2302800000,,,,,,None,16100000,,1.6,0.0109,,,,-0.222,-0.25,-872600000,-856500000,3.29,2008-03-31,12.9,,7711800000.0,-645900000,-884600000,421000000,,,None,800000,None,,None,,,,,-1305600000,0,None,None,0.125,,231100000,-877000000,,,,,None,,,,,1.13,1.764,1.248,,,,,,,,0.105,,,2025-10-28,quarterly,3.04,USD,pre-market,0,,0.0816,0.143,-0.032,111.02,231100000,,,,143.3,150.78,-7.5988,,,,,,,1656900000,,12.65,,183.98,109.46
2025-12-28,DHI,11.57,34250400000.0,12.65,,1.38,82.15,,,,,,,,,,,,,,,None,1706000000,1706000000,,,,,,None,16500000,,1.6,0.0109,,,,-0.222,-0.25,-207000000,-190500000,3.29,2007-12-31,12.9,,7711800000.0,36600000,-202900000,-74100000,,,None,1300000,None,,None,,,,,-128800000,0,None,None,0.125,,243600000,-207000000,,,,,None,,,,,1.13,1.764,1.248,,,,,,,,0.105,,,2025-10-28,quarterly,3.04,USD,pre-market,0,,0.0816,0.143,-0.032,111.02,243600000,,,,143.3,150.78,-7.5988,,,,,,,1742600000,,12.65,,183.98,109.46
2025-12-28,DHI,11.57,34250400000.0,12.65,,1.38,82.15,,,,,,,,,,,,,,,None,2906500000,2906500000,,,,,,None,17800000,,1.6,0.0109,,,,-0.222,-0.25,-51200000,-33400000,3.29,2007-09-30,12.9,,7711800000.0,265900000,-100200000,-50000000,,,None,38517000,None,,None,,,,,-50200000,0,None,None,0.125,,317100000,-51200000,,,,,None,,,,,1.13,1.764,1.248,,,,,,,,0.105,,,2025-10-28,quarterly,3.04,USD,pre-market,16431000,,0.0816,0.143,-0.032,111.02,317100000,,,,143.3,150.78,-7.5988,,,,,,,3172400000,,12.65,,183.98,109.46
2025-12-28,DHI,11.57,34250400000.0,12.65,,1.38,82.15,,,,,,,,,,,,,,,None,2976400000,2976400000,,,,,,None,17800000,,1.6,0.0109,,,,-0.222,-0.25,-681800000,-664000000,3.29,2007-06-30,12.9,,7711800000.0,-378300000,-1111400000,-287600000,,,None,80100000,None,,None,,,,,-823800000,0,None,None,0.125,,303500000,-681800000,,,,,None,,,,,1.13,1.764,1.248,,,,,,,,0.105,,,2025-10-28,quarterly,3.04,USD,pre-market,0,,0.0816,0.143,-0.032,111.02,303500000,,,,143.3,150.78,-7.5988,,,,,,,2598100000,,12.65,,183.98,109.46
2025-12-28,DHI,11.57,34250400000.0,12.65,,1.38,82.15,,,,,,,,,,,,,,,None,2244700000,2244700000,,,,,,None,18100000,,1.6,0.0109,,,,-0.222,-0.25,79000000,97100000,3.29,2007-03-31,12.9,,7711800000.0,413400000,83400000,31700000,,,None,6800000,None,,None,,,,,51700000,0,None,None,0.125,,334400000,79000000,,,,,None,,,,,1.13,1.764,1.248,,,,,,,,0.105,,,2025-10-28,quarterly,3.04,USD,pre-market,0,,0.0816,0.143,-0.032,111.02,334400000,,,,143.3,150.78,-7.5988,,,,,,,2658100000,,12.65,,183.98,109.46
2025-12-28,DHI,11.57,34250400000.0,12.65,,1.38,82.15,,,,,,,,,,,,,,,None,2367200000,2367200000,,,,,,None,17300000,,1.6,0.0109,,,,-0.222,-0.25,170200000,187500000,3.29,2006-12-31,12.9,,7711800000.0,500800000,176900000,67200000,,,None,9700000,None,,None,,,,,109700000,0,None,None,0.125,,340300000,160500000,,,,,None,,,,,1.13,1.764,1.248,,,,,,,,0.105,,,2025-10-28,quarterly,3.04,USD,pre-market,0,,0.0816,0.143,-0.032,111.02,340300000,,,,143.3,150.78,-7.5988,,,,,,,2868000000,,12.65,,183.98,109.46
2025-12-28,DHI,11.57,34250400000.0,12.65,,1.38,82.15,,,,,,,,,,,,,,,None,3971500000,3971500000,,,,,,None,17400000,,1.6,0.0109,,,,-0.222,-0.25,447000000,464400000,3.29,2006-09-30,12.9,,7711800000.0,911300000,445800000,168100000,,,None,101800000,None,,None,,,,,277700000,0,None,None,0.125,,464300000,447000000,,,,,None,,,,,1.13,1.764,1.248,,,,,,,,0.105,,,2025-10-28,quarterly,3.04,USD,pre-market,0,,0.0816,0.143,-0.032,111.02,464300000,,,,143.3,150.78,-7.5988,,,,,,,4882800000,,12.65,,183.98,109.46
2025-12-28,DHI,11.57,34250400000.0,12.65,,1.38,82.15,,,,,,,,,,,,,,,None,2795400000,2795400000,,,,,,None,15600000,,1.6,0.0109,,,,-0.222,-0.25,465200000,480800000,3.29,2006-06-30,12.9,,7711800000.0,872400000,472200000,179400000,,,None,94200000,None,,None,,,,,292800000,0,None,None,0.125,,407200000,465200000,,,,,None,,,,,1.13,1.764,1.248,,,,,,,,0.105,,,2025-10-28,quarterly,3.04,USD,pre-market,0,,0.0816,0.143,-0.032,111.02,407200000,,,,143.3,150.78,-7.5988,,,,,,,3667800000,,12.65,,183.98,109.46
2025-12-28,DHI,11.57,34250400000.0,12.65,,1.38,82.15,,,,,,,,,,,,,,,None,2614900000,2614900000,,,,,,None,14900000,,1.6,0.0109,,,,-0.222,-0.25,568400000,583300000,3.29,2006-03-31,12.9,,7711800000.0,982700000,569000000,216200000,,,None,7800000,None,,None,,,,,352800000,0,None,None,0.125,,414300000,568400000,,,,,None,,,,,1.13,1.764,1.248,,,,,,,,0.105,,,2025-10-28,quarterly,3.04,USD,pre-market,0,,0.0816,0.143,-0.032,111.02,414300000,,,,143.3,150.78,-7.5988,,,,,,,3597600000,,12.65,,183.98,109.46
2025-12-28,DHI,11.57,34250400000.0,12.65,,1.38,82.15,,,,,,,,,,,,,,,None,2036400000,2036400000,,,,,,None,13800000,,1.6,0.0109,,,,-0.222,-0.25,493700000,507500000,3.29,2005-12-31,12.9,,7711800000.0,866700000,500100000,190000000,,,None,8200000,None,,None,,,,,310100000,0,None,None,0.125,,373000000,493700000,,,,,None,,,,,1.13,1.764,1.248,,,,,,,,0.105,,,2025-10-28,quarterly,3.04,USD,pre-market,0,,0.0816,0.143,-0.032,111.02,373000000,,,,143.3,150.78,-7.5988,,,,,,,2903100000,,12.65,,183.98,109.46
2025-12-28,DHI,11.57,34250400000.0,12.65,,1.38,82.15,,,,,,,,,,,,,,,None,3755100000,3755100000,,,,,,None,14800000,,1.6,0.0109,,,,-0.222,-0.25,899300000,914100000,3.29,2005-09-30,12.9,,7711800000.0,1341700000,904400000,340600000,,,None,80200000,None,,None,,,,,563800000,0,None,None,0.125,,442400000,899300000,,,,,None,,,,,1.13,1.764,1.248,,,,,,,,0.105,,,2025-10-28,quarterly,3.04,USD,pre-market,0,,0.0816,0.143,-0.032,111.02,442400000,,,,143.3,150.78,-7.5988,,,,,,,5096800000,,12.65,,183.98,109.46
2025-12-28,DHI,11.57,34250400000.0,12.65,,1.38,82.15,,,,,,,,,,,,,,,None,26134200000,26134200000,,,,,,None,101300000,,1.6,0.0109,,,,-0.222,-0.25,4739900000,4841200000,3.29,2025-09-30,12.9,,7711800000.0,8116200000,4739900000,1119000000,,,None,None,None,,None,,,,,3585200000,3620900000,None,None,0.125,,3692000000,4424200000,,,,,None,,,,,1.13,1.764,1.248,,,,,,,,0.105,,,2025-10-28,annual,3.04,USD,pre-market,None,,0.0816,0.143,-0.032,111.02,3692000000,,,,143.3,150.78,-7.5988,,,,,,,34250400000,,12.65,,183.98,109.46
2025-12-28,DHI,11.57,34250400000.0,12.65,,1.38,82.15,,,,,,,,,,,,,,,None,27266000000,27266000000,,,,,,None,87100000,,1.6,0.0109,,,,-0.222,-0.25,6284700000,6371800000,3.29,2024-09-30,12.9,,7711800000.0,9535400000,6284700000,1478700000,,,None,135000000,None,,None,,,,,4756400000,4806000000,None,None,0.125,,3421500000,6113900000,,,,,None,,,,,1.13,1.764,1.248,,,,,,,,0.105,,,2025-10-28,annual,3.04,USD,pre-market,None,,0.0816,0.143,-0.032,111.02,3599500000,,,,143.3,150.78,-7.5988,,,,,,,36801400000,,12.65,,183.98,109.46
2025-12-28,DHI,11.57,34250400000.0,12.65,,1.38,82.15,,,,,,,,,,,,,,,None,26110000000,26110000000,,,,,,None,91600000,,1.6,0.0109,,,,-0.222,-0.25,6314700000,6406300000,3.29,2023-09-30,12.9,,7711800000.0,9350400000,6314700000,1519500000,,,None,154500000,None,,None,,,,,4745700000,4795200000,None,None,0.125,,3109100000,6241300000,,,,,None,,,,,1.13,1.764,1.248,,,,,,,,0.105,,,2025-10-28,annual,3.04,USD,pre-market,None,,0.0816,0.143,-0.032,111.02,3184100000,,,,143.3,150.78,-7.5988,,,,,,,35460400000,,12.65,,183.98,109.46
2025-12-28,DHI,11.57,34250400000.0,12.65,,1.38,82.15,,,,,,,,,,,,,,,None,22975900000,22975900000,,,,,,None,81400000,,1.6,0.0109,,,,-0.222,-0.25,7629700000,7711100000,3.29,2022-09-30,12.9,,7711800000.0,10504100000,7629700000,1734100000,,,None,21200000,None,,None,,,,,5857500000,5895600000,None,None,0.125,,2795700000,7708400000,,,,,59300000,,,,,1.13,1.764,1.248,,,,,,,,0.105,,,2025-10-28,annual,3.04,USD,pre-market,None,,0.0816,0.143,-0.032,111.02,2892000000,,,,143.3,150.78,-7.5988,,,,,,,33480000000,,12.65,,183.98,109.46
2025-12-28,DHI,11.57,34250400000.0,12.65,,1.38,82.15,,,,,,,,,,,,,,,None,19899200000,19899200000,,,,,,None,73900000,,1.6,0.0109,,,,-0.222,-0.25,5356300000,5430200000,3.29,2021-09-30,12.9,,7711800000.0,7875000000,5356300000,1165100000,,,None,152200000,None,,None,,,,,4175800000,4191200000,None,None,0.125,,2483800000,5391200000,,,,,37500000,,,,,1.13,1.764,1.248,,,,,,,,0.105,,,2025-10-28,annual,3.04,USD,pre-market,None,,0.0816,0.143,-0.032,111.02,2520100000,,,,143.3,150.78,-7.5988,,,,,,,27774200000,,12.65,,183.98,109.46
2025-12-28,DHI,11.57,34250400000.0,12.65,,1.38,82.15,,,,,,,,,,,,,,,None,15373200000,15373200000,,,,,,None,80400000,,1.6,0.0109,,,,-0.222,-0.25,2983000000,3063400000,3.29,2020-09-30,12.9,,7711800000.0,4937900000,2983000000,602500000,,,None,153300000,None,,None,,,,,2373700000,2380500000,None,None,0.125,,1983400000,2954500000,,,,,None,,,,,1.13,1.764,1.248,,,,,,,,0.105,,,2025-10-28,annual,3.04,USD,pre-market,None,,0.0816,0.143,-0.032,111.02,2047800000,,,,143.3,150.78,-7.5988,,,,,,,20311100000,,12.65,,183.98,109.46
2025-12-28,DHI,11.57,34250400000.0,12.65,,1.38,82.15,,,,,,,,,,,,,,,None,13720900000,13720900000,,,,,,None,72000000,,1.6,0.0109,,,,-0.222,-0.25,2125300000,2197300000,3.29,2019-09-30,12.9,,7711800000.0,3872000000,2125300000,506700000,,,None,140200000,None,,None,,,,,1618500000,1618600000,None,None,0.125,,1817200000,2054800000,,,,,None,,,,,1.13,1.764,1.248,,,,,,,,0.105,,,2025-10-28,annual,3.04,USD,pre-market,None,,0.0816,0.143,-0.032,111.02,1785500000,,,,143.3,150.78,-7.5988,,,,,,,17592900000,,12.65,,183.98,109.46
2025-12-28,DHI,11.57,34250400000.0,12.65,,1.38,82.15,,,,,,,,,,,,,,,None,12398100000,12398100000,,,,,,None,62400000,,1.6,0.0109,,,,-0.222,-0.25,2060000000,2122400000,3.29,2018-09-30,12.9,,7711800000.0,3669900000,2060000000,597700000,,,None,9300000,None,,None,,,,,1460300000,1460300000,None,None,0.125,,1629500000,2040400000,,,,,66900000,,,,,1.13,1.764,1.248,,,,,,,,0.105,,,2025-10-28,annual,3.04,USD,pre-market,0,,0.0816,0.143,-0.032,111.02,1360100000,,,,143.3,150.78,-7.5988,,,,,,,16068000000,,12.65,,183.98,109.46
2025-12-28,DHI,11.57,34250400000.0,12.65,,1.38,82.15,,,,,,,,,,,,,,,None,11042800000,11042800000,,,,,,None,54700000,,1.6,0.0109,,,,-0.222,-0.25,1602100000,1656800000,3.29,2017-09-30,12.9,,7711800000.0,3048200000,1602100000,563700000,,,None,14500000,14500000,,None,,,,,1038400000,1038400000,14500000,None,0.125,,1383800000,1664400000,,,,,11000000,,,,,1.13,1.764,1.248,,,,,,,,0.105,,,2025-10-28,annual,3.04,USD,pre-market,0,,0.0816,0.143,-0.032,111.02,1186900000,,,,143.3,150.78,-7.5988,,,,,,,14091000000,,12.65,,183.98,109.46
2025-12-28,DHI,11.57,34250400000.0,12.65,,1.38,82.15,,,,,,,,,,,,,,,None,9502600000,9502600000,,,,,,None,61000000,,1.6,0.0109,,,,-0.222,-0.25,1353500000,1414500000,3.29,2016-09-30,12.9,,7711800000.0,2654800000,1353500000,467200000,,,None,13500000,13500000,,None,,,,,886300000,886300000,13500000,None,0.125,,1270700000,1384100000,,,,,12700000,,,,,1.13,1.764,1.248,,,,,,,,0.105,,,2025-10-28,annual,3.04,USD,pre-market,0,,0.0816,0.143,-0.032,111.02,1067900000,,,,143.3,150.78,-7.5988,,,,,,,12157400000,,12.65,,183.98,109.46
2025-12-28,DHI,11.57,34250400000.0,12.65,,1.38,82.15,,,,,,,,,,,,,,,None,8535700000,8535700000,,,,,,None,54100000,,1.6,0.0109,,,,-0.222,-0.25,1123400000,1177500000,3.29,2015-09-30,12.9,,7711800000.0,2288300000,1123400000,372700000,,,None,0,None,,None,,,,,750700000,750700000,None,None,0.125,,1142600000,1145700000,,,,,18400000,,,,,1.13,1.764,1.248,,,,,,,,0.105,,,2025-10-28,annual,3.04,USD,pre-market,0,,0.0816,0.143,-0.032,111.02,960600000,,,,143.3,150.78,-7.5988,,,,,,,10824000000,,12.65,,183.98,109.46
2025-12-28,DHI,11.57,34250400000.0,12.65,,1.38,82.15,,,,,,,,,,,,,,,None,6268600000,6268600000,,,,,,None,38400000,,1.6,0.0109,,,,-0.222,-0.25,814200000,852600000,3.29,2014-09-30,12.9,,7711800000.0,1756300000,814200000,280700000,,,None,0,None,,None,,,,,533500000,533500000,None,None,0.125,,946500000,809800000,,,,,13100000,,,,,1.13,1.764,1.248,,,,,,,,0.105,,,2025-10-28,annual,3.04,USD,pre-market,0,,0.0816,0.143,-0.032,111.02,782900000,,,,143.3,150.78,-7.5988,,,,,,,8024900000,,12.65,,183.98,109.46
2025-12-28,DHI,11.57,34250400000.0,12.65,,1.38,82.15,,,,,,,,,,,,,,,None,4853500000,4853500000,,,,,,None,22700000,,1.6,0.0109,,,,-0.222,-0.25,662900000,685600000,3.29,2013-09-30,12.9,,7711800000.0,1405800000,657800000,195100000,,,None,5099999,None,,None,,,,,462700000,462700000,None,None,0.125,,766300000,639500000,,,,,14900000,,,,,1.13,1.764,1.248,,,,,,,,0.105,,,2025-10-28,annual,3.04,USD,pre-market,0,,0.0816,0.143,-0.032,111.02,616700000,,,,143.3,150.78,-7.5988,,,,,,,6259300000,,12.65,,183.98,109.46
2025-12-28,DHI,11.57,34250400000.0,12.65,,1.38,82.15,,,,,,,,,,,,,,,None,3492400000,3492400000,,,,,,None,18800000,,1.6,0.0109,,,,-0.222,-0.25,269800000,288600000,3.29,2012-09-30,12.9,,7711800000.0,861600000,242900000,-713400000,,,None,26900000,None,,None,,,,,956300000,956300000,None,None,0.125,,614200000,247400000,,,,,12200000,,,,,1.13,1.764,1.248,,,,,,,,0.105,,,2025-10-28,annual,3.04,USD,pre-market,0,,0.0816,0.143,-0.032,111.02,614100000,,,,143.3,150.78,-7.5988,,,,,,,4354000000,,12.65,,183.98,109.46
2025-12-28,DHI,11.57,34250400000.0,12.65,,1.38,82.15,,,,,,,,,,,,,,,None,3023300000,3023300000,,,,,,None,19900000,,1.6,0.0109,,,,-0.222,-0.25,64000000,83900000,3.29,2011-09-30,12.9,,7711800000.0,613500000,12100000,-59700000,,,None,51900000,None,,None,,,,,71800000,-15400000,None,None,0.125,,556300000,57200000,,,,,-2800000,,,,,1.13,1.764,1.248,,,,,,,,0.105,,,2025-10-28,annual,3.04,USD,pre-market,0,,0.0816,0.143,-0.032,111.02,556300000,,,,143.3,150.78,-7.5988,,,,,,,3636800000,,12.65,,183.98,109.46
2025-12-28,DHI,11.57,34250400000.0,12.65,,1.38,82.15,,,,,,,,,,,,,,,None,3627600000,3627600000,,,,,,None,17200000,,1.6,0.0109,,,,-0.222,-0.25,187700000,204900000,3.29,2010-09-30,12.9,,7711800000.0,772600000,99500000,-145600000,,,None,88200000,None,,None,,,,,245100000,245100000,None,None,0.125,,599200000,173400000,,,,,4300000,,,,,1.13,1.764,1.248,,,,,,,,0.105,,,2025-10-28,annual,3.04,USD,pre-market,0,,0.0816,0.143,-0.032,111.02,599200000,,,,143.3,150.78,-7.5988,,,,,,,4400200000,,12.65,,183.98,109.46
2025-12-28,DHI,11.57,34250400000.0,12.65,,1.38,82.15,,,,,,,,,,,,,,,None,3538700000,3538700000,,,,,,None,25700000,,1.6,0.0109,,,,-0.222,-0.25,-455100000,-429400000,3.29,2009-09-30,12.9,,7711800000.0,118900000,-552300000,-7000000,,,None,97200000,None,,None,,,,,-545300000,None,None,None,0.125,,601100000,-482200000,,,,,None,,,,,1.13,1.764,1.248,,,,,,,,0.105,,,2025-10-28,annual,3.04,USD,pre-market,None,,0.0816,0.143,-0.032,111.02,601100000,,,,143.3,150.78,-7.5988,,,,,,,3657600000,,12.65,,183.98,109.46
2025-12-28,DHI,11.57,34250400000.0,12.65,,1.38,82.15,,,,,,,,,,,,,,,None,8281800000,8281800000,,,,,,None,60400000,,1.6,0.0109,,,,-0.222,-0.25,-2596300000,-2535900000,3.29,2008-09-30,12.9,,7711800000.0,-1635700000,-2631800000,1800000,,,None,42700000,None,,None,,,,,-2633600000,None,None,None,0.125,,891900000,-2527600000,,,,,None,,,,,1.13,1.764,1.248,,,,,,,,0.105,,,2025-10-28,annual,3.04,USD,pre-market,None,,0.0816,0.143,-0.032,111.02,891900000,,,,143.3,150.78,-7.5988,,,,,,,6646100000,,12.65,,183.98,109.46
2025-12-28,DHI,11.57,34250400000.0,12.65,,1.38,82.15,,,,,,,,,,,,,,,None,10485100000,10485100000,,,,,,None,71000000,,1.6,0.0109,,,,-0.222,-0.25,-934200000,-863200000,3.29,2007-09-30,12.9,,7711800000.0,811400000,-951200000,-238700000,,,None,23600000,None,,None,,,,,-712500000,None,None,None,0.125,,1295300000,-483900000,,,,,None,,,,,1.13,1.764,1.248,,,,,,,,0.105,,,2025-10-28,annual,3.04,USD,pre-market,None,,0.0816,0.143,-0.032,111.02,1295300000,,,,143.3,150.78,-7.5988,,,,,,,11296500000,,12.65,,183.98,109.46
2025-12-28,DHI,11.57,34250400000.0,12.65,,1.38,82.15,,,,,,,,,,,,,,,None,11418300000,11418300000,,,,,,None,61700000,,1.6,0.0109,,,,-0.222,-0.25,2036900000,2098600000,3.29,2006-09-30,12.9,,7711800000.0,3633000000,1987100000,753800000,,,None,55000000,None,,None,,,,,1233300000,None,None,None,0.125,,1658800000,1974200000,,,,,None,,,,,1.13,1.764,1.248,,,,,,,,0.105,,,2025-10-28,annual,3.04,USD,pre-market,None,,0.0816,0.143,-0.032,111.02,1658800000,,,,143.3,150.78,-7.5988,,,,,,,15051300000,,12.65,,183.98,109.46
2025-12-28,DHI,11.57,34250400000.0,12.65,None,1.38,82.15,,65600000,2985400000,2985400000,,,,,,,,,4000000,297400000,None,11418300000,11418300000,1221900000,None,None,458900000,None,None,61700000,,1.6,0.0109,,,,-0.222,-0.25,2036900000,2098600000,3.29,2025-09-30,12.9,163500000,7711800000.0,3633000000,1987100000,753800000,27100000,27100000,None,55000000,None,25287300000,None,None,5965500000,None,None,1233300000,None,None,None,0.125,,1658800000,1974200000,5411100000,659500000,None,392400000,None,,,,,1.13,1.764,1.248,,,,,,,,0.105,,641900000,2025-10-28,quarterly,3.04,USD,pre-market,None,31041400000,0.0816,0.143,-0.032,111.02,1658800000,6031100000,5965500000,None,143.3,150.78,-7.5988,35471200000,34142700000,1962900000,10729000000,1328500000,8766100000,15051300000,24190400000,12.65,None,183.98,109.46
2025-12-28,DHI,11.57,34250400000.0,12.65,None,1.38,82.15,,53100000,2614000000,2614000000,,,,,,,,,4000000,297400000,None,11418300000,11418300000,1388800000,None,None,418400000,None,None,61700000,,1.6,0.0109,,,,-0.222,-0.25,2036900000,2098600000,3.29,2025-06-30,12.9,163500000,7711800000.0,3633000000,1987100000,753800000,19800000,19800000,None,55000000,None,26726100000,None,None,7248700000,None,None,1233300000,None,None,None,0.125,,1658800000,1974200000,5307700000,641900000,None,137000000,None,,,,,1.13,1.764,1.248,,,,,,,,0.105,,610100000,2025-10-28,quarterly,3.04,USD,pre-market,None,30254500000,0.0816,0.143,-0.032,111.02,1658800000,7301800000,298500000,None,143.3,150.78,-7.5988,36395900000,35066200000,2137300000,11802900000,1329700000,9665600000,15051300000,24052900000,12.65,None,183.98,109.46
2025-12-28,DHI,11.57,34250400000.0,12.65,None,1.38,82.15,,51300000,2471400000,2471400000,,,,,,,,,4000000,314000000,None,11418300000,11418300000,1373800000,None,None,475600000,None,None,61700000,,1.6,0.0109,,,,-0.222,-0.25,2036900000,2098600000,3.29,2025-03-31,12.9,163500000,7711800000.0,3633000000,1987100000,753800000,5300000,5300000,None,55000000,None,26482400000,None,None,6518400000,None,None,1233300000,None,None,None,0.125,,1658800000,1974200000,4973200000,494500000,None,126300000,None,,,,,1.13,1.764,1.248,,,,,,,,0.105,,585300000,2025-10-28,quarterly,3.04,USD,pre-market,None,29352300000,0.0816,0.143,-0.032,111.02,1658800000,6569700000,6518400000,None,143.3,150.78,-7.5988,35690000000,34402600000,2001800000,10831300000,1287400000,8829500000,15051300000,24327100000,12.65,None,183.98,109.46
2025-12-28,DHI,11.57,34250400000.0,12.65,None,1.38,82.15,,52300000,3050100000,3050100000,,,,,,,,,4000000,323716000,None,11418300000,11418300000,1372600000,None,None,377800000,None,None,61700000,,1.6,0.0109,,,,-0.222,-0.25,2036900000,2098600000,3.29,2024-12-31,12.9,163500000,7711800000.0,3633000000,1987100000,753800000,10400000,10400000,None,55000000,None,26080500000,None,None,5097700000,None,None,1233300000,None,None,None,0.125,,1658800000,1974200000,4188900000,481000000,None,118100000,None,,,,,1.13,1.764,1.248,,,,,,,,0.105,,574300000,2025-10-28,quarterly,3.04,USD,pre-market,None,28667400000,0.0816,0.143,-0.032,111.02,1658800000,5150000000,5097700000,None,143.3,150.78,-7.5988,35029700000,33697300000,2226800000,9566800000,1332400000,7340000000,15051300000,24943900000,12.65,None,183.98,109.46
2025-12-28,DHI,11.57,34250400000.0,12.65,None,1.38,82.15,,53300000,4516400000,4516400000,,,,,,,,,4000000,327300000,None,11418300000,11418300000,1345500000,None,None,421400000,None,None,61700000,,1.6,0.0109,,,,-0.222,-0.25,2036900000,2098600000,3.29,2024-09-30,12.9,163500000,7711800000.0,3633000000,1987100000,753800000,5900000,5900000,None,55000000,None,24903200000,None,None,5917700000,None,None,1233300000,None,None,None,0.125,,1658800000,1974200000,4904900000,486000000,None,123200000,None,,,,,1.13,1.764,1.248,,,,,,,,0.105,,582400000,2025-10-28,quarterly,3.04,USD,pre-market,None,27951000000,0.0816,0.143,-0.032,111.02,1658800000,5971000000,563000000,27600000,143.3,150.78,-7.5988,36104300000,34745900000,2036500000,10279900000,1358400000,8243400000,15051300000,25312800000,12.65,None,183.98,109.46
2025-12-28,DHI,11.57,34250400000.0,12.65,None,1.38,82.15,,51200000,2992300000,2992300000,,,,,,,,,4000000,330100000,None,11418300000,11418300000,1412700000,None,None,431000000,None,None,61700000,,1.6,0.0109,,,,-0.222,-0.25,2036900000,2098600000,3.29,2024-06-30,12.9,163500000,7711800000.0,3633000000,1987100000,753800000,325900000,325900000,None,55000000,None,25536100000,None,None,5691000000,None,None,1233300000,None,None,None,0.125,,1658800000,1974200000,4848100000,481500000,None,138700000,None,,,,,1.13,1.764,1.248,,,,,,,,0.105,,None,2025-10-28,quarterly,3.04,USD,pre-market,None,26765300000,0.0816,0.143,-0.032,111.02,1658800000,5742200000,5691000000,None,143.3,150.78,-7.5988,35151400000,33807500000,2095200000,10000700000,1343900000,7905500000,15051300000,24656500000,12.65,None,183.98,109.46
2025-12-28,DHI,11.57,34250400000.0,12.65,None,1.38,82.15,,47200000,3063100000,3063100000,,,,,,,,,4000000,333300000,None,11418300000,11418300000,1386500000,None,None,427700000,None,None,61700000,,1.6,0.0109,,,,-0.222,-0.25,2036900000,2098600000,3.29,2024-03-31,12.9,163500000,7711800000.0,3633000000,1987100000,753800000,325800000,325800000,None,55000000,None,24840000000,None,None,5937900000,None,None,1233300000,None,None,None,0.125,,1658800000,1974200000,4759100000,453100000,None,125900000,None,,,,,1.13,1.764,1.248,,,,,,,,0.105,,None,2025-10-28,quarterly,3.04,USD,pre-market,None,25510200000,0.0816,0.143,-0.032,111.02,1658800000,5985100000,5937900000,None,143.3,150.78,-7.5988,34398200000,33089900000,2050900000,10101800000,1308300000,8050900000,15051300000,23815500000,12.65,None,183.98,109.46
2025-12-28,DHI,11.57,34250400000.0,12.65,None,1.38,82.15,,44500000,3323400000,3323400000,,,,,,,,,4000000,335700000,None,11418300000,11418300000,1260300000,None,None,393300000,None,None,61700000,,1.6,0.0109,,,,-0.222,-0.25,2036900000,2098600000,3.29,2023-12-31,12.9,163500000,7711800000.0,3633000000,1987100000,753800000,328600000,328600000,None,55000000,None,24050300000,None,None,5290400000,None,None,1233300000,None,None,None,0.125,,1658800000,1974200000,4291000000,384500000,None,122000000,None,,,,,1.13,1.764,1.248,,,,,,,,0.105,,None,2025-10-28,quarterly,3.04,USD,pre-market,None,24437300000,0.0816,0.143,-0.032,111.02,1658800000,5334900000,5290400000,1749700000,143.3,150.78,-7.5988,33381600000,32058000000,2334000000,9778100000,1323600000,7444100000,15051300000,23153400000,12.65,None,183.98,109.46
2025-12-28,DHI,11.57,34250400000.0,12.65,None,1.38,82.15,,48100000,3873600000,3873600000,,,,,,,,,4000000,339300000,None,11418300000,11418300000,1246200000,None,None,426900000,None,None,61700000,,1.6,0.0109,,,,-0.222,-0.25,2036900000,2098600000,3.29,2023-09-30,12.9,163500000,7711800000.0,3633000000,1987100000,753800000,11100000,11100000,None,55000000,None,22373300000,None,None,5094500000,None,None,1233300000,None,None,None,0.125,,1658800000,1974200000,2119500000,-2137800000,None,147600000,None,,,,,1.13,1.764,1.248,,,,,,,,0.105,,445400000,2025-10-28,quarterly,3.04,USD,pre-market,None,23589800000,0.0816,0.143,-0.032,111.02,1658800000,5094500000,5094500000,None,143.3,150.78,-7.5988,32582400000,28793300000,4350000000,9444500000,3789100000,5094500000,15051300000,22696200000,12.65,None,183.98,109.46
2025-12-28,DHI,11.57,34250400000.0,12.65,None,1.38,82.15,,45700000,3379100000,3379100000,,,,,,,,,4000000,342300000,None,11418300000,11418300000,1369500000,None,None,401400000,None,None,61700000,,1.6,0.0109,,,,-0.222,-0.25,2036900000,2098600000,3.29,2023-06-30,12.9,163500000,7711800000.0,3633000000,1987100000,753800000,334800000,334800000,None,55000000,None,22983500000,None,None,6105300000,None,2414400000,1233300000,None,None,None,0.125,,1658800000,1974200000,2041900000,-3512100000,None,139300000,None,,,,,1.13,1.764,1.248,,,,,,,,0.105,,425300000,2025-10-28,quarterly,3.04,USD,pre-market,None,22164400000,0.0816,0.143,-0.032,111.02,1658800000,6105300000,6105300000,None,143.3,150.78,-7.5988,32323100000,28805900000,4135500000,10240800000,3517200000,6105300000,15051300000,21656400000,12.65,-3906700000,183.98,109.46
2025-12-28,DHI,11.57,34250400000.0,12.65,None,1.38,82.15,,44700000,3051100000,3051100000,,,,,,,,,4000000,344900000,None,11418300000,11418300000,1251300000,None,None,359600000,None,None,61700000,,1.6,0.0109,,,,-0.222,-0.25,2036900000,2098600000,3.29,2023-03-31,12.9,163500000,7711800000.0,3633000000,1987100000,753800000,323900000,323900000,None,55000000,None,22571700000,None,None,5966900000,None,2124000000,1233300000,None,None,None,0.125,,1658800000,1974200000,1787900000,-3307700000,None,129000000,None,,,,,1.13,1.764,1.248,,,,,,,,0.105,,509600000,2025-10-28,quarterly,3.04,USD,pre-market,None,20914500000,0.0816,0.143,-0.032,111.02,1658800000,5966900000,5966900000,None,143.3,150.78,-7.5988,31170800000,27770300000,4082100000,10049000000,3400500000,5966900000,15051300000,20712700000,12.65,-3563800000,183.98,109.46
2025-12-28,DHI,11.57,34250400000.0,12.65,None,1.38,82.15,,47900000,2591100000,2591100000,,,,,,,,,4000000,346900000,None,11418300000,11418300000,1205000000,None,None,393800000,None,None,61700000,,1.6,0.0109,,,,-0.222,-0.25,2036900000,2098600000,3.29,2022-12-31,12.9,163500000,7711800000.0,3633000000,1987100000,753800000,18700000,18700000,None,55000000,None,22445300000,None,None,5690300000,None,1782700000,1233300000,None,None,None,0.125,,1658800000,1974200000,3567300000,-3037000000,None,112600000,None,,,,,1.13,1.764,1.248,,,,,,,,0.105,,501700000,2025-10-28,quarterly,3.04,USD,pre-market,None,20057900000,0.0816,0.143,-0.032,111.02,1658800000,5690300000,5690300000,None,143.3,150.78,-7.5988,30264500000,26840500000,4021800000,9712100000,3424000000,5690300000,15051300000,20153300000,12.65,-3260600000,183.98,109.46
2025-12-28,DHI,11.57,34250400000.0,12.65,None,1.38,82.15,,47900000,2540500000,2540500000,,,,,,,,,4000000,349700000,None,11418300000,11418300000,1360300000,None,None,423100000,None,None,61700000,,1.6,0.0109,,,,-0.222,-0.25,2036900000,2098600000,3.29,2022-09-30,12.9,163500000,7711800000.0,3633000000,1987100000,753800000,10600000,10600000,None,55000000,None,21655700000,None,None,6066900000,None,2386000000,1233300000,None,None,None,0.125,,1658800000,1974200000,4181500000,-3152800000,None,113300000,None,,,,,1.13,1.764,1.248,,,,,,,,0.105,,467300000,2025-10-28,quarterly,3.04,USD,pre-market,None,19185300000,0.0816,0.143,-0.032,111.02,1658800000,6066900000,6066900000,None,143.3,150.78,-7.5988,30351100000,26614600000,4498600000,10565500000,3736500000,6066900000,15051300000,19396300000,12.65,-3142500000,183.98,109.46
2025-12-28,DHI,11.57,34250400000.0,12.65,None,1.38,82.15,,44000000,1655700000,1655700000,,,,,,,,,4000000,353100000,None,11418300000,11418300000,1507300000,None,None,364000000,None,None,61700000,,1.6,0.0109,,,,-0.222,-0.25,2036900000,2098600000,3.29,2022-06-30,12.9,163500000,7711800000.0,3633000000,1987100000,753800000,261500000,261500000,None,55000000,None,21698900000,None,None,5975200000,None,2082500000,1233300000,None,None,None,0.125,,1658800000,1974200000,3835000000,-3303200000,None,117500000,None,,,,,1.13,1.764,1.248,,,,,,,,0.105,,477300000,2025-10-28,quarterly,3.04,USD,pre-market,None,17631600000,0.0816,0.143,-0.032,111.02,1658800000,5975200000,5975200000,None,143.3,150.78,-7.5988,28869900000,25465700000,4459200000,10434400000,3404200000,5975200000,15051300000,18062500000,12.65,-2890800000,183.98,109.46
2025-12-28,DHI,11.57,34250400000.0,12.65,None,1.38,82.15,,43200000,1663900000,1663900000,,,,,,,,,4000000,356300000,None,11418300000,11418300000,1378600000,None,None,328300000,None,None,61700000,,1.6,0.0109,,,,-0.222,-0.25,2036900000,2098600000,3.29,2022-03-31,12.9,163500000,7711800000.0,3633000000,1987100000,753800000,5000000,5000000,None,55000000,None,19846500000,None,None,5570000000,None,2242800000,1233300000,None,None,None,0.125,,1658800000,1974200000,3786000000,-3234500000,None,97100000,None,,,,,1.13,1.764,1.248,,,,,,,,0.105,,434000000,2025-10-28,quarterly,3.04,USD,pre-market,None,16063000000,0.0816,0.143,-0.032,111.02,1658800000,5570000000,5570000000,None,143.3,150.78,-7.5988,26685300000,23778400000,3997500000,9567500000,2906900000,5570000000,15051300000,16774900000,12.65,-2580800000,183.98,109.46
2025-12-28,DHI,11.57,34250400000.0,12.65,None,1.38,82.15,,39300000,2442100000,2442100000,,,,,,,,,4000000,360100000,None,11418300000,11418300000,1150700000,None,None,322100000,None,None,61700000,,1.6,0.0109,,,,-0.222,-0.25,2036900000,2098600000,3.29,2021-12-31,12.9,163500000,7711800000.0,3633000000,1987100000,753800000,8300000,8300000,None,55000000,None,18202500000,None,None,5255300000,None,1833300000,1233300000,None,None,None,0.125,,1658800000,1974200000,3205100000,-4090900000,None,144800000,None,,,,,1.13,1.764,1.248,,,,,,,,0.105,,410400000,2025-10-28,quarterly,3.04,USD,pre-market,None,14705800000,0.0816,0.143,-0.032,111.02,1658800000,5294600000,5255300000,None,143.3,150.78,-7.5988,24999400000,24171800000,2533300000,8986000000,827600000,6452700000,15051300000,15677700000,12.65,-2314800000,183.98,109.46
2025-12-28,DHI,11.57,34250400000.0,12.65,None,1.38,82.15,,37000000,3210400000,3210400000,,,,,,,,,4000000,362100000,None,11418300000,11418300000,1177000000,None,None,321700000,None,None,61700000,,1.6,0.0109,,,,-0.222,-0.25,2036900000,2098600000,3.29,2021-09-30,12.9,163500000,7711800000.0,3633000000,1987100000,753800000,4100000,4100000,None,55000000,None,16479100000,None,None,5412400000,None,2027300000,1233300000,None,None,None,0.125,,1658800000,1974200000,3186400000,-3395500000,None,100400000,None,,,,,1.13,1.764,1.248,,,,,,,,0.105,,392900000,2025-10-28,quarterly,3.04,USD,pre-market,None,13644300000,0.0816,0.143,-0.032,111.02,1658800000,5412400000,5412400000,None,143.3,150.78,-7.5988,24015900000,21743600000,3387300000,8799700000,2272300000,5412400000,15051300000,14886500000,12.65,-2036600000,183.98,109.46
2025-12-28,DHI,11.57,34250400000.0,12.65,None,1.38,82.15,,36500000,1942700000,1942700000,,,,,,,,,4000000,364000000,None,11418300000,11418300000,1250900000,None,None,305000000,None,None,61700000,,1.6,0.0109,,,,-0.222,-0.25,2036900000,2098600000,3.29,2021-06-30,12.9,163500000,7711800000.0,3633000000,1987100000,753800000,14200000,14200000,None,55000000,None,16011700000,None,None,4416300000,None,1644100000,1233300000,None,None,None,0.125,,1658800000,1974200000,2725000000,-2616300000,None,461400000,None,,,,,1.13,1.764,1.248,,,,,,,,0.105,,398600000,2025-10-28,quarterly,3.04,USD,pre-market,None,12376900000,0.0816,0.143,-0.032,111.02,1658800000,4416300000,4416300000,None,143.3,150.78,-7.5988,21793500000,19624900000,3252200000,7668500000,2168600000,4416300000,15051300000,13802900000,12.65,-1824000000,183.98,109.46
2025-12-28,DHI,11.57,34250400000.0,12.65,None,1.38,82.15,,35400000,2205200000,2205200000,,,,,,,,,4000000,367200000,None,11418300000,11418300000,1137400000,None,None,308200000,None,None,61700000,,1.6,0.0109,,,,-0.222,-0.25,2036900000,2098600000,3.29,2021-03-31,12.9,163500000,7711800000.0,3633000000,1987100000,753800000,6400000,6400000,None,55000000,None,14476300000,None,None,4472300000,None,1755800000,1233300000,None,None,None,0.125,,1658800000,1974200000,2694800000,203200000,None,438100000,None,,,,,1.13,1.764,1.248,,,,,,,,0.105,,895000000,2025-10-28,quarterly,3.04,USD,pre-market,None,11333500000,0.0816,0.143,-0.032,111.02,1658800000,6303600000,1831300000,None,143.3,150.78,-7.5988,21083800000,18464000000,3335500000,7807800000,2619800000,4472300000,15051300000,12963100000,12.65,-1582800000,183.98,109.46
2025-12-28,DHI,11.57,34250400000.0,12.65,None,1.38,82.15,,35500000,2454900000,2454900000,,,,,,,,,4000000,370000000,None,11418300000,11418300000,845600000,None,None,276900000,None,None,61700000,,1.6,0.0109,,,,-0.222,-0.25,2036900000,2098600000,3.29,2020-12-31,12.9,163500000,7711800000.0,3633000000,1987100000,753800000,9800000,9800000,None,55000000,None,13576500000,None,None,4225600000,None,1438900000,1233300000,None,None,None,0.125,,1658800000,1974200000,2275700000,-2397200000,None,477200000,None,,,,,1.13,1.764,1.248,,,,,,,,0.105,,748400000,2025-10-28,quarterly,3.04,USD,pre-market,None,10476700000,0.0816,0.143,-0.032,111.02,1658800000,4225600000,4225600000,None,143.3,150.78,-7.5988,19780400000,17490300000,2784500000,7010100000,2290100000,4225600000,15051300000,12485200000,12.65,-1232400000,183.98,109.46
2025-12-28,DHI,11.57,34250400000.0,12.65,None,1.38,82.15,,37000000,3018500000,3018500000,,,,,,,,,3900000,369500000,None,11418300000,11418300000,900500000,None,None,271400000,None,None,61700000,,1.6,0.0109,,,,-0.222,-0.25,2036900000,2098600000,3.29,2020-09-30,12.9,163500000,7711800000.0,3633000000,1987100000,753800000,17100000,17100000,None,55000000,None,12237400000,None,None,4283300000,None,1529000000,1233300000,None,None,None,0.125,,1658800000,1974200000,2253700000,-1885500000,None,428800000,None,,,,,1.13,1.764,1.248,,,,,,,,0.105,,683700000,2025-10-28,quarterly,3.04,USD,pre-market,None,9757800000,0.0816,0.143,-0.032,111.02,1658800000,7682700000,3399400000,None,143.3,150.78,-7.5988,18912300000,16806500000,2507500000,6790800000,2105800000,4283300000,15051300000,11840000000,12.65,-1162600000,183.98,109.46
2025-12-28,DHI,11.57,34250400000.0,12.65,None,1.38,82.15,,38100000,2353500000,2353500000,,,,,,,,,3900000,367700000,None,11418300000,11418300000,761200000,None,None,257500000,None,None,61700000,,1.6,0.0109,,,,-0.222,-0.25,2036900000,2098600000,3.29,2020-06-30,12.9,163500000,7711800000.0,3633000000,1987100000,753800000,10000000,10000000,None,55000000,None,12138700000,None,None,4297300000,None,1502600000,1233300000,None,None,None,0.125,,1658800000,1974200000,2116900000,-2783000000,None,380100000,None,,,,,1.13,1.764,1.248,,,,,,,,0.105,,631900000,2025-10-28,quarterly,3.04,USD,pre-market,None,8992500000,0.0816,0.143,-0.032,111.02,1658800000,4297300000,4297300000,None,143.3,150.78,-7.5988,17973900000,16014000000,2349500000,6646800000,1959900000,4297300000,15051300000,11048000000,12.65,-1162600000,183.98,109.46
2025-12-28,DHI,11.57,34250400000.0,12.65,None,1.38,82.15,,40500000,1522800000,1522800000,,,,,,,,,3900000,370100000,None,11418300000,11418300000,707000000,None,None,231200000,None,None,61700000,,1.6,0.0109,,,,-0.222,-0.25,2036900000,2098600000,3.29,2020-03-31,12.9,163500000,7711800000.0,3633000000,1987100000,753800000,None,None,None,55000000,None,12224500000,None,None,4306600000,None,1379400000,1233300000,None,None,None,0.125,,1658800000,1974200000,14500000,521800000,None,356500000,None,,,,,1.13,1.764,1.248,,,,,,,,0.105,,589700000,2025-10-28,quarterly,3.04,USD,pre-market,None,8425400000,0.0816,0.143,-0.032,111.02,1658800000,5098100000,791500000,None,143.3,150.78,-7.5988,17130000000,15141200000,2088600000,6395200000,1988800000,4306600000,15051300000,10458000000,12.65,-1162600000,183.98,109.46
2025-12-28,DHI,11.57,34250400000.0,12.65,None,1.38,82.15,,37600000,1583300000,1583300000,,,,,,,,,3900000,373400000,None,11418300000,11418300000,659300000,None,1018000000,1025100000,None,None,61700000,,1.6,0.0109,,,,-0.222,-0.25,2036900000,2098600000,3.29,2019-12-31,12.9,163500000,7711800000.0,3633000000,1987100000,753800000,None,None,None,55000000,None,11899200000,None,None,3783300000,None,1025100000,1233300000,None,None,None,0.125,,1658800000,1974200000,12600000,-2460200000,None,350300000,None,,,,,1.13,1.764,1.248,,,,,,,,0.105,,563400000,2025-10-28,quarterly,3.04,USD,pre-market,None,8006800000,0.0816,0.143,-0.032,111.02,1658800000,3783300000,3783300000,None,143.3,150.78,-7.5988,16322900000,14520200000,2036700000,5820000000,1802700000,3783300000,15051300000,10227400000,12.65,-965300000,183.98,109.46
2025-12-28,DHI,11.57,34250400000.0,12.65,None,1.38,82.15,,None,1494300000,1494300000,,,,,,,,,3900000,374800000,None,11418300000,11418300000,634000000,None,1017600000,218000000,None,None,61700000,,1.6,0.0109,,,,-0.222,-0.25,2036900000,2098600000,3.29,2019-09-30,12.9,163500000,7711800000.0,3633000000,1987100000,753800000,None,None,None,55000000,None,11282000000,None,None,2510500000,None,6500000,1233300000,None,None,None,0.125,,1658800000,1974200000,19700000,-2179000000,None,247300000,None,,,,,1.13,1.764,1.248,,,,,,,,0.105,,462200000,2025-10-28,quarterly,3.04,USD,pre-market,None,7640100000,0.0816,0.143,-0.032,111.02,1658800000,5909900000,3399400000,None,143.3,150.78,-7.5988,15606600000,13868000000,1912100000,5311500000,1738600000,3399400000,15051300000,10020900000,12.65,-802200000,183.98,109.46
2025-12-28,DHI,11.57,34250400000.0,12.65,None,1.38,82.15,,None,864200000,864200000,,,,,,,,,3900000,376900000,None,11418300000,11418300000,681200000,None,None,213600000,None,None,61700000,,1.6,0.0109,,,,-0.222,-0.25,2036900000,2098600000,3.29,2019-06-30,12.9,163500000,7711800000.0,3633000000,1987100000,753800000,None,None,None,55000000,None,11702300000,None,None,3450600000,None,954900000,1233300000,None,None,None,0.125,,1658800000,1974200000,21100000,-2240500000,None,349100000,None,,,,,1.13,1.764,1.248,,,,,,,,0.105,,454200000,2025-10-28,quarterly,3.04,USD,pre-market,None,7190400000,0.0816,0.143,-0.032,111.02,1658800000,3450600000,3450600000,None,143.3,150.78,-7.5988,15224000000,13542500000,1958700000,5409300000,1681500000,3450600000,15051300000,9642400000,12.65,-697900000,183.98,109.46
2025-12-28,DHI,11.57,34250400000.0,12.65,None,1.38,82.15,,None,698800000,698800000,,,,,,,,,3900000,377700000,None,11418300000,11418300000,658500000,None,None,170700000,None,None,61700000,,1.6,0.0109,,,,-0.222,-0.25,2036900000,2098600000,3.29,2019-03-31,12.9,163500000,7711800000.0,3633000000,1987100000,753800000,None,None,None,55000000,None,11920300000,None,None,3622400000,None,796500000,1233300000,None,None,None,0.125,,1658800000,1974200000,32400000,474600000,None,306200000,None,,,,,1.13,1.764,1.248,,,,,,,,0.105,,437900000,2025-10-28,quarterly,3.04,USD,pre-market,None,6771600000,0.0816,0.143,-0.032,111.02,1658800000,4277400000,655000000,None,143.3,150.78,-7.5988,15007000000,13448000000,1850600000,5473000000,1559000000,3622400000,15051300000,9360300000,12.65,-538600000,183.98,109.46
2025-12-28,DHI,11.57,34250400000.0,12.65,None,1.38,82.15,,None,737000000,737000000,,,,,,,,,3900000,380100000,None,11418300000,11418300000,697200000,None,499900000,164400000,None,None,61700000,,1.6,0.0109,,,,-0.222,-0.25,2036900000,2098600000,3.29,2018-12-31,12.9,158400000,7711800000.0,3633000000,1987100000,753800000,158400000,158400000,None,55000000,None,11595600000,None,None,3342300000,None,622200000,1233300000,None,None,None,0.125,,1658800000,1974200000,31300000,-2198800000,None,None,None,,,,,1.13,1.764,1.248,,,,,,,,0.105,,391100000,2025-10-28,quarterly,3.04,USD,pre-market,None,6476200000,0.0816,0.143,-0.032,111.02,1658800000,3342300000,3342300000,31300000,143.3,150.78,-7.5988,14535800000,12986100000,1895300000,5237600000,1549700000,3342300000,15051300000,9124700000,12.65,-463000000,183.98,109.46
2025-12-28,DHI,11.57,34250400000.0,12.65,None,1.38,82.15,,None,1473100000,1473100000,,,,,,,,,3900000,382700000,None,11418300000,11418300000,624700000,None,499600000,796400000,None,None,61700000,,1.6,0.0109,,,,-0.222,-0.25,2036900000,2098600000,3.29,2018-09-30,12.9,109200000,7711800000.0,3633000000,1987100000,753800000,109200000,109200000,None,55000000,None,10395000000,None,None,3203500000,None,807400000,1233300000,None,None,None,0.125,,1658800000,1974200000,32900000,-2134100000,None,None,None,,,,,1.13,1.764,1.248,,,,,,,,0.105,,401100000,2025-10-28,quarterly,3.04,USD,pre-market,None,6217900000,0.0816,0.143,-0.032,111.02,1658800000,3203500000,3203500000,32900000,143.3,150.78,-7.5988,14114600000,12697400000,1752200000,4955700000,1417200000,3203500000,15051300000,8984400000,12.65,-322400000,183.98,109.46
2025-12-28,DHI,11.57,34250400000.0,12.65,None,1.38,82.15,,None,1178200000,1178200000,,,,,,,,,3900000,383400000,None,11418300000,11418300000,655300000,None,3093600000,139800000,None,None,61700000,,1.6,0.0109,,,,-0.222,-0.25,2036900000,2098600000,3.29,2018-06-30,12.9,109200000,7711800000.0,3633000000,1987100000,753800000,109200000,109200000,None,55000000,None,10303300000,None,None,3093600000,None,712100000,1233300000,None,None,None,0.125,,1658800000,1974200000,58700000,-2080000000,None,None,None,,,,,1.13,1.764,1.248,,,,,,,,0.105,,385200000,2025-10-28,quarterly,3.04,USD,pre-market,None,5798800000,0.0816,0.143,-0.032,111.02,1658800000,3093600000,3093600000,58700000,143.3,150.78,-7.5988,13593400000,12220100000,1729900000,4823500000,1373300000,3093600000,15051300000,8597300000,12.65,-269800000,183.98,109.46
2025-12-28,DHI,11.57,34250400000.0,12.65,None,1.38,82.15,,None,1010800000,1010800000,,,,,,,,,3900000,383900000,None,11418300000,11418300000,582700000,None,3233900000,147000000,None,None,61700000,,1.6,0.0109,,,,-0.222,-0.25,2036900000,2098600000,3.29,2018-03-31,12.9,109200000,7711800000.0,3633000000,1987100000,753800000,109200000,109200000,None,55000000,None,10144400000,None,None,3233900000,None,690300000,1233300000,None,None,None,0.125,,1658800000,1974200000,55400000,1029600000,None,None,None,,,,,1.13,1.764,1.248,,,,,,,,0.105,,380400000,2025-10-28,quarterly,3.04,USD,pre-market,None,5392100000,0.0816,0.143,-0.032,111.02,1658800000,3233900000,3233900000,55400000,143.3,150.78,-7.5988,13218100000,11868800000,1612300000,4846200000,1349300000,3233900000,15051300000,8198900000,12.65,-242800000,183.98,109.46
2025-12-28,DHI,11.57,34250400000.0,12.65,None,1.38,82.15,,None,920300000,920300000,,,,,,,,,3900000,383800000,None,11418300000,11418300000,575700000,None,3258100000,153000000,None,None,61700000,,1.6,0.0109,,,,-0.222,-0.25,2036900000,2098600000,3.29,2017-12-31,12.9,100000000,7711800000.0,3633000000,1987100000,753800000,100000000,100000000,None,55000000,None,10040200000,None,None,3258100000,None,624300000,1233300000,None,None,None,0.125,,1658800000,1974200000,53700000,479300000,None,None,None,,,,,1.13,1.764,1.248,,,,,,,,0.105,,357700000,2025-10-28,quarterly,3.04,USD,pre-market,None,5088200000,0.0816,0.143,-0.032,111.02,1658800000,3258100000,3258100000,53700000,143.3,150.78,-7.5988,12957300000,11552400000,1643800000,4901900000,1404900000,3258100000,15051300000,7882000000,12.65,-220300000,183.98,109.46
2025-12-28,DHI,11.57,34250400000.0,12.65,None,1.38,82.15,,None,1007800000,1007800000,,,,,,,,,3800000,380000000,None,11418300000,11418300000,632300000,None,399700000,303100000,None,None,61700000,,1.6,0.0109,,,,-0.222,-0.25,2036900000,2098600000,3.29,2017-09-30,12.9,80000000,7711800000.0,3633000000,1987100000,753800000,80000000,80000000,None,55000000,None,9237100000,None,None,2871600000,None,587300000,1233300000,None,None,None,0.125,,1658800000,1974200000,9300000,-1883500000,None,420000000,None,,,,,1.13,1.764,1.248,,,,,,,,0.105,,325000000,2025-10-28,quarterly,3.04,USD,pre-market,None,4946000000,0.0816,0.143,-0.032,111.02,1658800000,5323200000,2451600000,9300000,143.3,150.78,-7.5988,12184600000,10841500000,1565400000,4437000000,1343100000,2871600000,15051300000,7747100000,12.65,-194900000,183.98,109.46
2025-12-28,DHI,11.57,34250400000.0,12.65,None,1.38,82.15,,None,512400000,512400000,,,,,,,,,3800000,379400000,None,11418300000,11418300000,656300000,None,2926500000,82600000,None,None,61700000,,1.6,0.0109,,,,-0.222,-0.25,2036900000,2098600000,3.29,2017-06-30,12.9,80000000,7711800000.0,3633000000,1987100000,753800000,80000000,80000000,None,55000000,None,9554000000,None,None,2926500000,None,627400000,1233300000,None,None,None,0.125,,1658800000,1974200000,10900000,514800000,None,473400000,None,,,,,1.13,1.764,1.248,,,,,,,,0.105,,282800000,2025-10-28,quarterly,3.04,USD,pre-market,None,4670100000,0.0816,0.143,-0.032,111.02,1658800000,5379600000,2453100000,10900000,143.3,150.78,-7.5988,11977100000,10704700000,1613900000,4540400000,1272400000,2926500000,15051300000,7436200000,12.65,-194900000,183.98,109.46
2025-12-28,DHI,11.57,34250400000.0,12.65,None,1.38,82.15,,None,993200000,993200000,,,,,,,,,3800000,378900000,None,11418300000,11418300000,580900000,None,None,85100000,None,None,61700000,,1.6,0.0109,,,,-0.222,-0.25,2036900000,2098600000,3.29,2017-03-31,12.9,80000000,7711800000.0,3633000000,1987100000,753800000,80000000,80000000,None,55000000,None,9038100000,None,None,3222400000,None,577800000,1233300000,None,None,None,0.125,,1658800000,1974200000,11100000,547800000,None,419000000,None,,,,,1.13,1.764,1.248,,,,,,,,0.105,,248100000,2025-10-28,quarterly,3.04,USD,pre-market,None,4418600000,0.0816,0.143,-0.032,111.02,1658800000,3572300000,349900000,11100000,143.3,150.78,-7.5988,11921100000,10620200000,1478600000,4701000000,1300900000,3222400000,15051300000,7219600000,12.65,-134300000,183.98,109.46
2025-12-28,DHI,11.57,34250400000.0,12.65,None,1.38,82.15,,None,1150300000,1150300000,,,,,,,,,3800000,377400000,None,11418300000,11418300000,545100000,None,None,84700000,None,None,61700000,,1.6,0.0109,,,,-0.222,-0.25,2036900000,2098600000,3.29,2016-12-31,12.9,80000000,7711800000.0,3633000000,1987100000,753800000,80000000,80000000,None,55000000,None,8742400000,None,None,3217600000,None,548300000,1233300000,None,None,None,0.125,,1658800000,1974200000,8800000,508000000,None,419000000,None,,,,,1.13,1.764,1.248,,,,,,,,0.105,,218400000,2025-10-28,quarterly,3.04,USD,pre-market,None,4226800000,0.0816,0.143,-0.032,111.02,1658800000,6016200000,2798600000,8800000,143.3,150.78,-7.5988,11712100000,10449800000,1512700000,4730300000,1262300000,3217600000,15051300000,6981300000,12.65,-134300000,183.98,109.46
2025-12-28,DHI,11.57,34250400000.0,12.65,None,1.38,82.15,,None,1303200000,1303200000,,,,,,,,,3800000,377300000,None,11418300000,11418300000,577500000,None,349500000,88700000,None,None,61700000,,1.6,0.0109,,,,-0.222,-0.25,2036900000,2098600000,3.29,2016-09-30,12.9,80000000,7711800000.0,3633000000,1987100000,753800000,80000000,80000000,None,55000000,None,8340900000,None,None,3271300000,None,654000000,1233300000,None,None,None,0.125,,1658800000,1974200000,9500000,-2357500000,None,473000000,None,,,,,1.13,1.764,1.248,,,,,,,,0.105,,195400000,2025-10-28,quarterly,3.04,USD,pre-market,None,4057200000,0.0816,0.143,-0.032,111.02,1658800000,6069600000,2798300000,9500000,143.3,150.78,-7.5988,11558900000,10307600000,1494600000,4765900000,1251300000,3271300000,15051300000,6792500000,12.65,-134300000,183.98,109.46
2025-12-28,DHI,11.57,34250400000.0,12.65,None,1.38,82.15,,None,906800000,906800000,,,,,,,,,3800000,375900000,None,11418300000,11418300000,609300000,None,None,97500000,None,None,61700000,,1.6,0.0109,,,,-0.222,-0.25,2036900000,2098600000,3.29,2016-06-30,12.9,87200000,7711800000.0,3633000000,1987100000,753800000,87200000,87200000,None,55000000,None,8504200000,None,None,3301300000,None,634500000,1233300000,None,None,None,0.125,,1658800000,1974200000,11800000,495300000,None,504200000,None,,,,,1.13,1.764,1.248,,,,,,,,0.105,,151700000,2025-10-28,quarterly,3.04,USD,pre-market,None,3803400000,0.0816,0.143,-0.032,111.02,1658800000,6098400000,2797100000,11800000,143.3,150.78,-7.5988,11333200000,10057300000,1519100000,4820400000,1275900000,3301300000,15051300000,6512200000,12.65,-134300000,183.98,109.46
2025-12-28,DHI,11.57,34250400000.0,12.65,None,1.38,82.15,,None,1224100000,1224100000,,,,,,,,,3800000,373700000,None,11418300000,11418300000,541500000,None,None,100500000,None,None,61700000,,1.6,0.0109,,,,-0.222,-0.25,2036900000,2098600000,3.29,2016-03-31,12.9,87200000,7711800000.0,3633000000,1987100000,753800000,87200000,87200000,None,55000000,None,8216600000,None,None,3662700000,None,616100000,1233300000,None,None,None,0.125,,1658800000,1974200000,11400000,125200000,None,495400000,None,,,,,1.13,1.764,1.248,,,,,,,,0.105,,149500000,2025-10-28,quarterly,3.04,USD,pre-market,None,3583300000,0.0816,0.143,-0.032,111.02,1658800000,4384500000,721800000,11400000,143.3,150.78,-7.5988,11300200000,10068200000,1388500000,5051200000,1232000000,3662700000,15051300000,6248400000,12.65,-134300000,183.98,109.46
2025-12-28,DHI,11.57,34250400000.0,12.65,None,1.38,82.15,,None,1268700000,1268700000,,,,,,,,,3800000,373500000,None,11418300000,11418300000,449400000,None,None,127800000,None,None,61700000,,1.6,0.0109,,,,-0.222,-0.25,2036900000,2098600000,3.29,2015-12-31,12.9,87200000,7711800000.0,3633000000,1987100000,753800000,87200000,87200000,None,55000000,None,8088200000,None,None,3734300000,None,524400000,1233300000,None,None,None,0.125,,1658800000,1974200000,9700000,533700000,None,397100000,None,,,,,1.13,1.764,1.248,,,,,,,,0.105,,147600000,2025-10-28,quarterly,3.04,USD,pre-market,None,3417700000,0.0816,0.143,-0.032,111.02,1658800000,7071500000,3337200000,9700000,143.3,150.78,-7.5988,11179500000,9891000000,1384700000,5119000000,1288500000,3734300000,15051300000,6059400000,12.65,-134300000,183.98,109.46
2025-12-28,DHI,11.57,34250400000.0,12.65,None,1.38,82.15,,None,1383800000,1383800000,,,,,,,,,3800000,371500000,None,11418300000,11418300000,514900000,None,542600000,126500000,None,None,61700000,,1.6,0.0109,,,,-0.222,-0.25,2036900000,2098600000,3.29,2015-09-30,12.9,87200000,7711800000.0,3633000000,1987100000,753800000,87200000,87200000,None,55000000,None,7807000000,None,None,3811500000,None,631000000,1233300000,None,None,None,0.125,,1658800000,1974200000,9700000,-2962500000,None,477900000,None,,,,,1.13,1.764,1.248,,,,,,,,0.105,,146900000,2025-10-28,quarterly,3.04,USD,pre-market,None,3289600000,0.0816,0.143,-0.032,111.02,1658800000,7145100000,3333600000,9700000,143.3,150.78,-7.5988,11151000000,9831500000,1444100000,5255600000,1319500000,3811500000,15051300000,5894300000,12.65,-134300000,183.98,109.46
2025-12-28,DHI,11.57,34250400000.0,12.65,None,1.38,82.15,,None,805600000,805600000,,,,,,,,,3700000,370300000,None,11418300000,11418300000,502200000,None,None,129600000,None,None,61700000,,1.6,0.0109,,,,-0.222,-0.25,2036900000,2098600000,3.29,2015-06-30,12.9,97000000,7711800000.0,3633000000,1987100000,753800000,97000000,97000000,None,55000000,None,8111200000,None,None,3821100000,None,568400000,1233300000,None,None,None,0.125,,1658800000,1974200000,11700000,528900000,None,448000000,None,,,,,1.13,1.764,1.248,,,,,,,,0.105,,199300000,2025-10-28,quarterly,3.04,USD,pre-market,None,3073700000,0.0816,0.143,-0.032,111.02,1658800000,7194200000,3373100000,11700000,143.3,150.78,-7.5988,10863500000,9792700000,717900000,5232500000,1070800000,4514600000,15051300000,5629600000,12.65,-134300000,183.98,109.46
2025-12-28,DHI,11.57,34250400000.0,12.65,None,1.38,82.15,,None,697700000,697700000,,,,,,,,,3700000,369400000,None,11418300000,11418300000,498900000,None,None,134100000,None,None,61700000,,1.6,0.0109,,,,-0.222,-0.25,2036900000,2098600000,3.29,2015-03-31,12.9,94800000,7711800000.0,3633000000,1987100000,753800000,94800000,94800000,None,55000000,None,8136900000,None,None,3945500000,None,517600000,1233300000,None,None,None,0.125,,1658800000,1974200000,700500000,60700000,None,397500000,None,,,,,1.13,1.764,1.248,,,,,,,,0.105,,193800000,2025-10-28,quarterly,3.04,USD,pre-market,None,2875200000,0.0816,0.143,-0.032,111.02,1658800000,3945500000,None,10400000,143.3,150.78,-7.5988,10713100000,9669200000,583700000,5292100000,1043900000,4708400000,15051300000,5418100000,12.65,-134300000,183.98,109.46
2025-12-28,DHI,11.57,34250400000.0,12.65,None,1.38,82.15,,None,541000000,541000000,,,,,,,,,3700000,368100000,None,11418300000,11418300000,444600000,None,None,137700000,None,None,61700000,,1.6,0.0109,,,,-0.222,-0.25,2036900000,2098600000,3.29,2014-12-31,12.9,94800000,7711800000.0,3633000000,1987100000,753800000,94800000,94800000,None,55000000,None,7989300000,None,None,3403100000,None,453800000,1233300000,None,None,None,0.125,,1658800000,1974200000,9600000,537200000,None,323700000,None,,,,,1.13,1.764,1.248,,,,,,,,0.105,,190700000,2025-10-28,quarterly,3.04,USD,pre-market,None,2750200000,0.0816,0.143,-0.032,111.02,1658800000,7129900000,3403100000,9600000,143.3,150.78,-7.5988,10338700000,8993700000,1348100000,5074900000,1345000000,3726800000,15051300000,5260900000,12.65,-134300000,183.98,109.46
2025-12-28,DHI,11.57,34250400000.0,12.65,None,1.38,82.15,,None,661800000,661800000,,,,,,,,,3700000,367600000,None,11418300000,11418300000,525000000,None,157700000,138400000,None,None,61700000,,1.6,0.0109,,,,-0.222,-0.25,2036900000,2098600000,3.29,2014-09-30,12.9,94800000,7711800000.0,3633000000,1987100000,753800000,94800000,94800000,None,55000000,None,7700500000,None,None,3682800000,None,476900000,1233300000,None,None,None,0.125,,1658800000,1974200000,10000000,-3013600000,None,359200000,None,,,,,1.13,1.764,1.248,,,,,,,,0.105,,193700000,2025-10-28,quarterly,3.04,USD,pre-market,None,2630500000,0.0816,0.143,-0.032,111.02,1658800000,7006400000,3323600000,10000000,143.3,150.78,-7.5988,10202500000,8849200000,1400000000,5082800000,1353300000,3682800000,15051300000,5115800000,12.65,-134300000,183.98,109.46
2025-12-28,DHI,11.57,34250400000.0,12.65,None,1.38,82.15,,None,575000000,575000000,,,,,,,,,3700000,367800000,None,11418300000,11418300000,422000000,None,None,135800000,None,None,61700000,,1.6,0.0109,,,,-0.222,-0.25,2036900000,2098600000,3.29,2014-06-30,12.9,94800000,7711800000.0,3633000000,1987100000,753800000,94800000,94800000,None,55000000,None,7375600000,None,None,3142400000,None,419200000,1233300000,None,None,None,0.125,,1658800000,1974200000,20100000,560400000,None,302900000,None,,,,,1.13,1.764,1.248,,,,,,,,0.105,,132900000,2025-10-28,quarterly,3.04,USD,pre-market,None,2487000000,0.0816,0.143,-0.032,111.02,1658800000,6587700000,3142400000,20100000,143.3,150.78,-7.5988,9716600000,8679800000,620000000,4746700000,1036800000,4126700000,15051300000,4966200000,12.65,-134300000,183.98,109.46
2025-12-28,DHI,11.57,34250400000.0,12.65,None,1.38,82.15,,None,951400000,951400000,,,,,,,,,3300000,366300000,None,11418300000,11418300000,338500000,None,None,136100000,None,None,61700000,,1.6,0.0109,,,,-0.222,-0.25,2036900000,2098600000,3.29,2014-03-31,12.9,41200000,7711800000.0,3633000000,1987100000,753800000,41200000,41200000,None,55000000,None,6783600000,None,None,3862100000,None,342500000,1233300000,None,None,None,0.125,,1658800000,1974200000,79800000,-468400000,None,223800000,None,,,,,1.13,1.764,1.248,,,,,,,,0.105,,123300000,2025-10-28,quarterly,3.04,USD,pre-market,None,2387600000,0.0816,0.143,-0.032,111.02,1658800000,4495600000,633500000,79800000,143.3,150.78,-7.5988,9372800000,8439400000,503600000,5023200000,933400000,4519600000,15051300000,4346300000,12.65,-134300000,183.98,109.46
2025-12-28,DHI,11.57,34250400000.0,12.65,None,1.38,82.15,,None,820100000,820100000,,,,,,,,,3300000,364400000,None,11418300000,11418300000,381100000,None,None,148100000,None,None,61700000,,1.6,0.0109,,,,-0.222,-0.25,2036900000,2098600000,3.29,2013-12-31,12.9,41200000,7711800000.0,3633000000,1987100000,753800000,41200000,41200000,None,55000000,None,6496100000,None,None,3461900000,None,299800000,1233300000,None,None,None,0.125,,1658800000,1974200000,81100000,557100000,None,185800000,None,,,,,1.13,1.764,1.248,,,,,,,,0.105,,117500000,2025-10-28,quarterly,3.04,USD,pre-market,None,2268700000,0.0816,0.143,-0.032,111.02,1658800000,6738000000,3276100000,81100000,143.3,150.78,-7.5988,8927200000,7993600000,607200000,4727300000,933600000,4120100000,15051300000,4196800000,12.65,-134300000,183.98,109.46
2025-12-28,DHI,11.57,34250400000.0,12.65,None,1.38,82.15,,None,936500000,936500000,,,,,,,,,3300000,364400000,None,11418300000,11418300000,400000000,None,None,395100000,None,None,61700000,,1.6,0.0109,,,,-0.222,-0.25,2036900000,2098600000,3.29,2013-09-30,12.9,38900000,7711800000.0,3633000000,1987100000,753800000,38900000,38900000,None,55000000,None,6197400000,None,None,3509000000,None,395100000,1233300000,None,None,None,0.125,,1658800000,1974200000,77800000,-2971000000,None,238600000,None,,,,,1.13,1.764,1.248,,,,,,,,0.105,,109500000,2025-10-28,quarterly,3.04,USD,pre-market,None,2145600000,0.0816,0.143,-0.032,111.02,1658800000,6779400000,3270400000,77800000,143.3,150.78,-7.5988,8856400000,7606800000,1286000000,4795000000,1249600000,3509000000,15051300000,4058500000,12.65,-134300000,183.98,109.46
2025-12-28,DHI,11.57,34250400000.0,12.65,None,1.38,82.15,,None,638000000,638000000,,,,,,,,,3300000,365600000,None,11418300000,11418300000,357300000,None,None,192800000,None,None,61700000,,1.6,0.0109,,,,-0.222,-0.25,2036900000,2098600000,3.29,2013-06-30,12.9,38900000,7711800000.0,3633000000,1987100000,753800000,38900000,38900000,None,55000000,None,5911500000,None,None,3083600000,None,358200000,1233300000,None,None,None,0.125,,1658800000,1974200000,68600000,546400000,None,530800000,None,,,,,1.13,1.764,1.248,,,,,,,,0.105,,96100000,2025-10-28,quarterly,3.04,USD,pre-market,None,2006100000,0.0816,0.143,-0.032,111.02,1658800000,5947500000,2863900000,68600000,143.3,150.78,-7.5988,8287000000,7304700000,517100000,4379500000,982300000,3862400000,15051300000,3904700000,12.65,-134300000,183.98,109.46
2025-12-28,DHI,11.57,34250400000.0,12.65,None,1.38,82.15,,None,1150500000,1150500000,,,,,,,,,3300000,365400000,None,11418300000,11418300000,308600000,None,None,195800000,None,None,61700000,,1.6,0.0109,,,,-0.222,-0.25,2036900000,2098600000,3.29,2013-03-31,12.9,38900000,7711800000.0,3633000000,1987100000,753800000,38900000,38900000,None,55000000,None,5324100000,None,None,3027200000,None,394300000,1233300000,None,None,None,0.125,,1658800000,1974200000,570200000,36100000,None,508500000,None,,,,,1.13,1.764,1.248,,,,,,,,0.105,,87100000,2025-10-28,quarterly,3.04,USD,pre-market,None,1860100000,0.0816,0.143,-0.032,111.02,1658800000,3273000000,None,54500000,143.3,150.78,-7.5988,8232500000,7240600000,393300000,4488800000,991900000,4095500000,15051300000,3741000000,12.65,-134300000,183.98,109.46
2025-12-28,DHI,11.57,34250400000.0,12.65,None,1.38,82.15,,None,566900000,566900000,,,,,,,,,3300000,364100000,None,11418300000,11418300000,283900000,None,None,202000000,None,None,61700000,,1.6,0.0109,,,,-0.222,-0.25,2036900000,2098600000,3.29,2012-12-31,12.9,38900000,7711800000.0,3633000000,1987100000,753800000,38900000,38900000,None,55000000,None,5015100000,None,None,2593700000,None,307900000,1233300000,None,None,None,0.125,,1658800000,1974200000,54800000,558400000,None,411200000,None,,,,,1.13,1.764,1.248,,,,,,,,0.105,,81900000,2025-10-28,quarterly,3.04,USD,pre-market,None,1749200000,0.0816,0.143,-0.032,111.02,1658800000,5018000000,2424300000,96700000,143.3,150.78,-7.5988,7347300000,6355500000,394900000,3734200000,991800000,3339300000,15051300000,3610400000,12.65,-134300000,183.98,109.46
2025-12-28,DHI,11.57,34250400000.0,12.65,None,1.38,82.15,,None,1047700000,1047700000,,,,,,,,,3300000,362800000,None,11418300000,11418300000,266600000,None,None,14400000,None,None,61700000,,1.6,0.0109,,,,-0.222,-0.25,2036900000,2098600000,3.29,2012-09-30,12.9,38900000,7711800000.0,3633000000,1987100000,753800000,38900000,38900000,None,55000000,None,4165200000,None,None,2493100000,None,643300000,1233300000,None,None,None,0.125,,1658800000,1974200000,758800000,184300000,None,404000000,None,,,,,1.13,1.764,1.248,,,,,,,,0.105,,72600000,2025-10-28,quarterly,3.04,USD,pre-market,None,1743100000,0.0816,0.143,-0.032,111.02,1658800000,4798400000,2305300000,298000000,143.3,150.78,-7.5988,7248200000,6284100000,3465700000,3653500000,964100000,187800000,15051300000,3592100000,12.65,-134300000,183.98,109.46
2025-12-28,DHI,11.57,34250400000.0,12.65,None,1.38,82.15,,None,904900000,904900000,,,,,,,,,3300000,360000000,None,11418300000,11418300000,227800000,None,None,12900000,None,None,61700000,,1.6,0.0109,,,,-0.222,-0.25,2036900000,2098600000,3.29,2012-06-30,12.9,15900000,7711800000.0,3633000000,1987100000,753800000,15900000,15900000,None,55000000,None,3861600000,None,None,2095300000,None,578800000,1233300000,None,None,None,0.125,,1658800000,1974200000,45900000,701400000,None,333000000,None,,,,,1.13,1.764,1.248,,,,,,,,0.105,,66700000,2025-10-28,quarterly,3.04,USD,pre-market,None,1655000000,0.0816,0.143,-0.032,111.02,1658800000,4043900000,1948600000,283700000,143.3,150.78,-7.5988,6657000000,5867200000,1070100000,3165400000,789800000,2095300000,15051300000,3488700000,12.65,-134300000,183.98,109.46
2025-12-28,DHI,11.57,34250400000.0,12.65,None,1.38,82.15,,None,679800000,679800000,,,,,,,,,3300000,320100000,None,11418300000,11418300000,204100000,None,None,12900000,None,None,61700000,,1.6,0.0109,,,,-0.222,-0.25,2036900000,2098600000,3.29,2012-03-31,12.9,15900000,7711800000.0,3633000000,1987100000,753800000,15900000,15900000,None,55000000,None,3636700000,None,None,1756700000,None,596400000,1233300000,None,None,None,0.125,,1658800000,1974200000,89400000,796900000,None,329900000,None,,,,,1.13,1.764,1.248,,,,,,,,0.105,,53400000,2025-10-28,quarterly,3.04,USD,pre-market,None,879100000,0.0816,0.143,-0.032,111.02,1658800000,1756700000,None,299100000,143.3,150.78,-7.5988,5484900000,4717900000,1025200000,2781900000,767000000,1756700000,15051300000,2700000000,12.65,-134300000,183.98,109.46
2025-12-28,DHI,11.57,34250400000.0,12.65,None,1.38,82.15,,None,738100000,738100000,,,,,,,,,3200000,316500000,None,11418300000,11418300000,182300000,None,None,12400000,None,None,61700000,,1.6,0.0109,,,,-0.222,-0.25,2036900000,2098600000,3.29,2011-12-31,12.9,15900000,7711800000.0,3633000000,1987100000,753800000,15900000,15900000,None,55000000,None,6957800000,None,None,1728300000,None,574600000,1233300000,None,None,None,0.125,,1658800000,1974200000,44600000,674600000,None,289400000,None,,,,,1.13,1.764,1.248,,,,,,,,0.105,,55000000,2025-10-28,quarterly,3.04,USD,pre-market,None,850400000,0.0816,0.143,-0.032,111.02,1658800000,3310600000,1582300000,298700000,143.3,150.78,-7.5988,8842300000,8051600000,2565100000,6190000000,790700000,3624900000,15051300000,2649400000,12.65,-134300000,183.98,109.46
2025-12-28,DHI,11.57,34250400000.0,12.65,None,1.38,82.15,,None,732600000,732600000,,,,,,,,,3200000,316200000,None,11418300000,11418300000,200500000,None,None,12400000,None,None,61700000,,1.6,0.0109,,,,-0.222,-0.25,2036900000,2098600000,3.29,2011-09-30,12.9,15900000,7711800000.0,3633000000,1987100000,753800000,15900000,15900000,None,55000000,None,3449700000,None,None,1704600000,None,591700000,1233300000,None,None,None,0.125,,1658800000,1974200000,49100000,696200000,None,270500000,None,,,,,1.13,1.764,1.248,,,,,,,,0.105,,57600000,2025-10-28,quarterly,3.04,USD,pre-market,None,834600000,0.0816,0.143,-0.032,111.02,1658800000,3292700000,1588100000,297600000,143.3,150.78,-7.5988,5358400000,4541400000,2618400000,2734900000,817000000,116500000,15051300000,2620600000,12.65,-134300000,183.98,109.46
2025-12-28,DHI,11.57,34250400000.0,12.65,None,1.38,82.15,,None,841000000,841000000,,,,,,,,,3200000,319000000,None,11418300000,11418300000,218400000,None,None,14000000,None,None,61700000,,1.6,0.0109,,,,-0.222,-0.25,2036900000,2098600000,3.29,2011-06-30,12.9,15900000,7711800000.0,3633000000,1987100000,753800000,15900000,15900000,None,55000000,None,3500800000,None,None,1880400000,None,583300000,1233300000,None,None,None,0.125,,1658800000,1974200000,50400000,678600000,None,298000000,None,,,,,1.13,1.764,1.248,,,,,,,,0.105,,58900000,2025-10-28,quarterly,3.04,USD,pre-market,None,810700000,0.0816,0.143,-0.032,111.02,1658800000,3644500000,1764100000,297100000,143.3,150.78,-7.5988,5504800000,4703300000,2794900000,2911200000,801500000,116300000,15051300000,2591500000,12.65,-134300000,183.98,109.46
2025-12-28,DHI,11.57,34250400000.0,12.65,None,1.38,82.15,,None,1081100000,1081100000,,,,,,,,,3200000,319500000,None,11418300000,11418300000,186000000,None,None,14000000,None,None,61700000,,1.6,0.0109,,,,-0.222,-0.25,2036900000,2098600000,3.29,2011-03-31,12.9,15900000,7711800000.0,3633000000,1987100000,753800000,15900000,15900000,None,55000000,None,3474000000,None,None,1959400000,None,498600000,1233300000,None,None,None,0.125,,1658800000,1974200000,45000000,796000000,None,199000000,None,,,,,1.13,1.764,1.248,,,,,,,,0.105,,59200000,2025-10-28,quarterly,3.04,USD,pre-market,None,794000000,0.0816,0.143,-0.032,111.02,1658800000,2004300000,1959400000,292100000,143.3,150.78,-7.5988,5621300000,4906200000,1006600000,3010900000,715100000,2004300000,15051300000,2608400000,12.65,-95700000,183.98,109.46
2025-12-28,DHI,11.57,34250400000.0,12.65,None,1.38,82.15,,None,1221100000,1221100000,,,,,,,,,3200000,319100000,None,11418300000,11418300000,168700000,None,None,14300000,None,None,61700000,,1.6,0.0109,,,,-0.222,-0.25,2036900000,2098600000,3.29,2010-12-31,12.9,15900000,7711800000.0,3633000000,1987100000,753800000,15900000,15900000,None,55000000,None,3411900000,None,None,2029000000,None,485100000,1233300000,None,None,None,0.125,,1658800000,1974200000,46200000,916700000,None,149200000,None,,,,,1.13,1.764,1.248,,,,,,,,0.105,,60000000,2025-10-28,quarterly,3.04,USD,pre-market,None,778200000,0.0816,0.143,-0.032,111.02,1658800000,2050700000,2029000000,485100000,143.3,150.78,-7.5988,5726700000,4969100000,1085400000,3136100000,757600000,2050700000,15051300000,2588600000,12.65,-95700000,183.98,109.46
2025-12-28,DHI,11.57,34250400000.0,12.65,None,1.38,82.15,,None,1309300000,1309300000,,,,,,,,,3200000,319100000,None,11418300000,11418300000,186700000,None,None,16000000,None,None,61700000,,1.6,0.0109,,,,-0.222,-0.25,2036900000,2098600000,3.29,2010-09-30,12.9,15900000,7711800000.0,3633000000,1987100000,753800000,15900000,15900000,None,55000000,None,3449000000,None,None,2085300000,None,551500000,1233300000,None,None,None,0.125,,1658800000,1974200000,53700000,957200000,None,221600000,None,,,,,1.13,1.764,1.248,,,,,,,,0.105,,60500000,2025-10-28,quarterly,3.04,USD,pre-market,None,810600000,0.0816,0.143,-0.032,111.02,1658800000,2171800000,None,297700000,143.3,150.78,-7.5988,5938600000,5125700000,1143900000,3315700000,812900000,2171800000,15051300000,2613200000,12.65,-95700000,183.98,109.46
2025-12-28,DHI,11.57,34250400000.0,12.65,None,1.38,82.15,,None,1392500000,1392500000,,,,,,,,,3200000,319100000,None,11418300000,11418300000,257300000,None,None,32600000,None,None,61700000,,1.6,0.0109,,,,-0.222,-0.25,2036900000,2098600000,3.29,2010-06-30,12.9,15900000,7711800000.0,3633000000,1987100000,753800000,15900000,15900000,None,55000000,None,3565000000,None,None,2214700000,None,614300000,1233300000,None,None,None,0.125,,1658800000,1974200000,374900000,950100000,None,352300000,None,,,,,1.13,1.764,1.248,,,,,,,,0.105,,61300000,2025-10-28,quarterly,3.04,USD,pre-market,None,831300000,0.0816,0.143,-0.032,111.02,1658800000,2367200000,None,298200000,143.3,150.78,-7.5988,6211400000,5663200000,1207400000,3574600000,548200000,2367200000,15051300000,2627000000,12.65,-95700000,183.98,109.46
2025-12-28,DHI,11.57,34250400000.0,12.65,None,1.38,82.15,,None,1639600000,1639600000,,,,,,,,,3200000,319000000,None,11418300000,11418300000,286500000,None,None,29400000,None,None,61700000,,1.6,0.0109,,,,-0.222,-0.25,2036900000,2098600000,3.29,2010-03-31,12.9,15900000,7711800000.0,3633000000,1987100000,753800000,15900000,15900000,None,55000000,None,3763500000,None,None,2482100000,None,None,1233300000,None,None,None,0.125,,1658800000,1974200000,50300000,949400000,None,None,None,,,,,1.13,1.764,1.248,,,,,,,,0.105,,57100000,2025-10-28,quarterly,3.04,USD,pre-market,None,792800000,0.0816,0.143,-0.032,111.02,1658800000,2629500000,2551800000,198700000,143.3,150.78,-7.5988,6459300000,5681500000,1235900000,3865400000,777800000,2629500000,15051300000,2584500000,12.65,-95700000,183.98,109.46
2025-12-28,DHI,11.57,34250400000.0,12.65,None,1.38,82.15,,None,1936200000,1936200000,,,,,,,,,3200000,356100000,None,11418300000,11418300000,229600000,None,None,None,None,None,61700000,,1.6,0.0109,,,,-0.222,-0.25,2036900000,2098600000,3.29,2009-12-31,12.9,15900000,7711800000.0,3633000000,1987100000,753800000,15900000,15900000,None,55000000,None,3584800000,None,None,2694500000,None,None,1233300000,None,None,None,0.125,,1658800000,1974200000,53100000,957100000,None,None,None,,,,,1.13,1.764,1.248,,,,,,,,0.105,,55700000,2025-10-28,quarterly,3.04,USD,pre-market,None,793300000,0.0816,0.143,-0.032,111.02,1658800000,2910000000,2910000000,53100000,143.3,150.78,-7.5988,6692100000,5574100000,1186700000,4102900000,1118000000,2916200000,15051300000,2580800000,12.65,-95700000,183.98,109.46
2025-12-28,DHI,11.57,34250400000.0,12.65,None,1.38,82.15,,None,1957300000,1957300000,,,,,,,,,3200000,317700000,None,11418300000,11418300000,278900000,None,None,293100000,None,None,61700000,,1.6,0.0109,,,,-0.222,-0.25,2036900000,2098600000,3.29,2009-09-30,12.9,15900000,7711800000.0,3633000000,1987100000,753800000,15900000,15900000,None,55000000,None,3663000000,None,None,2968900000,None,None,1233300000,None,None,None,0.125,,1658800000,1974200000,55200000,932000000,None,None,None,,,,,1.13,1.764,1.248,,,,,,,,0.105,,57800000,2025-10-28,quarterly,3.04,USD,pre-market,None,617700000,0.0816,0.143,-0.032,111.02,1658800000,3277300000,213500000,55200000,143.3,150.78,-7.5988,6756600000,5968600000,1210900000,4488200000,788000000,3277300000,15051300000,2259600000,12.65,-95700000,183.98,109.46
2025-12-28,DHI,11.57,34250400000.0,12.65,None,1.38,82.15,,None,2002300000,2002300000,,,,,,,,,3200000,316900000,None,11418300000,11418300000,217400000,None,None,124900000,None,None,61700000,,1.6,0.0109,,,,-0.222,-0.25,2036900000,2098600000,3.29,2009-06-30,12.9,15900000,7711800000.0,3633000000,1987100000,753800000,15900000,15900000,None,55000000,None,3873300000,None,None,3280200000,None,None,1233300000,None,None,None,0.125,,1658800000,1974200000,227400000,685900000,None,None,None,,,,,1.13,1.764,1.248,,,,,,,,0.105,,62500000,2025-10-28,quarterly,3.04,USD,pre-market,None,861500000,0.0816,0.143,-0.032,111.02,1658800000,3357600000,3280200000,62000000,143.3,150.78,-7.5988,6779500000,6227900000,903300000,4260900000,551600000,3357600000,15051300000,2497700000,12.65,-95700000,183.98,109.46
2025-12-28,DHI,11.57,34250400000.0,12.65,None,1.38,82.15,,None,1515200000,1515200000,,,,,,,,,3200000,316800000,None,11418300000,11418300000,194100000,None,None,54500000,None,None,61700000,,1.6,0.0109,,,,-0.222,-0.25,2036900000,2098600000,3.29,2009-03-31,12.9,15900000,7711800000.0,3633000000,1987100000,753800000,15900000,15900000,None,55000000,None,4168000000,None,None,2867600000,None,None,1233300000,None,None,None,0.125,,1658800000,1974200000,None,709500000,None,None,None,,,,,1.13,1.764,1.248,,,,,,,,0.105,,66600000,2025-10-28,quarterly,3.04,USD,pre-market,None,1015600000,0.0816,0.143,-0.032,111.02,1658800000,2912000000,44400000,None,143.3,150.78,-7.5988,6477700000,5737700000,948000000,3815600000,740000000,2867600000,15051300000,2647300000,12.65,-95700000,183.98,109.46
2025-12-28,DHI,11.57,34250400000.0,12.65,None,1.38,82.15,,None,1913100000,1913100000,,,,,,,,,3200000,316700000,None,11418300000,11418300000,182600000,None,None,None,None,None,61700000,,1.6,0.0109,,,,-0.222,-0.25,2036900000,2098600000,3.29,2008-12-31,12.9,15900000,7711800000.0,3633000000,1987100000,753800000,15900000,15900000,None,55000000,None,4426100000,None,None,3405400000,None,None,1233300000,None,None,None,0.125,,1658800000,1974200000,None,794700000,None,None,None,,,,,1.13,1.764,1.248,,,,,,,,0.105,,70700000,2025-10-28,quarterly,3.04,USD,pre-market,None,1136000000,0.0816,0.143,-0.032,111.02,1658800000,3405400000,3405400000,None,143.3,150.78,-7.5988,7174900000,6339200000,4382700000,4382700000,835700000,None,15051300000,2762900000,12.65,-95700000,183.98,109.46
2025-12-28,DHI,11.57,34250400000.0,12.65,None,1.38,82.15,,None,1387300000,1387300000,,,,,,,,,3200000,313000000,None,11418300000,11418300000,281500000,None,None,628322000,None,None,61700000,,1.6,0.0109,,,,-0.222,-0.25,2036900000,2098600000,3.29,2008-09-30,12.9,15900000,7711800000.0,3633000000,1987100000,753800000,245231000,245231000,None,55000000,None,4683200000,None,None,2967500000,None,None,1233300000,None,None,None,0.125,,1658800000,1974200000,204650000,814900000,None,None,None,,,,,1.13,1.764,1.248,,,,,,,,0.105,,65900000,2025-10-28,quarterly,3.04,USD,pre-market,None,1210500000,0.0816,0.143,-0.032,111.02,1658800000,3748400000,3748400000,2000000,143.3,150.78,-7.5988,7709600000,6070500000,4844800000,4844800000,1639100000,1948345000,15051300000,2834300000,12.65,-95700000,183.98,109.46
2025-12-28,DHI,11.57,34250400000.0,12.65,None,1.38,82.15,,None,851200000,851200000,,,,,,,,,3200000,316000000,None,11418300000,11418300000,302400000,None,None,None,None,None,61700000,,1.6,0.0109,,,,-0.222,-0.25,2036900000,2098600000,3.29,2008-06-30,12.9,95300000,7711800000.0,3633000000,1987100000,753800000,95300000,95300000,None,55000000,None,6396700000,None,None,3581600000,None,None,1233300000,None,None,None,0.125,,1658800000,1974200000,None,803700000,None,None,None,,,,,1.13,1.764,1.248,,,,,,,,0.105,,78900000,2025-10-28,quarterly,3.04,USD,pre-market,None,2034100000,0.0816,0.143,-0.032,111.02,1658800000,3581600000,3581600000,None,143.3,150.78,-7.5988,8464500000,7247900000,4687700000,4774200000,1216600000,86500000,15051300000,3657800000,12.65,-95700000,183.98,109.46
2025-12-28,DHI,11.57,34250400000.0,12.65,None,1.38,82.15,,None,560900000,560900000,,,,,,,,,3200000,315400000,None,11418300000,11418300000,309600000,None,None,None,None,None,61700000,,1.6,0.0109,,,,-0.222,-0.25,2036900000,2098600000,3.29,2008-03-31,12.9,95300000,7711800000.0,3633000000,1987100000,753800000,95300000,95300000,None,55000000,None,7065400000,None,None,3580800000,None,None,1233300000,None,None,None,0.125,,1658800000,1974200000,None,793700000,None,None,None,,,,,1.13,1.764,1.248,,,,,,,,0.105,,88900000,2025-10-28,quarterly,3.04,USD,pre-market,None,2457100000,0.0816,0.143,-0.032,111.02,1658800000,3744800000,3744800000,None,143.3,150.78,-7.5988,8955200000,7626300000,4848100000,4848100000,1328900000,None,15051300000,4072800000,12.65,-95700000,183.98,109.46
2025-12-28,DHI,11.57,34250400000.0,12.65,None,1.38,82.15,,None,129100000,129100000,,,,,,,,,3200000,314146341,None,11418300000,11418300000,374700000,None,None,None,None,None,61700000,,1.6,0.0109,,,,-0.222,-0.25,2036900000,2098600000,3.29,2007-12-31,12.9,95300000,7711800000.0,3633000000,1987100000,753800000,95300000,95300000,None,55000000,None,8586300000,None,None,3618300000,None,None,1233300000,None,None,None,0.125,,1658800000,1974200000,None,849900000,None,None,None,,,,,1.13,1.764,1.248,,,,,,,,0.105,,99900000,2025-10-28,quarterly,3.04,USD,pre-market,None,3810000000,0.0816,0.143,-0.032,111.02,1658800000,3724200000,105900000,None,143.3,150.78,-7.5988,10401000000,8715400000,1330500000,4948800000,1685600000,3618300000,15051300000,5414100000,12.65,-95700000,183.98,109.46
2025-12-28,DHI,11.57,34250400000.0,12.65,None,1.38,82.15,,None,269600000,269600000,,,,,,,,,3200000,314146341,None,11418300000,11418300000,590900000,None,None,590399000,None,None,61700000,,1.6,0.0109,,,,-0.222,-0.25,2036900000,2098600000,3.29,2007-09-30,12.9,95300000,7711800000.0,3633000000,1987100000,753800000,302874000,302874000,None,55000000,None,9343500000,None,None,3745600000,None,None,1233300000,None,None,None,0.125,,1658800000,1974200000,208246000,933300000,None,None,None,,,,,1.13,1.764,1.248,,,,,,,,0.105,,110200000,2025-10-28,quarterly,3.04,USD,pre-market,None,3986100000,0.0816,0.143,-0.032,111.02,1658800000,4376800000,387800000,5400000,143.3,150.78,-7.5988,11556300000,9613100000,1912000000,5901000000,1943200000,3989000000,15051300000,5586900000,12.65,-95700000,183.98,109.46
2025-12-28,DHI,11.57,34250400000.0,12.65,None,1.38,82.15,,None,60800000,60800000,,,,,,,,,3200000,314427481,None,11418300000,11418300000,832400000,None,None,None,None,None,61700000,,1.6,0.0109,,,,-0.222,-0.25,2036900000,2098600000,3.29,2007-06-30,12.9,153300000,7711800000.0,3633000000,1987100000,753800000,153300000,153300000,None,55000000,None,10587300000,None,None,4916800000,None,None,1233300000,None,None,None,0.125,,1658800000,1974200000,None,982000000,None,None,None,,,,,1.13,1.764,1.248,,,,,,,,0.105,,117900000,2025-10-28,quarterly,3.04,USD,pre-market,None,4083500000,0.0816,0.143,-0.032,111.02,1658800000,4916800000,1283800000,None,143.3,150.78,-7.5988,12494000000,10648100000,3098200000,6731200000,1845900000,3633000000,15051300000,5677700000,12.65,-95700000,183.98,109.46
2025-12-28,DHI,11.57,34250400000.0,12.65,None,1.38,82.15,,None,218600000,218600000,,,,,,,,,3200000,323125000,None,11418300000,11418300000,806700000,None,None,568600000,None,None,61700000,,1.6,0.0109,,,,-0.222,-0.25,2036900000,2098600000,3.29,2007-03-31,12.9,578900000,7711800000.0,3633000000,1987100000,753800000,578900000,578900000,None,55000000,None,11209200000,None,None,5100500000,None,None,1233300000,None,None,None,0.125,,1658800000,1974200000,None,960500000,None,None,None,,,,,1.13,1.764,1.248,,,,,,,,0.105,,125100000,2025-10-28,quarterly,3.04,USD,pre-market,None,4954300000,0.0816,0.143,-0.032,111.02,1658800000,5100500000,508100000,None,143.3,150.78,-7.5988,13510500000,11996400000,2275300000,6867700000,1514100000,4592400000,15051300000,6539500000,12.65,-95700000,183.98,109.46
2025-12-28,DHI,11.57,34250400000.0,12.65,None,1.38,82.15,,None,139800000,139800000,,,,,,,,,3200000,313428571,None,11418300000,11418300000,833500000,None,None,None,None,None,61700000,,1.6,0.0109,,,,-0.222,-0.25,2036900000,2098600000,3.29,2006-12-31,12.9,578900000,7711800000.0,3633000000,1987100000,753800000,578900000,578900000,None,55000000,None,11342600000,None,None,5148900000,None,None,1233300000,None,None,None,0.125,,1658800000,1974200000,None,1051000000,None,None,None,,,,,1.13,1.764,1.248,,,,,,,,0.105,,127400000,2025-10-28,quarterly,3.04,USD,pre-market,None,4949700000,0.0816,0.143,-0.032,111.02,1658800000,5148900000,504000000,None,143.3,150.78,-7.5988,13668700000,11482400000,2388500000,7033400000,2186300000,4644900000,15051300000,6524800000,12.65,-95700000,183.98,109.46
2025-12-28,DHI,11.57,34250400000.0,12.65,None,1.38,82.15,,None,587600000,587600000,,,,,,,,,3200000,313428571,None,11418300000,11418300000,1041100000,None,None,None,None,None,61700000,,1.6,0.0109,,,,-0.222,-0.25,2036900000,2098600000,3.29,2006-09-30,12.9,578900000,7711800000.0,3633000000,1987100000,753800000,578900000,578900000,None,55000000,None,11343100000,None,None,4860800000,None,None,1233300000,None,None,None,0.125,,1658800000,1974200000,248300000,1152400000,None,None,None,,,,,1.13,1.764,1.248,,,,,,,,0.105,,131400000,2025-10-28,quarterly,3.04,USD,pre-market,None,4887000000,0.0816,0.143,-0.032,111.02,1658800000,6078600000,1191700000,248300000,143.3,150.78,-7.5988,14820700000,12179000000,3375800000,8262700000,2641700000,4886900000,15051300000,6452900000,12.65,-95700000,183.98,109.46
2025-12-28,DHI,11.57,34250400000.0,12.65,None,1.38,82.15,,None,160100000,160100000,,,,,,,,,3200000,314838710,None,11418300000,11418300000,981800000,None,None,None,None,None,61700000,,1.6,0.0109,,,,-0.222,-0.25,2036900000,2098600000,3.29,2006-06-30,12.9,578900000,7711800000.0,3633000000,1987100000,753800000,578900000,578900000,None,55000000,None,12005400000,None,None,6214000000,None,None,1233300000,None,None,None,0.125,,1658800000,1974200000,None,1004200000,None,None,None,,,,,1.13,1.764,1.248,,,,,,,,0.105,,130700000,2025-10-28,quarterly,3.04,USD,pre-market,None,4656300000,0.0816,0.143,-0.032,111.02,1658800000,6214000000,6214000000,None,143.3,150.78,-7.5988,14559700000,12165500000,1986000000,8200000000,2394200000,6214000000,15051300000,6214100000,12.65,-95700000,183.98,109.46
2025-12-28,DHI,11.57,34250400000.0,12.65,None,1.38,82.15,,None,278200000,278200000,,,,,,,,,3200000,317837838,None,11418300000,11418300000,839900000,None,None,None,None,None,61700000,,1.6,0.0109,,,,-0.222,-0.25,2036900000,2098600000,3.29,2006-03-31,12.9,578900000,7711800000.0,3633000000,1987100000,753800000,578900000,578900000,None,55000000,None,10852400000,None,None,5523700000,None,None,1233300000,None,None,None,0.125,,1658800000,1974200000,None,1025400000,None,None,None,,,,,1.13,1.764,1.248,,,,,,,,0.105,,115200000,2025-10-28,quarterly,3.04,USD,pre-market,None,4394800000,0.0816,0.143,-0.032,111.02,1658800000,5523700000,5523700000,None,143.3,150.78,-7.5988,13511000000,11130600000,1865300000,7389000000,2380400000,5523700000,15051300000,5944000000,12.65,-95700000,183.98,109.46
2025-12-28,DHI,11.57,34250400000.0,12.65,None,1.38,82.15,,None,225200000,225200000,,,,,,,,,3200000,317600000,None,11418300000,11418300000,785800000,None,None,None,None,None,61700000,,1.6,0.0109,,,,-0.222,-0.25,2036900000,2098600000,3.29,2005-12-31,12.9,578900000,7711800000.0,3633000000,1987100000,753800000,578900000,578900000,None,55000000,None,10074100000,None,None,5114700000,None,None,1233300000,None,None,None,0.125,,1658800000,1974200000,None,1126700000,None,None,None,,,,,1.13,1.764,1.248,,,,,,,,0.105,,112900000,2025-10-28,quarterly,3.04,USD,pre-market,None,4073200000,0.0816,0.143,-0.032,111.02,1658800000,5114700000,5114700000,None,143.3,150.78,-7.5988,12813300000,10299300000,1909700000,7024400000,2514000000,5114700000,15051300000,5612900000,12.65,-95700000,183.98,109.46
2025-12-28,DHI,11.57,34250400000.0,12.65,None,1.38,82.15,,None,1149800000,1149800000,,,,,,,,,3200000,312900000,None,11418300000,11418300000,844700000,None,None,None,None,None,61700000,,1.6,0.0109,,,,-0.222,-0.25,2036900000,2098600000,3.29,2005-09-30,12.9,578900000,7711800000.0,3633000000,1987100000,753800000,578900000,578900000,None,55000000,None,8486800000,None,None,3660100000,None,None,1233300000,None,None,None,0.125,,1658800000,1974200000,None,301900000,None,None,None,,,,,1.13,1.764,1.248,,,,,,,,0.105,,107200000,2025-10-28,quarterly,3.04,USD,pre-market,None,3791300000,0.0816,0.143,-0.032,111.02,1658800000,4909600000,None,None,143.3,150.78,-7.5988,12514800000,9636600000,2041600000,6951200000,2878200000,4909600000,15051300000,5360400000,12.65,-58900000,183.98,109.46
2025-12-28,DHI,11.57,34250400000.0,12.65,None,1.38,82.15,,65600000,2985400000,2985400000,,,,,,,,,4000000,309900000,None,11418300000,11418300000,1221900000,None,None,458900000,None,None,61700000,,1.6,0.0109,,,,-0.222,-0.25,2036900000,2098600000,3.29,2025-09-30,12.9,163500000,7711800000.0,3633000000,1987100000,753800000,27100000,27100000,None,55000000,None,25287300000,None,None,5965500000,None,None,1233300000,None,None,None,0.125,,1658800000,1974200000,5411100000,659500000,None,392400000,None,,,,,1.13,1.764,1.248,,,,,,,,0.105,,641900000,2025-10-28,annual,3.04,USD,pre-market,None,31041400000,0.0816,0.143,-0.032,111.02,1658800000,6031100000,5965500000,None,143.3,150.78,-7.5988,35471200000,34142700000,1962900000,10729000000,1328500000,8766100000,15051300000,24190400000,12.65,None,183.98,109.46
2025-12-28,DHI,11.57,34250400000.0,12.65,None,1.38,82.15,,53300000,4516400000,4516400000,,,,,,,,,4000000,331600000,None,11418300000,11418300000,1345500000,None,None,421400000,None,None,61700000,,1.6,0.0109,,,,-0.222,-0.25,2036900000,2098600000,3.29,2024-09-30,12.9,163500000,7711800000.0,3633000000,1987100000,753800000,5900000,5900000,None,55000000,None,24903200000,None,None,5917700000,None,None,1233300000,None,None,None,0.125,,1658800000,1974200000,4904900000,486000000,None,123200000,None,,,,,1.13,1.764,1.248,,,,,,,,0.105,,582400000,2025-10-28,annual,3.04,USD,pre-market,None,27951000000,0.0816,0.143,-0.032,111.02,1658800000,5971000000,563000000,27600000,143.3,150.78,-7.5988,36104300000,34745900000,2036500000,10279900000,1358400000,8243400000,15051300000,25312800000,12.65,None,183.98,109.46
2025-12-28,DHI,11.57,34250400000.0,12.65,None,1.38,82.15,,48100000,3873600000,3873600000,,,,,,,,,4000000,343300000,None,11418300000,11418300000,1246200000,None,None,426900000,None,None,61700000,,1.6,0.0109,,,,-0.222,-0.25,2036900000,2098600000,3.29,2023-09-30,12.9,163500000,7711800000.0,3633000000,1987100000,753800000,11100000,11100000,None,55000000,None,22373300000,None,None,5094500000,None,None,1233300000,None,None,None,0.125,,1658800000,1974200000,2119500000,3103800000,None,147600000,None,,,,,1.13,1.764,1.248,,,,,,,,0.105,,445400000,2025-10-28,annual,3.04,USD,pre-market,None,23589800000,0.0816,0.143,-0.032,111.02,1658800000,5094500000,5094500000,None,143.3,150.78,-7.5988,32582400000,28793300000,4350000000,9444500000,3789100000,5094500000,15051300000,22696200000,12.65,None,183.98,109.46
2025-12-28,DHI,11.57,34250400000.0,12.65,None,1.38,82.15,,47900000,2540500000,2540500000,,,,,,,,,4000000,354800000,None,11418300000,11418300000,1360300000,None,None,423100000,None,None,61700000,,1.6,0.0109,,,,-0.222,-0.25,2036900000,2098600000,3.29,2022-09-30,12.9,163500000,7711800000.0,3633000000,1987100000,753800000,10600000,10600000,None,55000000,None,21655700000,None,None,6066900000,None,2386000000,1233300000,None,None,None,0.125,,1658800000,1974200000,4181500000,-3152800000,None,113300000,None,,,,,1.13,1.764,1.248,,,,,,,,0.105,,471600000,2025-10-28,annual,3.04,USD,pre-market,None,19185300000,0.0816,0.143,-0.032,111.02,1658800000,6066900000,6066900000,None,143.3,150.78,-7.5988,30351100000,26614600000,4498600000,10565500000,3736500000,6066900000,15051300000,19396300000,12.65,-3142500000,183.98,109.46
2025-12-28,DHI,11.57,34250400000.0,12.65,None,1.38,82.15,,37000000,3210400000,3210400000,,,,,,,,,4000000,365800000,None,11418300000,11418300000,1177000000,None,None,321700000,None,None,61700000,,1.6,0.0109,,,,-0.222,-0.25,2036900000,2098600000,3.29,2021-09-30,12.9,163500000,7711800000.0,3633000000,1987100000,753800000,4100000,4100000,None,55000000,None,16479100000,None,None,5412400000,None,2027300000,1233300000,None,None,None,0.125,,1658800000,1974200000,1732400000,-3395500000,None,100400000,None,,,,,1.13,1.764,1.248,,,,,,,,0.105,,392900000,2025-10-28,annual,3.04,USD,pre-market,None,13644300000,0.0816,0.143,-0.032,111.02,1658800000,5412400000,5412400000,None,143.3,150.78,-7.5988,24015900000,21743600000,3387300000,8799700000,2272300000,5412400000,15051300000,14886500000,12.65,-2036600000,183.98,109.46
2025-12-28,DHI,11.57,34250400000.0,12.65,None,1.38,82.15,,37000000,3018500000,3018500000,,,,,,,,,3900000,370200000,None,11418300000,11418300000,900500000,None,None,271400000,None,None,61700000,,1.6,0.0109,,,,-0.222,-0.25,2036900000,2098600000,3.29,2020-09-30,12.9,163500000,7711800000.0,3633000000,1987100000,753800000,17100000,17100000,None,55000000,None,12237400000,None,None,4283300000,None,1529000000,1233300000,None,None,None,0.125,,1658800000,1974200000,1279200000,-2769400000,None,428800000,None,,,,,1.13,1.764,1.248,,,,,,,,0.105,,683700000,2025-10-28,annual,3.04,USD,pre-market,None,9757800000,0.0816,0.143,-0.032,111.02,1658800000,4283300000,4283300000,None,143.3,150.78,-7.5988,18912300000,16806500000,2507500000,6790800000,2105800000,4283300000,15051300000,11840000000,12.65,-1162600000,183.98,109.46
2025-12-28,DHI,11.57,34250400000.0,12.65,None,1.38,82.15,,None,1494300000,1494300000,,,,,,,,,3900000,377400000,None,11418300000,11418300000,634000000,None,1017600000,218000000,None,None,61700000,,1.6,0.0109,,,,-0.222,-0.25,2036900000,2098600000,3.29,2019-09-30,12.9,163500000,7711800000.0,3633000000,1987100000,753800000,None,None,None,55000000,None,11282000000,None,None,2510500000,None,6500000,1233300000,None,None,None,0.125,,1658800000,1974200000,873700000,-2179000000,None,247300000,None,,,,,1.13,1.764,1.248,,,,,,,,0.105,,496000000,2025-10-28,annual,3.04,USD,pre-market,None,7640100000,0.0816,0.143,-0.032,111.02,1658800000,5909900000,3399400000,None,143.3,150.78,-7.5988,15606600000,13868000000,1912100000,5311500000,1738600000,3399400000,15051300000,10020900000,12.65,-802200000,183.98,109.46
2025-12-28,DHI,11.57,34250400000.0,12.65,None,1.38,82.15,,None,1473100000,1473100000,,,,,,,,,3900000,383400000,None,11418300000,11418300000,624700000,None,499600000,796400000,None,None,61700000,,1.6,0.0109,,,,-0.222,-0.25,2036900000,2098600000,3.29,2018-09-30,12.9,109200000,7711800000.0,3633000000,1987100000,753800000,109200000,109200000,None,55000000,None,10395000000,None,None,3203500000,None,807400000,1233300000,None,None,None,0.125,,1658800000,1974200000,32900000,-2134100000,None,275300000,None,,,,,1.13,1.764,1.248,,,,,,,,0.105,,401100000,2025-10-28,annual,3.04,USD,pre-market,None,6217900000,0.0816,0.143,-0.032,111.02,1658800000,3203500000,3203500000,32900000,143.3,150.78,-7.5988,14114600000,12697400000,1752200000,4955700000,1417200000,3203500000,15051300000,8984400000,12.65,-322400000,183.98,109.46
2025-12-28,DHI,11.57,34250400000.0,12.65,None,1.38,82.15,,None,1007800000,1007800000,,,,,,,,,3800000,378900000,None,11418300000,11418300000,632300000,None,399700000,303100000,None,None,61700000,,1.6,0.0109,,,,-0.222,-0.25,2036900000,2098600000,3.29,2017-09-30,12.9,80000000,7711800000.0,3633000000,1987100000,753800000,80000000,80000000,None,55000000,None,9237100000,None,None,2871600000,None,587300000,1233300000,None,None,None,0.125,,1658800000,1974200000,9300000,457300000,None,420000000,None,,,,,1.13,1.764,1.248,,,,,,,,0.105,,325000000,2025-10-28,annual,3.04,USD,pre-market,None,4946000000,0.0816,0.143,-0.032,111.02,1658800000,5323200000,2451600000,9300000,143.3,150.78,-7.5988,12184600000,10841500000,1565400000,4437000000,1343100000,2871600000,15051300000,7747100000,12.65,-194900000,183.98,109.46
2025-12-28,DHI,11.57,34250400000.0,12.65,None,1.38,82.15,,None,1303200000,1303200000,,,,,,,,,3800000,375100000,None,11418300000,11418300000,577500000,None,349500000,88700000,None,None,61700000,,1.6,0.0109,,,,-0.222,-0.25,2036900000,2098600000,3.29,2016-09-30,12.9,80000000,7711800000.0,3633000000,1987100000,753800000,80000000,80000000,None,55000000,None,8340900000,None,None,3271300000,None,654000000,1233300000,None,None,None,0.125,,1658800000,1974200000,9500000,473300000,None,473000000,None,,,,,1.13,1.764,1.248,,,,,,,,0.105,,195400000,2025-10-28,annual,3.04,USD,pre-market,None,4057200000,0.0816,0.143,-0.032,111.02,1658800000,6069600000,2798300000,9500000,143.3,150.78,-7.5988,11558900000,10307600000,1494600000,4765900000,1251300000,3271300000,15051300000,6792500000,12.65,-134300000,183.98,109.46
2025-12-28,DHI,11.57,34250400000.0,12.65,None,1.38,82.15,,None,1383800000,1383800000,,,,,,,,,3800000,369800000,None,11418300000,11418300000,514900000,None,542600000,126500000,None,None,61700000,,1.6,0.0109,,,,-0.222,-0.25,2036900000,2098600000,3.29,2015-09-30,12.9,87200000,7711800000.0,3633000000,1987100000,753800000,87200000,87200000,None,55000000,None,7807000000,None,None,3811500000,None,631000000,1233300000,None,None,None,0.125,,1658800000,1974200000,9700000,511700000,None,477900000,None,,,,,1.13,1.764,1.248,,,,,,,,0.105,,146900000,2025-10-28,annual,3.04,USD,pre-market,None,3289600000,0.0816,0.143,-0.032,111.02,1658800000,7145100000,3333600000,9700000,143.3,150.78,-7.5988,11151000000,9831500000,1444100000,5255600000,1319500000,3811500000,15051300000,5894300000,12.65,-134300000,183.98,109.46
2025-12-28,DHI,11.57,34250400000.0,12.65,None,1.38,82.15,,None,661800000,661800000,,,,,,,,,3700000,366600000,None,11418300000,11418300000,525000000,None,157700000,138400000,None,None,61700000,,1.6,0.0109,,,,-0.222,-0.25,2036900000,2098600000,3.29,2014-09-30,12.9,94800000,7711800000.0,3633000000,1987100000,753800000,94800000,94800000,None,55000000,None,7700500000,None,None,3682800000,None,476900000,1233300000,None,None,None,0.125,,1658800000,1974200000,10000000,522100000,None,359200000,None,,,,,1.13,1.764,1.248,,,,,,,,0.105,,193700000,2025-10-28,annual,3.04,USD,pre-market,None,2630500000,0.0816,0.143,-0.032,111.02,1658800000,7006400000,3323600000,10000000,143.3,150.78,-7.5988,10202500000,8849200000,1400000000,5082800000,1353300000,3682800000,15051300000,5115800000,12.65,-134300000,183.98,109.46
2025-12-28,DHI,11.57,34250400000.0,12.65,None,1.38,82.15,,None,936500000,936500000,,,,,,,,,3300000,364900000,None,11418300000,11418300000,400000000,None,None,395100000,None,None,61700000,,1.6,0.0109,,,,-0.222,-0.25,2036900000,2098600000,3.29,2013-09-30,12.9,38900000,7711800000.0,3633000000,1987100000,753800000,38900000,38900000,None,55000000,None,6197400000,None,None,3509000000,None,395100000,1233300000,None,None,None,0.125,,1658800000,1974200000,77800000,562300000,None,238600000,None,,,,,1.13,1.764,1.248,,,,,,,,0.105,,109500000,2025-10-28,annual,3.04,USD,pre-market,None,2145600000,0.0816,0.143,-0.032,111.02,1658800000,6779400000,3270400000,77800000,143.3,150.78,-7.5988,8856400000,7606800000,1286000000,4795000000,1249600000,3509000000,15051300000,4058500000,12.65,-134300000,183.98,109.46
2025-12-28,DHI,11.57,34250400000.0,12.65,None,1.38,82.15,,None,1047700000,1047700000,,,,,,,,,3300000,359000000,None,11418300000,11418300000,266600000,None,None,14400000,None,None,61700000,,1.6,0.0109,,,,-0.222,-0.25,2036900000,2098600000,3.29,2012-09-30,12.9,38900000,7711800000.0,3633000000,1987100000,753800000,38900000,38900000,None,55000000,None,4165200000,None,None,2493100000,None,643300000,1233300000,None,None,None,0.125,,1658800000,1974200000,758800000,733200000,None,404000000,None,,,,,1.13,1.764,1.248,,,,,,,,0.105,,72600000,2025-10-28,annual,3.04,USD,pre-market,None,1743100000,0.0816,0.143,-0.032,111.02,1658800000,4798400000,2305300000,298000000,143.3,150.78,-7.5988,7248200000,6284100000,3465700000,3653500000,964100000,187800000,15051300000,3592100000,12.65,-134300000,183.98,109.46
2025-12-28,DHI,11.57,34250400000.0,12.65,None,1.38,82.15,,None,732600000,732600000,,,,,,,,,3200000,318500000,None,11418300000,11418300000,200500000,None,None,12400000,None,None,61700000,,1.6,0.0109,,,,-0.222,-0.25,2036900000,2098600000,3.29,2011-09-30,12.9,15900000,7711800000.0,3633000000,1987100000,753800000,15900000,15900000,None,55000000,None,3449700000,None,None,1704600000,None,591700000,1233300000,None,None,None,0.125,,1658800000,1974200000,49100000,696200000,None,270500000,None,,,,,1.13,1.764,1.248,,,,,,,,0.105,,57600000,2025-10-28,annual,3.04,USD,pre-market,None,834600000,0.0816,0.143,-0.032,111.02,1658800000,3292700000,1588100000,297600000,143.3,150.78,-7.5988,5358400000,4541400000,2618400000,2734900000,817000000,116500000,15051300000,2620600000,12.65,-134300000,183.98,109.46
2025-12-28,DHI,11.57,34250400000.0,12.65,None,1.38,82.15,,None,1309300000,1309300000,,,,,,,,,3200000,318600000,None,11418300000,11418300000,186700000,None,None,16000000,None,None,61700000,,1.6,0.0109,,,,-0.222,-0.25,2036900000,2098600000,3.29,2010-09-30,12.9,15900000,7711800000.0,3633000000,1987100000,753800000,15900000,15900000,None,55000000,None,3449000000,None,None,2085300000,None,551500000,1233300000,None,None,None,0.125,,1658800000,1974200000,53700000,-1128100000,None,221600000,None,,,,,1.13,1.764,1.248,,,,,,,,0.105,,60500000,2025-10-28,annual,3.04,USD,pre-market,None,810600000,0.0816,0.143,-0.032,111.02,1658800000,2171800000,2085300000,551500000,143.3,150.78,-7.5988,5938600000,5379500000,3229200000,3315700000,559100000,86500000,15051300000,2613200000,12.65,-95700000,183.98,109.46
2025-12-28,DHI,11.57,34250400000.0,12.65,None,1.38,82.15,,None,1957300000,1957300000,,,,,,,,,3200000,316900000,None,11418300000,11418300000,278900000,None,None,293100000,None,None,61700000,,1.6,0.0109,,,,-0.222,-0.25,2036900000,2098600000,3.29,2009-09-30,12.9,15900000,7711800000.0,3633000000,1987100000,753800000,15900000,15900000,None,55000000,None,3663000000,None,None,2968900000,None,None,1233300000,None,None,None,0.125,,1658800000,1974200000,55200000,932000000,None,None,None,,,,,1.13,1.764,1.248,,,,,,,,0.105,,57800000,2025-10-28,annual,3.04,USD,pre-market,None,617700000,0.0816,0.143,-0.032,111.02,1658800000,3277300000,322400000,55200000,143.3,150.78,-7.5988,6756600000,5968600000,1210900000,4488200000,788000000,3277300000,15051300000,2259600000,12.65,-95700000,183.98,109.46
2025-12-28,DHI,11.57,34250400000.0,12.65,None,1.38,82.15,,None,1387300000,1387300000,,,,,,,,,3200000,315700000,None,11418300000,11418300000,281500000,None,None,None,None,None,61700000,,1.6,0.0109,,,,-0.222,-0.25,2036900000,2098600000,3.29,2008-09-30,12.9,15900000,7711800000.0,3633000000,1987100000,753800000,15900000,15900000,None,55000000,None,4683200000,None,None,2967500000,None,None,1233300000,None,None,None,0.125,,1658800000,1974200000,None,814900000,None,None,None,,,,,1.13,1.764,1.248,,,,,,,,0.105,,65900000,2025-10-28,annual,3.04,USD,pre-market,None,1210500000,0.0816,0.143,-0.032,111.02,1658800000,3748400000,3748400000,2000000,143.3,150.78,-7.5988,7709600000,6070500000,4844800000,4844800000,1639100000,None,15051300000,2834300000,12.65,-95700000,183.98,109.46
2025-12-28,DHI,11.57,34250400000.0,12.65,None,1.38,82.15,,None,269600000,269600000,,,,,,,,,3200000,314100000,None,11418300000,11418300000,590900000,None,None,None,None,None,61700000,,1.6,0.0109,,,,-0.222,-0.25,2036900000,2098600000,3.29,2007-09-30,12.9,95300000,7711800000.0,3633000000,1987100000,753800000,95300000,95300000,None,55000000,None,9343500000,None,None,3745600000,None,None,1233300000,None,None,None,0.125,,1658800000,1974200000,None,933300000,None,None,None,,,,,1.13,1.764,1.248,,,,,,,,0.105,,110200000,2025-10-28,annual,3.04,USD,pre-market,None,3986100000,0.0816,0.143,-0.032,111.02,1658800000,4376800000,387800000,5400000,143.3,150.78,-7.5988,11556300000,9613100000,1912000000,5901000000,1943200000,3989000000,15051300000,5586900000,12.65,-95700000,183.98,109.46
2025-12-28,DHI,11.57,34250400000.0,12.65,None,1.38,82.15,,None,587600000,587600000,,,,,,,,,3200000,316230769,None,11418300000,11418300000,1041100000,None,None,None,None,None,61700000,,1.6,0.0109,,,,-0.222,-0.25,2036900000,2098600000,3.29,2006-09-30,12.9,578900000,7711800000.0,3633000000,1987100000,753800000,578900000,578900000,None,55000000,None,11343100000,None,None,4860800000,None,None,1233300000,None,None,None,0.125,,1658800000,1974200000,248300000,1143000000,None,None,None,,,,,1.13,1.764,1.248,,,,,,,,0.105,,131400000,2025-10-28,annual,3.04,USD,pre-market,None,4887000000,0.0816,0.143,-0.032,111.02,1658800000,6078600000,1191700000,248300000,143.3,150.78,-7.5988,14820700000,12179000000,3375800000,8262700000,2641700000,4886900000,15051300000,6452900000,12.65,-95700000,183.98,109.46
2025-12-28,DHI,11.57,34250400000.0,12.65,None,1.38,82.15,43800000,None,587600000,587600000,-2058199999,-45200000,None,None,1397900000,None,None,None,3200000,316230769,None,11418300000,11418300000,1041100000,None,None,None,None,None,61700000,27400000,1.6,0.0109,118400000,118400000,None,-0.222,-0.25,2036900000,2098600000,3.29,2025-09-30,12.9,578900000,7711800000.0,3633000000,1987100000,753800000,578900000,578900000,None,55000000,None,11343100000,None,None,4860800000,None,None,905300000,None,None,None,0.125,2471800000,1658800000,1974200000,248300000,1143000000,None,None,None,None,None,None,None,1.13,1.764,1.248,None,None,None,None,None,-705300000,None,0.105,None,131400000,2025-10-28,quarterly,3.04,USD,pre-market,None,4887000000,0.0816,0.143,-0.032,111.02,1658800000,6078600000,1191700000,248300000,143.3,150.78,-7.5988,14820700000,12179000000,3375800000,8262700000,2641700000,4886900000,15051300000,6452900000,12.65,-95700000,183.98,109.46
2025-12-28,DHI,11.57,34250400000.0,12.65,None,1.38,82.15,46000000,None,587600000,587600000,-562800000,-29000000,None,None,-282900000,None,None,None,3200000,316230769,None,11418300000,11418300000,1041100000,None,None,None,None,None,61700000,25200000,1.6,0.0109,122400000,122400000,None,-0.222,-0.25,2036900000,2098600000,3.29,2025-06-30,12.9,578900000,7711800000.0,3633000000,1987100000,753800000,578900000,578900000,None,55000000,None,11343100000,None,None,4860800000,None,None,1024600000,None,None,None,0.125,738600000,1658800000,1974200000,248300000,1143000000,None,None,None,None,None,None,None,1.13,1.764,1.248,None,None,None,None,None,-1168400000,None,0.105,None,131400000,2025-10-28,quarterly,3.04,USD,pre-market,None,4887000000,0.0816,0.143,-0.032,111.02,1658800000,6078600000,1191700000,248300000,143.3,150.78,-7.5988,14820700000,12179000000,3375800000,8262700000,2641700000,4886900000,15051300000,6452900000,12.65,-95700000,183.98,109.46
2025-12-28,DHI,11.57,34250400000.0,12.65,None,1.38,82.15,34300000,None,587600000,587600000,-77300000,-37400000,None,None,-426800000,None,None,None,3200000,316230769,None,11418300000,11418300000,1041100000,None,None,None,None,None,61700000,24600000,1.6,0.0109,125500000,125500000,None,-0.222,-0.25,2036900000,2098600000,3.29,2025-03-31,12.9,578900000,7711800000.0,3633000000,1987100000,753800000,578900000,578900000,None,55000000,None,11343100000,None,None,4860800000,None,None,819100000,None,None,None,0.125,-436200000,1658800000,1974200000,248300000,1143000000,None,None,None,None,None,None,None,1.13,1.764,1.248,None,None,None,None,None,-1388000000,None,0.105,None,131400000,2025-10-28,quarterly,3.04,USD,pre-market,None,4887000000,0.0816,0.143,-0.032,111.02,1658800000,6078600000,1191700000,248300000,143.3,150.78,-7.5988,14820700000,12179000000,3375800000,8262700000,2641700000,4886900000,15051300000,6452900000,12.65,-95700000,183.98,109.46
2025-12-28,DHI,11.57,34250400000.0,12.65,None,1.38,82.15,13300000,None,587600000,587600000,-2064600000,-57100000,None,None,-1148300000,None,None,None,3200000,316230769,None,11418300000,11418300000,1041100000,None,None,None,None,None,61700000,24100000,1.6,0.0109,128500000,128500000,None,-0.222,-0.25,2036900000,2098600000,3.29,2024-12-31,12.9,578900000,7711800000.0,3633000000,1987100000,753800000,578900000,578900000,None,55000000,None,11343100000,None,None,4860800000,None,None,851900000,None,None,None,0.125,646700000,1658800000,1974200000,248300000,1143000000,None,None,None,None,None,None,None,1.13,1.764,1.248,None,None,None,None,None,-1083300000,None,0.105,None,131400000,2025-10-28,quarterly,3.04,USD,pre-market,None,4887000000,0.0816,0.143,-0.032,111.02,1658800000,6078600000,1191700000,248300000,143.3,150.78,-7.5988,14820700000,12179000000,3375800000,8262700000,2641700000,4886900000,15051300000,6452900000,12.65,-95700000,183.98,109.46
2025-12-28,DHI,11.57,34250400000.0,12.65,None,1.38,82.15,32000000,None,587600000,587600000,-408100000,-29500000,None,None,601000000,None,None,None,3200000,316230769,None,11418300000,11418300000,1041100000,None,None,None,None,None,61700000,23600000,1.6,0.0109,97700000,97700000,None,-0.222,-0.25,2036900000,2098600000,3.29,2024-09-30,12.9,578900000,7711800000.0,3633000000,1987100000,753800000,578900000,578900000,None,55000000,None,11343100000,None,None,4860800000,None,None,1283400000,None,None,None,0.125,1961600000,1658800000,1974200000,248300000,1143000000,None,None,None,None,None,None,None,1.13,1.764,1.248,None,None,None,None,None,-558200000,None,0.105,None,131400000,2025-10-28,quarterly,3.04,USD,pre-market,None,4887000000,0.0816,0.143,-0.032,111.02,1658800000,6078600000,1191700000,248300000,143.3,150.78,-7.5988,14820700000,12179000000,3375800000,8262700000,2641700000,4886900000,15051300000,6452900000,12.65,-95700000,183.98,109.46
2025-12-28,DHI,11.57,34250400000.0,12.65,None,1.38,82.15,62000000,None,587600000,587600000,-676600000,-95100000,None,None,-783700000,None,None,None,3200000,316230769,None,11418300000,11418300000,1041100000,None,None,None,None,None,61700000,22400000,1.6,0.0109,98400000,98400000,None,-0.222,-0.25,2036900000,2098600000,3.29,2024-06-30,12.9,578900000,7711800000.0,3633000000,1987100000,753800000,578900000,578900000,None,55000000,None,11343100000,None,None,4860800000,None,None,1353600000,None,None,None,0.125,698300000,1658800000,1974200000,248300000,1143000000,None,None,None,None,None,None,None,1.13,1.764,1.248,None,None,None,None,None,-437100000,None,0.105,None,131400000,2025-10-28,quarterly,3.04,USD,pre-market,None,4887000000,0.0816,0.143,-0.032,111.02,1658800000,6078600000,1191700000,248300000,143.3,150.78,-7.5988,14820700000,12179000000,3375800000,8262700000,2641700000,4886900000,15051300000,6452900000,12.65,-95700000,183.98,109.46
2025-12-28,DHI,11.57,34250400000.0,12.65,None,1.38,82.15,23700000,None,587600000,587600000,92200000,-26700000,None,None,-806400000,None,None,None,3200000,316230769,None,11418300000,11418300000,1041100000,None,None,None,None,None,61700000,21100000,1.6,0.0109,99200000,99200000,None,-0.222,-0.25,2036900000,2098600000,3.29,2024-03-31,12.9,578900000,7711800000.0,3633000000,1987100000,753800000,578900000,578900000,None,55000000,None,11343100000,None,None,4860800000,None,None,1172100000,None,None,None,0.125,-316700000,1658800000,1974200000,248300000,1143000000,None,None,None,None,None,None,None,1.13,1.764,1.248,None,None,None,None,None,-417600000,None,0.105,None,131400000,2025-10-28,quarterly,3.04,USD,pre-market,None,4887000000,0.0816,0.143,-0.032,111.02,1658800000,6078600000,1191700000,248300000,143.3,150.78,-7.5988,14820700000,12179000000,3375800000,8262700000,2641700000,4886900000,15051300000,6452900000,12.65,-95700000,183.98,109.46
2025-12-28,DHI,11.57,34250400000.0,12.65,None,1.38,82.15,47600000,None,587600000,587600000,-362800000,-39300000,None,None,6100000,None,None,None,3200000,316230769,None,11418300000,11418300000,1041100000,None,None,None,None,None,61700000,20000000,1.6,0.0109,99900000,99900000,None,-0.222,-0.25,2036900000,2098600000,3.29,2023-12-31,12.9,578900000,7711800000.0,3633000000,1987100000,753800000,578900000,578900000,None,55000000,None,11343100000,None,None,4860800000,None,None,955700000,None,None,None,0.125,-153400000,1658800000,1974200000,248300000,1143000000,None,None,None,None,None,None,None,1.13,1.764,1.248,None,None,None,None,None,-376900000,None,0.105,None,131400000,2025-10-28,quarterly,3.04,USD,pre-market,None,4887000000,0.0816,0.143,-0.032,111.02,1658800000,6078600000,1191700000,248300000,143.3,150.78,-7.5988,14820700000,12179000000,3375800000,8262700000,2641700000,4886900000,15051300000,6452900000,12.65,-95700000,183.98,109.46
2025-12-28,DHI,11.57,34250400000.0,12.65,None,1.38,82.15,40300000,None,587600000,587600000,-1549200000,-310200000,None,None,599700000,None,None,None,3200000,316230769,None,11418300000,11418300000,1041100000,None,None,None,None,None,61700000,21400000,1.6,0.0109,84300000,84300000,None,-0.222,-0.25,2036900000,2098600000,3.29,2023-09-30,12.9,578900000,7711800000.0,3633000000,1987100000,753800000,578900000,578900000,None,55000000,None,11343100000,None,None,4860800000,None,None,1525500000,None,None,None,0.125,2043000000,1658800000,1974200000,248300000,1143000000,None,None,None,None,None,None,None,1.13,1.764,1.248,None,None,None,None,None,-419100000,None,0.105,None,131400000,2025-10-28,quarterly,3.04,USD,pre-market,None,4887000000,0.0816,0.143,-0.032,111.02,1658800000,6078600000,1191700000,248300000,143.3,150.78,-7.5988,14820700000,12179000000,3375800000,8262700000,2641700000,4886900000,15051300000,6452900000,12.65,-95700000,183.98,109.46
2025-12-28,DHI,11.57,34250400000.0,12.65,None,1.38,82.15,29100000,None,587600000,587600000,-326200000,-308500000,333400000,None,-295500000,None,None,None,3200000,316230769,None,11418300000,11418300000,1041100000,None,None,None,None,None,61700000,23700000,1.6,0.0109,85200000,85200000,None,-0.222,-0.25,2036900000,2098600000,3.29,2023-06-30,12.9,578900000,7711800000.0,3633000000,1987100000,753800000,578900000,578900000,None,55000000,None,11343100000,None,None,4860800000,None,None,1351800000,None,None,None,0.125,787500000,1658800000,1974200000,248300000,1143000000,None,None,None,None,None,None,None,1.13,1.764,1.248,None,None,None,None,None,-339900000,None,0.105,None,131400000,2025-10-28,quarterly,3.04,USD,pre-market,None,4887000000,0.0816,0.143,-0.032,111.02,1658800000,6078600000,1191700000,248300000,143.3,150.78,-7.5988,14820700000,12179000000,3375800000,8262700000,2641700000,4886900000,15051300000,6452900000,12.65,-95700000,183.98,109.46
2025-12-28,DHI,11.57,34250400000.0,12.65,None,1.38,82.15,31700000,None,587600000,587600000,-144700000,-37700000,462100000,None,-146800000,None,None,None,3200000,316230769,None,11418300000,11418300000,1041100000,None,None,None,None,None,61700000,26700000,1.6,0.0109,85600000,85600000,None,-0.222,-0.25,2036900000,2098600000,3.29,2023-03-31,12.9,578900000,7711800000.0,3633000000,1987100000,753800000,578900000,578900000,None,55000000,None,11343100000,None,None,4860800000,None,None,949600000,None,None,None,0.125,644500000,1658800000,1974200000,248300000,1143000000,None,None,None,None,None,None,None,1.13,1.764,1.248,None,None,None,None,None,-331800000,None,0.105,None,131400000,2025-10-28,quarterly,3.04,USD,pre-market,None,4887000000,0.0816,0.143,-0.032,111.02,1658800000,6078600000,1191700000,248300000,143.3,150.78,-7.5988,14820700000,12179000000,3375800000,8262700000,2641700000,4886900000,15051300000,6452900000,12.65,-95700000,183.98,109.46
2025-12-28,DHI,11.57,34250400000.0,12.65,None,1.38,82.15,47500000,None,587600000,587600000,-646600000,-142900000,39600000,None,-673800000,None,None,None,3200000,316230769,None,11418300000,11418300000,1041100000,None,None,None,None,None,61700000,19800000,1.6,0.0109,86100000,86100000,None,-0.222,-0.25,2036900000,2098600000,3.29,2022-12-31,12.9,578900000,7711800000.0,3633000000,1987100000,753800000,578900000,578900000,None,55000000,None,11343100000,None,None,4860800000,None,None,968300000,None,None,None,0.125,829100000,1658800000,1974200000,248300000,1143000000,None,None,None,None,None,None,None,1.13,1.764,1.248,None,None,None,None,None,-143800000,None,0.105,None,131400000,2025-10-28,quarterly,3.04,USD,pre-market,None,4887000000,0.0816,0.143,-0.032,111.02,1658800000,6078600000,1191700000,248300000,143.3,150.78,-7.5988,14820700000,12179000000,3375800000,8262700000,2641700000,4886900000,15051300000,6452900000,12.65,-95700000,183.98,109.46
2025-12-28,DHI,11.57,34250400000.0,12.65,None,1.38,82.15,40200000,None,587600000,587600000,-194000000,-42000000,888600000,None,13600000,None,None,None,3200000,316230769,None,11418300000,11418300000,1041100000,None,None,None,None,None,61700000,21200000,1.6,0.0109,78100000,78100000,None,-0.222,-0.25,2036900000,2098600000,3.29,2022-09-30,12.9,578900000,7711800000.0,3633000000,1987100000,753800000,578900000,578900000,None,55000000,None,11343100000,None,None,4860800000,None,None,1648200000,None,None,None,0.125,1124600000,1658800000,1974200000,248300000,1143000000,None,None,None,None,None,None,None,1.13,1.764,1.248,None,None,None,None,None,-272000000,None,0.105,None,131400000,2025-10-28,quarterly,3.04,USD,pre-market,None,4887000000,0.0816,0.143,-0.032,111.02,1658800000,6078600000,1191700000,248300000,143.3,150.78,-7.5988,14820700000,12179000000,3375800000,8262700000,2641700000,4886900000,15051300000,6452900000,12.65,-95700000,183.98,109.46
2025-12-28,DHI,11.57,34250400000.0,12.65,None,1.38,82.15,35500000,None,587600000,587600000,27600000,-304200000,-4800000,None,-1876900000,None,None,None,3200000,316230769,None,11418300000,11418300000,1041100000,None,None,None,None,None,61700000,20900000,1.6,0.0109,79200000,79200000,None,-0.222,-0.25,2036900000,2098600000,3.29,2022-06-30,12.9,578900000,7711800000.0,3633000000,1987100000,753800000,578900000,578900000,None,55000000,None,11343100000,None,None,4860800000,None,None,1659300000,None,None,None,0.125,271800000,1658800000,1974200000,248300000,1143000000,None,None,None,None,None,None,None,1.13,1.764,1.248,None,None,None,None,None,-290000000,None,0.105,None,131400000,2025-10-28,quarterly,3.04,USD,pre-market,None,4887000000,0.0816,0.143,-0.032,111.02,1658800000,6078600000,1191700000,248300000,143.3,150.78,-7.5988,14820700000,12179000000,3375800000,8262700000,2641700000,4886900000,15051300000,6452900000,12.65,-95700000,183.98,109.46
2025-12-28,DHI,11.57,34250400000.0,12.65,None,1.38,82.15,41600000,None,587600000,587600000,-72800000,-42200000,-775500000,None,-1657800000,None,None,None,3200000,316230769,None,11418300000,11418300000,1041100000,None,None,None,None,None,61700000,19900000,1.6,0.0109,79100000,79100000,None,-0.222,-0.25,2036900000,2098600000,3.29,2022-03-31,12.9,578900000,7711800000.0,3633000000,1987100000,753800000,578900000,578900000,None,55000000,None,11343100000,None,None,4860800000,None,None,1442300000,None,None,None,0.125,-660500000,1658800000,1974200000,248300000,1143000000,None,None,None,None,None,None,None,1.13,1.764,1.248,None,None,None,None,None,-294700000,None,0.105,None,131400000,2025-10-28,quarterly,3.04,USD,pre-market,None,4887000000,0.0816,0.143,-0.032,111.02,1658800000,6078600000,1191700000,248300000,143.3,150.78,-7.5988,14820700000,12179000000,3375800000,8262700000,2641700000,4886900000,15051300000,6452900000,12.65,-95700000,183.98,109.46
2025-12-28,DHI,11.57,34250400000.0,12.65,None,1.38,82.15,30900000,None,587600000,587600000,-572000000,-26500000,-772600000,None,-1663900000,None,None,None,3200000,316230769,None,11418300000,11418300000,1041100000,None,None,None,None,None,61700000,19400000,1.6,0.0109,80100000,80100000,None,-0.222,-0.25,2036900000,2098600000,3.29,2021-12-31,12.9,578900000,7711800000.0,3633000000,1987100000,753800000,578900000,578900000,None,55000000,None,11343100000,None,None,4860800000,None,None,1145800000,None,None,None,0.125,-174100000,1658800000,1974200000,248300000,1143000000,None,None,None,None,None,None,None,1.13,1.764,1.248,None,None,None,None,None,-336800000,None,0.105,None,131400000,2025-10-28,quarterly,3.04,USD,pre-market,None,4887000000,0.0816,0.143,-0.032,111.02,1658800000,6078600000,1191700000,248300000,143.3,150.78,-7.5988,14820700000,12179000000,3375800000,8262700000,2641700000,4886900000,15051300000,6452900000,12.65,-95700000,183.98,109.46
2025-12-28,DHI,11.57,34250400000.0,12.65,None,1.38,82.15,47500000,None,587600000,587600000,744500000,-45300000,1268100000,None,-473600000,None,None,None,3200000,316230769,None,11418300000,11418300000,1041100000,None,None,None,None,None,61700000,17200000,1.6,0.0109,71600000,71600000,None,-0.222,-0.25,2036900000,2098600000,3.29,2021-09-30,12.9,578900000,7711800000.0,3633000000,1987100000,753800000,578900000,578900000,None,55000000,None,11343100000,None,None,4860800000,None,None,1345500000,None,None,None,0.125,568900000,1658800000,1974200000,248300000,1143000000,None,None,None,None,None,None,None,1.13,1.764,1.248,None,None,None,None,None,-187000000,None,0.105,None,131400000,2025-10-28,quarterly,3.04,USD,pre-market,None,4887000000,0.0816,0.143,-0.032,111.02,1658800000,6078600000,1191700000,248300000,143.3,150.78,-7.5988,14820700000,12179000000,3375800000,8262700000,2641700000,4886900000,15051300000,6452900000,12.65,-95700000,183.98,109.46
2025-12-28,DHI,11.57,34250400000.0,12.65,None,1.38,82.15,15500000,None,587600000,587600000,-372400000,-10800000,-262800000,None,-1014500000,None,None,None,3200000,316230769,None,11418300000,11418300000,1041100000,None,None,None,None,None,61700000,17400000,1.6,0.0109,72100000,72100000,None,-0.222,-0.25,2036900000,2098600000,3.29,2021-06-30,12.9,578900000,7711800000.0,3633000000,1987100000,753800000,578900000,578900000,None,55000000,None,11343100000,None,None,4860800000,None,None,1116600000,None,None,None,0.125,120400000,1658800000,1974200000,248300000,1143000000,None,None,None,None,None,None,None,1.13,1.764,1.248,None,None,None,None,None,-236800000,None,0.105,None,131400000,2025-10-28,quarterly,3.04,USD,pre-market,None,4887000000,0.0816,0.143,-0.032,111.02,1658800000,6078600000,1191700000,248300000,143.3,150.78,-7.5988,14820700000,12179000000,3375800000,8262700000,2641700000,4886900000,15051300000,6452900000,12.65,-95700000,183.98,109.46
2025-12-28,DHI,11.57,34250400000.0,12.65,None,1.38,82.15,101900000,None,587600000,587600000,-235500000,-104700000,-243000000,None,-963000000,None,None,None,3200000,316230769,None,11418300000,11418300000,1041100000,None,None,None,None,None,61700000,18900000,1.6,0.0109,72700000,72700000,None,-0.222,-0.25,2036900000,2098600000,3.29,2021-03-31,12.9,578900000,7711800000.0,3633000000,1987100000,753800000,578900000,578900000,None,55000000,None,11343100000,None,None,4860800000,None,None,933900000,None,None,None,0.125,97200000,1658800000,1974200000,248300000,1143000000,None,None,None,None,None,None,None,1.13,1.764,1.248,None,None,None,None,None,-423000000,None,0.105,None,131400000,2025-10-28,quarterly,3.04,USD,pre-market,None,4887000000,0.0816,0.143,-0.032,111.02,1658800000,6078600000,1191700000,248300000,143.3,150.78,-7.5988,14820700000,12179000000,3375800000,8262700000,2641700000,4886900000,15051300000,6452900000,12.65,-95700000,183.98,109.46
2025-12-28,DHI,11.57,34250400000.0,12.65,None,1.38,82.15,102500000,None,587600000,587600000,-221700000,-91400000,-565200000,None,-1308000000,None,None,None,3200000,316230769,None,11418300000,11418300000,1041100000,None,None,None,None,None,61700000,20400000,1.6,0.0109,72900000,72900000,None,-0.222,-0.25,2036900000,2098600000,3.29,2020-12-31,12.9,578900000,7711800000.0,3633000000,1987100000,753800000,578900000,578900000,None,55000000,None,11343100000,None,None,4860800000,None,None,795200000,None,None,None,0.125,-252100000,1658800000,1974200000,248300000,1143000000,None,None,None,None,None,None,None,1.13,1.764,1.248,None,None,None,None,None,-80100000,None,0.105,None,131400000,2025-10-28,quarterly,3.04,USD,pre-market,None,4887000000,0.0816,0.143,-0.032,111.02,1658800000,6078600000,1191700000,248300000,143.3,150.78,-7.5988,14820700000,12179000000,3375800000,8262700000,2641700000,4886900000,15051300000,6452900000,12.65,-95700000,183.98,109.46
2025-12-28,DHI,11.57,34250400000.0,12.65,None,1.38,82.15,66400000,None,587600000,587600000,-99600000,-65700000,667400000,None,-99300000,None,None,None,3200000,316230769,None,11418300000,11418300000,1041100000,None,None,None,None,None,61700000,23000000,1.6,0.0109,63700000,63700000,None,-0.222,-0.25,2036900000,2098600000,3.29,2020-09-30,12.9,578900000,7711800000.0,3633000000,1987100000,753800000,578900000,578900000,None,55000000,None,11343100000,None,None,4860800000,None,None,831200000,None,None,None,0.125,832700000,1658800000,1974200000,248300000,1143000000,None,None,None,None,None,None,None,1.13,1.764,1.248,None,None,None,None,None,100000,None,0.105,None,131400000,2025-10-28,quarterly,3.04,USD,pre-market,None,4887000000,0.0816,0.143,-0.032,111.02,1658800000,6078600000,1191700000,248300000,143.3,150.78,-7.5988,14820700000,12179000000,3375800000,8262700000,2641700000,4886900000,15051300000,6452900000,12.65,-95700000,183.98,109.46
2025-12-28,DHI,11.57,34250400000.0,12.65,None,1.38,82.15,59800000,None,587600000,587600000,-82800000,-65800000,835400000,None,84400000,None,None,None,3200000,316230769,None,11418300000,11418300000,1041100000,None,None,None,None,None,61700000,18600000,1.6,0.0109,63600000,63600000,None,-0.222,-0.25,2036900000,2098600000,3.29,2020-06-30,12.9,578900000,7711800000.0,3633000000,1987100000,753800000,578900000,578900000,None,55000000,None,11343100000,None,None,4860800000,None,None,632900000,None,None,None,0.125,984000000,1658800000,1974200000,248300000,1143000000,None,None,None,None,None,None,None,1.13,1.764,1.248,None,None,None,None,None,-100000,None,0.105,None,131400000,2025-10-28,quarterly,3.04,USD,pre-market,None,4887000000,0.0816,0.143,-0.032,111.02,1658800000,6078600000,1191700000,248300000,143.3,150.78,-7.5988,14820700000,12179000000,3375800000,8262700000,2641700000,4886900000,15051300000,6452900000,12.65,-95700000,183.98,109.46
2025-12-28,DHI,11.57,34250400000.0,12.65,None,1.38,82.15,79400000,None,587600000,587600000,239500000,-16800000,-58600000,None,-340700000,None,None,None,3200000,316230769,None,11418300000,11418300000,1041100000,None,None,None,None,None,61700000,19800000,1.6,0.0109,64100000,64100000,None,-0.222,-0.25,2036900000,2098600000,3.29,2020-03-31,12.9,578900000,7711800000.0,3633000000,1987100000,753800000,578900000,578900000,None,55000000,None,11343100000,None,None,4860800000,None,None,483900000,None,None,None,0.125,-281300000,1658800000,1974200000,248300000,1143000000,None,None,None,None,None,None,None,1.13,1.764,1.248,None,None,None,None,None,-218100000,None,0.105,None,131400000,2025-10-28,quarterly,3.04,USD,pre-market,None,4887000000,0.0816,0.143,-0.032,111.02,1658800000,6078600000,1191700000,248300000,143.3,150.78,-7.5988,14820700000,12179000000,3375800000,8262700000,2641700000,4886900000,15051300000,6452900000,12.65,-95700000,183.98,109.46
2025-12-28,DHI,11.57,34250400000.0,12.65,None,1.38,82.15,81200000,None,587600000,587600000,213500000,-17800000,81900000,None,-707900000,None,None,None,3200000,316230769,None,11418300000,11418300000,1041100000,None,None,None,None,None,61700000,19000000,1.6,0.0109,64600000,64600000,None,-0.222,-0.25,2036900000,2098600000,3.29,2019-12-31,12.9,578900000,7711800000.0,3633000000,1987100000,753800000,578900000,578900000,None,55000000,None,11343100000,None,None,4860800000,None,None,432500000,None,None,None,0.125,-113800000,1658800000,1974200000,248300000,1143000000,None,None,None,None,None,None,None,1.13,1.764,1.248,None,None,None,None,None,-180400000,None,0.105,None,131400000,2025-10-28,quarterly,3.04,USD,pre-market,None,4887000000,0.0816,0.143,-0.032,111.02,1658800000,6078600000,1191700000,248300000,143.3,150.78,-7.5988,14820700000,12179000000,3375800000,8262700000,2641700000,4886900000,15051300000,6452900000,12.65,-95700000,183.98,109.46
2025-12-28,DHI,11.57,34250400000.0,12.65,None,1.38,82.15,118800000,None,587600000,587600000,-115000000,-67700000,None,None,407400000,None,None,None,3200000,316230769,None,11418300000,11418300000,1041100000,None,None,None,None,None,61700000,19600000,1.6,0.0109,55500000,55500000,None,-0.222,-0.25,2036900000,2098600000,3.29,2019-09-30,12.9,578900000,7711800000.0,3633000000,1987100000,753800000,578900000,578900000,None,55000000,None,11343100000,None,None,4860800000,None,None,503900000,None,None,None,0.125,811400000,1658800000,1974200000,248300000,1143000000,None,None,None,None,None,None,None,1.13,1.764,1.248,None,None,None,None,None,-118500000,None,0.105,None,131400000,2025-10-28,quarterly,3.04,USD,pre-market,None,4887000000,0.0816,0.143,-0.032,111.02,1658800000,6078600000,1191700000,248300000,143.3,150.78,-7.5988,14820700000,12179000000,3375800000,8262700000,2641700000,4886900000,15051300000,6452900000,12.65,-95700000,183.98,109.46
2025-12-28,DHI,11.57,34250400000.0,12.65,None,1.38,82.15,35500000,None,587600000,587600000,-383100000,-5200000,154100000,None,201600000,None,None,None,3200000,316230769,None,11418300000,11418300000,1041100000,None,None,None,None,None,61700000,18300000,1.6,0.0109,56000000,56000000,None,-0.222,-0.25,2036900000,2098600000,3.29,2019-06-30,12.9,578900000,7711800000.0,3633000000,1987100000,753800000,578900000,578900000,None,55000000,None,11343100000,None,None,4860800000,None,None,473600000,None,None,None,0.125,542400000,1658800000,1974200000,248300000,1143000000,None,None,None,None,None,None,None,1.13,1.764,1.248,None,None,None,None,None,-145300000,None,0.105,None,131400000,2025-10-28,quarterly,3.04,USD,pre-market,None,4887000000,0.0816,0.143,-0.032,111.02,1658800000,6078600000,1191700000,248300000,143.3,150.78,-7.5988,14820700000,12179000000,3375800000,8262700000,2641700000,4886900000,15051300000,6452900000,12.65,-95700000,183.98,109.46
2025-12-28,DHI,11.57,34250400000.0,12.65,None,1.38,82.15,49600000,None,587600000,587600000,62200000,-10700000,-37100000,None,-264600000,None,None,None,3200000,316230769,None,11418300000,11418300000,1041100000,None,None,None,None,None,61700000,17200000,1.6,0.0109,55900000,55900000,None,-0.222,-0.25,2036900000,2098600000,3.29,2019-03-31,12.9,578900000,7711800000.0,3633000000,1987100000,753800000,578900000,578900000,None,55000000,None,11343100000,None,None,4860800000,None,None,354400000,None,None,None,0.125,-88600000,1658800000,1974200000,248300000,1143000000,None,None,None,None,None,None,None,1.13,1.764,1.248,None,None,None,None,None,-91000000,None,0.105,None,131400000,2025-10-28,quarterly,3.04,USD,pre-market,None,4887000000,0.0816,0.143,-0.032,111.02,1658800000,6078600000,1191700000,248300000,143.3,150.78,-7.5988,14820700000,12179000000,3375800000,8262700000,2641700000,4886900000,15051300000,6452900000,12.65,-95700000,183.98,109.46
2025-12-28,DHI,11.57,34250400000.0,12.65,None,1.38,82.15,20200000,None,587600000,587600000,-54200000,-310400000,-737700000,None,-936200000,None,None,None,3200000,316230769,None,11418300000,11418300000,1041100000,None,None,None,None,None,61700000,16900000,1.6,0.0109,56000000,56000000,None,-0.222,-0.25,2036900000,2098600000,3.29,2018-12-31,12.9,578900000,7711800000.0,3633000000,1987100000,753800000,578900000,578900000,None,55000000,None,11343100000,None,None,4860800000,None,None,286700000,None,None,None,0.125,-373100000,1658800000,1974200000,248300000,1143000000,None,None,None,None,None,None,None,1.13,1.764,1.248,None,None,None,None,None,-144700000,None,0.105,None,131400000,2025-10-28,quarterly,3.04,USD,pre-market,None,4887000000,0.0816,0.143,-0.032,111.02,1658800000,6078600000,1191700000,248300000,143.3,150.78,-7.5988,14820700000,12179000000,3375800000,8262700000,2641700000,4886900000,15051300000,6452900000,12.65,-95700000,183.98,109.46
2025-12-28,DHI,11.57,34250400000.0,12.65,None,1.38,82.15,38400000,None,587600000,587600000,18900000,37300000,294900000,None,-106200000,None,None,None,3200000,316230769,None,11418300000,11418300000,1041100000,None,None,None,None,None,61700000,15800000,1.6,0.0109,47100000,47100000,None,-0.222,-0.25,2036900000,2098600000,3.29,2018-09-30,12.9,578900000,7711800000.0,3633000000,1987100000,753800000,578900000,578900000,None,55000000,None,11343100000,None,None,4860800000,None,None,468900000,None,None,None,0.125,238700000,1658800000,1974200000,248300000,1143000000,None,None,None,None,None,None,None,1.13,1.764,1.248,None,None,None,None,None,-52600000,None,0.105,None,131400000,2025-10-28,quarterly,3.04,USD,pre-market,None,4887000000,0.0816,0.143,-0.032,111.02,1658800000,6078600000,1191700000,248300000,143.3,150.78,-7.5988,14820700000,12179000000,3375800000,8262700000,2641700000,4886900000,15051300000,6452900000,12.65,-95700000,183.98,109.46
2025-12-28,DHI,11.57,34250400000.0,12.65,None,1.38,82.15,31100000,None,587600000,587600000,-210700000,-27200000,167400000,None,-164400000,None,None,None,3200000,316230769,None,11418300000,11418300000,1041100000,None,None,None,None,None,61700000,13500000,1.6,0.0109,47200000,47200000,None,-0.222,-0.25,2036900000,2098600000,3.29,2018-06-30,12.9,578900000,7711800000.0,3633000000,1987100000,753800000,578900000,578900000,None,55000000,None,11343100000,None,None,4860800000,None,None,453700000,None,None,None,0.125,405300000,1658800000,1974200000,248300000,1143000000,None,None,None,None,None,None,None,1.13,1.764,1.248,None,None,None,None,None,-27000000,None,0.105,None,131400000,2025-10-28,quarterly,3.04,USD,pre-market,None,4887000000,0.0816,0.143,-0.032,111.02,1658800000,6078600000,1191700000,248300000,143.3,150.78,-7.5988,14820700000,12179000000,3375800000,8262700000,2641700000,4886900000,15051300000,6452900000,12.65,-95700000,183.98,109.46
2025-12-28,DHI,11.57,34250400000.0,12.65,None,1.38,82.15,34600000,None,587600000,587600000,-76400000,190700000,90500000,None,-298500000,None,None,None,3200000,316230769,None,11418300000,11418300000,1041100000,None,None,None,None,None,61700000,16900000,1.6,0.0109,47100000,47100000,None,-0.222,-0.25,2036900000,2098600000,3.29,2018-03-31,12.9,578900000,7711800000.0,3633000000,1987100000,753800000,578900000,578900000,None,55000000,None,11343100000,None,None,4860800000,None,None,350900000,None,None,None,0.125,-23800000,1658800000,1974200000,248300000,1143000000,None,None,None,None,None,None,None,1.13,1.764,1.248,None,None,None,None,None,-22500000,None,0.105,None,131400000,2025-10-28,quarterly,3.04,USD,pre-market,None,4887000000,0.0816,0.143,-0.032,111.02,1658800000,6078600000,1191700000,248300000,143.3,150.78,-7.5988,14820700000,12179000000,3375800000,8262700000,2641700000,4886900000,15051300000,6452900000,12.65,-95700000,183.98,109.46
2025-12-28,DHI,11.57,34250400000.0,12.65,None,1.38,82.15,44400000,None,587600000,587600000,185700000,-198200000,-87500000,None,-487500000,None,None,None,3200000,316230769,None,11418300000,11418300000,1041100000,None,None,None,None,None,61700000,16200000,1.6,0.0109,47000000,47000000,None,-0.222,-0.25,2036900000,2098600000,3.29,2017-12-31,12.9,578900000,7711800000.0,3633000000,1987100000,753800000,578900000,578900000,None,55000000,None,11343100000,None,None,4860800000,None,None,188800000,None,None,None,0.125,-75000000,1658800000,1974200000,248300000,1143000000,None,None,None,None,None,None,None,1.13,1.764,1.248,None,None,None,None,None,-35700000,None,0.105,None,131400000,2025-10-28,quarterly,3.04,USD,pre-market,None,4887000000,0.0816,0.143,-0.032,111.02,1658800000,6078600000,1191700000,248300000,143.3,150.78,-7.5988,14820700000,12179000000,3375800000,8262700000,2641700000,4886900000,15051300000,6452900000,12.65,-95700000,183.98,109.46
2025-12-28,DHI,11.57,34250400000.0,12.65,None,1.38,82.15,53800000,None,587600000,587600000,-80500000,-50000000,495400000,None,276400000,None,None,None,3200000,316230769,None,11418300000,11418300000,1041100000,None,None,None,None,None,61700000,14300000,1.6,0.0109,37400000,37400000,None,-0.222,-0.25,2036900000,2098600000,3.29,2017-09-30,12.9,578900000,7711800000.0,3633000000,1987100000,753800000,578900000,578900000,None,55000000,None,11343100000,None,None,4860800000,None,None,313300000,None,None,None,0.125,625900000,1658800000,1974200000,248300000,1143000000,None,None,None,None,None,None,None,1.13,1.764,1.248,None,None,None,None,None,-60600000,None,0.105,None,131400000,2025-10-28,quarterly,3.04,USD,pre-market,None,4887000000,0.0816,0.143,-0.032,111.02,1658800000,6078600000,1191700000,248300000,143.3,150.78,-7.5988,14820700000,12179000000,3375800000,8262700000,2641700000,4886900000,15051300000,6452900000,12.65,-95700000,183.98,109.46
2025-12-28,DHI,11.57,34250400000.0,12.65,None,1.38,82.15,46000000,None,587600000,587600000,-383200000,-47600000,-480800000,None,-523300000,None,None,None,3200000,316230769,None,11418300000,11418300000,1041100000,None,None,None,None,None,61700000,13100000,1.6,0.0109,37500000,37500000,None,-0.222,-0.25,2036900000,2098600000,3.29,2017-06-30,12.9,578900000,7711800000.0,3633000000,1987100000,753800000,578900000,578900000,None,55000000,None,11343100000,None,None,4860800000,None,None,289000000,None,None,None,0.125,-50000000,1658800000,1974200000,248300000,1143000000,None,None,None,None,None,None,None,1.13,1.764,1.248,None,None,None,None,None,-60600000,None,0.105,None,131400000,2025-10-28,quarterly,3.04,USD,pre-market,None,4887000000,0.0816,0.143,-0.032,111.02,1658800000,6078600000,1191700000,248300000,143.3,150.78,-7.5988,14820700000,12179000000,3375800000,8262700000,2641700000,4886900000,15051300000,6452900000,12.65,-95700000,183.98,109.46
2025-12-28,DHI,11.57,34250400000.0,12.65,None,1.38,82.15,35300000,None,587600000,587600000,-7500000,-42100000,-157100000,None,-300900000,None,None,None,3200000,316230769,None,11418300000,11418300000,1041100000,None,None,None,None,None,61700000,12900000,1.6,0.0109,37400000,37400000,None,-0.222,-0.25,2036900000,2098600000,3.29,2017-03-31,12.9,578900000,7711800000.0,3633000000,1987100000,753800000,578900000,578900000,None,55000000,None,11343100000,None,None,4860800000,None,None,229200000,None,None,None,0.125,-107500000,1658800000,1974200000,248300000,1143000000,None,None,None,None,None,None,None,1.13,1.764,1.248,None,None,None,None,None,21900000,None,0.105,None,131400000,2025-10-28,quarterly,3.04,USD,pre-market,None,4887000000,0.0816,0.143,-0.032,111.02,1658800000,6078600000,1191700000,248300000,143.3,150.78,-7.5988,14820700000,12179000000,3375800000,8262700000,2641700000,4886900000,15051300000,6452900000,12.65,-95700000,183.98,109.46
2025-12-28,DHI,11.57,34250400000.0,12.65,None,1.38,82.15,22200000,None,587600000,587600000,-88300000,-31300000,-152900000,None,-398900000,None,None,None,3200000,316230769,None,11418300000,11418300000,1041100000,None,None,None,None,None,61700000,14400000,1.6,0.0109,37300000,37300000,None,-0.222,-0.25,2036900000,2098600000,3.29,2016-12-31,12.9,578900000,7711800000.0,3633000000,1987100000,753800000,578900000,578900000,None,55000000,None,11343100000,None,None,4860800000,None,None,206900000,None,None,None,0.125,-33300000,1658800000,1974200000,248300000,1143000000,None,None,None,None,None,None,None,1.13,1.764,1.248,None,None,None,None,None,-5100000,None,0.105,None,131400000,2025-10-28,quarterly,3.04,USD,pre-market,None,4887000000,0.0816,0.143,-0.032,111.02,1658800000,6078600000,1191700000,248300000,143.3,150.78,-7.5988,14820700000,12179000000,3375800000,8262700000,2641700000,4886900000,15051300000,6452900000,12.65,-95700000,183.98,109.46
2025-12-28,DHI,11.57,34250400000.0,12.65,None,1.38,82.15,20900000,None,587600000,587600000,-47600000,-85400000,396400000,None,221300000,None,None,None,3200000,316230769,None,11418300000,11418300000,1041100000,None,None,None,None,None,61700000,19600000,1.6,0.0109,29800000,29800000,None,-0.222,-0.25,2036900000,2098600000,3.29,2016-09-30,12.9,578900000,7711800000.0,3633000000,1987100000,753800000,578900000,578900000,None,55000000,None,11343100000,None,None,4860800000,None,None,283700000,None,None,None,0.125,529400000,1658800000,1974200000,248300000,1143000000,None,None,None,None,None,None,None,1.13,1.764,1.248,None,None,None,None,None,10600000,None,0.105,None,131400000,2025-10-28,quarterly,3.04,USD,pre-market,None,4887000000,0.0816,0.143,-0.032,111.02,1658800000,6078600000,1191700000,248300000,143.3,150.78,-7.5988,14820700000,12179000000,3375800000,8262700000,2641700000,4886900000,15051300000,6452900000,12.65,-95700000,183.98,109.46
2025-12-28,DHI,11.57,34250400000.0,12.65,None,1.38,82.15,24800000,None,587600000,587600000,-358500000,-20500000,-317300000,None,-310900000,None,None,None,3200000,316230769,None,11418300000,11418300000,1041100000,None,None,None,None,None,61700000,13800000,1.6,0.0109,29700000,29700000,None,-0.222,-0.25,2036900000,2098600000,3.29,2016-06-30,12.9,578900000,7711800000.0,3633000000,1987100000,753800000,578900000,578900000,None,55000000,None,11343100000,None,None,4860800000,None,None,249800000,None,None,None,0.125,61700000,1658800000,1974200000,248300000,1143000000,None,None,None,None,None,None,None,1.13,1.764,1.248,None,None,None,None,None,33400000,None,0.105,None,131400000,2025-10-28,quarterly,3.04,USD,pre-market,None,4887000000,0.0816,0.143,-0.032,111.02,1658800000,6078600000,1191700000,248300000,143.3,150.78,-7.5988,14820700000,12179000000,3375800000,8262700000,2641700000,4886900000,15051300000,6452900000,12.65,-95700000,183.98,109.46
2025-12-28,DHI,11.57,34250400000.0,12.65,None,1.38,82.15,20300000,None,587600000,587600000,-88500000,15500000,-44600000,None,-135000000,None,None,None,3200000,316230769,None,11418300000,11418300000,1041100000,None,None,None,None,None,61700000,14000000,1.6,0.0109,29600000,29600000,None,-0.222,-0.25,2036900000,2098600000,3.29,2016-03-31,12.9,578900000,7711800000.0,3633000000,1987100000,753800000,578900000,578900000,None,55000000,None,11343100000,None,None,4860800000,None,None,195100000,None,None,None,0.125,28400000,1658800000,1974200000,248300000,1143000000,None,None,None,None,None,None,None,1.13,1.764,1.248,None,None,None,None,None,11400000,None,0.105,None,131400000,2025-10-28,quarterly,3.04,USD,pre-market,None,4887000000,0.0816,0.143,-0.032,111.02,1658800000,6078600000,1191700000,248300000,143.3,150.78,-7.5988,14820700000,12179000000,3375800000,8262700000,2641700000,4886900000,15051300000,6452900000,12.65,-95700000,183.98,109.46
2025-12-28,DHI,11.57,34250400000.0,12.65,None,1.38,82.15,20100000,None,587600000,587600000,-91400000,-22200000,-115100000,None,-281900000,None,None,None,3200000,316230769,None,11418300000,11418300000,1041100000,None,None,None,None,None,61700000,13600000,1.6,0.0109,29600000,29600000,None,-0.222,-0.25,2036900000,2098600000,3.29,2015-12-31,12.9,578900000,7711800000.0,3633000000,1987100000,753800000,578900000,578900000,None,55000000,None,11343100000,None,None,4860800000,None,None,157700000,None,None,None,0.125,-1500000,1658800000,1974200000,248300000,1143000000,None,None,None,None,None,None,None,1.13,1.764,1.248,None,None,None,None,None,17000000,None,0.105,None,131400000,2025-10-28,quarterly,3.04,USD,pre-market,None,4887000000,0.0816,0.143,-0.032,111.02,1658800000,6078600000,1191700000,248300000,143.3,150.78,-7.5988,14820700000,12179000000,3375800000,8262700000,2641700000,4886900000,15051300000,6452900000,12.65,-95700000,183.98,109.46
2025-12-28,DHI,11.57,34250400000.0,12.65,None,1.38,82.15,12800000,None,587600000,587600000,27000000,39400000,578200000,None,283300000,None,None,None,3200000,316230769,None,11418300000,11418300000,1041100000,None,None,None,None,None,61700000,14400000,1.6,0.0109,23000000,23000000,None,-0.222,-0.25,2036900000,2098600000,3.29,2015-09-30,12.9,578900000,7711800000.0,3633000000,1987100000,753800000,578900000,578900000,None,55000000,None,11343100000,None,None,4860800000,None,None,238900000,None,None,None,0.125,511800000,1658800000,1974200000,248300000,1143000000,None,None,None,None,None,None,None,1.13,1.764,1.248,None,None,None,None,None,37800000,None,0.105,None,131400000,2025-10-28,quarterly,3.04,USD,pre-market,None,4887000000,0.0816,0.143,-0.032,111.02,1658800000,6078600000,1191700000,248300000,143.3,150.78,-7.5988,14820700000,12179000000,3375800000,8262700000,2641700000,4886900000,15051300000,6452900000,12.65,-95700000,183.98,109.46
2025-12-28,DHI,11.57,34250400000.0,12.65,None,1.38,82.15,19300000,None,587600000,587600000,-144000000,-105500000,107900000,None,74000000,None,None,None,3200000,316230769,None,11418300000,11418300000,1041100000,None,None,None,None,None,61700000,14300000,1.6,0.0109,22900000,22900000,None,-0.222,-0.25,2036900000,2098600000,3.29,2015-06-30,12.9,578900000,7711800000.0,3633000000,1987100000,753800000,578900000,578900000,None,55000000,None,11343100000,None,None,4860800000,None,None,221400000,None,None,None,0.125,357400000,1658800000,1974200000,248300000,1143000000,None,None,None,None,None,None,None,1.13,1.764,1.248,None,None,None,None,None,3000000,None,0.105,None,131400000,2025-10-28,quarterly,3.04,USD,pre-market,None,4887000000,0.0816,0.143,-0.032,111.02,1658800000,6078600000,1191700000,248300000,143.3,150.78,-7.5988,14820700000,12179000000,3375800000,8262700000,2641700000,4886900000,15051300000,6452900000,12.65,-95700000,183.98,109.46
2025-12-28,DHI,11.57,34250400000.0,12.65,None,1.38,82.15,12700000,None,587600000,587600000,211900000,-15400000,156700000,None,-156500000,None,None,None,3200000,316230769,None,11418300000,11418300000,1041100000,None,None,None,None,None,61700000,13100000,1.6,0.0109,22900000,22900000,None,-0.222,-0.25,2036900000,2098600000,3.29,2015-03-31,12.9,578900000,7711800000.0,3633000000,1987100000,753800000,578900000,578900000,None,55000000,None,11343100000,None,None,4860800000,None,None,147900000,None,None,None,0.125,-39800000,1658800000,1974200000,248300000,1143000000,None,None,None,None,None,None,None,1.13,1.764,1.248,None,None,None,None,None,16400000,None,0.105,None,131400000,2025-10-28,quarterly,3.04,USD,pre-market,None,4887000000,0.0816,0.143,-0.032,111.02,1658800000,6078600000,1191700000,248300000,143.3,150.78,-7.5988,14820700000,12179000000,3375800000,8262700000,2641700000,4886900000,15051300000,6452900000,12.65,-95700000,183.98,109.46
2025-12-28,DHI,11.57,34250400000.0,12.65,None,1.38,82.15,11300000,None,587600000,587600000,22100000,-13900000,-120800000,None,-290300000,None,None,None,3200000,316230769,None,11418300000,11418300000,1041100000,None,None,None,None,None,61700000,12300000,1.6,0.0109,22800000,22800000,None,-0.222,-0.25,2036900000,2098600000,3.29,2014-12-31,12.9,578900000,7711800000.0,3633000000,1987100000,753800000,578900000,578900000,None,55000000,None,11343100000,None,None,4860800000,None,None,142500000,None,None,None,0.125,-129000000,1658800000,1974200000,248300000,1143000000,None,None,None,None,None,None,None,1.13,1.764,1.248,None,None,None,None,None,4600000,None,0.105,None,131400000,2025-10-28,quarterly,3.04,USD,pre-market,None,4887000000,0.0816,0.143,-0.032,111.02,1658800000,6078600000,1191700000,248300000,143.3,150.78,-7.5988,14820700000,12179000000,3375800000,8262700000,2641700000,4886900000,15051300000,6452900000,12.65,-95700000,183.98,109.46
2025-12-28,DHI,11.57,34250400000.0,12.65,None,1.38,82.15,50300000,None,587600000,587600000,196600000,-64400000,45900000,None,-344600000,None,None,None,3200000,316230769,None,11418300000,11418300000,1041100000,None,None,None,None,None,61700000,11800000,1.6,0.0109,22800000,22800000,None,-0.222,-0.25,2036900000,2098600000,3.29,2014-09-30,12.9,578900000,7711800000.0,3633000000,1987100000,753800000,578900000,578900000,None,55000000,None,11343100000,None,None,4860800000,None,None,166200000,None,None,None,0.125,-86300000,1658800000,1974200000,248300000,1143000000,None,None,None,None,None,None,None,1.13,1.764,1.248,None,None,None,None,None,2100000,None,0.105,None,131400000,2025-10-28,quarterly,3.04,USD,pre-market,None,4887000000,0.0816,0.143,-0.032,111.02,1658800000,6078600000,1191700000,248300000,143.3,150.78,-7.5988,14820700000,12179000000,3375800000,8262700000,2641700000,4886900000,15051300000,6452900000,12.65,-95700000,183.98,109.46
2025-12-28,DHI,11.57,34250400000.0,12.65,None,1.38,82.15,17100000,None,587600000,587600000,78500000,-146700000,-376400000,None,-524000000,None,None,None,3200000,316230769,None,11418300000,11418300000,1041100000,None,None,None,None,None,61700000,9900000,1.6,0.0109,13700000,13700000,None,-0.222,-0.25,2036900000,2098600000,3.29,2014-06-30,12.9,578900000,7711800000.0,3633000000,1987100000,753800000,578900000,578900000,None,55000000,None,11343100000,None,None,4860800000,None,None,113200000,None,None,None,0.125,-308200000,1658800000,1974200000,248300000,1143000000,None,None,None,None,None,None,None,1.13,1.764,1.248,None,None,None,None,None,13500000,None,0.105,None,131400000,2025-10-28,quarterly,3.04,USD,pre-market,None,4887000000,0.0816,0.143,-0.032,111.02,1658800000,6078600000,1191700000,248300000,143.3,150.78,-7.5988,14820700000,12179000000,3375800000,8262700000,2641700000,4886900000,15051300000,6452900000,12.65,-95700000,183.98,109.46
2025-12-28,DHI,11.57,34250400000.0,12.65,None,1.38,82.15,14500000,None,587600000,587600000,404400000,-13700000,131300000,None,-291900000,None,None,None,3200000,316230769,None,11418300000,11418300000,1041100000,None,None,None,None,None,61700000,8900000,1.6,0.0109,12100000,12100000,None,-0.222,-0.25,2036900000,2098600000,3.29,2014-03-31,12.9,578900000,7711800000.0,3633000000,1987100000,753800000,578900000,578900000,None,55000000,None,11343100000,None,None,4860800000,None,None,130900000,None,None,None,0.125,-259400000,1658800000,1974200000,248300000,1143000000,None,None,None,None,None,None,None,1.13,1.764,1.248,None,None,None,None,None,26300000,None,0.105,None,131400000,2025-10-28,quarterly,3.04,USD,pre-market,None,4887000000,0.0816,0.143,-0.032,111.02,1658800000,6078600000,1191700000,248300000,143.3,150.78,-7.5988,14820700000,12179000000,3375800000,8262700000,2641700000,4886900000,15051300000,6452900000,12.65,-95700000,183.98,109.46
2025-12-28,DHI,11.57,34250400000.0,12.65,None,1.38,82.15,18300000,None,587600000,587600000,-51600000,-57300000,-116400000,None,-271300000,None,None,None,3200000,316230769,None,11418300000,11418300000,1041100000,None,None,None,None,None,61700000,7800000,1.6,0.0109,0,0,None,-0.222,-0.25,2036900000,2098600000,3.29,2013-12-31,12.9,578900000,7711800000.0,3633000000,1987100000,753800000,578900000,578900000,None,55000000,None,11343100000,None,None,4860800000,None,None,123200000,None,None,None,0.125,-7500000,1658800000,1974200000,248300000,1143000000,None,None,None,None,None,None,None,1.13,1.764,1.248,None,None,None,None,None,3300000,None,0.105,None,131400000,2025-10-28,quarterly,3.04,USD,pre-market,None,4887000000,0.0816,0.143,-0.032,111.02,1658800000,6078600000,1191700000,248300000,143.3,150.78,-7.5988,14820700000,12179000000,3375800000,8262700000,2641700000,4886900000,15051300000,6452900000,12.65,-95700000,183.98,109.46
2025-12-28,DHI,11.57,34250400000.0,12.65,None,1.38,82.15,17400000,None,587600000,587600000,421400000,-28100000,298500000,None,-312300000,None,None,None,3200000,316230769,None,11418300000,11418300000,1041100000,None,None,None,None,None,61700000,6700000,1.6,0.0109,60200000,60200000,None,-0.222,-0.25,2036900000,2098600000,3.29,2013-09-30,12.9,578900000,7711800000.0,3633000000,1987100000,753800000,578900000,578900000,None,55000000,None,11343100000,None,None,4860800000,None,None,139500000,None,None,None,0.125,-94800000,1658800000,1974200000,248300000,1143000000,None,None,None,None,None,None,None,1.13,1.764,1.248,None,None,None,None,None,1800000,None,0.105,None,131400000,2025-10-28,quarterly,3.04,USD,pre-market,None,4887000000,0.0816,0.143,-0.032,111.02,1658800000,6078600000,1191700000,248300000,143.3,150.78,-7.5988,14820700000,12179000000,3375800000,8262700000,2641700000,4886900000,15051300000,6452900000,12.65,-95700000,183.98,109.46
2025-12-28,DHI,11.57,34250400000.0,12.65,None,1.38,82.15,15300000,None,587600000,587600000,-187500000,-29000000,-512500000,None,-588000000,None,None,None,3200000,316230769,None,11418300000,11418300000,1041100000,None,None,None,None,None,61700000,5900000,1.6,0.0109,60200000,60200000,None,-0.222,-0.25,2036900000,2098600000,3.29,2013-06-30,12.9,578900000,7711800000.0,3633000000,1987100000,753800000,578900000,578900000,None,55000000,None,11343100000,None,None,4860800000,None,None,145900000,None,None,None,0.125,-296000000,1658800000,1974200000,248300000,1143000000,None,None,None,None,None,None,None,1.13,1.764,1.248,None,None,None,None,None,10200000,None,0.105,None,131400000,2025-10-28,quarterly,3.04,USD,pre-market,None,4887000000,0.0816,0.143,-0.032,111.02,1658800000,6078600000,1191700000,248300000,143.3,150.78,-7.5988,14820700000,12179000000,3375800000,8262700000,2641700000,4886900000,15051300000,6452900000,12.65,-95700000,183.98,109.46
2025-12-28,DHI,11.57,34250400000.0,12.65,None,1.38,82.15,11300000,None,587600000,587600000,681600000,85800000,583600000,None,-311000000,None,None,None,3200000,316230769,None,11418300000,11418300000,1041100000,None,None,None,None,None,61700000,5300000,1.6,0.0109,60200000,60200000,None,-0.222,-0.25,2036900000,2098600000,3.29,2013-03-31,12.9,578900000,7711800000.0,3633000000,1987100000,753800000,578900000,578900000,None,55000000,None,11343100000,None,None,4860800000,None,None,111000000,None,None,None,0.125,-183800000,1658800000,1974200000,248300000,1143000000,None,None,None,None,None,None,None,1.13,1.764,1.248,None,None,None,None,None,15600000,None,0.105,None,131400000,2025-10-28,quarterly,3.04,USD,pre-market,None,4887000000,0.0816,0.143,-0.032,111.02,1658800000,6078600000,1191700000,248300000,143.3,150.78,-7.5988,14820700000,12179000000,3375800000,8262700000,2641700000,4886900000,15051300000,6452900000,12.65,-95700000,183.98,109.46
2025-12-28,DHI,11.57,34250400000.0,12.65,None,1.38,82.15,14000000,None,587600000,587600000,23500000,152200000,-480800000,None,-839600000,None,None,None,3200000,316230769,None,11418300000,11418300000,1041100000,None,None,None,None,None,61700000,4800000,1.6,0.0109,60200000,60200000,None,-0.222,-0.25,2036900000,2098600000,3.29,2012-12-31,12.9,578900000,7711800000.0,3633000000,1987100000,753800000,578900000,578900000,None,55000000,None,11343100000,None,None,4860800000,None,None,66300000,None,None,None,0.125,-656500000,1658800000,1974200000,248300000,1143000000,None,None,None,None,None,None,None,1.13,1.764,1.248,None,None,None,None,None,2100000,None,0.105,None,131400000,2025-10-28,quarterly,3.04,USD,pre-market,None,4887000000,0.0816,0.143,-0.032,111.02,1658800000,6078600000,1191700000,248300000,143.3,150.78,-7.5988,14820700000,12179000000,3375800000,8262700000,2641700000,4886900000,15051300000,6452900000,12.65,-95700000,183.98,109.46
2025-12-28,DHI,11.57,34250400000.0,12.65,None,1.38,82.15,9800000,None,587600000,587600000,393900000,-130200000,142800000,None,-233900000,None,None,None,3200000,316230769,None,11418300000,11418300000,1041100000,None,None,None,None,None,61700000,4400000,1.6,0.0109,12000000,12000000,None,-0.222,-0.25,2036900000,2098600000,3.29,2012-09-30,12.9,578900000,7711800000.0,3633000000,1987100000,753800000,578900000,578900000,None,55000000,None,11343100000,None,None,4860800000,None,None,100100000,None,None,None,0.125,-120900000,1658800000,1974200000,248300000,1143000000,None,None,None,None,None,None,None,1.13,1.764,1.248,None,None,None,None,None,30300000,None,0.105,None,131400000,2025-10-28,quarterly,3.04,USD,pre-market,None,4887000000,0.0816,0.143,-0.032,111.02,1658800000,6078600000,1191700000,248300000,143.3,150.78,-7.5988,14820700000,12179000000,3375800000,8262700000,2641700000,4886900000,15051300000,6452900000,12.65,-95700000,183.98,109.46
2025-12-28,DHI,11.57,34250400000.0,12.65,None,1.38,82.15,18300000,None,587600000,587600000,325400000,-5700000,225100000,None,-227500000,None,None,None,3200000,316230769,None,11418300000,11418300000,1041100000,None,None,None,None,None,61700000,4600000,1.6,0.0109,12000000,12000000,None,-0.222,-0.25,2036900000,2098600000,3.29,2012-06-30,12.9,578900000,7711800000.0,3633000000,1987100000,753800000,578900000,578900000,None,55000000,None,11343100000,None,None,4860800000,None,None,787900000,None,None,None,0.125,-94600000,1658800000,1974200000,248300000,1143000000,None,None,None,None,None,None,None,1.13,1.764,1.248,None,None,None,None,None,8700000,None,0.105,None,131400000,2025-10-28,quarterly,3.04,USD,pre-market,None,4887000000,0.0816,0.143,-0.032,111.02,1658800000,6078600000,1191700000,248300000,143.3,150.78,-7.5988,14820700000,12179000000,3375800000,8262700000,2641700000,4886900000,15051300000,6452900000,12.65,-95700000,183.98,109.46
2025-12-28,DHI,11.57,34250400000.0,12.65,None,1.38,82.15,3100000,None,587600000,587600000,22600000,-1600000,-58300000,None,-154600000,None,None,None,3200000,316230769,None,11418300000,11418300000,1041100000,None,None,None,None,None,61700000,4800000,1.6,0.0109,11900000,11900000,None,-0.222,-0.25,2036900000,2098600000,3.29,2012-03-31,12.9,578900000,7711800000.0,3633000000,1987100000,753800000,578900000,578900000,None,55000000,None,11343100000,None,None,4860800000,None,None,40600000,None,None,None,0.125,-79300000,1658800000,1974200000,248300000,1143000000,None,None,None,None,None,None,None,1.13,1.764,1.248,None,None,None,None,None,17000000,None,0.105,None,131400000,2025-10-28,quarterly,3.04,USD,pre-market,None,4887000000,0.0816,0.143,-0.032,111.02,1658800000,6078600000,1191700000,248300000,143.3,150.78,-7.5988,14820700000,12179000000,3375800000,8262700000,2641700000,4886900000,15051300000,6452900000,12.65,-95700000,183.98,109.46
2025-12-28,DHI,11.57,34250400000.0,12.65,None,1.38,82.15,2400000,None,587600000,587600000,9600000,-800000,5500000,None,-30400000,None,None,None,3200000,316230769,None,11418300000,11418300000,1041100000,None,None,None,None,None,61700000,5000000,1.6,0.0109,11900000,11900000,None,-0.222,-0.25,2036900000,2098600000,3.29,2011-12-31,12.9,578900000,7711800000.0,3633000000,1987100000,753800000,578900000,578900000,None,55000000,None,11343100000,None,None,4860800000,None,None,27700000,None,None,None,0.125,-3300000,1658800000,1974200000,248300000,1143000000,None,None,None,None,None,None,None,1.13,1.764,1.248,None,None,None,None,None,24900000,None,0.105,None,131400000,2025-10-28,quarterly,3.04,USD,pre-market,None,4887000000,0.0816,0.143,-0.032,111.02,1658800000,6078600000,1191700000,248300000,143.3,150.78,-7.5988,14820700000,12179000000,3375800000,8262700000,2641700000,4886900000,15051300000,6452900000,12.65,-95700000,183.98,109.46
2025-12-28,DHI,11.57,34250400000.0,12.65,None,1.38,82.15,3500000,None,587600000,587600000,-193800000,-4800000,-108400000,None,39000000,None,None,None,3200000,316230769,None,11418300000,11418300000,1041100000,None,None,None,None,None,61700000,5000000,1.6,0.0109,11900000,11900000,None,-0.222,-0.25,2036900000,2098600000,3.29,2011-09-30,12.9,578900000,7711800000.0,3633000000,1987100000,753800000,578900000,578900000,None,55000000,None,11343100000,None,None,4860800000,None,None,35800000,None,None,None,0.125,90200000,1658800000,1974200000,248300000,1143000000,None,None,None,None,None,None,None,1.13,1.764,1.248,None,None,None,None,None,2000000,None,0.105,None,131400000,2025-10-28,quarterly,3.04,USD,pre-market,None,4887000000,0.0816,0.143,-0.032,111.02,1658800000,6078600000,1191700000,248300000,143.3,150.78,-7.5988,14820700000,12179000000,3375800000,8262700000,2641700000,4886900000,15051300000,6452900000,12.65,-95700000,183.98,109.46
2025-12-28,DHI,11.57,34250400000.0,12.65,None,1.38,82.15,4600000,None,587600000,587600000,-169100000,-16800000,-240100000,None,-60600000,None,None,None,3200000,316230769,None,11418300000,11418300000,1041100000,None,None,None,None,None,61700000,5000000,1.6,0.0109,11900000,11900000,None,-0.222,-0.25,2036900000,2098600000,3.29,2011-06-30,12.9,578900000,7711800000.0,3633000000,1987100000,753800000,578900000,578900000,None,55000000,None,11343100000,None,None,4860800000,None,None,28600000,None,None,None,0.125,-54200000,1658800000,1974200000,248300000,1143000000,None,None,None,None,None,None,None,1.13,1.764,1.248,None,None,None,None,None,-37100000,None,0.105,None,131400000,2025-10-28,quarterly,3.04,USD,pre-market,None,4887000000,0.0816,0.143,-0.032,111.02,1658800000,6078600000,1191700000,248300000,143.3,150.78,-7.5988,14820700000,12179000000,3375800000,8262700000,2641700000,4886900000,15051300000,6452900000,12.65,-95700000,183.98,109.46
2025-12-28,DHI,11.57,34250400000.0,12.65,None,1.38,82.15,4500000,None,587600000,587600000,-68900000,-500000,-140000000,None,-74300000,None,None,None,3200000,316230769,None,11418300000,11418300000,1041100000,None,None,None,None,None,61700000,5000000,1.6,0.0109,12000000,12000000,None,-0.222,-0.25,2036900000,2098600000,3.29,2011-03-31,12.9,578900000,7711800000.0,3633000000,1987100000,753800000,578900000,578900000,None,55000000,None,11343100000,None,None,4860800000,None,None,27800000,None,None,None,0.125,-70600000,1658800000,1974200000,248300000,1143000000,None,None,None,None,None,None,None,1.13,1.764,1.248,None,None,None,None,None,700000,None,0.105,None,131400000,2025-10-28,quarterly,3.04,USD,pre-market,None,4887000000,0.0816,0.143,-0.032,111.02,1658800000,6078600000,1191700000,248300000,143.3,150.78,-7.5988,14820700000,12179000000,3375800000,8262700000,2641700000,4886900000,15051300000,6452900000,12.65,-95700000,183.98,109.46
2025-12-28,DHI,11.57,34250400000.0,12.65,None,1.38,82.15,3700000,None,587600000,587600000,-140500000,2800000,-88200000,None,66900000,None,None,None,3200000,316230769,None,11418300000,11418300000,1041100000,None,None,None,None,None,61700000,4900000,1.6,0.0109,12000000,12000000,None,-0.222,-0.25,2036900000,2098600000,3.29,2010-12-31,12.9,578900000,7711800000.0,3633000000,1987100000,753800000,578900000,578900000,None,55000000,None,11343100000,None,None,4860800000,None,None,-20400000,None,None,None,0.125,49500000,1658800000,1974200000,248300000,1143000000,None,None,None,None,None,None,None,1.13,1.764,1.248,None,None,None,None,None,-500000,None,0.105,None,131400000,2025-10-28,quarterly,3.04,USD,pre-market,None,4887000000,0.0816,0.143,-0.032,111.02,1658800000,6078600000,1191700000,248300000,143.3,150.78,-7.5988,14820700000,12179000000,3375800000,8262700000,2641700000,4886900000,15051300000,6452900000,12.65,-95700000,183.98,109.46
2025-12-28,DHI,11.57,34250400000.0,12.65,None,1.38,82.15,3600000,None,587600000,587600000,-206100000,600000,None,None,82300000,None,None,None,3200000,316230769,None,11418300000,11418300000,1041100000,None,None,None,None,None,61700000,4500000,1.6,0.0109,11900000,11900000,None,-0.222,-0.25,2036900000,2098600000,3.29,2010-09-30,12.9,578900000,7711800000.0,3633000000,1987100000,753800000,578900000,578900000,None,55000000,None,11343100000,None,None,4860800000,None,None,-8800000,None,None,None,0.125,122300000,1658800000,1974200000,248300000,1143000000,None,None,None,None,None,None,None,1.13,1.764,1.248,None,None,None,None,None,-61200000,None,0.105,None,131400000,2025-10-28,quarterly,3.04,USD,pre-market,None,4887000000,0.0816,0.143,-0.032,111.02,1658800000,6078600000,1191700000,248300000,143.3,150.78,-7.5988,14820700000,12179000000,3375800000,8262700000,2641700000,4886900000,15051300000,6452900000,12.65,-95700000,183.98,109.46
2025-12-28,DHI,11.57,34250400000.0,12.65,None,1.38,82.15,7900000,None,587600000,587600000,-289700000,-116700000,None,None,170500000,None,None,None,3200000,316230769,None,11418300000,11418300000,1041100000,None,None,None,None,None,61700000,4000000,1.6,0.0109,12000000,12000000,None,-0.222,-0.25,2036900000,2098600000,3.29,2010-06-30,12.9,578900000,7711800000.0,3633000000,1987100000,753800000,578900000,578900000,None,55000000,None,11343100000,None,None,4860800000,None,None,50500000,None,None,None,0.125,159300000,1658800000,1974200000,248300000,1143000000,None,None,None,None,None,None,None,1.13,1.764,1.248,None,None,None,None,None,0,None,0.105,None,131400000,2025-10-28,quarterly,3.04,USD,pre-market,None,4887000000,0.0816,0.143,-0.032,111.02,1658800000,6078600000,1191700000,248300000,143.3,150.78,-7.5988,14820700000,12179000000,3375800000,8262700000,2641700000,4886900000,15051300000,6452900000,12.65,-95700000,183.98,109.46
2025-12-28,DHI,11.57,34250400000.0,12.65,None,1.38,82.15,5200000,None,587600000,587600000,-302900000,-201500000,None,None,-183000000,None,None,None,3200000,316230769,None,11418300000,11418300000,1041100000,None,None,None,None,None,61700000,-3100000,1.6,0.0109,11900000,11900000,None,-0.222,-0.25,2036900000,2098600000,3.29,2010-03-31,12.9,578900000,7711800000.0,3633000000,1987100000,753800000,578900000,578900000,None,55000000,None,11343100000,None,None,4860800000,None,None,11400000,None,None,None,0.125,207800000,1658800000,1974200000,248300000,1143000000,None,None,None,None,None,None,None,1.13,1.764,1.248,None,None,None,None,None,None,None,0.105,None,131400000,2025-10-28,quarterly,3.04,USD,pre-market,None,4887000000,0.0816,0.143,-0.032,111.02,1658800000,6078600000,1191700000,248300000,143.3,150.78,-7.5988,14820700000,12179000000,3375800000,8262700000,2641700000,4886900000,15051300000,6452900000,12.65,-95700000,183.98,109.46
2025-12-28,DHI,11.57,34250400000.0,12.65,None,1.38,82.15,2500000,None,587600000,587600000,-240700000,-400000,None,None,75000000,None,None,None,3200000,316230769,None,11418300000,11418300000,1041100000,None,None,None,None,None,61700000,11800000,1.6,0.0109,11900000,11900000,None,-0.222,-0.25,2036900000,2098600000,3.29,2009-12-31,12.9,578900000,7711800000.0,3633000000,1987100000,753800000,578900000,578900000,None,55000000,None,11343100000,None,None,4860800000,None,None,192000000,None,None,None,0.125,220000000,1658800000,1974200000,248300000,1143000000,None,None,None,None,None,None,None,1.13,1.764,1.248,None,None,None,None,None,None,None,0.105,None,131400000,2025-10-28,quarterly,3.04,USD,pre-market,None,4887000000,0.0816,0.143,-0.032,111.02,1658800000,6078600000,1191700000,248300000,143.3,150.78,-7.5988,14820700000,12179000000,3375800000,8262700000,2641700000,4886900000,15051300000,6452900000,12.65,-95700000,183.98,109.46
2025-12-28,DHI,11.57,34250400000.0,12.65,None,1.38,82.15,6200000,None,587600000,587600000,-91000000,6800000,None,None,21100000,None,None,None,3200000,316230769,None,11418300000,11418300000,1041100000,None,None,None,None,None,61700000,5000000,1.6,0.0109,11900000,11900000,None,-0.222,-0.25,2036900000,2098600000,3.29,2009-09-30,12.9,578900000,7711800000.0,3633000000,1987100000,753800000,578900000,578900000,None,55000000,None,11343100000,None,None,4860800000,None,None,-231900000,None,None,None,0.125,39200000,1658800000,1974200000,248300000,1143000000,None,None,None,None,None,None,None,1.13,1.764,1.248,None,None,None,None,None,None,None,0.105,None,131400000,2025-10-28,quarterly,3.04,USD,pre-market,None,4887000000,0.0816,0.143,-0.032,111.02,1658800000,6078600000,1191700000,248300000,143.3,150.78,-7.5988,14820700000,12179000000,3375800000,8262700000,2641700000,4886900000,15051300000,6452900000,12.65,-95700000,183.98,109.46
2025-12-28,DHI,11.57,34250400000.0,12.65,None,1.38,82.15,1700000,None,587600000,587600000,425400000,-61700000,None,None,179700000,None,None,None,3200000,316230769,None,11418300000,11418300000,1041100000,None,None,None,None,None,61700000,2400000,1.6,0.0109,11800000,11800000,None,-0.222,-0.25,2036900000,2098600000,3.29,2009-06-30,12.9,578900000,7711800000.0,3633000000,1987100000,753800000,578900000,578900000,None,55000000,None,11343100000,None,None,4860800000,None,None,-142300000,None,None,None,0.125,123400000,1658800000,1974200000,248300000,1143000000,None,None,None,None,None,None,None,1.13,1.764,1.248,None,None,None,None,None,None,None,0.105,None,131400000,2025-10-28,quarterly,3.04,USD,pre-market,None,4887000000,0.0816,0.143,-0.032,111.02,1658800000,6078600000,1191700000,248300000,143.3,150.78,-7.5988,14820700000,12179000000,3375800000,8262700000,2641700000,4886900000,15051300000,6452900000,12.65,-95700000,183.98,109.46
2025-12-28,DHI,11.57,34250400000.0,12.65,None,1.38,82.15,2000000,None,587600000,587600000,-556900000,-2000000,None,None,201700000,None,None,None,3200000,316230769,None,11418300000,11418300000,1041100000,None,None,None,None,None,61700000,10100000,1.6,0.0109,11900000,11900000,None,-0.222,-0.25,2036900000,2098600000,3.29,2009-03-31,12.9,578900000,7711800000.0,3633000000,1987100000,753800000,578900000,578900000,None,55000000,None,11343100000,None,None,4860800000,None,None,-108500000,None,None,None,0.125,161000000,1658800000,1974200000,248300000,1143000000,None,None,None,None,None,None,None,1.13,1.764,1.248,None,None,None,None,None,None,None,0.105,None,131400000,2025-10-28,quarterly,3.04,USD,pre-market,None,4887000000,0.0816,0.143,-0.032,111.02,1658800000,6078600000,1191700000,248300000,143.3,150.78,-7.5988,14820700000,12179000000,3375800000,8262700000,2641700000,4886900000,15051300000,6452900000,12.65,-95700000,183.98,109.46
2025-12-28,DHI,11.57,34250400000.0,12.65,None,1.38,82.15,2500000,None,587600000,587600000,-289300000,-2500000,None,None,174500000,None,None,None,3200000,316230769,None,11418300000,11418300000,1041100000,None,None,None,None,None,61700000,8200000,1.6,0.0109,11900000,11900000,None,-0.222,-0.25,2036900000,2098600000,3.29,2008-12-31,12.9,578900000,7711800000.0,3633000000,1987100000,753800000,578900000,578900000,None,55000000,None,11343100000,None,None,4860800000,None,None,-62600000,None,None,None,0.125,817600000,1658800000,1974200000,248300000,1143000000,None,None,None,None,None,None,None,1.13,1.764,1.248,None,None,None,None,None,None,None,0.105,None,131400000,2025-10-28,quarterly,3.04,USD,pre-market,None,4887000000,0.0816,0.143,-0.032,111.02,1658800000,6078600000,1191700000,248300000,143.3,150.78,-7.5988,14820700000,12179000000,3375800000,8262700000,2641700000,4886900000,15051300000,6452900000,12.65,-95700000,183.98,109.46
2025-12-28,DHI,11.57,34250400000.0,12.65,None,1.38,82.15,2500000,None,587600000,587600000,54100000,2500000,None,None,629700000,None,None,None,3200000,316230769,None,11418300000,11418300000,1041100000,None,None,None,None,None,61700000,13000000,1.6,0.0109,23800000,23800000,None,-0.222,-0.25,2036900000,2098600000,3.29,2008-09-30,12.9,578900000,7711800000.0,3633000000,1987100000,753800000,578900000,578900000,None,55000000,None,11343100000,None,None,4860800000,None,None,-799800000,None,None,None,0.125,479500000,1658800000,1974200000,248300000,1143000000,None,None,None,None,None,None,None,1.13,1.764,1.248,None,None,None,None,None,None,None,0.105,None,131400000,2025-10-28,quarterly,3.04,USD,pre-market,None,4887000000,0.0816,0.143,-0.032,111.02,1658800000,6078600000,1191700000,248300000,143.3,150.78,-7.5988,14820700000,12179000000,3375800000,8262700000,2641700000,4886900000,15051300000,6452900000,12.65,-95700000,183.98,109.46
2025-12-28,DHI,11.57,34250400000.0,12.65,None,1.38,82.15,2300000,None,587600000,587600000,-97800000,-2300000,None,None,430500000,None,None,None,3200000,316230769,None,11418300000,11418300000,1041100000,None,None,None,None,None,61700000,14800000,1.6,0.0109,23700000,23700000,None,-0.222,-0.25,2036900000,2098600000,3.29,2008-06-30,12.9,578900000,7711800000.0,3633000000,1987100000,753800000,578900000,578900000,None,55000000,None,11343100000,None,None,4860800000,None,None,-399300000,None,None,None,0.125,390400000,1658800000,1974200000,248300000,1143000000,None,None,None,None,None,None,None,1.13,1.764,1.248,None,None,None,None,None,None,None,0.105,None,131400000,2025-10-28,quarterly,3.04,USD,pre-market,None,4887000000,0.0816,0.143,-0.032,111.02,1658800000,6078600000,1191700000,248300000,143.3,150.78,-7.5988,14820700000,12179000000,3375800000,8262700000,2641700000,4886900000,15051300000,6452900000,12.65,-95700000,183.98,109.46
2025-12-28,DHI,11.57,34250400000.0,12.65,None,1.38,82.15,2700000,None,587600000,587600000,-17800000,-2700000,None,None,603600000,None,None,None,3200000,316230769,None,11418300000,11418300000,1041100000,None,None,None,None,None,61700000,16100000,1.6,0.0109,47200000,47200000,None,-0.222,-0.25,2036900000,2098600000,3.29,2008-03-31,12.9,578900000,7711800000.0,3633000000,1987100000,753800000,578900000,578900000,None,55000000,None,11343100000,None,None,4860800000,None,None,-1305700000,None,None,None,0.125,452300000,1658800000,1974200000,248300000,1143000000,None,None,None,None,None,None,None,1.13,1.764,1.248,None,None,None,None,None,None,None,0.105,None,131400000,2025-10-28,quarterly,3.04,USD,pre-market,None,4887000000,0.0816,0.143,-0.032,111.02,1658800000,6078600000,1191700000,248300000,143.3,150.78,-7.5988,14820700000,12179000000,3375800000,8262700000,2641700000,4886900000,15051300000,6452900000,12.65,-95700000,183.98,109.46
2025-12-28,DHI,11.57,34250400000.0,12.65,None,1.38,82.15,4100000,None,587600000,587600000,-694100000,-4100000,None,None,475900000,None,None,None,3200000,316230769,None,11418300000,11418300000,1041100000,None,None,None,None,None,61700000,16500000,1.6,0.0109,47300000,47300000,None,-0.222,-0.25,2036900000,2098600000,3.29,2007-12-31,12.9,578900000,7711800000.0,3633000000,1987100000,753800000,578900000,578900000,None,55000000,None,11343100000,None,None,4860800000,None,None,-128800000,None,None,None,0.125,557700000,1658800000,1974200000,248300000,1143000000,None,None,None,None,None,None,None,1.13,1.764,1.248,None,None,None,None,None,None,None,0.105,None,131400000,2025-10-28,quarterly,3.04,USD,pre-market,None,4887000000,0.0816,0.143,-0.032,111.02,1658800000,6078600000,1191700000,248300000,143.3,150.78,-7.5988,14820700000,12179000000,3375800000,8262700000,2641700000,4886900000,15051300000,6452900000,12.65,-95700000,183.98,109.46
2025-12-28,DHI,11.57,34250400000.0,12.65,None,1.38,82.15,7100000,None,587600000,587600000,-592400000,-7100000,None,None,918500000,None,None,None,3200000,316230769,None,11418300000,11418300000,1041100000,None,None,None,None,None,61700000,17800000,1.6,0.0109,47200000,47200000,None,-0.222,-0.25,2036900000,2098600000,3.29,2007-09-30,12.9,578900000,7711800000.0,3633000000,1987100000,753800000,578900000,578900000,None,55000000,None,11343100000,None,None,4860800000,None,None,-50200000,None,None,None,0.125,808300000,1658800000,1974200000,248300000,1143000000,None,None,None,None,None,None,None,1.13,1.764,1.248,None,None,None,None,None,None,None,0.105,None,131400000,2025-10-28,quarterly,3.04,USD,pre-market,None,4887000000,0.0816,0.143,-0.032,111.02,1658800000,6078600000,1191700000,248300000,143.3,150.78,-7.5988,14820700000,12179000000,3375800000,8262700000,2641700000,4886900000,15051300000,6452900000,12.65,-95700000,183.98,109.46
2025-12-28,DHI,11.57,34250400000.0,12.65,None,1.38,82.15,8400000,None,587600000,587600000,-222800000,-8400000,None,None,-176700000,None,None,None,3200000,316230769,None,11418300000,11418300000,1041100000,None,None,None,None,None,61700000,17800000,1.6,0.0109,47100000,47100000,None,-0.222,-0.25,2036900000,2098600000,3.29,2007-06-30,12.9,578900000,7711800000.0,3633000000,1987100000,753800000,578900000,578900000,None,55000000,None,11343100000,None,None,4860800000,None,None,-823700000,None,None,None,0.125,73400000,1658800000,1974200000,248300000,1143000000,None,None,None,None,None,None,None,1.13,1.764,1.248,None,None,None,None,None,None,None,0.105,None,131400000,2025-10-28,quarterly,3.04,USD,pre-market,None,4887000000,0.0816,0.143,-0.032,111.02,1658800000,6078600000,1191700000,248300000,143.3,150.78,-7.5988,14820700000,12179000000,3375800000,8262700000,2641700000,4886900000,15051300000,6452900000,12.65,-95700000,183.98,109.46
2025-12-28,DHI,11.57,34250400000.0,12.65,None,1.38,82.15,13100000,None,587600000,587600000,-86400000,-13100000,None,None,54900000,None,None,None,3200000,316230769,None,11418300000,11418300000,1041100000,None,None,None,None,None,61700000,18100000,1.6,0.0109,47100000,47100000,None,-0.222,-0.25,2036900000,2098600000,3.29,2007-03-31,12.9,578900000,7711800000.0,3633000000,1987100000,753800000,578900000,578900000,None,55000000,None,11343100000,None,None,4860800000,None,None,51700000,None,None,None,0.125,178300000,1658800000,1974200000,248300000,1143000000,None,None,None,None,None,None,None,1.13,1.764,1.248,None,None,None,None,None,None,None,0.105,None,131400000,2025-10-28,quarterly,3.04,USD,pre-market,None,4887000000,0.0816,0.143,-0.032,111.02,1658800000,6078600000,1191700000,248300000,143.3,150.78,-7.5988,14820700000,12179000000,3375800000,8262700000,2641700000,4886900000,15051300000,6452900000,12.65,-95700000,183.98,109.46
2025-12-28,DHI,11.57,34250400000.0,12.65,None,1.38,82.15,11200000,None,587600000,587600000,-732100000,-11200000,None,None,-59100000,None,None,None,3200000,316230769,None,11418300000,11418300000,1041100000,None,None,None,None,None,61700000,17300000,1.6,0.0109,47000000,47000000,None,-0.222,-0.25,2036900000,2098600000,3.29,2006-12-31,12.9,578900000,7711800000.0,3633000000,1987100000,753800000,578900000,578900000,None,55000000,None,11343100000,None,None,4860800000,None,None,109700000,None,None,None,0.125,295500000,1658800000,1974200000,248300000,1143000000,None,None,None,None,None,None,None,1.13,1.764,1.248,None,None,None,None,None,None,None,0.105,None,131400000,2025-10-28,quarterly,3.04,USD,pre-market,None,4887000000,0.0816,0.143,-0.032,111.02,1658800000,6078600000,1191700000,248300000,143.3,150.78,-7.5988,14820700000,12179000000,3375800000,8262700000,2641700000,4886900000,15051300000,6452900000,12.65,-95700000,183.98,109.46
2025-12-28,DHI,11.57,34250400000.0,12.65,None,1.38,82.15,17100000,None,587600000,587600000,-428700000,-17100000,None,None,428800000,None,None,None,3200000,316230769,None,11418300000,11418300000,1041100000,None,None,None,None,None,61700000,17400000,1.6,0.0109,47000000,47000000,None,-0.222,-0.25,2036900000,2098600000,3.29,2006-09-30,12.9,578900000,7711800000.0,3633000000,1987100000,753800000,578900000,578900000,None,55000000,None,11343100000,None,None,4860800000,None,None,277700000,None,None,None,0.125,873300000,1658800000,1974200000,248300000,1143000000,None,None,None,None,None,None,None,1.13,1.764,1.248,None,None,None,None,None,36800000,None,0.105,None,131400000,2025-10-28,quarterly,3.04,USD,pre-market,None,4887000000,0.0816,0.143,-0.032,111.02,1658800000,6078600000,1191700000,248300000,143.3,150.78,-7.5988,14820700000,12179000000,3375800000,8262700000,2641700000,4886900000,15051300000,6452900000,12.65,-95700000,183.98,109.46
2025-12-28,DHI,11.57,34250400000.0,12.65,None,1.38,82.15,31100000,None,587600000,587600000,661400000,-31100000,None,None,-1182900000,None,None,None,3200000,316230769,None,11418300000,11418300000,1041100000,None,None,None,None,None,61700000,15600000,1.6,0.0109,31200000,31200000,None,-0.222,-0.25,2036900000,2098600000,3.29,2006-06-30,12.9,578900000,7711800000.0,3633000000,1987100000,753800000,578900000,578900000,None,55000000,None,11343100000,None,None,4860800000,None,None,292700000,None,None,None,0.125,-748400000,1658800000,1974200000,248300000,1143000000,None,None,None,None,None,None,None,1.13,1.764,1.248,None,None,None,None,None,None,None,0.105,None,131400000,2025-10-28,quarterly,3.04,USD,pre-market,None,4887000000,0.0816,0.143,-0.032,111.02,1658800000,6078600000,1191700000,248300000,143.3,150.78,-7.5988,14820700000,12179000000,3375800000,8262700000,2641700000,4886900000,15051300000,6452900000,12.65,-95700000,183.98,109.46
2025-12-28,DHI,11.57,34250400000.0,12.65,None,1.38,82.15,16700000,None,587600000,587600000,372800000,-16700000,None,None,-776400000,None,None,None,3200000,316230769,None,11418300000,11418300000,1041100000,None,None,None,None,None,61700000,14900000,1.6,0.0109,31200000,31200000,None,-0.222,-0.25,2036900000,2098600000,3.29,2006-03-31,12.9,578900000,7711800000.0,3633000000,1987100000,753800000,578900000,578900000,None,55000000,None,11343100000,None,None,4860800000,None,None,352800000,None,None,None,0.125,-303100000,1658800000,1974200000,248300000,1143000000,None,None,None,None,None,None,None,1.13,1.764,1.248,None,None,None,None,None,None,None,0.105,None,131400000,2025-10-28,quarterly,3.04,USD,pre-market,None,4887000000,0.0816,0.143,-0.032,111.02,1658800000,6078600000,1191700000,248300000,143.3,150.78,-7.5988,14820700000,12179000000,3375800000,8262700000,2641700000,4886900000,15051300000,6452900000,12.65,-95700000,183.98,109.46
2025-12-28,DHI,11.57,34250400000.0,12.65,None,1.38,82.15,18400000,None,587600000,587600000,106400000,-18400000,None,None,-1578500000,None,None,None,3200000,316230769,None,11418300000,11418300000,1041100000,None,None,None,None,None,61700000,13800000,1.6,0.0109,28200000,28200000,None,-0.222,-0.25,2036900000,2098600000,3.29,2005-12-31,12.9,578900000,7711800000.0,3633000000,1987100000,753800000,578900000,578900000,None,55000000,None,11343100000,None,None,4860800000,None,None,310100000,None,None,None,0.125,-1012600000,1658800000,1974200000,248300000,1143000000,None,None,None,None,None,None,None,1.13,1.764,1.248,None,None,None,None,None,-36800000,None,0.105,None,131400000,2025-10-28,quarterly,3.04,USD,pre-market,None,4887000000,0.0816,0.143,-0.032,111.02,1658800000,6078600000,1191700000,248300000,143.3,150.78,-7.5988,14820700000,12179000000,3375800000,8262700000,2641700000,4886900000,15051300000,6452900000,12.65,-95700000,183.98,109.46
2025-12-28,DHI,11.57,34250400000.0,12.65,None,1.38,82.15,23500000,None,587600000,587600000,521300000,-23500000,None,None,148600000,None,None,None,3200000,316230769,None,11418300000,11418300000,1041100000,None,None,None,None,None,61700000,14800000,1.6,0.0109,28200000,28200000,None,-0.222,-0.25,2036900000,2098600000,3.29,2005-09-30,12.9,578900000,7711800000.0,3633000000,1987100000,753800000,578900000,578900000,None,55000000,None,11343100000,None,None,4860800000,None,None,563800000,None,None,None,0.125,480200000,1658800000,1974200000,248300000,1143000000,None,None,None,None,None,None,None,1.13,1.764,1.248,None,None,None,None,None,None,None,0.105,None,131400000,2025-10-28,quarterly,3.04,USD,pre-market,None,4887000000,0.0816,0.143,-0.032,111.02,1658800000,6078600000,1191700000,248300000,143.3,150.78,-7.5988,14820700000,12179000000,3375800000,8262700000,2641700000,4886900000,15051300000,6452900000,12.65,-95700000,183.98,109.46
2025-12-28,DHI,11.57,34250400000.0,12.65,None,1.38,82.15,137400000,None,587600000,587600000,-4762900000,-168700000,None,None,158100000,None,None,None,3200000,316230769,None,11418300000,11418300000,1041100000,None,None,None,None,None,61700000,101300000,1.6,0.0109,494800000,494800000,None,-0.222,-0.25,2036900000,2098600000,3.29,2025-09-30,12.9,578900000,7711800000.0,3633000000,1987100000,753800000,578900000,578900000,None,55000000,None,11343100000,None,None,4860800000,None,None,3585200000,None,None,None,0.125,3420900000,1658800000,1974200000,248300000,1143000000,None,None,None,None,None,None,None,1.13,1.764,1.248,None,None,None,None,None,-4281600000,None,0.105,None,131400000,2025-10-28,annual,3.04,USD,pre-market,None,4887000000,0.0816,0.143,-0.032,111.02,1658800000,6078600000,1191700000,248300000,143.3,150.78,-7.5988,14820700000,12179000000,3375800000,8262700000,2641700000,4886900000,15051300000,6452900000,12.65,-95700000,183.98,109.46
2025-12-28,DHI,11.57,34250400000.0,12.65,None,1.38,82.15,165300000,None,587600000,587600000,-1355300000,-190600000,None,None,78800000,None,None,None,3200000,316230769,None,11418300000,11418300000,1041100000,None,None,None,None,None,61700000,87100000,1.6,0.0109,395200000,395200000,None,-0.222,-0.25,2036900000,2098600000,3.29,2024-09-30,12.9,578900000,7711800000.0,3633000000,1987100000,753800000,578900000,578900000,None,55000000,None,11343100000,None,None,4860800000,None,None,4756400000,None,None,None,0.125,2189800000,1658800000,1974200000,248300000,1143000000,None,None,None,None,None,None,None,1.13,1.764,1.248,None,None,None,None,None,-1787500000,None,0.105,None,131400000,2025-10-28,annual,3.04,USD,pre-market,None,4887000000,0.0816,0.143,-0.032,111.02,1658800000,6078600000,1191700000,248300000,143.3,150.78,-7.5988,14820700000,12179000000,3375800000,8262700000,2641700000,4886900000,15051300000,6452900000,12.65,-95700000,183.98,109.46
2025-12-28,DHI,11.57,34250400000.0,12.65,None,1.38,82.15,148600000,None,587600000,587600000,-2666700000,-310200000,None,None,-516400000,None,None,None,3200000,316230769,None,11418300000,11418300000,1041100000,None,None,None,None,None,61700000,91600000,1.6,0.0109,341200000,341200000,None,-0.222,-0.25,2036900000,2098600000,3.29,2023-09-30,12.9,578900000,7711800000.0,3633000000,1987100000,753800000,578900000,578900000,None,55000000,None,11343100000,None,None,4860800000,None,None,4795200000,None,None,None,0.125,4304100000,1658800000,1974200000,248300000,1143000000,None,None,None,None,None,None,None,1.13,1.764,1.248,None,None,None,None,None,-1234600000,None,0.105,None,131400000,2025-10-28,annual,3.04,USD,pre-market,None,4887000000,0.0816,0.143,-0.032,111.02,1658800000,6078600000,1191700000,248300000,143.3,150.78,-7.5988,14820700000,12179000000,3375800000,8262700000,2641700000,4886900000,15051300000,6452900000,12.65,-95700000,183.98,109.46
2025-12-28,DHI,11.57,34250400000.0,12.65,None,1.38,82.15,148200000,None,587600000,587600000,-811200000,-414900000,-664300000,None,-5185000000,None,None,None,3200000,316230769,None,11418300000,11418300000,1041100000,None,None,None,None,None,61700000,81400000,1.6,0.0109,316500000,316500000,None,-0.222,-0.25,2036900000,2098600000,3.29,2022-09-30,12.9,578900000,7711800000.0,3633000000,1987100000,753800000,578900000,578900000,None,55000000,None,11343100000,None,None,4860800000,None,None,5895600000,None,None,None,0.125,561800000,1658800000,1974200000,248300000,1143000000,None,None,None,None,None,None,None,1.13,1.764,1.248,None,None,None,None,None,-1193500000,None,0.105,None,131400000,2025-10-28,annual,3.04,USD,pre-market,None,4887000000,0.0816,0.143,-0.032,111.02,1658800000,6078600000,1191700000,248300000,143.3,150.78,-7.5988,14820700000,12179000000,3375800000,8262700000,2641700000,4886900000,15051300000,6452900000,12.65,-95700000,183.98,109.46
2025-12-28,DHI,11.57,34250400000.0,12.65,None,1.38,82.15,267400000,None,587600000,587600000,-85100000,-252200000,197100000,None,-3759100000,None,None,None,3200000,316230769,None,11418300000,11418300000,1041100000,None,None,None,None,None,61700000,73900000,1.6,0.0109,289300000,289300000,None,-0.222,-0.25,2036900000,2098600000,3.29,2021-09-30,12.9,578900000,7711800000.0,3633000000,1987100000,753800000,578900000,578900000,None,55000000,None,11343100000,None,None,4860800000,None,None,4191200000,None,None,None,0.125,534400000,1658800000,1974200000,248300000,1143000000,None,None,None,None,None,None,None,1.13,1.764,1.248,None,None,None,None,None,-926900000,None,0.105,None,131400000,2025-10-28,annual,3.04,USD,pre-market,None,4887000000,0.0816,0.143,-0.032,111.02,1658800000,6078600000,1191700000,248300000,143.3,150.78,-7.5988,14820700000,12179000000,3375800000,8262700000,2641700000,4886900000,15051300000,6452900000,12.65,-95700000,183.98,109.46
2025-12-28,DHI,11.57,34250400000.0,12.65,None,1.38,82.15,286800000,None,587600000,587600000,270600000,-166100000,1526100000,None,-1063500000,None,None,None,3200000,316230769,None,11418300000,11418300000,1041100000,None,None,None,None,None,61700000,80400000,1.6,0.0109,256000000,256000000,None,-0.222,-0.25,2036900000,2098600000,3.29,2020-09-30,12.9,578900000,7711800000.0,3633000000,1987100000,753800000,578900000,578900000,None,55000000,None,11343100000,None,None,4860800000,None,None,2380500000,None,None,None,0.125,1421600000,1658800000,1974200000,248300000,1143000000,None,None,None,None,None,None,None,1.13,1.764,1.248,None,None,None,None,None,-398600000,None,0.105,None,131400000,2025-10-28,annual,3.04,USD,pre-market,None,4887000000,0.0816,0.143,-0.032,111.02,1658800000,6078600000,1191700000,248300000,143.3,150.78,-7.5988,14820700000,12179000000,3375800000,8262700000,2641700000,4886900000,15051300000,6452900000,12.65,-95700000,183.98,109.46
2025-12-28,DHI,11.57,34250400000.0,12.65,None,1.38,82.15,224100000,None,587600000,587600000,-490100000,-394000000,None,None,-591800000,None,None,None,3200000,316230769,None,11418300000,11418300000,1041100000,None,None,None,None,None,61700000,72000000,1.6,0.0109,223400000,223400000,None,-0.222,-0.25,2036900000,2098600000,3.29,2019-09-30,12.9,578900000,7711800000.0,3633000000,1987100000,753800000,578900000,578900000,None,55000000,None,11343100000,None,None,4860800000,None,None,1618600000,None,None,None,0.125,892100000,1658800000,1974200000,248300000,1143000000,None,None,None,None,None,None,None,1.13,1.764,1.248,None,None,None,None,None,-499500000,None,0.105,None,131400000,2025-10-28,annual,3.04,USD,pre-market,None,4887000000,0.0816,0.143,-0.032,111.02,1658800000,6078600000,1191700000,248300000,143.3,150.78,-7.5988,14820700000,12179000000,3375800000,8262700000,2641700000,4886900000,15051300000,6452900000,12.65,-95700000,183.98,109.46
2025-12-28,DHI,11.57,34250400000.0,12.65,None,1.38,82.15,68100000,None,587600000,587600000,-82500000,2600000,465300000,None,-1056600000,None,None,None,3200000,316230769,None,11418300000,11418300000,1041100000,None,None,None,None,None,61700000,62400000,1.6,0.0109,188400000,188400000,None,-0.222,-0.25,2036900000,2098600000,3.29,2018-09-30,12.9,578900000,7711800000.0,3633000000,1987100000,753800000,578900000,578900000,None,55000000,None,11343100000,None,None,4860800000,None,None,1462300000,None,None,None,0.125,545200000,1658800000,1974200000,248300000,1143000000,None,None,None,None,None,None,None,1.13,1.764,1.248,None,None,None,None,None,-137800000,None,0.105,None,131400000,2025-10-28,annual,3.04,USD,pre-market,None,4887000000,0.0816,0.143,-0.032,111.02,1658800000,6078600000,1191700000,248300000,143.3,150.78,-7.5988,14820700000,12179000000,3375800000,8262700000,2641700000,4886900000,15051300000,6452900000,12.65,-95700000,183.98,109.46
2025-12-28,DHI,11.57,34250400000.0,12.65,None,1.38,82.15,157300000,None,587600000,587600000,-559500000,-171000000,-295400000,None,-946700000,None,None,None,3200000,316230769,None,11418300000,11418300000,1041100000,None,None,None,None,None,61700000,54700000,1.6,0.0109,149600000,149600000,None,-0.222,-0.25,2036900000,2098600000,3.29,2017-09-30,12.9,578900000,7711800000.0,3633000000,1987100000,753800000,578900000,578900000,None,55000000,None,11343100000,None,None,4860800000,None,None,1038400000,None,None,None,0.125,435100000,1658800000,1974200000,248300000,1143000000,None,None,None,None,None,None,None,1.13,1.764,1.248,None,None,None,None,None,-60600000,None,0.105,None,131400000,2025-10-28,annual,3.04,USD,pre-market,None,4887000000,0.0816,0.143,-0.032,111.02,1658800000,6078600000,1191700000,248300000,143.3,150.78,-7.5988,14820700000,12179000000,3375800000,8262700000,2641700000,4886900000,15051300000,6452900000,12.65,-95700000,183.98,109.46
2025-12-28,DHI,11.57,34250400000.0,12.65,None,1.38,82.15,86100000,None,587600000,587600000,-586000000,-112600000,-80600000,None,-506500000,None,None,None,3200000,316230769,None,11418300000,11418300000,1041100000,None,None,None,None,None,61700000,61000000,1.6,0.0109,118700000,118700000,None,-0.222,-0.25,2036900000,2098600000,3.29,2016-09-30,12.9,578900000,7711800000.0,3633000000,1987100000,753800000,578900000,578900000,None,55000000,None,11343100000,None,None,4860800000,None,None,886300000,None,None,None,0.125,618000000,1658800000,1974200000,248300000,1143000000,None,None,None,None,None,None,None,1.13,1.764,1.248,None,None,None,None,None,-5900000,None,0.105,None,131400000,2025-10-28,annual,3.04,USD,pre-market,None,4887000000,0.0816,0.143,-0.032,111.02,1658800000,6078600000,1191700000,248300000,143.3,150.78,-7.5988,14820700000,12179000000,3375800000,8262700000,2641700000,4886900000,15051300000,6452900000,12.65,-95700000,183.98,109.46
2025-12-28,DHI,11.57,34250400000.0,12.65,None,1.38,82.15,56100000,None,587600000,587600000,117000000,-95400000,722000000,None,-89500000,None,None,None,3200000,316230769,None,11418300000,11418300000,1041100000,None,None,None,None,None,61700000,54100000,1.6,0.0109,91600000,91600000,None,-0.222,-0.25,2036900000,2098600000,3.29,2015-09-30,12.9,578900000,7711800000.0,3633000000,1987100000,753800000,578900000,578900000,None,55000000,None,11343100000,None,None,4860800000,None,None,750700000,None,None,None,0.125,700400000,1658800000,1974200000,248300000,1143000000,None,None,None,None,None,None,None,1.13,1.764,1.248,None,None,None,None,None,61800000,None,0.105,None,131400000,2025-10-28,annual,3.04,USD,pre-market,None,4887000000,0.0816,0.143,-0.032,111.02,1658800000,6078600000,1191700000,248300000,143.3,150.78,-7.5988,14820700000,12179000000,3375800000,8262700000,2641700000,4886900000,15051300000,6452900000,12.65,-95700000,183.98,109.46
2025-12-28,DHI,11.57,34250400000.0,12.65,None,1.38,82.15,100200000,None,587600000,587600000,627900000,-282100000,-315600000,None,-1431800000,None,None,None,3200000,316230769,None,11418300000,11418300000,1041100000,None,None,None,None,None,61700000,38400000,1.6,0.0109,48600000,48600000,None,-0.222,-0.25,2036900000,2098600000,3.29,2014-09-30,12.9,578900000,7711800000.0,3633000000,1987100000,753800000,578900000,578900000,None,55000000,None,11343100000,None,None,4860800000,None,None,533500000,None,None,None,0.125,-661400000,1658800000,1974200000,248300000,1143000000,None,None,None,None,None,None,None,1.13,1.764,1.248,None,None,None,None,None,45200000,None,0.105,None,131400000,2025-10-28,annual,3.04,USD,pre-market,None,4887000000,0.0816,0.143,-0.032,111.02,1658800000,6078600000,1191700000,248300000,143.3,150.78,-7.5988,14820700000,12179000000,3375800000,8262700000,2641700000,4886900000,15051300000,6452900000,12.65,-95700000,183.98,109.46
2025-12-28,DHI,11.57,34250400000.0,12.65,None,1.38,82.15,58000000,None,587600000,587600000,939000000,180900000,-111200000,None,-2050900000,None,None,None,3200000,316230769,None,11418300000,11418300000,1041100000,None,None,None,None,None,61700000,22700000,1.6,0.0109,60200000,60200000,None,-0.222,-0.25,2036900000,2098600000,3.29,2013-09-30,12.9,578900000,7711800000.0,3633000000,1987100000,753800000,578900000,578900000,None,55000000,None,11343100000,None,None,4860800000,None,None,462700000,None,None,None,0.125,-1231100000,1658800000,1974200000,248300000,1143000000,None,None,None,None,None,None,None,1.13,1.764,1.248,None,None,None,None,None,29700000,None,0.105,None,131400000,2025-10-28,annual,3.04,USD,pre-market,None,4887000000,0.0816,0.143,-0.032,111.02,1658800000,6078600000,1191700000,248300000,143.3,150.78,-7.5988,14820700000,12179000000,3375800000,8262700000,2641700000,4886900000,15051300000,6452900000,12.65,-95700000,183.98,109.46
2025-12-28,DHI,11.57,34250400000.0,12.65,None,1.38,82.15,33600000,None,587600000,587600000,751500000,-147700000,315100000,None,-646400000,None,None,None,3200000,316230769,None,11418300000,11418300000,1041100000,None,None,None,None,None,61700000,18800000,1.6,0.0109,47800000,47800000,None,-0.222,-0.25,2036900000,2098600000,3.29,2012-09-30,12.9,578900000,7711800000.0,3633000000,1987100000,753800000,578900000,578900000,None,55000000,None,11343100000,None,None,4860800000,None,None,956300000,None,None,None,0.125,-288700000,1658800000,1974200000,248300000,1143000000,None,None,None,None,None,None,None,1.13,1.764,1.248,None,None,None,None,None,715000000,None,0.105,None,131400000,2025-10-28,annual,3.04,USD,pre-market,None,4887000000,0.0816,0.143,-0.032,111.02,1658800000,6078600000,1191700000,248300000,143.3,150.78,-7.5988,14820700000,12179000000,3375800000,8262700000,2641700000,4886900000,15051300000,6452900000,12.65,-95700000,183.98,109.46
2025-12-28,DHI,11.57,34250400000.0,12.65,None,1.38,82.15,16300000,None,587600000,587600000,-572300000,-19300000,-576700000,None,-74500000,None,None,None,3200000,316230769,None,11418300000,11418300000,1041100000,None,None,None,None,None,61700000,19900000,1.6,0.0109,47800000,47800000,None,-0.222,-0.25,2036900000,2098600000,3.29,2011-09-30,12.9,578900000,7711800000.0,3633000000,1987100000,753800000,578900000,578900000,None,55000000,None,11343100000,None,None,4860800000,None,None,71800000,None,None,None,0.125,14900000,1658800000,1974200000,248300000,1143000000,None,None,None,None,None,None,None,1.13,1.764,1.248,None,None,None,None,None,-38600000,None,0.105,None,131400000,2025-10-28,annual,3.04,USD,pre-market,None,4887000000,0.0816,0.143,-0.032,111.02,1658800000,6078600000,1191700000,248300000,143.3,150.78,-7.5988,14820700000,12179000000,3375800000,8262700000,2641700000,4886900000,15051300000,6452900000,12.65,-95700000,183.98,109.46
2025-12-28,DHI,11.57,34250400000.0,12.65,None,1.38,82.15,19200000,None,587600000,587600000,-1039400000,-318000000,-648000000,None,156000000,None,None,None,3200000,316230769,None,11418300000,11418300000,1041100000,None,None,None,None,None,61700000,17200000,1.6,0.0109,47700000,47700000,None,-0.222,-0.25,2036900000,2098600000,3.29,2010-09-30,12.9,578900000,7711800000.0,3633000000,1987100000,753800000,578900000,578900000,None,55000000,None,11343100000,None,None,4860800000,None,None,245100000,None,None,None,0.125,709400000,1658800000,1974200000,248300000,1143000000,None,None,None,None,None,None,None,1.13,1.764,1.248,None,None,None,None,None,13000000,None,0.105,None,131400000,2025-10-28,annual,3.04,USD,pre-market,None,4887000000,0.0816,0.143,-0.032,111.02,1658800000,6078600000,1191700000,248300000,143.3,150.78,-7.5988,14820700000,12179000000,3375800000,8262700000,2641700000,4886900000,15051300000,6452900000,12.65,-95700000,183.98,109.46
2025-12-28,DHI,11.57,34250400000.0,12.65,None,1.38,82.15,6200000,None,587600000,587600000,-511800000,-59400000,None,None,577000000,None,None,None,3200000,316230769,None,11418300000,11418300000,1041100000,None,None,None,None,None,61700000,25700000,1.6,0.0109,47500000,47500000,None,-0.222,-0.25,2036900000,2098600000,3.29,2009-09-30,12.9,578900000,7711800000.0,3633000000,1987100000,753800000,578900000,578900000,None,55000000,None,11343100000,None,None,4860800000,None,None,-545300000,None,None,None,0.125,1141200000,1658800000,1974200000,248300000,1143000000,None,None,None,None,None,None,None,1.13,1.764,1.248,None,None,None,None,None,None,None,0.105,None,131400000,2025-10-28,annual,3.04,USD,pre-market,None,4887000000,0.0816,0.143,-0.032,111.02,1658800000,6078600000,1191700000,248300000,143.3,150.78,-7.5988,14820700000,12179000000,3375800000,8262700000,2641700000,4886900000,15051300000,6452900000,12.65,-95700000,183.98,109.46
2025-12-28,DHI,11.57,34250400000.0,12.65,None,1.38,82.15,6600000,None,587600000,587600000,-755600000,-6600000,None,None,2139700000,None,None,None,3200000,316230769,None,11418300000,11418300000,1041100000,None,None,None,None,None,61700000,60400000,1.6,0.0109,142000000,142000000,None,-0.222,-0.25,2036900000,2098600000,3.29,2008-09-30,12.9,578900000,7711800000.0,3633000000,1987100000,753800000,578900000,578900000,None,55000000,None,11343100000,None,None,4860800000,None,None,-2633600000,None,None,None,0.125,1879900000,1658800000,1974200000,248300000,1143000000,None,None,None,None,None,None,None,1.13,1.764,1.248,None,None,None,None,None,None,None,0.105,None,131400000,2025-10-28,annual,3.04,USD,pre-market,None,4887000000,0.0816,0.143,-0.032,111.02,1658800000,6078600000,1191700000,248300000,143.3,150.78,-7.5988,14820700000,12179000000,3375800000,8262700000,2641700000,4886900000,15051300000,6452900000,12.65,-95700000,183.98,109.46
2025-12-28,DHI,11.57,34250400000.0,12.65,None,1.38,82.15,39800000,None,587600000,587600000,-1633700000,-39800000,None,None,737600000,None,None,None,3200000,316230769,None,11418300000,11418300000,1041100000,None,None,None,None,None,61700000,71000000,1.6,0.0109,188400000,188400000,None,-0.222,-0.25,2036900000,2098600000,3.29,2007-09-30,12.9,578900000,7711800000.0,3633000000,1987100000,753800000,578900000,578900000,None,55000000,None,11343100000,None,None,4860800000,None,None,-712500000,None,None,None,0.125,1355500000,1658800000,1974200000,248300000,1143000000,None,None,None,None,None,None,None,1.13,1.764,1.248,None,None,None,None,None,None,None,0.105,None,131400000,2025-10-28,annual,3.04,USD,pre-market,None,4887000000,0.0816,0.143,-0.032,111.02,1658800000,6078600000,1191700000,248300000,143.3,150.78,-7.5988,14820700000,12179000000,3375800000,8262700000,2641700000,4886900000,15051300000,6452900000,12.65,-95700000,183.98,109.46
2025-12-28,DHI,11.57,34250400000.0,12.65,None,1.38,82.15,83300000,None,587600000,587600000,711900000,-83300000,None,None,-3109000000,None,None,None,3200000,316230769,None,11418300000,11418300000,1041100000,None,None,None,None,None,61700000,61700000,1.6,0.0109,137600000,137600000,None,-0.222,-0.25,2036900000,2098600000,3.29,2006-09-30,12.9,578900000,7711800000.0,3633000000,1987100000,753800000,578900000,578900000,None,55000000,None,11343100000,None,None,4860800000,None,None,1233300000,None,None,None,0.125,-1190800000,1658800000,1974200000,248300000,1143000000,None,None,None,None,None,None,None,1.13,1.764,1.248,None,None,None,None,None,-36800000,None,0.105,None,131400000,2025-10-28,annual,3.04,USD,pre-market,None,4887000000,0.0816,0.143,-0.032,111.02,1658800000,6078600000,1191700000,248300000,143.3,150.78,-7.5988,14820700000,12179000000,3375800000,8262700000,2641700000,4886900000,15051300000,6452900000,12.65,-95700000,183.98,109.46
