date,symbol,eps,revenue_ttm,pe_ratio,accumulateddepreciationamortizationppe,beta,book_value,capitalexpenditures,capitalleaseobligations,cashandcashequivalentsatcarryingvalue,cashandshortterminvestments,cashflowfromfinancing,cashflowfrominvestment,changeincashandcashequivalents,changeinexchangerate,changeininventory,changeinoperatingassets,changeinoperatingliabilities,changeinreceivables,commonstock,commonstocksharesoutstanding,comprehensiveincomenetoftax,costofgoodsandservicessold,costofrevenue,currentaccountspayable,currentdebt,currentlongtermdebt,currentnetreceivables,deferredrevenue,depreciation,depreciationandamortization,depreciationdepletionandamortization,dividend_per_share,dividend_yield,dividendpayout,dividendpayoutcommonstock,dividendpayoutpreferredstock,earnings_growth_yoy,earnings_surprise,ebit,ebitda,estimated_eps,fiscaldateending,forward_pe,goodwill,gross_profit_ttm,grossprofit,incomebeforetax,incometaxexpense,intangibleassets,intangibleassetsexcludinggoodwill,interestanddebtexpense,interestexpense,interestincome,inventory,investmentincomenet,investments,longtermdebt,longtermdebtnoncurrent,longterminvestments,netincome,netincomefromcontinuingoperations,netinterestincome,noninterestincome,operating_margin_ttm,operatingcashflow,operatingexpenses,operatingincome,othercurrentassets,othercurrentliabilities,othernoncurrentassets,othernoncurrentliabilities,othernonoperatingincome,paymentsforoperatingactivities,paymentsforrepurchaseofcommonstock,paymentsforrepurchaseofequity,paymentsforrepurchaseofpreferredstock,peg_ratio,price_to_book,price_to_sales_ttm,proceedsfromissuanceofcommonstock,proceedsfromissuanceoflongtermdebtandcapitalsecuritiesnet,proceedsfromissuanceofpreferredstock,proceedsfromoperatingactivities,proceedsfromrepaymentsofshorttermdebt,proceedsfromrepurchaseofequity,proceedsfromsaleoftreasurystock,profit_margin,profitloss,propertyplantequipment,report_date,report_type,reported_eps,reportedcurrency,reporttime,researchanddevelopment,retainedearnings,return_on_assets_ttm,return_on_equity_ttm,revenue_growth_yoy,revenue_per_share_ttm,sellinggeneralandadministrative,shortlongtermdebttotal,shorttermdebt,shortterminvestments,sma_200,sma_50,surprise_pct,totalassets,totalcurrentassets,totalcurrentliabilities,totalliabilities,totalnoncurrentassets,totalnoncurrentliabilities,totalrevenue,totalshareholderequity,trailing_pe,treasurystock,week_52_high,week_52_low
1996-03-31,EA,,,,,,,,,,,,,,,,,,,,,,,,,,,,,,,,,,,,,,0.0,,,0.04,,,,,,,,,,,,,,,,,,,,,,,,,,,,,,,,,,,,,,,,,,,,,,,,,1996-05-06,,0.04,,pre-market,,,,,,,,,,,,,0.0,,,,,,,,,,,,
1996-06-30,EA,,,,,,,,,,,,,,,,,,,,,,,,,,,,,,,,,,,,,,0.01,,,-0.01,,,,,,,,,,,,,,,,,,,,,,,,,,,,,,,,,,,,,,,,,,,,,,,,,1996-07-24,,0.0,,pre-market,,,,,,,,,,,,,100.0,,,,,,,,,,,,
1996-09-30,EA,,,,,,,,,,,,,,,,,,,,,,,,,,,,,,,,,,,,,,0.01,,,0.02,,,,,,,,,,,,,,,,,,,,,,,,,,,,,,,,,,,,,,,,,,,,,,,,,1996-10-23,,0.03,,pre-market,,,,,,,,,,,,,50.0,,,,,,,,,,,,
1996-12-31,EA,,,,,,,,,,,,,,,,,,,,,,,,,,,,,,,,,,,,,,0.01,,,0.16,,,,,,,,,,,,,,,,,,,,,,,,,,,,,,,,,,,,,,,,,,,,,,,,,1997-01-23,,0.17,,pre-market,,,,,,,,,,,,,6.25,,,,,,,,,,,,
1997-03-31,EA,,,,,,,,,,,,,,,,,,,,,,,,,,,,,,,,,,,,,,0.0,,,0.05,,,,,,,,,,,,,,,,,,,,,,,,,,,,,,,,,,,,,,,,,,,,,,,,,1997-05-06,,0.05,,pre-market,,,,,,,,,,,,,0.0,,,,,,,,,,,,
1997-06-30,EA,,,,,,,,,,,,,,,,,,,,,,,,,,,,,,,,,,,,,,0.01,,,0.0,,,,,,,,,,,,,,,,,,,,,,,,,,,,,,,,,,,,,,,,,,,,,,,,,1997-07-23,,0.01,,pre-market,,,,,,,,,,,,,0.0,,,,,,,,,,,,
1997-09-30,EA,,,,,,,,,,,,,,,,,,,,,,,,,,,,,,,,,,,,,,0.0,,,0.03,,,,,,,,,,,,,,,,,,,,,,,,,,,,,,,,,,,,,,,,,,,,,,,,,1997-10-23,,0.03,,pre-market,,,,,,,,,,,,,0.0,,,,,,,,,,,,
1997-12-31,EA,,,,,,,,,,,,,,,,,,,,,,,,,,,,,,,,,,,,,,0.01,,,0.2,,,,,,,,,,,,,,,,,,,,,,,,,,,,,,,,,,,,,,,,,,,,,,,,,1998-01-22,,0.21,,pre-market,,,,,,,,,,,,,5.0,,,,,,,,,,,,
1998-03-31,EA,,,,,,,,,,,,,,,,,,,,,,,,,,,,,,,,,,,,,,0.0,,,0.06,,,,,,,,,,,,,,,,,,,,,,,,,,,,,,,,,,,,,,,,,,,,,,,,,1998-05-06,,0.06,,pre-market,,,,,,,,,,,,,0.0,,,,,,,,,,,,
1998-06-30,EA,,,,,,,,,,,,,,,,,,,,,,,,,,,,,,,,,,,,,,0.01,,,0.01,,,,,,,,,,,,,,,,,,,,,,,,,,,,,,,,,,,,,,,,,,,,,,,,,1998-07-22,,0.02,,pre-market,,,,,,,,,,,,,100.0,,,,,,,,,,,,
1998-09-30,EA,,,,,,,,,,,,,,,,,,,,,,,,,,,,,,,,,,,,,,0.0,,,0.04,,,,,,,,,,,,,,,,,,,,,,,,,,,,,,,,,,,,,,,,,,,,,,,,,1998-10-21,,0.04,,pre-market,,,,,,,,,,,,,0.0,,,,,,,,,,,,
1998-12-31,EA,,,,,,,,,,,,,,,,,,,,,,,,,,,,,,,,,,,,,,0.03,,,0.27,,,,,,,,,,,,,,,,,,,,,,,,,,,,,,,,,,,,,,,,,,,,,,,,,1999-01-21,,0.3,,pre-market,,,,,,,,,,,,,11.1111,,,,,,,,,,,,
1999-03-31,EA,,,,,,,,,,,,,,,,,,,,,,,,,,,,,,,,,,,,,,0.01,,,0.08,,,,,,,,,,,,,,,,,,,,,,,,,,,,,,,,,,,,,,,,,,,,,,,,,1999-05-05,,0.09,,pre-market,,,,,,,,,,,,,12.5,,,,,,,,,,,,
1999-06-30,EA,,,,,,,,,,,,,,,,,,,,,,,,,,,,,,,,,,,,,,0.0,,,0.08,,,,,,,,,,,,,,,,,,,,,,,,,,,,,,,,,,,,,,,,,,,,,,,,,1999-07-22,,0.01,,pre-market,,,,,,,,,,,,,12.5,,,,,,,,,,,,
1999-09-30,EA,,,,,,,,,,,,,,,,,,,,,,,,,,,,,,,,,,,,,,0.01,,,0.06,,,,,,,,,,,,,,,,,,,,,,,,,,,,,,,,,,,,,,,,,,,,,,,,,1999-10-21,,0.07,,pre-market,,,,,,,,,,,,,16.6667,,,,,,,,,,,,
1999-12-31,EA,,,,,,,,,,,,,,,,,,,,,,,,,,,,,,,,,,,,,,0.02,,,0.33,,,,,,,,,,,,,,,,,,,,,,,,,,,,,,,,,,,,,,,,,,,,,,,,,2000-01-25,,0.35,,pre-market,,,,,,,,,,,,,6.0606,,,,,,,,,,,,
2000-03-31,EA,,,,,,,,,,,,,,,,,,,,,,,,,,,,,,,,,,,,,,0.0,,,0.04,,,,,,,,,,,,,,,,,,,,,,,,,,,,,,,,,,,,,,,,,,,,,,,,,2000-05-03,,0.04,,pre-market,,,,,,,,,,,,,0.0,,,,,,,,,,,,
2000-06-30,EA,,,,,,,,,,,,,,,,,,,,,,,,,,,,,,,,,,,,,,0.01,,,-0.17,,,,,,,,,,,,,,,,,,,,,,,,,,,,,,,,,,,,,,,,,,,,,,,,,2000-07-25,,-0.16,,pre-market,,,,,,,,,,,,,5.8824,,,,,,,,,,,,
2000-09-30,EA,,,,,,,,,,,,,,,,,,,,,,,,,,,,,,,,,,,,,,0.02,,,-0.15,,,,,,,,,,,,,,,,,,,,,,,,,,,,,,,,,,,,,,,,,,,,,,,,,2000-10-25,,-0.13,,pre-market,,,,,,,,,,,,,13.3333,,,,,,,,,,,,
2000-12-31,EA,,,,,,,,,,,,,,,,,,,,,,,,,,,,,,,,,,,,,,-0.01,,,0.34,,,,,,,,,,,,,,,,,,,,,,,,,,,,,,,,,,,,,,,,,,,,,,,,,2001-01-30,,0.33,,pre-market,,,,,,,,,,,,,-2.9412,,,,,,,,,,,,
2001-03-31,EA,,,,,,,,,,,,,,,,,,,,,,,,,,,,,,,,,,,,,,0.03,,,-0.07,,,,,,,,,,,,,,,,,,,,,,,,,,,,,,,,,,,,,,,,,,,,,,,,,2001-05-11,,-0.04,,pre-market,,,,,,,,,,,,,42.8571,,,,,,,,,,,,
2001-06-30,EA,,,,,,,,,,,,,,,,,,,,,,,,,,,,,,,,,,,,,,0.02,,,-0.17,,,,,,,,,,,,,,,,,,,,,,,,,,,,,,,,,,,,,,,,,,,,,,,,,2001-07-27,,-0.15,,pre-market,,,,,,,,,,,,,11.7647,,,,,,,,,,,,
2001-09-30,EA,,,,,,,,,,,,,,,,,,,,,,,,,,,,,,,,,,,,,,0.03,,,-0.13,,,,,,,,,,,,,,,,,,,,,,,,,,,,,,,,,,,,,,,,,,,,,,,,,2001-10-25,,-0.1,,pre-market,,,,,,,,,,,,,23.0769,,,,,,,,,,,,
2001-12-31,EA,,,,,,,,,,,,,,,,,,,,,,,,,,,,,,,,,,,,,,0.07,,,0.45,,,,,,,,,,,,,,,,,,,,,,,,,,,,,,,,,,,,,,,,,,,,,,,,,2002-01-30,,0.52,,pre-market,,,,,,,,,,,,,15.5556,,,,,,,,,,,,
2002-03-31,EA,,,,,,,,,,,,,,,,,,,,,,,,,,,,,,,,,,,,,,0.06,,,0.14,,,,,,,,,,,,,,,,,,,,,,,,,,,,,,,,,,,,,,,,,,,,,,,,,2002-05-09,,0.2,,pre-market,,,,,,,,,,,,,42.8571,,,,,,,,,,,,
2002-06-30,EA,,,,,,,,,,,,,,,,,,,,,,,,,,,,,,,,,,,,,,0.07,,,-0.04,,,,,,,,,,,,,,,,,,,,,,,,,,,,,,,,,,,,,,,,,,,,,,,,,2002-07-25,,0.03,,pre-market,,,,,,,,,,,,,175.0,,,,,,,,,,,,
2002-09-30,EA,,,,,,,,,,,,,,,,,,,,,,,,,,,,,,,,,,,,,,0.09,,,0.08,,,,,,,,,,,,,,,,,,,,,,,,,,,,,,,,,,,,,,,,,,,,,,,,,2002-10-24,,0.17,,pre-market,,,,,,,,,,,,,112.5,,,,,,,,,,,,
2002-12-31,EA,,,,,,,,,,,,,,,,,,,,,,,,,,,,,,,,,,,,,,0.11,,,0.79,,,,,,,,,,,,,,,,,,,,,,,,,,,,,,,,,,,,,,,,,,,,,,,,,2003-01-29,,0.9,,pre-market,,,,,,,,,,,,,13.9241,,,,,,,,,,,,
2003-03-31,EA,,,,,,,,,,,,,,,,,,,,,,,,,,,,,,,,,,,,,,0.03,,,0.17,,,,,,,,,,,,,,,,,,,,,,,,,,,,,,,,,,,,,,,,,,,,,,,,,2003-05-06,,0.2,,pre-market,,,,,,,,,,,,,17.6471,,,,,,,,,,,,
2003-06-30,EA,,,,,,,,,,,,,,,,,,,,,,,,,,,,,,,,,,,,,,0.06,,,0.01,,,,,,,,,,,,,,,,,,,,,,,,,,,,,,,,,,,,,,,,,,,,,,,,,2003-07-23,,0.07,,pre-market,,,,,,,,,,,,,600.0,,,,,,,,,,,,
2003-09-30,EA,,,,,,,,,,,,,,,,,,,,,,,,,,,,,,,,,,,,,,0.03,,,0.22,,,,,,,,,,,,,,,,,,,,,,,,,,,,,,,,,,,,,,,,,,,,,,,,,2003-10-22,,0.25,,pre-market,,,,,,,,,,,,,13.6364,,,,,,,,,,,,
2003-12-31,EA,,,,,,,,,,,,,,,,,,,,,,,,,,,,,,,,,,,,,,0.06,,,1.2,,,,,,,,,,,,,,,,,,,,,,,,,,,,,,,,,,,,,,,,,,,,,,,,,2004-01-27,,1.26,,pre-market,,,,,,,,,,,,,5.0,,,,,,,,,,,,
2004-03-31,EA,,,,,,,,,,,,,,,,,,,,,,,,,,,,,,,,,,,,,,0.04,,,0.21,,,,,,,,,,,,,,,,,,,,,,,,,,,,,,,,,,,,,,,,,,,,,,,,,2004-04-29,,0.25,,pre-market,,,,,,,,,,,,,19.0476,,,,,,,,,,,,
2004-06-30,EA,,,,,,,,,,,,,,,,,,,,,,,,,,,,,,,,,,,,,,0.03,,,0.05,,,,,,,,,,,,,,,,,,,,,,,,,,,,,,,,,,,,,,,,,,,,,,,,,2004-07-22,,0.08,,pre-market,,,,,,,,,,,,,60.0,,,,,,,,,,,,
2004-09-30,EA,,,,,,,,,,,,,,,,,,,,,,,,,,,,,,,,,,,,,,-0.04,,,0.35,,,,,,,,,,,,,,,,,,,,,,,,,,,,,,,,,,,,,,,,,,,,,,,,,2004-10-19,,0.31,,pre-market,,,,,,,,,,,,,-11.4286,,,,,,,,,,,,
2004-12-31,EA,,,,,,,,,,,,,,,,,,,,,,,,,,,,,,,,,,,,,,0.05,,,1.18,,,,,,,,,,,,,,,,,,,,,,,,,,,,,,,,,,,,,,,,,,,,,,,,,2005-01-25,,1.23,,pre-market,,,,,,,,,,,,,4.2373,,,,,,,,,,,,
2005-03-31,EA,,,,,,,,,,,,,,,,,,,,,,,,,,,,,,,,,,,,,,0.0,,,0.09,,,,,,,,,,,,,,,,,,,,,,,,,,,,,,,,,,,,,,,,,,,,,,,,,2005-05-03,,0.09,,pre-market,,,,,,,,,,,,,0.0,,,,,,,,,,,,
2005-06-30,EA,,,,,,,,,,,,,,,,,,,,,,,,,,,,,,,,,,,,,,0.06,,,-0.24,,,,,,,,,,,,,,,,,,,,,,,,,,,,,,,,,,,,,,,,,,,,,,,,,2005-07-26,,-0.18,,pre-market,,,,,,,,,,,,,25.0,,,,,,,,,,,,
2005-09-30,EA,,,,,,,,,,,,,,,,,,,,,,,,,,,,,,,,,,,,,,0.1,,,0.05,,,,,,,,,,,,,,,,,,,,,,,,,,,,,,,,,,,,,,,,,,,,,,,,,2005-11-01,,0.15,,pre-market,,,,,,,,,,,,,200.0,,,,,,,,,,,,
2005-12-31,EA,,,,,,,,,,,,,,,,,,,,,,,,,,,,,,,,,,,,,,-0.04,,,0.9,,,,,,,,,,,,,,,,,,,,,,,,,,,,,,,,,,,,,,,,,,,,,,,,,2006-02-02,,0.86,,pre-market,,,,,,,,,,,,,-4.4444,,,,,,,,,,,,
2006-03-31,EA,,,,,,,,,,,,,,,,,,,,,,,,,,,,,,,,,,,,,,0.05,,,0.09,,,,,,,,,,,,,,,,,,,,,,,,,,,,,,,,,,,,,,,,,,,,,,,,,2006-05-03,,0.14,,pre-market,,,,,,,,,,,,,55.5556,,,,,,,,,,,,
2006-06-30,EA,,,,,,,,,,,,,,,,,,,,,,,,,,,,,,,,,,,,,,0.12,,,-0.24,,,,,,,,,,,,,,,,,,,,,,,,,,,,,,,,,,,,,,,,,,,,,,,,,2006-08-01,,-0.12,,pre-market,,,,,,,,,,,,,50.0,,,,,,,,,,,,
2006-09-30,EA,,,,,,,,,,,,,,,,,,,,,,,,,,,,,,,,,,,,,,0.19,,,0.02,,,,,,,,,,,,,,,,,,,,,,,,,,,,,,,,,,,,,,,,,,,,,,,,,2006-11-02,,0.21,,pre-market,,,,,,,,,,,,,950.0,,,,,,,,,,,,
2006-12-31,EA,,,,,,,,,,,,,,,,,,,,,,,,,,,,,,,,,,,,,,0.07,,,0.56,,,,,,,,,,,,,,,,,,,,,,,,,,,,,,,,,,,,,,,,,,,,,,,,,2007-02-01,,0.63,,pre-market,,,,,,,,,,,,,12.5,,,,,,,,,,,,
2007-03-31,EA,,,,,,,,,,,,,,,,,,,,,,,,,,,,,,,,,,,,,,0.04,,,0.02,,,,,,,,,,,,,,,,,,,,,,,,,,,,,,,,,,,,,,,,,,,,,,,,,2007-05-08,,0.06,,pre-market,,,,,,,,,,,,,200.0,,,,,,,,,,,,
2007-06-30,EA,,,,,,,,,,,,,,,,,,,,,,,,,,,,,,,,,,,,,,0.13,,,-0.35,,,,,,,,,,,,,,,,,,,,,,,,,,,,,,,,,,,,,,,,,,,,,,,,,2007-08-01,,-0.22,,pre-market,,,,,,,,,,,,,37.1429,,,,,,,,,,,,
2007-09-30,EA,,,,,,,,,,,,,,,,,,,,,,,,,,,,,,,,,,,,,,0.07,,,0.2,,,,,,,,,,,,,,,,,,,,,,,,,,,,,,,,,,,,,,,,,,,,,,,,,2007-11-01,,0.27,,pre-market,,,,,,,,,,,,,35.0,,,,,,,,,,,,
2007-12-31,EA,,,,,,,,,,,,,,,,,,,,,,,,,,,,,,,,,,,,,,0.0,,,0.9,,,,,,,,,,,,,,,,,,,,,,,,,,,,,,,,,,,,,,,,,,,,,,,,,2008-01-31,,0.9,,pre-market,,,,,,,,,,,,,0.0,,,,,,,,,,,,
2008-03-31,EA,,,,,,,,,,,,,,,,,,,,,,,,,,,,,,,,,,,,,,0.08,,,0.01,,,,,,,,,,,,,,,,,,,,,,,,,,,,,,,,,,,,,,,,,,,,,,,,,2008-05-13,,0.09,,pre-market,,,,,,,,,,,,,800.0,,,,,,,,,,,,
2008-06-30,EA,,,,,,,,,,,,,,,,,,,,,,,,,,,,,,,,,,,,,,-0.08,,,-0.34,,,,,,,,,,,,,,,,,,,,,,,,,,,,,,,,,,,,,,,,,,,,,,,,,2008-07-29,,-0.42,,pre-market,,,,,,,,,,,,,-23.5294,,,,,,,,,,,,
2008-09-30,EA,,,,,,,,,,,,,,,,,,,,,,,,,,,,,,,,,,,,,,0.0,,,-0.06,,,,,,,,,,,,,,,,,,,,,,,,,,,,,,,,,,,,,,,,,,,,,,,,,2008-10-30,,-0.06,,pre-market,,,,,,,,,,,,,0.0,,,,,,,,,,,,
2008-12-31,EA,,,,,,,,,,,,,,,,,,,,,,,,,,,,,,,,,,,,,,-0.32,,,0.88,,,,,,,,,,,,,,,,,,,,,,,,,,,,,,,,,,,,,,,,,,,,,,,,,2009-02-03,,0.56,,pre-market,,,,,,,,,,,,,-36.3636,,,,,,,,,,,,
2009-03-31,EA,,,,,,,,,,,,,,,,,,,,,,,,,,,,,,,,,,,,,,0.06,,,-0.43,,,,,,,,,,,,,,,,,,,,,,,,,,,,,,,,,,,,,,,,,,,,,,,,,2009-05-05,,-0.37,,pre-market,,,,,,,,,,,,,13.9535,,,,,,,,,,,,
2009-06-30,EA,,,,,,,,,,,,,,,,,,,,,,,,,,,,,,,,,,,,,,0.11,,,-0.13,,,,,,,,,,,,,,,,,,,,,,,,,,,,,,,,,,,,,,,,,,,,,,,,,2009-08-04,,-0.02,,pre-market,,,,,,,,,,,,,84.6154,,,,,,,,,,,,
2009-09-30,EA,,,,,,,,,,,,,,,,,,,,,,,,,,,,,,,,,,,,,,-0.01,,,0.07,,,,,,,,,,,,,,,,,,,,,,,,,,,,,,,,,,,,,,,,,,,,,,,,,2009-11-09,,0.06,,pre-market,,,,,,,,,,,,,-14.2857,,,,,,,,,,,,
2009-12-31,EA,,,,,,,,,,,,,,,,,,,,,,,,,,,,,,,,,,,,,,0.02,,,0.31,,,,,,,,,,,,,,,,,,,,,,,,,,,,,,,,,,,,,,,,,,,,,,,,,2010-02-08,,0.33,,pre-market,,,,,,,,,,,,,6.4516,,,,,,,,,,,,
2010-03-31,EA,,,,,,,,,,,,,,,,,,,,,,,,,,,,,,,,,,,,,,0.02,,,0.05,,,,,,,,,,,,,,,,,,,,,,,,,,,,,,,,,,,,,,,,,,,,,,,,,2010-05-11,,0.07,,pre-market,,,,,,,,,,,,,40.0,,,,,,,,,,,,
2010-06-30,EA,,,,,,,,,,,,,,,,,,,,,,,,,,,,,,,,,,,,,,0.11,,,-0.35,,,,,,,,,,,,,,,,,,,,,,,,,,,,,,,,,,,,,,,,,,,,,,,,,2010-08-03,,-0.24,,pre-market,,,,,,,,,,,,,31.4286,,,,,,,,,,,,
2010-09-30,EA,,,,,,,,,,,,,,,,,,,,,,,,,,,,,,,,,,,,,,0.2,,,-0.1,,,,,,,,,,,,,,,,,,,,,,,,,,,,,,,,,,,,,,,,,,,,,,,,,2010-11-02,,0.1,,pre-market,,,,,,,,,,,,,200.0,,,,,,,,,,,,
2010-12-31,EA,,,,,,,,,,,,,,,,,,,,,,,,,,,,,,,,,,,,,,0.03,,,0.56,,,,,,,,,,,,,,,,,,,,,,,,,,,,,,,,,,,,,,,,,,,,,,,,,2011-02-01,,0.59,,pre-market,,,,,,,,,,,,,5.3571,,,,,,,,,,,,
2011-03-31,EA,,,,,,,,,,,,,,,,,,,,,,,,,,,,,,,,,,,,,,0.03,,,0.22,,,,,,,,,,,,,,,,,,,,,,,,,,,,,,,,,,,,,,,,,,,,,,,,,2011-05-04,,0.25,,pre-market,,,,,,,,,,,,,13.6364,,,,,,,,,,,,
2011-06-30,EA,,,,,,,,,,,,,,,,,,,,,,,,,,,,,,,,,,,,,,0.02,,,-0.39,,,,,,,,,,,,,,,,,,,,,,,,,,,,,,,,,,,,,,,,,,,,,,,,,2011-07-26,,-0.37,,pre-market,,,,,,,,,,,,,5.1282,,,,,,,,,,,,
2011-09-30,EA,,,,,,,,,,,,,,,,,,,,,,,,,,,,,,,,,,,,,,0.09,,,-0.04,,,,,,,,,,,,,,,,,,,,,,,,,,,,,,,,,,,,,,,,,,,,,,,,,2011-10-27,,0.05,,pre-market,,,,,,,,,,,,,225.0,,,,,,,,,,,,
2011-12-31,EA,,,,,,,,,,,,,,,,,,,,,,,,,,,,,,,,,,,,,,0.06,,,0.93,,,,,,,,,,,,,,,,,,,,,,,,,,,,,,,,,,,,,,,,,,,,,,,,,2012-02-01,,0.99,,pre-market,,,,,,,,,,,,,6.4516,,,,,,,,,,,,
2012-03-31,EA,,,,,,,,,,,,,,,,,,,,,,,,,,,,,,,,,,,,,,0.01,,,0.16,,,,,,,,,,,,,,,,,,,,,,,,,,,,,,,,,,,,,,,,,,,,,,,,,2012-05-07,,0.17,,pre-market,,,,,,,,,,,,,6.25,,,,,,,,,,,,
2012-06-30,EA,,,,,,,,,,,,,,,,,,,,,,,,,,,,,,,,,,,,,,0.01,,,-0.42,,,,,,,,,,,,,,,,,,,,,,,,,,,,,,,,,,,,,,,,,,,,,,,,,2012-07-31,,-0.41,,pre-market,,,,,,,,,,,,,2.381,,,,,,,,,,,,
2012-09-30,EA,,,,,,,,,,,,,,,,,,,,,,,,,,,,,,,,,,,,,,0.04,,,0.11,,,,,,,,,,,,,,,,,,,,,,,,,,,,,,,,,,,,,,,,,,,,,,,,,2012-10-30,,0.15,,pre-market,,,,,,,,,,,,,36.3636,,,,,,,,,,,,
2012-12-31,EA,,,,,,,,,,,,,,,,,,,,,,,,,,,,,,,,,,,,,,0.01,,,0.56,,,,,,,,,,,,,,,,,,,,,,,,,,,,,,,,,,,,,,,,,,,,,,,,,2013-01-30,,0.57,,pre-market,,,,,,,,,,,,,1.7857,,,,,,,,,,,,
2013-03-31,EA,,,,,,,,,,,,,,,,,,,,,,,,,,,,,,,,,,,,,,-0.02,,,0.57,,,,,,,,,,,,,,,,,,,,,,,,,,,,,,,,,,,,,,,,,,,,,,,,,2013-05-07,,0.55,,pre-market,,,,,,,,,,,,,-3.5088,,,,,,,,,,,,
2013-06-30,EA,,,,,,,,,,,,,,,,,,,,,,,,,,,,,,,,,,,,,,0.2,,,-0.6,,,,,,,,,,,,,,,,,,,,,,,,,,,,,,,,,,,,,,,,,,,,,,,,,2013-07-23,,-0.4,,pre-market,,,,,,,,,,,,,33.3333,,,,,,,,,,,,
2013-09-30,EA,,,,,,,,,,,,,,,,,,,,,,,,,,,,,,,,,,,,,,0.21,,,0.12,,,,,,,,,,,,,,,,,,,,,,,,,,,,,,,,,,,,,,,,,,,,,,,,,2013-10-29,,0.33,,pre-market,,,,,,,,,,,,,175.0,,,,,,,,,,,,
2013-12-31,EA,,,,,,,,,,,,,,,,,,,,,,,,,,,,,,,,,,,,,,0.03,,,1.23,,,,,,,,,,,,,,,,,,,,,,,,,,,,,,,,,,,,,,,,,,,,,,,,,2014-01-28,,1.26,,pre-market,,,,,,,,,,,,,2.439,,,,,,,,,,,,
2014-03-31,EA,,,,,,,,,,,,,,,,,,,,,,,,,,,,,,,,,,,,,,0.37,,,0.11,,,,,,,,,,,,,,,,,,,,,,,,,,,,,,,,,,,,,,,,,,,,,,,,,2014-05-06,,0.48,,pre-market,,,,,,,,,,,,,336.3636,,,,,,,,,,,,
2014-06-30,EA,,,,,,,,,,,,,,,,,,,,,,,,,,,,,,,,,,,,,,0.23,,,-0.04,,,,,,,,,,,,,,,,,,,,,,,,,,,,,,,,,,,,,,,,,,,,,,,,,2014-07-22,,0.19,,pre-market,,,,,,,,,,,,,575.0,,,,,,,,,,,,
2014-09-30,EA,,,,,,,,,,,,,,,,,,,,,,,,,,,,,,,,,,,,,,0.2,,,0.53,,,,,,,,,,,,,,,,,,,,,,,,,,,,,,,,,,,,,,,,,,,,,,,,,2014-10-28,,0.73,,post-market,,,,,,,,,,,,,37.7358,,,,,,,,,,,,
2014-12-31,EA,,,,,,,,,,,,,,,,,,,,,,,,,,,,,,,,,,,,,,0.3,,,0.92,,,,,,,,,,,,,,,,,,,,,,,,,,,,,,,,,,,,,,,,,,,,,,,,,2015-01-27,,1.22,,post-market,,,,,,,,,,,,,32.6087,,,,,,,,,,,,
2015-03-31,EA,,,,,,,,,,,,,,,,,,,,,,,,,,,,,,,,,,,,,,0.14,,,0.25,,,,,,,,,,,,,,,,,,,,,,,,,,,,,,,,,,,,,,,,,,,,,,,,,2015-05-05,,0.39,,post-market,,,,,,,,,,,,,56.0,,,,,,,,,,,,
2015-06-30,EA,,,,,,,,,,,,,,,,,,,,,,,,,,,,,,,,,,,,,,0.12,,,0.03,,,,,,,,,,,,,,,,,,,,,,,,,,,,,,,,,,,,,,,,,,,,,,,,,2015-07-30,,0.15,,post-market,,,,,,,,,,,,,400.0,,,,,,,,,,,,
2015-09-30,EA,,,,,,,,,,,,,,,,,,,,,,,,,,,,,,,,,,,,,,0.2,,,0.45,,,,,,,,,,,,,,,,,,,,,,,,,,,,,,,,,,,,,,,,,,,,,,,,,2015-10-29,,0.65,,post-market,,,,,,,,,,,,,44.4444,,,,,,,,,,,,
2015-12-31,EA,,,,,,,,,,,,,,,,,,,,,,,,,,,,,,,,,,,,,,0.02,,,1.81,,,,,,,,,,,,,,,,,,,,,,,,,,,,,,,,,,,,,,,,,,,,,,,,,2016-01-28,,1.83,,post-market,,,,,,,,,,,,,1.105,,,,,,,,,,,,
2016-03-31,EA,,,,,,,,,,,,,,,,,,,,,,,,,,,,,,,,,,,,,,0.08,,,0.42,,,,,,,,,,,,,,,,,,,,,,,,,,,,,,,,,,,,,,,,,,,,,,,,,2016-05-10,,0.5,,post-market,,,,,,,,,,,,,19.0476,,,,,,,,,,,,
2016-06-30,EA,,,,,,,,,,,,,,,,,,,,,,,,,,,,,,,,,,,,,,0.09,,,-0.02,,,,,,,,,,,,,,,,,,,,,,,,,,,,,,,,,,,,,,,,,,,,,,,,,2016-08-02,,0.07,,post-market,,,,,,,,,,,,,450.0,,,,,,,,,,,,
2016-09-30,EA,,,,,,,,,,,,,,,,,,,,,,,,,,,,,,,,,,,,,,0.13,,,0.43,,,,,,,,,,,,,,,,,,,,,,,,,,,,,,,,,,,,,,,,,,,,,,,,,2016-11-01,,0.56,,post-market,,,,,,,,,,,,,30.2326,,,,,,,,,,,,
2016-12-31,EA,,,,,,,,,,,,,,,,,,,,,,,,,,,,,,,,,,,,,,0.18,,,2.3,,,,,,,,,,,,,,,,,,,,,,,,,,,,,,,,,,,,,,,,,,,,,,,,,2017-01-31,,2.48,,post-market,,,,,,,,,,,,,7.8261,,,,,,,,,,,,
2017-03-31,EA,,,,,,,,,,,,,,,,,,,,,,,,,,,,,,,,,,,,,,0.1,,,0.75,,,,,,,,,,,,,,,,,,,,,,,,,,,,,,,,,,,,,,,,,,,,,,,,,2017-05-09,,0.85,,post-market,,,,,,,,,,,,,13.3333,,,,,,,,,,,,
2017-06-30,EA,,,,,,,,,,,,,,,,,,,,,,,,,,,,,,,,,,,,,,0.09,,,0.27,,,,,,,,,,,,,,,,,,,,,,,,,,,,,,,,,,,,,,,,,,,,,,,,,2017-07-27,,0.36,,post-market,,,,,,,,,,,,,33.3333,,,,,,,,,,,,
2017-09-30,EA,,,,,,,,,,,,,,,,,,,,,,,,,,,,,,,,,,,,,,0.11,,,0.54,,,,,,,,,,,,,,,,,,,,,,,,,,,,,,,,,,,,,,,,,,,,,,,,,2017-10-31,,0.65,,post-market,,,,,,,,,,,,,20.3704,,,,,,,,,,,,
2017-12-31,EA,,,,,,,,,,,,,,,,,,,,,,,,,,,,,,,,,,,,,,-0.01,,,2.19,,,,,,,,,,,,,,,,,,,,,,,,,,,,,,,,,,,,,,,,,,,,,,,,,2018-01-30,,2.18,,post-market,,,,,,,,,,,,,-0.4566,,,,,,,,,,,,
2018-03-31,EA,,,,,,,,,,,,,,,,,,,,,,,,,,,,,,,,,,,,,,0.14,,,1.17,,,,,,,,,,,,,,,,,,,,,,,,,,,,,,,,,,,,,,,,,,,,,,,,,2018-05-08,,1.31,,post-market,,,,,,,,,,,,,11.9658,,,,,,,,,,,,
2018-06-30,EA,,,,,,,,,,,,,,,,,,,,,,,,,,,,,,,,,,,,,,0.07,,,0.06,,,,,,,,,,,,,,,,,,,,,,,,,,,,,,,,,,,,,,,,,,,,,,,,,2018-07-26,,0.13,,post-market,,,,,,,,,,,,,116.6667,,,,,,,,,,,,
2018-09-30,EA,,,,,,,,,,,,,,,,,,,,,,,,,,,,,,,,,,,,,,0.28,,,0.58,,,,,,,,,,,,,,,,,,,,,,,,,,,,,,,,,,,,,,,,,,,,,,,,,2018-10-30,,0.86,,post-market,,,,,,,,,,,,,48.2759,,,,,,,,,,,,
2018-12-31,EA,,,,,,,,,,,,,,,,,,,,,,,,,,,,,,,,,,,,,,0.01,,,1.94,,,,,,,,,,,,,,,,,,,,,,,,,,,,,,,,,,,,,,,,,,,,,,,,,2019-02-05,,1.95,,post-market,,,,,,,,,,,,,0.5155,,,,,,,,,,,,
2019-03-31,EA,,,,,,,,,,,,,,,,,,,,,,,,,,,,,,,,,,,,,,0.33,,,0.98,,,,,,,,,,,,,,,,,,,,,,,,,,,,,,,,,,,,,,,,,,,,,,,,,2019-05-07,,1.31,,post-market,,,,,,,,,,,,,33.6735,,,,,,,,,,,,
2019-06-30,EA,,,,,,,,,,,,,,,,,,,,,,,,,,,,,,,,,,,,,,0.24,,,0.01,,,,,,,,,,,,,,,,,,,,,,,,,,,,,,,,,,,,,,,,,,,,,,,,,2019-07-30,,0.25,,post-market,,,,,,,,,,,,,2400.0,,,,,,,,,,,,
2019-09-30,EA,,,,,,,,,,,,,,,,,,,,,,,,,,,,,,,,,,,,,,0.11,,,0.86,,,,,,,,,,,,,,,,,,,,,,,,,,,,,,,,,,,,,,,,,,,,,,,,,2019-10-29,,0.97,,post-market,,,,,,,,,,,,,12.7907,,,,,,,,,,,,
2019-12-31,EA,,,,,,,,,,,,,,,,,,,,,,,,,,,,,,,,,,,,,,0.01,,,2.51,,,,,,,,,,,,,,,,,,,,,,,,,,,,,,,,,,,,,,,,,,,,,,,,,2020-01-30,,2.52,,post-market,,,,,,,,,,,,,0.3984,,,,,,,,,,,,
2020-03-31,EA,,,,,,,,,,,,,,,,,,,,,,,,,,,,,,,,,,,,,,0.1,,,0.98,,,,,,,,,,,,,,,,,,,,,,,,,,,,,,,,,,,,,,,,,,,,,,,,,2020-05-05,,1.08,,post-market,,,,,,,,,,,,,10.2041,,,,,,,,,,,,
2020-06-30,EA,,,,,,,,,,,,,,,,,,,,,,,,,,,,,,,,,,,,,,0.63,,,0.79,,,,,,,,,,,,,,,,,,,,,,,,,,,,,,,,,,,,,,,,,,,,,,,,,2020-07-30,,1.42,,post-market,,,,,,,,,,,,,79.7468,,,,,,,,,,,,
2020-09-30,EA,,,,,,,,,,,,,,,,,,,,,,,,,,,,,,,,,,,,,,0.03,,,0.02,,,,,,,,,,,,,,,,,,,,,,,,,,,,,,,,,,,,,,,,,,,,,,,,,2020-11-05,,0.05,,post-market,,,,,,,,,,,,,150.0,,,,,,,,,,,,
2020-12-31,EA,,,,,,,,,,,,,,,,,,,,,,,,,,,,,,,,,,,,,,0.1,,,2.96,,,,,,,,,,,,,,,,,,,,,,,,,,,,,,,,,,,,,,,,,,,,,,,,,2021-02-02,,3.06,,post-market,,,,,,,,,,,,,3.3784,,,,,,,,,,,,
2021-03-31,EA,,,,,,,,,,,,,,,,,,,,,,,,,,,,,,,,,,,,,,0.18,,,1.05,,,,,,,,,,,,,,,,,,,,,,,,,,,,,,,,,,,,,,,,,,,,,,,,,2021-05-11,,1.23,,post-market,,,,,,,,,,,,,17.1429,,,,,,,,,,,,
2021-06-30,EA,,,,,,,,,,,,,,,,,,,,,,,,,,,,,,,,,,,,,,0.12,,,0.67,,,,,,,,,,,,,,,,,,,,,,,,,,,,,,,,,,,,,,,,,,,,,,,,,2021-08-04,,0.79,,post-market,,,,,,,,,,,,,17.9104,,,,,,,,,,,,
2021-09-30,EA,,,,,,,,,,,,,,,,,,,,,,,,,,,,,,,,,,,,,,0.41,,,1.17,,,,,,,,,,,,,,,,,,,,,,,,,,,,,,,,,,,,,,,,,,,,,,,,,2021-11-03,,1.58,,post-market,,,,,,,,,,,,,35.0427,,,,,,,,,,,,
2021-12-31,EA,,,,,,,,,,,,,,,,,,,,,,,,,,,,,,,,,,,,,,-0.02,,,3.22,,,,,,,,,,,,,,,,,,,,,,,,,,,,,,,,,,,,,,,,,,,,,,,,,2022-02-01,,3.2,,post-market,,,,,,,,,,,,,-0.6211,,,,,,,,,,,,
2022-03-31,EA,,,,,,,,,,,,,,,,,,,,,,,,,,,,,,,,,,,,,,0.03,,,1.43,,,,,,,,,,,,,,,,,,,,,,,,,,,,,,,,,,,,,,,,,,,,,,,,,2022-05-10,,1.46,,post-market,,,,,,,,,,,,,2.0979,,,,,,,,,,,,
2022-06-30,EA,,,,,,,,,,,,,,,,,,,,,,,,,,,,,,,,,,,,,,0.19,,,0.28,,,,,,,,,,,,,,,,,,,,,,,,,,,,,,,,,,,,,,,,,,,,,,,,,2022-08-02,,0.47,,post-market,,,,,,,,,,,,,67.8571,,,,,,,,,,,,
2022-09-30,EA,,,,,,,,,,,,,,,,,,,,,,,,,,,,,,,,,,,,,,0.08,,,1.37,,,,,,,,,,,,,,,,,,,,,,,,,,,,,,,,,,,,,,,,,,,,,,,,,2022-11-01,,1.45,,post-market,,,,,,,,,,,,,5.8394,,,,,,,,,,,,
2022-12-31,EA,,,,,,,,,,,,,,,,,,,,,,,,,,,,,,,,,,,,,,-0.25,,,3.05,,,,,,,,,,,,,,,,,,,,,,,,,,,,,,,,,,,,,,,,,,,,,,,,,2023-01-31,,2.8,,post-market,,,,,,,,,,,,,-8.1967,,,,,,,,,,,,
2023-03-31,EA,,,,,,,,,,,,,,,,,,,,,,,,,,,,,,,,,,,,,,0.47,,,1.31,,,,,,,,,,,,,,,,,,,,,,,,,,,,,,,,,,,,,,,,,,,,,,,,,2023-05-09,,1.78,,post-market,,,,,,,,,,,,,35.8779,,,,,,,,,,,,
2023-06-30,EA,,,,,,,,,,,,,,,,,,,,,,,,,,,,,,,,,,,,,,0.12,,,1.02,,,,,,,,,,,,,,,,,,,,,,,,,,,,,,,,,,,,,,,,,,,,,,,,,2023-08-01,,1.14,,post-market,,,,,,,,,,,,,11.7647,,,,,,,,,,,,
2023-09-30,EA,,,,,,,,,,,,,,,,,,,,,,,,,,,,,,,,,,,,,,0.21,,,1.25,,,,,,,,,,,,,,,,,,,,,,,,,,,,,,,,,,,,,,,,,,,,,,,,,2023-11-01,,1.46,,post-market,,,,,,,,,,,,,16.8,,,,,,,,,,,,
2023-12-31,EA,,,,,,,,,,,,,,,,,,,,,,,,,,,,,,,,,,,,,,0.03,,,2.93,,,,,,,,,,,,,,,,,,,,,,,,,,,,,,,,,,,,,,,,,,,,,,,,,2024-01-30,,2.96,,post-market,,,,,,,,,,,,,1.0239,,,,,,,,,,,,
2024-03-31,EA,,,,,,,,,,,,,,,,,,,,,,,,,,,,,,,,,,,,,,-0.15,,,1.52,,,,,,,,,,,,,,,,,,,,,,,,,,,,,,,,,,,,,,,,,,,,,,,,,2024-05-07,,1.37,,post-market,,,,,,,,,,,,,-9.8684,,,,,,,,,,,,
2024-06-30,EA,,,,,,,,,,,,,,,,,,,,,,,,,,,,,,,,,,,,,,0.1,,,0.42,,,,,,,,,,,,,,,,,,,,,,,,,,,,,,,,,,,,,,,,,,,,,,,,,2024-07-30,,0.52,,post-market,,,,,,,,,,,,,23.8095,,,,,,,,,,,,
2024-09-30,EA,,,,,,,,,,,,,,,,,,,,,,,,,,,,,,,,,,,,,,0.22,,,0.89,,,,,,,,,,,,,,,,,,,,,,,,,,,,,,,,,,,,,,,,,,,,,,,,,2024-10-29,,1.11,,post-market,,,,,,,,,,,,,24.7191,,,,,,,,,,,,
2024-12-31,EA,,,,,,,,,,,,,,,,,,,,,,,,,,,,,,,,,,,,,,0.03,,,1.08,,,,,,,,,,,,,,,,,,,,,,,,,,,,,,,,,,,,,,,,,,,,,,,,,2025-02-04,,1.11,,post-market,,,,,,,,,,,,,2.7778,,,,,,,,,,,,
2025-03-31,EA,,,,,,,,,,,,,,,,,,,,,,,,,,,,,,,,,,,,,,0.07,,,0.91,,,,,,,,,,,,,,,,,,,,,,,,,,,,,,,,,,,,,,,,,,,,,,,,,2025-05-06,,0.98,,post-market,,,,,,,,,,,,,7.6923,,,,,,,,,,,,
2025-06-30,EA,,,,,,,,,,,,,,,,,,,,,,,,,,,,,,,,,,,,,,0.16,,,0.63,,,,,,,,,,,,,,,,,,,,,,,,,,,,,,,,,,,,,,,,,,,,,,,,,2025-07-29,,0.79,,post-market,,,,,,,,,,,,,25.3968,,,,,,,,,,,,
2025-09-30,EA,,,,,,,,,,,,,,,,,,,,,,,,,,,,,,,,,,,,,,0.19,,,0.35,,,,,,,,,,,,,,,,,,,,,,,,,,,,,,,,,,,,,,,,,,,,,,,,,2025-10-28,,0.54,,post-market,,,,,,,,,,,,,54.2857,,,,,,,,,,,,
2025-12-28,EA,3.44,7288000000.0,59.53,,0.757,24.06,,,,,,,,,,,,,,,,,,,,,,,,,,0.76,0.0037,,,,-0.514,0.19,,,0.35,,22.68,,5742000000.0,,,,,,,,,,,,,,,,,,,0.109,,,,,,,,,,,,,2.081,8.54,7.03,,,,,,,,0.121,,,2025-10-28,,0.54,,post-market,,,0.0627,0.132,-0.092,28.58,,,,,169.28,201.92,54.2857,,,,,,,,,59.53,,204.84,114.66
2025-12-28,EA,3.44,7288000000.0,59.53,,0.757,24.06,,,,,,,,,,,,,,,None,443000000,443000000,,,,,,None,None,,0.76,0.0037,,,,-0.514,0.19,None,None,0.35,2025-09-30,22.68,,5742000000.0,1396000000,197000000,None,,,None,14000000,None,,None,,,,,137000000,137000000,-15000000,None,0.109,,1639000000,200000000,,,,,None,,,,,2.081,8.54,7.03,,,,,,,,0.121,,,2025-10-28,quarterly,0.54,USD,post-market,686000000,,0.0627,0.132,-0.092,28.58,493000000,,,,169.28,201.92,54.2857,,,,,,,1839000000,,59.53,,204.84,114.66
2025-12-28,EA,3.44,7288000000.0,59.53,,0.757,24.06,,,,,,,,,,,,,,,None,451000000,451000000,,,,,,None,82000000,,0.76,0.0037,,,,-0.514,0.19,200000000,282000000,0.35,2025-06-30,22.68,,5742000000.0,1388000000,197000000,60000000,,,None,3000000,None,,None,,,,,137000000,201000000,2000000,None,0.109,,1179000000,209000000,,,,,None,,,,,2.081,8.54,7.03,,,,,,,,0.121,,,2025-10-28,quarterly,0.54,USD,post-market,686000000,,0.0627,0.132,-0.092,28.58,189000000,,,,169.28,201.92,54.2857,,,,,,,1839000000,,59.53,,204.84,114.66
2025-12-28,EA,3.44,7288000000.0,59.53,,0.757,24.06,,,,,,,,,,,,,,,None,368000000,368000000,,,,,,None,79000000,,0.76,0.0037,,,,-0.514,0.19,422000000,501000000,0.35,2025-03-31,22.68,,5742000000.0,1527000000,407000000,153000000,,,None,14000000,8000000,,None,,,,,254000000,254000000,-6000000,None,0.109,,1132000000,395000000,,,,,None,,,,,2.081,8.54,7.03,,,,,,,,0.121,,,2025-10-28,quarterly,0.54,USD,post-market,686000000,,0.0627,0.132,-0.092,28.58,192000000,,,,169.28,201.92,54.2857,,,,,,,1895000000,,59.53,,204.84,114.66
2025-12-28,EA,3.44,7288000000.0,59.53,,0.757,24.06,,,,,,,,,,,,,,,None,456000000,456000000,,,,,,None,75000000,,0.76,0.0037,,,,-0.514,0.19,420000000,495000000,0.35,2024-12-31,22.68,,5742000000.0,1427000000,405000000,112000000,,,None,15000000,43000000,,None,,,,,293000000,293000000,28000000,None,0.109,,1050000000,377000000,,,,,None,,,,,2.081,8.54,7.03,,,,,,,,0.121,,,2025-10-28,quarterly,0.54,USD,post-market,606000000,,0.0627,0.132,-0.092,28.58,176000000,,,,169.28,201.92,54.2857,,,,,,,1883000000,,59.53,,204.84,114.66
2025-12-28,EA,3.44,7288000000.0,59.53,,0.757,24.06,,,,,,,,,,,,,,,None,456000000,456000000,,,,,,None,122000000,,0.76,0.0037,,,,-0.514,0.19,413000000,535000000,0.35,2024-09-30,22.68,,5742000000.0,1569000000,399000000,105000000,,,None,14000000,None,,None,,,,,294000000,294000000,-14000000,None,0.109,,1185000000,384000000,,,,,None,,,,,2.081,8.54,7.03,,,,,,,,0.121,,,2025-10-28,quarterly,0.54,USD,post-market,648000000,,0.0627,0.132,-0.092,28.58,197000000,,,,169.28,201.92,54.2857,,,,,,,2025000000,,59.53,,204.84,114.66
2025-12-28,EA,3.44,7288000000.0,59.53,,0.757,24.06,,,,,,,,,,,,,,,None,263000000,263000000,,,,,,None,80000000,,0.76,0.0037,,,,-0.514,0.19,366000000,446000000,0.35,2024-06-30,22.68,,5742000000.0,1397000000,394000000,114000000,,,None,30000000,None,,None,,,,,280000000,280000000,30000000,None,0.109,,1033000000,364000000,,,,,None,,,,,2.081,8.54,7.03,,,,,,,,0.121,,,2025-10-28,quarterly,0.54,USD,post-market,629000000,,0.0627,0.132,-0.092,28.58,180000000,,,,169.28,201.92,54.2857,,,,,,,1660000000,,59.53,,204.84,114.66
2025-12-28,EA,3.44,7288000000.0,59.53,,0.757,24.06,,,,,,,,,,,,,,,None,357000000,357000000,,,,,,None,149000000,,0.76,0.0037,,,,-0.514,0.19,275000000,424000000,0.35,2024-03-31,22.68,,5742000000.0,1422000000,260000000,78000000,,,None,26000000,37000000,,None,,,,,182000000,182000000,23000000,None,0.109,,1188000000,234000000,,,,,None,,,,,2.081,8.54,7.03,,,,,,,,0.121,,,2025-10-28,quarterly,0.54,USD,post-market,638000000,,0.0627,0.132,-0.092,28.58,185000000,,,,169.28,201.92,54.2857,,,,,,,1779000000,,59.53,,204.84,114.66
2025-12-28,EA,3.44,7288000000.0,59.53,,0.757,24.06,,,,,,,,,,,,,,,None,529000000,529000000,,,,,,None,82000000,,0.76,0.0037,,,,-0.514,0.19,397000000,479000000,0.35,2023-12-31,22.68,,5742000000.0,1416000000,382000000,92000000,,,None,15000000,32000000,,None,,,,,290000000,290000000,17000000,None,0.109,,1051000000,365000000,,,,,None,,,,,2.081,8.54,7.03,,,,,,,,0.121,,,2025-10-28,quarterly,0.54,USD,post-market,584000000,,0.0627,0.132,-0.092,28.58,170000000,,,,169.28,201.92,54.2857,,,,,,,1945000000,,59.53,,204.84,114.66
2025-12-28,EA,3.44,7288000000.0,59.53,,0.757,24.06,,,,,,,,,,,,,,,None,456000000,456000000,,,,,,None,85000000,,0.76,0.0037,,,,-0.514,0.19,405000000,490000000,0.35,2023-09-30,22.68,,5742000000.0,1458000000,391000000,-8000000,,,None,14000000,None,,None,,,,,399000000,399000000,14000000,None,0.109,,1081000000,377000000,,,,,None,,,,,2.081,8.54,7.03,,,,,,,,0.121,,,2025-10-28,quarterly,0.54,USD,post-market,602000000,,0.0627,0.132,-0.092,28.58,173000000,,,,169.28,201.92,54.2857,,,,,,,1914000000,,59.53,,204.84,114.66
2025-12-28,EA,3.44,7288000000.0,59.53,,0.757,24.06,,,,,,,,,,,,,,,None,368000000,368000000,,,,,,None,88000000,,0.76,0.0037,,,,-0.514,0.19,543000000,631000000,0.35,2023-06-30,22.68,,5742000000.0,1556000000,556000000,154000000,,,None,14000000,None,,None,,,,,402000000,402000000,14000000,None,0.109,,1014000000,542000000,,,,,14000000,,,,,2.081,8.54,7.03,,,,,,,,0.121,,,2025-10-28,quarterly,0.54,USD,post-market,596000000,,0.0627,0.132,-0.092,28.58,163000000,,,,169.28,201.92,54.2857,,,,,,,1924000000,,59.53,,204.84,114.66
2025-12-28,EA,3.44,7288000000.0,59.53,,0.757,24.06,,,,,,,,,,,,,,,None,448000000,448000000,,,,,,None,173000000,,0.76,0.0037,,,,-0.514,0.19,198000000,371000000,0.35,2023-03-31,22.68,,5742000000.0,1426000000,181000000,193000000,,,None,6000000,None,,None,,,,,-12000000,-12000000,6000000,None,0.109,,1251000000,175000000,,,,,6000000,,,,,2.081,8.54,7.03,,,,,,,,0.121,,,2025-10-28,quarterly,0.54,USD,post-market,635000000,,0.0627,0.132,-0.092,28.58,224000000,,,,169.28,201.92,54.2857,,,,,,,1874000000,,59.53,,204.84,114.66
2025-12-28,EA,3.44,7288000000.0,59.53,,0.757,24.06,,,,,,,,,,,,,,,None,568000000,568000000,,,,,,None,122000000,,0.76,0.0037,,,,-0.514,0.19,295000000,417000000,0.35,2022-12-31,22.68,,5742000000.0,1313000000,282000000,78000000,,,None,7000000,7000000,,None,,,,,204000000,204000000,-7000000,None,0.109,,1024000000,289000000,,,,,-7000000,,,,,2.081,8.54,7.03,,,,,,,,0.121,,,2025-10-28,quarterly,0.54,USD,post-market,556000000,,0.0627,0.132,-0.092,28.58,162000000,,,,169.28,201.92,54.2857,,,,,,,1881000000,,59.53,,204.84,114.66
2025-12-28,EA,3.44,7288000000.0,59.53,,0.757,24.06,,,,,,,,,,,,,,,None,462000000,462000000,,,,,,None,127000000,,0.76,0.0037,,,,-0.514,0.19,441000000,568000000,0.35,2022-09-30,22.68,,5742000000.0,1442000000,427000000,128000000,,,None,14000000,None,,None,,,,,299000000,299000000,-15000000,None,0.109,,1015000000,427000000,,,,,None,,,,,2.081,8.54,7.03,,,,,,,,0.121,,,2025-10-28,quarterly,0.54,USD,post-market,565000000,,0.0627,0.132,-0.092,28.58,174000000,,,,169.28,201.92,54.2857,,,,,,,1904000000,,59.53,,204.84,114.66
2025-12-28,EA,3.44,7288000000.0,59.53,,0.757,24.06,,,,,,,,,,,,,,,None,314000000,314000000,,,,,,None,114000000,,0.76,0.0037,,,,-0.514,0.19,441000000,555000000,0.35,2022-06-30,22.68,,5742000000.0,1453000000,436000000,125000000,,,None,5000000,None,,None,,,,,311000000,311000000,-5000000,None,0.109,,1012000000,441000000,,,,,-5000000,,,,,2.081,8.54,7.03,,,,,,,,0.121,,,2025-10-28,quarterly,0.54,USD,post-market,572000000,,0.0627,0.132,-0.092,28.58,167000000,,,,169.28,201.92,54.2857,,,,,,,1767000000,,59.53,,204.84,114.66
2025-12-28,EA,3.44,7288000000.0,59.53,,0.757,24.06,,,,,,,,,,,,,,,None,419000000,419000000,,,,,,None,141000000,,0.76,0.0037,,,,-0.514,0.19,373000000,514000000,0.35,2022-03-31,22.68,,5742000000.0,1406000000,356000000,131000000,,,None,17000000,None,,None,,,,,225000000,225000000,-9000000,None,0.109,,1041000000,365000000,,,,,-9000000,,,,,2.081,8.54,7.03,,,,,,,,0.121,,,2025-10-28,quarterly,0.54,USD,post-market,579000000,,0.0627,0.132,-0.092,28.58,165000000,,,,169.28,201.92,54.2857,,,,,,,1825000000,,59.53,,204.84,114.66
2025-12-28,EA,3.44,7288000000.0,59.53,,0.757,24.06,,,,,,,,,,,,,,,None,631000000,631000000,,,,,,None,146000000,,0.76,0.0037,,,,-0.514,0.19,104000000,250000000,0.35,2021-12-31,22.68,,5742000000.0,1158000000,91000000,25000000,,,None,13000000,None,,None,,,,,66000000,66000000,-11000000,None,0.109,,1056000000,102000000,,,,,-11000000,,,,,2.081,8.54,7.03,,,,,,,,0.121,,,2025-10-28,quarterly,0.54,USD,post-market,539000000,,0.0627,0.132,-0.092,28.58,163000000,,,,169.28,201.92,54.2857,,,,,,,1789000000,,59.53,,204.84,114.66
2025-12-28,EA,3.44,7288000000.0,59.53,,0.757,24.06,,,,,,,,,,,,,,,None,494000000,494000000,,,,,,None,94000000,,0.76,0.0037,,,,-0.514,0.19,340000000,434000000,0.35,2021-09-30,22.68,,5742000000.0,1332000000,326000000,32000000,,,None,14000000,None,,None,,,,,294000000,294000000,-14000000,None,0.109,,992000000,340000000,,,,,-14000000,,,,,2.081,8.54,7.03,,,,,,,,0.121,,,2025-10-28,quarterly,0.54,USD,post-market,553000000,,0.0627,0.132,-0.092,28.58,176000000,,,,169.28,201.92,54.2857,,,,,,,1826000000,,59.53,,204.84,114.66
2025-12-28,EA,3.44,7288000000.0,59.53,,0.757,24.06,,,,,,,,,,,,,,,None,315000000,315000000,,,,,,None,105000000,,0.76,0.0037,,,,-0.514,0.19,322000000,427000000,0.35,2021-06-30,22.68,,5742000000.0,1236000000,308000000,104000000,,,None,14000000,None,,None,,,,,204000000,204000000,-14000000,None,0.109,,914000000,322000000,,,,,-14000000,,,,,2.081,8.54,7.03,,,,,,,,0.121,,,2025-10-28,quarterly,0.54,USD,post-market,515000000,,0.0627,0.132,-0.092,28.58,169000000,,,,169.28,201.92,54.2857,,,,,,,1551000000,,59.53,,204.84,114.66
2025-12-28,EA,3.44,7288000000.0,59.53,,0.757,24.06,,,,,,,,,,,,,,,None,319000000,319000000,,,,,,None,58000000,,0.76,0.0037,,,,-0.514,0.19,177000000,235000000,0.35,2021-03-31,22.68,,5742000000.0,1027000000,165000000,89000000,,,None,12000000,None,,None,,,,,76000000,76000000,-10000000,None,0.109,,852000000,175000000,,,,,-10000000,,,,,2.081,8.54,7.03,,,,,,,,0.121,,,2025-10-28,quarterly,0.54,USD,post-market,468000000,,0.0627,0.132,-0.092,28.58,174000000,,,,169.28,201.92,54.2857,,,,,,,1346000000,,59.53,,204.84,114.66
2025-12-28,EA,3.44,7288000000.0,59.53,,0.757,24.06,,,,,,,,,,,,,,,None,601000000,601000000,,,,,,None,46000000,,0.76,0.0037,,,,-0.514,0.19,255000000,301000000,0.35,2020-12-31,22.68,,5742000000.0,1072000000,245000000,34000000,,,None,10000000,None,,None,,,,,211000000,211000000,-6000000,None,0.109,,821000000,251000000,,,,,-6000000,,,,,2.081,8.54,7.03,,,,,,,,0.121,,,2025-10-28,quarterly,0.54,USD,post-market,451000000,,0.0627,0.132,-0.092,28.58,149000000,,,,169.28,201.92,54.2857,,,,,,,1673000000,,59.53,,204.84,114.66
2025-12-28,EA,3.44,7288000000.0,59.53,,0.757,24.06,,,,,,,,,,,,,,,None,286000000,286000000,,,,,,None,40000000,,0.76,0.0037,,,,-0.514,0.19,150000000,190000000,0.35,2020-09-30,22.68,,5742000000.0,865000000,139000000,-46000000,,,None,11000000,None,,None,,,,,185000000,185000000,-11000000,None,0.109,,716000000,149000000,,,,,-10000000,,,,,2.081,8.54,7.03,,,,,,,,0.121,,,2025-10-28,quarterly,0.54,USD,post-market,421000000,,0.0627,0.132,-0.092,28.58,133000000,,,,169.28,201.92,54.2857,,,,,,,1151000000,,59.53,,204.84,114.66
2025-12-28,EA,3.44,7288000000.0,59.53,,0.757,24.06,,,,,,,,,,,,,,,None,288000000,288000000,,,,,,None,37000000,,0.76,0.0037,,,,-0.514,0.19,478000000,515000000,0.35,2020-06-30,22.68,,5742000000.0,1171000000,468000000,103000000,,,None,10000000,None,,None,,,,,365000000,365000000,-11000000,None,0.109,,700000000,471000000,,,,,-3000000,,,,,2.081,8.54,7.03,,,,,,,,0.121,,,2025-10-28,quarterly,0.54,USD,post-market,438000000,,0.0627,0.132,-0.092,28.58,136000000,,,,169.28,201.92,54.2857,,,,,,,1459000000,,59.53,,204.84,114.66
2025-12-28,EA,3.44,7288000000.0,59.53,,0.757,24.06,,,,,,,,,,,,,,,None,269000000,269000000,,,,,,None,39000000,,0.76,0.0037,,,,-0.514,0.19,425000000,464000000,0.35,2020-03-31,22.68,,5742000000.0,1118000000,414000000,-4000000,,,None,12000000,13000000,,None,,,,,418000000,418000000,88000000,None,0.109,,717000000,401000000,,,,,13000000,,,,,2.081,8.54,7.03,,,,,,,,0.121,,,2025-10-28,quarterly,0.54,USD,post-market,402000000,,0.0627,0.132,-0.092,28.58,142000000,,,,169.28,201.92,54.2857,,,,,,,1387000000,,59.53,,204.84,114.66
2025-12-28,EA,3.44,7288000000.0,59.53,,0.757,24.06,,,,,,,,,,,,,,,None,508000000,508000000,,,,,,None,39000000,,0.76,0.0037,,,,-0.514,0.19,384000000,423000000,0.35,2019-12-31,22.68,,5742000000.0,1085000000,374000000,28000000,,,None,10000000,13000000,,None,,,,,346000000,346000000,-10000000,None,0.109,,724000000,361000000,,,,,13000000,,,,,2.081,8.54,7.03,,,,,,,,0.121,,,2025-10-28,quarterly,0.54,USD,post-market,389000000,,0.0627,0.132,-0.092,28.58,126000000,,,,169.28,201.92,54.2857,,,,,,,1593000000,,59.53,,204.84,114.66
2025-12-28,EA,3.44,7288000000.0,59.53,,0.757,24.06,,,,,,,,,,,,,,,None,405000000,405000000,,,,,,None,35000000,,0.76,0.0037,,,,-0.514,0.19,295000000,330000000,0.35,2019-09-30,22.68,,5742000000.0,943000000,284000000,-570000000,,,None,11000000,16000000,,None,,,,,854000000,854000000,-11000000,None,0.109,,675000000,268000000,,,,,16000000,,,,,2.081,8.54,7.03,,,,,,,,0.121,,,2025-10-28,quarterly,0.54,USD,post-market,387000000,,0.0627,0.132,-0.092,28.58,128000000,,,,169.28,201.92,54.2857,,,,,,,1348000000,,59.53,,204.84,114.66
2025-12-28,EA,3.44,7288000000.0,59.53,,0.757,24.06,,,,,,,,,,,,,,,None,187000000,187000000,,,,,,None,37000000,,0.76,0.0037,,,,-0.514,0.19,446000000,483000000,0.35,2019-06-30,22.68,,5742000000.0,1022000000,436000000,-985000000,,,None,11000000,21000000,,None,,,,,1421000000,1421000000,-11000000,None,0.109,,607000000,415000000,,,,,21000000,,,,,2.081,8.54,7.03,,,,,,,,0.121,,,2025-10-28,quarterly,0.54,USD,post-market,381000000,,0.0627,0.132,-0.092,28.58,110000000,,,,169.28,201.92,54.2857,,,,,,,1209000000,,59.53,,204.84,114.66
2025-12-28,EA,3.44,7288000000.0,59.53,,0.757,24.06,,,,,,,,,,,,,,,None,276000000,276000000,,,,,,None,37000000,,0.76,0.0037,,,,-0.514,0.19,230000000,267000000,0.35,2019-03-31,22.68,,5742000000.0,962000000,219000000,10000000,,,None,12000000,23000000,,None,,,,,209000000,209000000,76000000,None,0.109,,766000000,196000000,,,,,23000000,,,,,2.081,8.54,7.03,,,,,,,,0.121,,,2025-10-28,quarterly,0.54,USD,post-market,398000000,,0.0627,0.132,-0.092,28.58,123000000,,,,169.28,201.92,54.2857,,,,,,,1238000000,,59.53,,204.84,114.66
2025-12-28,EA,3.44,7288000000.0,59.53,,0.757,24.06,,,,,,,,,,,,,,,None,413000000,413000000,,,,,,None,34000000,,0.76,0.0037,,,,-0.514,0.19,276000000,310000000,0.35,2018-12-31,22.68,,5742000000.0,876000000,265000000,3000000,,,None,11000000,None,,None,,,,,262000000,262000000,None,None,0.109,,634000000,242000000,,,,,23000000,,,,,2.081,8.54,7.03,,,,,,,,0.121,,,2025-10-28,quarterly,0.54,USD,post-market,334000000,,0.0627,0.132,-0.092,28.58,106000000,,,,169.28,201.92,54.2857,,,,,,,1289000000,,59.53,,204.84,114.66
2025-12-28,EA,3.44,7288000000.0,59.53,,0.757,24.06,,,,,,,,,,,,,,,None,418000000,418000000,,,,,,None,36000000,,0.76,0.0037,,,,-0.514,0.19,287000000,323000000,0.35,2018-09-30,22.68,,5742000000.0,868000000,276000000,21000000,,,None,11000000,None,,None,,,,,255000000,255000000,None,None,0.109,,610000000,258000000,,,,,18000000,,,,,2.081,8.54,7.03,,,,,,,,0.121,,,2025-10-28,quarterly,0.54,USD,post-market,339000000,,0.0627,0.132,-0.092,28.58,117000000,,,,169.28,201.92,54.2857,,,,,,,1286000000,,59.53,,204.84,114.66
2025-12-28,EA,3.44,7288000000.0,59.53,,0.757,24.06,,,,,,,,,,,,,,,None,215000000,215000000,,,,,,None,38000000,,0.76,0.0037,,,,-0.514,0.19,329000000,367000000,0.35,2018-06-30,22.68,,5742000000.0,922000000,319000000,26000000,,,None,11000000,None,,None,,,,,293000000,293000000,None,None,0.109,,622000000,300000000,,,,,19000000,,,,,2.081,8.54,7.03,,,,,,,,0.121,,,2025-10-28,quarterly,0.54,USD,post-market,362000000,,0.0627,0.132,-0.092,28.58,114000000,,,,169.28,201.92,54.2857,,,,,,,1137000000,,59.53,,204.84,114.66
2025-12-28,EA,3.44,7288000000.0,59.53,,0.757,24.06,,,,,,,,,,,,,,,None,233000000,233000000,,,,,,None,39000000,,0.76,0.0037,,,,-0.514,0.19,765000000,804000000,0.35,2018-03-31,22.68,,5742000000.0,1349000000,754000000,147000000,,,None,12000000,None,,None,,,,,607000000,607000000,None,None,0.109,,596000000,753000000,,,,,1000000,,,,,2.081,8.54,7.03,,,,,,,,0.121,,,2025-10-28,quarterly,0.54,USD,post-market,335000000,,0.0627,0.132,-0.092,28.58,126000000,,,,169.28,201.92,54.2857,,,,,,,1582000000,,59.53,,204.84,114.66
2025-12-28,EA,3.44,7288000000.0,59.53,,0.757,24.06,,,,,,,,,,,,,,,None,501000000,501000000,,,,,,None,34000000,,0.76,0.0037,,,,-0.514,0.19,-6000000,28000000,0.35,2017-12-31,22.68,,5742000000.0,659000000,-16000000,170000000,,,None,10000000,None,,None,,,,,-186000000,-186000000,None,None,0.109,,680000000,-21000000,,,,,5000000,,,,,2.081,8.54,7.03,,,,,,,,0.121,,,2025-10-28,quarterly,0.54,USD,post-market,329000000,,0.0627,0.132,-0.092,28.58,120000000,,,,169.28,201.92,54.2857,,,,,,,1160000000,,59.53,,204.84,114.66
2025-12-28,EA,3.44,7288000000.0,59.53,,0.757,24.06,,,,,,,,,,,,,,,None,389000000,389000000,,,,,,None,32000000,,0.76,0.0037,,,,-0.514,0.19,-27000000,5000000,0.35,2017-09-30,22.68,,5742000000.0,570000000,-38000000,-16000000,,,None,11000000,None,,None,,,,,-22000000,-22000000,None,None,0.109,,611000000,-41000000,,,,,3000000,,,,,2.081,8.54,7.03,,,,,,,,0.121,,,2025-10-28,quarterly,0.54,USD,post-market,331000000,,0.0627,0.132,-0.092,28.58,118000000,,,,169.28,201.92,54.2857,,,,,,,959000000,,59.53,,204.84,114.66
2025-12-28,EA,3.44,7288000000.0,59.53,,0.757,24.06,,,,,,,,,,,,,,,None,154000000,154000000,,,,,,None,31000000,,0.76,0.0037,,,,-0.514,0.19,759000000,790000000,0.35,2017-06-30,22.68,,5742000000.0,1295000000,749000000,105000000,,,None,11000000,None,,None,,,,,644000000,644000000,None,None,0.109,,552000000,743000000,,,,,6000000,,,,,2.081,8.54,7.03,,,,,,,,0.121,,,2025-10-28,quarterly,0.54,USD,post-market,325000000,,0.0627,0.132,-0.092,28.58,105000000,,,,169.28,201.92,54.2857,,,,,,,1449000000,,59.53,,204.84,114.66
2025-12-28,EA,3.44,7288000000.0,59.53,,0.757,24.06,,,,,,,,,,,,,,,None,202000000,202000000,,,,,,None,32000000,,0.76,0.0037,,,,-0.514,0.19,727000000,759000000,0.35,2017-03-31,22.68,,5742000000.0,1325000000,716000000,150000000,,,None,11000000,None,,None,,,,,566000000,566000000,None,None,0.109,,608000000,717000000,,,,,-1000000,,,,,2.081,8.54,7.03,,,,,,,,0.121,,,2025-10-28,quarterly,0.54,USD,post-market,335000000,,0.0627,0.132,-0.092,28.58,110000000,,,,169.28,201.92,54.2857,,,,,,,1527000000,,59.53,,204.84,114.66
2025-12-28,EA,3.44,7288000000.0,59.53,,0.757,24.06,,,,,,,,,,,,,,,None,516000000,516000000,,,,,,None,49000000,,0.76,0.0037,,,,-0.514,0.19,5000000,54000000,0.35,2016-12-31,22.68,,5742000000.0,633000000,-6000000,-5000000,,,None,12000000,None,,None,,,,,-1000000,-1000000,None,None,0.109,,637000000,-4000000,,,,,-2000000,,,,,2.081,8.54,7.03,,,,,,,,0.121,,,2025-10-28,quarterly,0.54,USD,post-market,285000000,,0.0627,0.132,-0.092,28.58,110000000,,,,169.28,201.92,54.2857,,,,,,,1149000000,,59.53,,204.84,114.66
2025-12-28,EA,3.44,7288000000.0,59.53,,0.757,24.06,,,,,,,,,,,,,,,None,401000000,401000000,,,,,,None,45000000,,0.76,0.0037,,,,-0.514,0.19,-41000000,4000000,0.35,2016-09-30,22.68,,5742000000.0,497000000,-52000000,-14000000,,,None,11000000,None,,None,,,,,-38000000,-38000000,None,None,0.109,,546000000,-49000000,,,,,-3000000,,,,,2.081,8.54,7.03,,,,,,,,0.121,,,2025-10-28,quarterly,0.54,USD,post-market,291000000,,0.0627,0.132,-0.092,28.58,111000000,,,,169.28,201.92,54.2857,,,,,,,898000000,,59.53,,204.84,114.66
2025-12-28,EA,3.44,7288000000.0,59.53,,0.757,24.06,,,,,,,,,,,,,,,None,179000000,179000000,,,,,,None,46000000,,0.76,0.0037,,,,-0.514,0.19,564000000,610000000,0.35,2016-06-30,22.68,,5742000000.0,1092000000,552000000,112000000,,,None,7000000,None,,None,,,,,440000000,440000000,None,None,0.109,,532000000,560000000,,,,,-8000000,,,,,2.081,8.54,7.03,,,,,,,,0.121,,,2025-10-28,quarterly,0.54,USD,post-market,294000000,,0.0627,0.132,-0.092,28.58,108000000,,,,169.28,201.92,54.2857,,,,,,,1271000000,,59.53,,204.84,114.66
2025-12-28,EA,3.44,7288000000.0,59.53,,0.757,24.06,,,,,,,,,,,,,,,None,226000000,226000000,,,,,,None,48000000,,0.76,0.0037,,,,-0.514,0.19,543000000,591000000,0.35,2016-03-31,22.68,,5742000000.0,1082000000,526000000,-373000000,,,None,-10000000,None,,None,,,,,899000000,899000000,None,None,0.109,,546000000,536000000,,,,,-10000000,,,,,2.081,8.54,7.03,,,,,,,,0.121,,,2025-10-28,quarterly,0.54,USD,post-market,282000000,,0.0627,0.132,-0.092,28.58,110000000,,,,169.28,201.92,54.2857,,,,,,,1308000000,,59.53,,204.84,114.66
2025-12-28,EA,3.44,7288000000.0,59.53,,0.757,24.06,,,,,,,,,,,,,,,None,546000000,546000000,,,,,,None,50000000,,0.76,0.0037,,,,-0.514,0.19,-26000000,24000000,0.35,2015-12-31,22.68,,5742000000.0,524000000,-30000000,15000000,,,None,5000000,None,,None,,,,,-45000000,-45000000,None,None,0.109,,555000000,-31000000,,,,,1000000,,,,,2.081,8.54,7.03,,,,,,,,0.121,,,2025-10-28,quarterly,0.54,USD,post-market,266000000,,0.0627,0.132,-0.092,28.58,97000000,,,,169.28,201.92,54.2857,,,,,,,1070000000,,59.53,,204.84,114.66
2025-12-28,EA,3.44,7288000000.0,59.53,,0.757,24.06,,,,,,,,,,,,,,,None,409000000,409000000,,,,,,None,50000000,,0.76,0.0037,,,,-0.514,0.19,-122000000,-72000000,0.35,2015-09-30,22.68,,5742000000.0,406000000,-128000000,12000000,,,None,6000000,None,,None,,,,,-140000000,-140000000,None,None,0.109,,525000000,-119000000,,,,,-9000000,,,,,2.081,8.54,7.03,,,,,,,,0.121,,,2025-10-28,quarterly,0.54,USD,post-market,265000000,,0.0627,0.132,-0.092,28.58,101000000,,,,169.28,201.92,54.2857,,,,,,,815000000,,59.53,,204.84,114.66
2025-12-28,EA,3.44,7288000000.0,59.53,,0.757,24.06,,,,,,,,,,,,,,,None,173000000,173000000,,,,,,None,49000000,,0.76,0.0037,,,,-0.514,0.19,512000000,561000000,0.35,2015-06-30,22.68,,5742000000.0,1030000000,509000000,67000000,,,None,-3000000,None,,None,,,,,442000000,442000000,None,None,0.109,,518000000,512000000,,,,,-3000000,,,,,2.081,8.54,7.03,,,,,,,,0.121,,,2025-10-28,quarterly,0.54,USD,post-market,296000000,,0.0627,0.132,-0.092,28.58,98000000,,,,169.28,201.92,54.2857,,,,,,,1203000000,,59.53,,204.84,114.66
2025-12-28,EA,3.44,7288000000.0,59.53,,0.757,24.06,,,,,,,,,,,,,,,None,234000000,234000000,,,,,,None,55000000,,0.76,0.0037,,,,-0.514,0.19,406000000,461000000,0.35,2015-03-31,22.68,,5742000000.0,951000000,397000000,2000000,,,None,8000000,None,,None,,,,,395000000,395000000,None,None,0.109,,551000000,400000000,,,,,-3000000,,,,,2.081,8.54,7.03,,,,,,,,0.121,,,2025-10-28,quarterly,0.54,USD,post-market,285000000,,0.0627,0.132,-0.092,28.58,99000000,,,,169.28,201.92,54.2857,,,,,,,1185000000,,59.53,,204.84,114.66
2025-12-28,EA,3.44,7288000000.0,59.53,,0.757,24.06,,,,,,,,,,,,,,,None,401000000,401000000,,,,,,None,53000000,,0.76,0.0037,,,,-0.514,0.19,162000000,215000000,0.35,2014-12-31,22.68,,5742000000.0,725000000,156000000,14000000,,,None,8000000,None,,None,,,,,142000000,142000000,None,None,0.109,,563000000,162000000,,,,,-6000000,,,,,2.081,8.54,7.03,,,,,,,,0.121,,,2025-10-28,quarterly,0.54,USD,post-market,283000000,,0.0627,0.132,-0.092,28.58,107000000,,,,169.28,201.92,54.2857,,,,,,,1126000000,,59.53,,204.84,114.66
2025-12-28,EA,3.44,7288000000.0,59.53,,0.757,24.06,,,,,,,,,,,,,,,None,427000000,427000000,,,,,,None,56000000,,0.76,0.0037,,,,-0.514,0.19,23000000,79000000,0.35,2014-09-30,22.68,,5742000000.0,563000000,18000000,15000000,,,None,7000000,None,,None,,,,,3000000,3000000,None,None,0.109,,539000000,24000000,,,,,-6000000,,,,,2.081,8.54,7.03,,,,,,,,0.121,,,2025-10-28,quarterly,0.54,USD,post-market,261000000,,0.0627,0.132,-0.092,28.58,92000000,,,,169.28,201.92,54.2857,,,,,,,990000000,,59.53,,204.84,114.66
2025-12-28,EA,3.44,7288000000.0,59.53,,0.757,24.06,,,,,,,,,,,,,,,None,367000000,367000000,,,,,,None,56000000,,0.76,0.0037,,,,-0.514,0.19,361000000,417000000,0.35,2014-06-30,22.68,,5742000000.0,847000000,354000000,19000000,,,None,8000000,None,,None,,,,,335000000,335000000,None,None,0.109,,485000000,362000000,,,,,-8000000,,,,,2.081,8.54,7.03,,,,,,,,0.121,,,2025-10-28,quarterly,0.54,USD,post-market,265000000,,0.0627,0.132,-0.092,28.58,88000000,,,,169.28,201.92,54.2857,,,,,,,1214000000,,59.53,,204.84,114.66
2025-12-28,EA,3.44,7288000000.0,59.53,,0.757,24.06,,,,,,,,,,,,,,,None,223000000,223000000,,,,,,None,57000000,,0.76,0.0037,,,,-0.514,0.19,347000000,404000000,0.35,2014-03-31,22.68,,5742000000.0,900000000,337000000,-30000000,,,None,10000000,None,,None,,,,,367000000,367000000,None,None,0.109,,556000000,344000000,,,,,-7000000,,,,,2.081,8.54,7.03,,,,,,,,0.121,,,2025-10-28,quarterly,0.54,USD,post-market,289000000,,0.0627,0.132,-0.092,28.58,105000000,,,,169.28,201.92,54.2857,,,,,,,1123000000,,59.53,,204.84,114.66
2025-12-28,EA,3.44,7288000000.0,59.53,,0.757,24.06,,,,,,,,,,,,,,,None,517000000,517000000,,,,,,None,58000000,,0.76,0.0037,,,,-0.514,0.19,-291000000,-233000000,0.35,2013-12-31,22.68,,5742000000.0,291000000,-298000000,10000000,,,None,7000000,None,,None,,,,,-308000000,-308000000,None,None,0.109,,583000000,-292000000,,,,,-6000000,,,,,2.081,8.54,7.03,,,,,,,,0.121,,,2025-10-28,quarterly,0.54,USD,post-market,275000000,,0.0627,0.132,-0.092,28.58,91000000,,,,169.28,201.92,54.2857,,,,,,,808000000,,59.53,,204.84,114.66
2025-12-28,EA,3.44,7288000000.0,59.53,,0.757,24.06,,,,,,,,,,,,,,,None,413000000,413000000,,,,,,None,56000000,,0.76,0.0037,,,,-0.514,0.19,-253000000,-197000000,0.35,2013-09-30,22.68,,5742000000.0,282000000,-260000000,13000000,,,None,3000000,None,,None,,,,,-273000000,-273000000,None,None,0.109,,534000000,-252000000,,,,,-8000000,,,,,2.081,8.54,7.03,,,,,,,,0.121,,,2025-10-28,quarterly,0.54,USD,post-market,283000000,,0.0627,0.132,-0.092,28.58,129000000,,,,169.28,201.92,54.2857,,,,,,,695000000,,59.53,,204.84,114.66
2025-12-28,EA,3.44,7288000000.0,59.53,,0.757,24.06,,,,,,,,,,,,,,,None,194000000,194000000,,,,,,None,56000000,,0.76,0.0037,,,,-0.514,0.19,235000000,291000000,0.35,2013-06-30,22.68,,5742000000.0,755000000,228000000,6000000,,,None,6000000,None,,None,,,,,222000000,222000000,None,None,0.109,,522000000,233000000,,,,,-5000000,,,,,2.081,8.54,7.03,,,,,,,,0.121,,,2025-10-28,quarterly,0.54,USD,post-market,278000000,,0.0627,0.132,-0.092,28.58,85000000,,,,169.28,201.92,54.2857,,,,,,,949000000,,59.53,,204.84,114.66
2025-12-28,EA,3.44,7288000000.0,59.53,,0.757,24.06,,,,,,,,,,,,,,,None,309000000,309000000,,,,,,None,86000000,,0.76,0.0037,,,,-0.514,0.19,340000000,426000000,0.35,2013-03-31,22.68,,5742000000.0,900000000,330000000,7000000,,,None,10000000,None,,None,,,,,323000000,323000000,None,None,0.109,,591000000,309000000,,,,,-4000000,,,,,2.081,8.54,7.03,,,,,,,,0.121,,,2025-10-28,quarterly,0.54,USD,post-market,263000000,,0.0627,0.132,-0.092,28.58,96000000,,,,169.28,201.92,54.2857,,,,,,,1209000000,,59.53,,204.84,114.66
2025-12-28,EA,3.44,7288000000.0,59.53,,0.757,24.06,,,,,,,,,,,,,,,None,429000000,429000000,,,,,,None,66000000,,0.76,0.0037,,,,-0.514,0.19,-26000000,40000000,0.35,2012-12-31,22.68,,5742000000.0,493000000,-33000000,12000000,,,None,7000000,None,,None,,,,,-45000000,-45000000,None,None,0.109,,532000000,-39000000,,,,,-8000000,,,,,2.081,8.54,7.03,,,,,,,,0.121,,,2025-10-28,quarterly,0.54,USD,post-market,278000000,,0.0627,0.132,-0.092,28.58,68000000,,,,169.28,201.92,54.2857,,,,,,,922000000,,59.53,,204.84,114.66
2025-12-28,EA,3.44,7288000000.0,59.53,,0.757,24.06,,,,,,,,,,,,,,,None,445000000,445000000,,,,,,None,56000000,,0.76,0.0037,,,,-0.514,0.19,-362000000,-306000000,0.35,2012-09-30,22.68,,5742000000.0,266000000,-368000000,13000000,,,None,4000000,None,,None,,,,,-381000000,-381000000,None,None,0.109,,630000000,-364000000,,,,,-4000000,,,,,2.081,8.54,7.03,,,,,,,,0.121,,,2025-10-28,quarterly,0.54,USD,post-market,306000000,,0.0627,0.132,-0.092,28.58,99000000,,,,169.28,201.92,54.2857,,,,,,,711000000,,59.53,,204.84,114.66
2025-12-28,EA,3.44,7288000000.0,59.53,,0.757,24.06,,,,,,,,,,,,,,,None,205000000,205000000,,,,,,None,56000000,,0.76,0.0037,,,,-0.514,0.19,216000000,272000000,0.35,2012-06-30,22.68,,5742000000.0,750000000,210000000,9000000,,,None,5000000,None,,None,,,,,201000000,201000000,None,None,0.109,,535000000,215000000,,,,,-5000000,,,,,2.081,8.54,7.03,,,,,,,,0.121,,,2025-10-28,quarterly,0.54,USD,post-market,282000000,,0.0627,0.132,-0.092,28.58,86000000,,,,169.28,201.92,54.2857,,,,,,,955000000,,59.53,,204.84,114.66
2025-12-28,EA,3.44,7288000000.0,59.53,,0.757,24.06,,,,,,,,,,,,,,,None,374000000,374000000,,,,,,None,68000000,,0.76,0.0037,,,,-0.514,0.19,368000000,436000000,0.35,2012-03-31,22.68,,5742000000.0,994000000,361000000,-39000000,,,None,7000000,None,,None,,,,,400000000,400000000,None,None,0.109,,629000000,365000000,,,,,-4000000,,,,,2.081,8.54,7.03,,,,,,,,0.121,,,2025-10-28,quarterly,0.54,USD,post-market,284000000,,0.0627,0.132,-0.092,28.58,115000000,,,,169.28,201.92,54.2857,,,,,,,1368000000,,59.53,,204.84,114.66
2025-12-28,EA,3.44,7288000000.0,59.53,,0.757,24.06,,,,,,,,,,,,,,,None,552000000,552000000,,,,,,None,54000000,,0.76,0.0037,,,,-0.514,0.19,-186000000,-132000000,0.35,2011-12-31,22.68,,5742000000.0,509000000,-193000000,12000000,,,None,10000000,None,,None,,,,,-205000000,-205000000,None,None,0.109,,692000000,-183000000,,,,,-10000000,,,,,2.081,8.54,7.03,,,,,,,,0.121,,,2025-10-28,quarterly,0.54,USD,post-market,325000000,,0.0627,0.132,-0.092,28.58,98000000,,,,169.28,201.92,54.2857,,,,,,,1061000000,,59.53,,204.84,114.66
2025-12-28,EA,3.44,7288000000.0,59.53,,0.757,24.06,,,,,,,,,,,,,,,None,432000000,432000000,,,,,,None,51000000,,0.76,0.0037,,,,-0.514,0.19,-374000000,-323000000,0.35,2011-09-30,22.68,,5742000000.0,283000000,-380000000,-40000000,,,None,6000000,None,,None,,,,,-340000000,-340000000,None,None,0.109,,657000000,-374000000,,,,,-6000000,,,,,2.081,8.54,7.03,,,,,,,,0.121,,,2025-10-28,quarterly,0.54,USD,post-market,318000000,,0.0627,0.132,-0.092,28.58,88000000,,,,169.28,201.92,54.2857,,,,,,,715000000,,59.53,,204.84,114.66
2025-12-28,EA,3.44,7288000000.0,59.53,,0.757,24.06,,,,,,,,,,,,,,,None,240000000,240000000,,,,,,None,43000000,,0.76,0.0037,,,,-0.514,0.19,230000000,273000000,0.35,2011-06-30,22.68,,5742000000.0,759000000,230000000,9000000,,,None,0,None,,None,,,,,221000000,221000000,None,None,0.109,,532000000,227000000,,,,,3000000,,,,,2.081,8.54,7.03,,,,,,,,0.121,,,2025-10-28,quarterly,0.54,USD,post-market,285000000,,0.0627,0.132,-0.092,28.58,74000000,,,,169.28,201.92,54.2857,,,,,,,999000000,,59.53,,204.84,114.66
2025-12-28,EA,3.44,7288000000.0,59.53,,0.757,24.06,,,,,,,,,,,,,,,None,328000000,328000000,,,,,,None,42000000,,0.76,0.0037,,,,-0.514,0.19,152000000,194000000,0.35,2011-03-31,22.68,,5742000000.0,762000000,149000000,-2000000,,,None,0,None,,None,,,,,151000000,151000000,None,None,0.109,,617000000,145000000,,,,,4000000,,,,,2.081,8.54,7.03,,,,,,,,0.121,,,2025-10-28,quarterly,0.54,USD,post-market,328000000,,0.0627,0.132,-0.092,28.58,75000000,,,,169.28,201.92,54.2857,,,,,,,1090000000,,59.53,,204.84,114.66
2025-12-28,EA,3.44,7288000000.0,59.53,,0.757,24.06,,,,,,,,,,,,,,,None,586000000,586000000,,,,,,None,44000000,,0.76,0.0037,,,,-0.514,0.19,-303000000,-259000000,0.35,2010-12-31,22.68,,5742000000.0,467000000,-303000000,19000000,,,None,0,None,,None,,,,,-322000000,-322000000,None,None,0.109,,770000000,-303000000,,,,,None,,,,,2.081,8.54,7.03,,,,,,,,0.121,,,2025-10-28,quarterly,0.54,USD,post-market,273000000,,0.0627,0.132,-0.092,28.58,75000000,,,,169.28,201.92,54.2857,,,,,,,1053000000,,59.53,,204.84,114.66
2025-12-28,EA,3.44,7288000000.0,59.53,,0.757,24.06,,,,,,,,,,,,,,,None,363000000,363000000,,,,,,None,46000000,,0.76,0.0037,,,,-0.514,0.19,-218000000,-172000000,0.35,2010-09-30,22.68,,5742000000.0,268000000,-218000000,-17000000,,,None,0,None,,None,,,,,-201000000,-201000000,None,None,0.109,,520000000,-252000000,,,,,6000000,,,,,2.081,8.54,7.03,,,,,,,,0.121,,,2025-10-28,quarterly,0.54,USD,post-market,277000000,,0.0627,0.132,-0.092,28.58,77000000,,,,169.28,201.92,54.2857,,,,,,,631000000,,59.53,,204.84,114.66
2025-12-28,EA,3.44,7288000000.0,59.53,,0.757,24.06,,,,,,,,,,,,,,,None,222000000,222000000,,,,,,None,48000000,,0.76,0.0037,,,,-0.514,0.19,102000000,150000000,0.35,2010-06-30,22.68,,5742000000.0,593000000,93000000,-3000000,,,None,0,None,,None,,,,,96000000,96000000,None,None,0.109,,495000000,98000000,,,,,None,,,,,2.081,8.54,7.03,,,,,,,,0.121,,,2025-10-28,quarterly,0.54,USD,post-market,275000000,,0.0627,0.132,-0.092,28.58,74000000,,,,169.28,201.92,54.2857,,,,,,,815000000,,59.53,,204.84,114.66
2025-12-28,EA,3.44,7288000000.0,59.53,,0.757,24.06,,,,,,,,,,,,,,,None,298000000,298000000,,,,,,None,50000000,,0.76,0.0037,,,,-0.514,0.19,105000000,155000000,0.35,2010-03-31,22.68,,5742000000.0,681000000,80000000,50000000,,,None,2000000,None,,None,,,,,30000000,30000000,None,None,0.109,,598000000,83000000,,,,,-2000000,,,,,2.081,8.54,7.03,,,,,,,,0.121,,,2025-10-28,quarterly,0.54,USD,post-market,311000000,,0.0627,0.132,-0.092,28.58,79000000,,,,169.28,201.92,54.2857,,,,,,,979000000,,59.53,,204.84,114.66
2025-12-28,EA,3.44,7288000000.0,59.53,,0.757,24.06,,,,,,,,,,,,,,,None,654000000,654000000,,,,,,None,48000000,,0.76,0.0037,,,,-0.514,0.19,-7000000,41000000,0.35,2009-12-31,22.68,,5742000000.0,589000000,-110000000,-28000000,,,None,2000000,None,,None,,,,,-82000000,-82000000,None,None,0.109,,696000000,-107000000,,,,,-2000000,,,,,2.081,8.54,7.03,,,,,,,,0.121,,,2025-10-28,quarterly,0.54,USD,post-market,290000000,,0.0627,0.132,-0.092,28.58,84000000,,,,169.28,201.92,54.2857,,,,,,,1243000000,,59.53,,204.84,114.66
2025-12-28,EA,3.44,7288000000.0,59.53,,0.757,24.06,,,,,,,,,,,,,,,None,593000000,593000000,,,,,,None,46000000,,0.76,0.0037,,,,-0.514,0.19,-411000000,-365000000,0.35,2009-09-30,22.68,,5742000000.0,195000000,-418000000,-27000000,,,None,0,None,,None,,,,,-391000000,-391000000,None,None,0.109,,612000000,-417000000,,,,,7000000,,,,,2.081,8.54,7.03,,,,,,,,0.121,,,2025-10-28,quarterly,0.54,USD,post-market,316000000,,0.0627,0.132,-0.092,28.58,91000000,,,,169.28,201.92,54.2857,,,,,,,788000000,,59.53,,204.84,114.66
2025-12-28,EA,3.44,7288000000.0,59.53,,0.757,24.06,,,,,,,,,,,,,,,None,321000000,321000000,,,,,,None,48000000,,0.76,0.0037,,,,-0.514,0.19,-231000000,-183000000,0.35,2009-06-30,22.68,,5742000000.0,323000000,-258000000,-24000000,,,None,0,None,,None,,,,,-234000000,-234000000,None,None,0.109,,568000000,-245000000,,,,,3000000,,,,,2.081,8.54,7.03,,,,,,,,0.121,,,2025-10-28,quarterly,0.54,USD,post-market,312000000,,0.0627,0.132,-0.092,28.58,66000000,,,,169.28,201.92,54.2857,,,,,,,644000000,,59.53,,204.84,114.66
2025-12-28,EA,3.44,7288000000.0,59.53,,0.757,24.06,,,,,,,,,,,,,,,None,349000000,349000000,,,,,,None,46000000,,0.76,0.0037,,,,-0.514,0.19,366000000,412000000,0.35,2009-03-31,22.68,,5742000000.0,511000000,-59000000,-17000000,,,None,0,None,,None,,,,,-42000000,0,None,None,0.109,,573000000,-62000000,,,,,None,,,,,2.081,8.54,7.03,,,,,,,,0.121,,,2025-10-28,quarterly,0.54,USD,post-market,332000000,,0.0627,0.132,-0.092,28.58,190000000,,,,169.28,201.92,54.2857,,,,,,,860000000,,59.53,,204.84,114.66
2025-12-28,EA,3.44,7288000000.0,59.53,,0.757,24.06,,,,,,,,,,,,,,,None,925000000,925000000,,,,,,None,48000000,,0.76,0.0037,,,,-0.514,0.19,83000000,131000000,0.35,2008-12-31,22.68,,5742000000.0,729000000,-317000000,324000000,,,None,0,None,,None,,,,,-641000000,0,None,None,0.109,,1033000000,-304000000,,,,,None,,,,,2.081,8.54,7.03,,,,,,,,0.121,,,2025-10-28,quarterly,0.54,USD,post-market,299000000,,0.0627,0.132,-0.092,28.58,332000000,,,,169.28,201.92,54.2857,,,,,,,1654000000,,59.53,,204.84,114.66
2025-12-28,EA,3.44,7288000000.0,59.53,,0.757,24.06,,,,,,,,,,,,,,,None,557000000,557000000,,,,,,None,54000000,,0.76,0.0037,,,,-0.514,0.19,-340000000,-286000000,0.35,2008-09-30,22.68,,5742000000.0,337000000,-391000000,-81000000,,,None,0,None,,None,,,,,-310000000,0,None,None,0.109,,701000000,-364000000,,,,,None,,,,,2.081,8.54,7.03,,,,,,,,0.121,,,2025-10-28,quarterly,0.54,USD,post-market,372000000,,0.0627,0.132,-0.092,28.58,289000000,,,,169.28,201.92,54.2857,,,,,,,894000000,,59.53,,204.84,114.66
2025-12-28,EA,3.44,7288000000.0,59.53,,0.757,24.06,,,,,,,,,,,,,,,None,296000000,296000000,,,,,,None,50000000,,0.76,0.0037,,,,-0.514,0.19,-75000000,-25000000,0.35,2008-06-30,22.68,,5742000000.0,508000000,-88000000,7000000,,,None,0,None,,None,,,,,-95000000,0,None,None,0.109,,605000000,-97000000,,,,,None,,,,,2.081,8.54,7.03,,,,,,,,0.121,,,2025-10-28,quarterly,0.54,USD,post-market,356000000,,0.0627,0.132,-0.092,28.58,212000000,,,,169.28,201.92,54.2857,,,,,,,804000000,,59.53,,204.84,114.66
2025-12-28,EA,3.44,7288000000.0,59.53,,0.757,24.06,,,,,,,,,,,,,,,None,463000000,463000000,,,,,,None,49000000,,0.76,0.0037,,,,-0.514,0.19,118000000,167000000,0.35,2008-03-31,22.68,,5742000000.0,665000000,-136000000,-43000000,,,None,0,None,,None,,,,,-93000000,0,None,None,0.109,,703000000,-38000000,,,,,None,,,,,2.081,8.54,7.03,,,,,,,,0.121,,,2025-10-28,quarterly,0.54,USD,post-market,316000000,,0.0627,0.132,-0.092,28.58,218000000,,,,169.28,201.92,54.2857,,,,,,,1128000000,,59.53,,204.84,114.66
2025-12-28,EA,3.44,7288000000.0,59.53,,0.757,24.06,,,,,,,,,,,,,,,None,782000000,782000000,,,,,,None,42000000,,0.76,0.0037,,,,-0.514,0.19,85000000,127000000,0.35,2007-12-31,22.68,,5742000000.0,721000000,27000000,60000000,,,None,0,None,,None,,,,,-33000000,0,None,None,0.109,,714000000,7000000,,,,,None,,,,,2.081,8.54,7.03,,,,,,,,0.121,,,2025-10-28,quarterly,0.54,USD,post-market,321000000,,0.0627,0.132,-0.092,28.58,308000000,,,,169.28,201.92,54.2857,,,,,,,1503000000,,59.53,,204.84,114.66
2025-12-28,EA,3.44,7288000000.0,59.53,,0.757,24.06,,,,,,,,,,,,,,,None,395000000,395000000,,,,,,None,37000000,,0.76,0.0037,,,,-0.514,0.19,-269000000,-232000000,0.35,2007-09-30,22.68,,5742000000.0,245000000,-242000000,-47000000,,,None,0,None,,None,,,,,-195000000,0,None,None,0.109,,519000000,-274000000,,,,,None,,,,,2.081,8.54,7.03,,,,,,,,0.121,,,2025-10-28,quarterly,0.54,USD,post-market,259000000,,0.0627,0.132,-0.092,28.58,248000000,,,,169.28,201.92,54.2857,,,,,,,640000000,,59.53,,204.84,114.66
2025-12-28,EA,3.44,7288000000.0,59.53,,0.757,24.06,,,,,,,,,,,,,,,None,166000000,166000000,,,,,,None,36000000,,0.76,0.0037,,,,-0.514,0.19,-181000000,-145000000,0.35,2007-06-30,22.68,,5742000000.0,229000000,-156000000,-24000000,,,None,0,None,,None,,,,,-132000000,0,None,None,0.109,,412000000,-183000000,,,,,None,,,,,2.081,8.54,7.03,,,,,,,,0.121,,,2025-10-28,quarterly,0.54,USD,post-market,250000000,,0.0627,0.132,-0.092,28.58,153000000,,,,169.28,201.92,54.2857,,,,,,,395000000,,59.53,,204.84,114.66
2025-12-28,EA,3.44,7288000000.0,59.53,,0.757,24.06,,,,,,,,,,,,,,,None,235000000,235000000,,,,,,None,37000000,,0.76,0.0037,,,,-0.514,0.19,-69000000,-32000000,0.35,2007-03-31,22.68,,5742000000.0,378000000,-42000000,-17000000,,,None,0,None,,None,,,,,-25000000,0,None,None,0.109,,450000000,-72000000,,,,,None,,,,,2.081,8.54,7.03,,,,,,,,0.121,,,2025-10-28,quarterly,0.54,USD,post-market,258000000,,0.0627,0.132,-0.092,28.58,7000000,,,,169.28,201.92,54.2857,,,,,,,613000000,,59.53,,204.84,114.66
2025-12-28,EA,3.44,7288000000.0,59.53,,0.757,24.06,,,,,,,,,,,,,,,None,470000000,470000000,,,,,,None,38000000,,0.76,0.0037,,,,-0.514,0.19,218000000,256000000,0.35,2006-12-31,22.68,,5742000000.0,811000000,240000000,84000000,,,None,25000000,None,,None,,,,,160000000,0,None,None,0.109,,596000000,215000000,,,,,None,,,,,2.081,8.54,7.03,,,,,,,,0.121,,,2025-10-28,quarterly,0.54,USD,post-market,330000000,,0.0627,0.132,-0.092,28.58,91000000,,,,169.28,201.92,54.2857,,,,,,,1281000000,,59.53,,204.84,114.66
2025-12-28,EA,3.44,7288000000.0,59.53,,0.757,24.06,,,,,,,,,,,,,,,None,339000000,339000000,,,,,,None,37000000,,0.76,0.0037,,,,-0.514,0.19,20000000,57000000,0.35,2006-09-30,22.68,,5742000000.0,445000000,38000000,16000000,,,None,0,None,,None,,,,,22000000,0,None,None,0.109,,431000000,14000000,,,,,None,,,,,2.081,8.54,7.03,,,,,,,,0.121,,,2025-10-28,quarterly,0.54,USD,post-market,238000000,,0.0627,0.132,-0.092,28.58,72000000,,,,169.28,201.92,54.2857,,,,,,,784000000,,59.53,,204.84,114.66
2025-12-28,EA,3.44,7288000000.0,59.53,,0.757,24.06,,,,,,,,,,,,,,,None,168000000,168000000,,,,,,None,35000000,,0.76,0.0037,,,,-0.514,0.19,-113000000,-78000000,0.35,2006-06-30,22.68,,5742000000.0,245000000,-98000000,-17000000,,,None,0,None,,None,,,,,-81000000,0,None,None,0.109,,364000000,-119000000,,,,,None,,,,,2.081,8.54,7.03,,,,,,,,0.121,,,2025-10-28,quarterly,0.54,USD,post-market,216000000,,0.0627,0.132,-0.092,28.58,59000000,,,,169.28,201.92,54.2857,,,,,,,413000000,,59.53,,204.84,114.66
2025-12-28,EA,3.44,7288000000.0,59.53,,0.757,24.06,,,,,,,,,,,,,,,None,244000000,244000000,,,,,,None,27000000,,0.76,0.0037,,,,-0.514,0.19,49000000,76000000,0.35,2006-03-31,22.68,,5742000000.0,397000000,39000000,54000000,,,None,0,None,,None,,,,,-16000000,0,None,None,0.109,,373000000,24000000,,,,,None,,,,,2.081,8.54,7.03,,,,,,,,0.121,,,2025-10-28,quarterly,0.54,USD,post-market,187000000,,0.0627,0.132,-0.092,28.58,157000000,,,,169.28,201.92,54.2857,,,,,,,641000000,,59.53,,204.84,114.66
2025-12-28,EA,3.44,7288000000.0,59.53,,0.757,24.06,,,,,,,,,,,,,,,None,502000000,502000000,,,,,,None,22000000,,0.76,0.0037,,,,-0.514,0.19,356000000,378000000,0.35,2005-12-31,22.68,,5742000000.0,768000000,367000000,106000000,,,None,0,None,,None,,,,,259000000,0,None,None,0.109,,421000000,347000000,,,,,None,,,,,2.081,8.54,7.03,,,,,,,,0.121,,,2025-10-28,quarterly,0.54,USD,post-market,206000000,,0.0627,0.132,-0.092,28.58,205000000,,,,169.28,201.92,54.2857,,,,,,,1270000000,,59.53,,204.84,114.66
2025-12-28,EA,3.44,7288000000.0,59.53,,0.757,24.06,,,,,,,,,,,,,,,None,284000000,284000000,,,,,,None,23000000,,0.76,0.0037,,,,-0.514,0.19,49000000,72000000,0.35,2005-09-30,22.68,,5742000000.0,391000000,62000000,9000000,,,None,0,None,,None,,,,,51000000,0,None,None,0.109,,342000000,49000000,,,,,None,,,,,2.081,8.54,7.03,,,,,,,,0.121,,,2025-10-28,quarterly,0.54,USD,post-market,182000000,,0.0627,0.132,-0.092,28.58,159000000,,,,169.28,201.92,54.2857,,,,,,,675000000,,59.53,,204.84,114.66
2025-12-28,EA,3.44,7288000000.0,59.53,,0.757,24.06,,,,,,,,,,,,,,,None,1543000000,1543000000,,,,,,None,356000000,,0.76,0.0037,,,,-0.514,0.19,1663000000,2019000000,0.35,2025-03-31,22.68,,5742000000.0,5920000000,1605000000,484000000,,,None,58000000,125000000,,None,,,,,1121000000,1121000000,67000000,None,0.109,,4400000000,1520000000,,,,,None,,,,,2.081,8.54,7.03,,,,,,,,0.121,,,2025-10-28,annual,0.54,USD,post-market,2569000000,,0.0627,0.132,-0.092,28.58,745000000,,,,169.28,201.92,54.2857,,,,,,,7463000000,,59.53,,204.84,114.66
2025-12-28,EA,3.44,7288000000.0,59.53,,0.757,24.06,,,,,,,,,,,,,,,None,1710000000,1710000000,,,,,,None,404000000,,0.76,0.0037,,,,-0.514,0.19,1647000000,2051000000,0.35,2024-03-31,22.68,,5742000000.0,5852000000,1589000000,316000000,,,None,58000000,126000000,,None,,,,,1273000000,1273000000,68000000,None,0.109,,4334000000,1518000000,,,,,None,,,,,2.081,8.54,7.03,,,,,,,,0.121,,,2025-10-28,annual,0.54,USD,post-market,2420000000,,0.0627,0.132,-0.092,28.58,691000000,,,,169.28,201.92,54.2857,,,,,,,7562000000,,59.53,,204.84,114.66
2025-12-28,EA,3.44,7288000000.0,59.53,,0.757,24.06,,,,,,,,,,,,,,,None,1792000000,1792000000,,,,,,None,536000000,,0.76,0.0037,,,,-0.514,0.19,1384000000,1920000000,0.35,2023-03-31,22.68,,5742000000.0,5634000000,1326000000,524000000,,,None,58000000,49000000,,None,,,,,802000000,802000000,-6000000,None,0.109,,4302000000,1332000000,,,,,-6000000,,,,,2.081,8.54,7.03,,,,,,,,0.121,,,2025-10-28,annual,0.54,USD,post-market,2328000000,,0.0627,0.132,-0.092,28.58,727000000,,,,169.28,201.92,54.2857,,,,,,,7426000000,,59.53,,204.84,114.66
2025-12-28,EA,3.44,7288000000.0,59.53,,0.757,24.06,,,,,,,,,,,,,,,None,1859000000,1859000000,,,,,,None,486000000,,0.76,0.0037,,,,-0.514,0.19,1139000000,1625000000,0.35,2022-03-31,22.68,,5742000000.0,5132000000,1081000000,292000000,,,None,58000000,4000000,,None,,,,,789000000,789000000,-48000000,None,0.109,,4003000000,1129000000,,,,,-48000000,,,,,2.081,8.54,7.03,,,,,,,,0.121,,,2025-10-28,annual,0.54,USD,post-market,2186000000,,0.0627,0.132,-0.092,28.58,673000000,,,,169.28,201.92,54.2857,,,,,,,6991000000,,59.53,,204.84,114.66
2025-12-28,EA,3.44,7288000000.0,59.53,,0.757,24.06,,,,,,,,,,,,,,,None,1494000000,1494000000,,,,,,None,181000000,,0.76,0.0037,,,,-0.514,0.19,1062000000,1243000000,0.35,2021-03-31,22.68,,5742000000.0,4135000000,1017000000,180000000,,,None,45000000,24000000,,None,,,,,837000000,837000000,-29000000,None,0.109,,3089000000,1046000000,,,,,-29000000,,,,,2.081,8.54,7.03,,,,,,,,0.121,,,2025-10-28,annual,0.54,USD,post-market,1778000000,,0.0627,0.132,-0.092,28.58,592000000,,,,169.28,201.92,54.2857,,,,,,,5629000000,,59.53,,204.84,114.66
2025-12-28,EA,3.44,7288000000.0,59.53,,0.757,24.06,,,,,,,,,,,,,,,None,1369000000,1369000000,,,,,,None,150000000,,0.76,0.0037,,,,-0.514,0.19,1552000000,1702000000,0.35,2020-03-31,22.68,,5742000000.0,4168000000,1508000000,-1531000000,,,None,44000000,100000000,,None,,,,,3039000000,3039000000,56000000,None,0.109,,2723000000,1445000000,,,,,63000000,,,,,2.081,8.54,7.03,,,,,,,,0.121,,,2025-10-28,annual,0.54,USD,post-market,1559000000,,0.0627,0.132,-0.092,28.58,506000000,,,,169.28,201.92,54.2857,,,,,,,5537000000,,59.53,,204.84,114.66
2025-12-28,EA,3.44,7288000000.0,59.53,,0.757,24.06,,,,,,,,,,,,,,,None,1322000000,1322000000,,,,,,None,145000000,,0.76,0.0037,,,,-0.514,0.19,1122000000,1267000000,0.35,2019-03-31,22.68,,5742000000.0,3628000000,1079000000,60000000,,,None,45000000,88000000,,None,,,,,1019000000,1019000000,43000000,None,0.109,,2632000000,996000000,,,,,83000000,,,,,2.081,8.54,7.03,,,,,,,,0.121,,,2025-10-28,annual,0.54,USD,post-market,1433000000,,0.0627,0.132,-0.092,28.58,460000000,,,,169.28,201.92,54.2857,,,,,,,4950000000,,59.53,,204.84,114.66
2025-12-28,EA,3.44,7288000000.0,59.53,,0.757,24.06,,,,,,,,,,,,,,,None,1277000000,1277000000,,,,,,None,136000000,,0.76,0.0037,,,,-0.514,0.19,1491000000,1627000000,0.35,2018-03-31,22.68,,5742000000.0,3873000000,1449000000,406000000,,,None,44000000,50000000,,None,,,,,1043000000,1043000000,6000000,None,0.109,,2439000000,1434000000,,,,,15000000,,,,,2.081,8.54,7.03,,,,,,,,0.121,,,2025-10-28,annual,0.54,USD,post-market,1320000000,,0.0627,0.132,-0.092,28.58,469000000,,,,169.28,201.92,54.2857,,,,,,,5150000000,,59.53,,204.84,114.66
2025-12-28,EA,3.44,7288000000.0,59.53,,0.757,24.06,,,,,,,,,,,,,,,None,1298000000,1298000000,,,,,,None,172000000,,0.76,0.0037,,,,-0.514,0.19,1255000000,1427000000,0.35,2017-03-31,22.68,,5742000000.0,3547000000,1210000000,243000000,,,None,47000000,25000000,,None,,,,,967000000,967000000,-22000000,None,0.109,,2323000000,1224000000,,,,,-14000000,,,,,2.081,8.54,7.03,,,,,,,,0.121,,,2025-10-28,annual,0.54,USD,post-market,1205000000,,0.0627,0.132,-0.092,28.58,439000000,,,,169.28,201.92,54.2857,,,,,,,4845000000,,59.53,,204.84,114.66
2025-12-28,EA,3.44,7288000000.0,59.53,,0.757,24.06,,,,,,,,,,,,,,,None,1354000000,1354000000,,,,,,None,197000000,,0.76,0.0037,,,,-0.514,0.19,902000000,1099000000,0.35,2016-03-31,22.68,,5742000000.0,3042000000,877000000,-279000000,,,None,28000000,12000000,,None,,,,,1156000000,1156000000,None,None,0.109,,2144000000,898000000,,,,,-21000000,,,,,2.081,8.54,7.03,,,,,,,,0.121,,,2025-10-28,annual,0.54,USD,post-market,1109000000,,0.0627,0.132,-0.092,28.58,406000000,,,,169.28,201.92,54.2857,,,,,,,4396000000,,59.53,,204.84,114.66
2025-12-28,EA,3.44,7288000000.0,59.53,,0.757,24.06,,,,,,,,,,,,,,,None,1429000000,1429000000,,,,,,None,220000000,,0.76,0.0037,,,,-0.514,0.19,953000000,1173000000,0.35,2015-03-31,22.68,,5742000000.0,3086000000,925000000,50000000,,,None,31000000,None,,None,,,,,875000000,875000000,None,None,0.109,,2138000000,948000000,,,,,-23000000,,,,,2.081,8.54,7.03,,,,,,,,0.121,,,2025-10-28,annual,0.54,USD,post-market,1094000000,,0.0627,0.132,-0.092,28.58,386000000,,,,169.28,201.92,54.2857,,,,,,,4515000000,,59.53,,204.84,114.66
2025-12-28,EA,3.44,7288000000.0,59.53,,0.757,24.06,,,,,,,,,,,,,,,None,1347000000,1347000000,,,,,,None,227000000,,0.76,0.0037,,,,-0.514,0.19,37000000,264000000,0.35,2014-03-31,22.68,,5742000000.0,2228000000,7000000,-1000000,,,None,30000000,None,,None,,,,,8000000,8000000,None,None,0.109,,2195000000,33000000,,,,,-26000000,,,,,2.081,8.54,7.03,,,,,,,,0.121,,,2025-10-28,annual,0.54,USD,post-market,1125000000,,0.0627,0.132,-0.092,28.58,410000000,,,,169.28,201.92,54.2857,,,,,,,3575000000,,59.53,,204.84,114.66
2025-12-28,EA,3.44,7288000000.0,59.53,,0.757,24.06,,,,,,,,,,,,,,,None,1388000000,1388000000,,,,,,None,264000000,,0.76,0.0037,,,,-0.514,0.19,168000000,432000000,0.35,2013-03-31,22.68,,5742000000.0,2409000000,139000000,41000000,,,None,29000000,None,,None,,,,,98000000,98000000,None,None,0.109,,2288000000,121000000,,,,,-21000000,,,,,2.081,8.54,7.03,,,,,,,,0.121,,,2025-10-28,annual,0.54,USD,post-market,1153000000,,0.0627,0.132,-0.092,28.58,354000000,,,,169.28,201.92,54.2857,,,,,,,3797000000,,59.53,,204.84,114.66
2025-12-28,EA,3.44,7288000000.0,59.53,,0.757,24.06,,,,,,,,,,,,,,,None,1598000000,1598000000,,,,,,None,216000000,,0.76,0.0037,,,,-0.514,0.19,38000000,254000000,0.35,2012-03-31,22.68,,5742000000.0,2545000000,18000000,-58000000,,,None,20000000,None,,None,,,,,76000000,76000000,None,None,0.109,,2510000000,35000000,,,,,-17000000,,,,,2.081,8.54,7.03,,,,,,,,0.121,,,2025-10-28,annual,0.54,USD,post-market,1180000000,,0.0627,0.132,-0.092,28.58,375000000,,,,169.28,201.92,54.2857,,,,,,,4143000000,,59.53,,204.84,114.66
2025-12-28,EA,3.44,7288000000.0,59.53,,0.757,24.06,,,,,,,,,,,,,,,None,1499000000,1499000000,,,,,,None,180000000,,0.76,0.0037,,,,-0.514,0.19,-278000000,-98000000,0.35,2011-03-31,22.68,,5742000000.0,2090000000,-279000000,-3000000,,,None,1000000,None,,None,,,,,-276000000,-276000000,None,None,0.109,,2402000000,-312000000,,,,,10000000,,,,,2.081,8.54,7.03,,,,,,,,0.121,,,2025-10-28,annual,0.54,USD,post-market,1124000000,,0.0627,0.132,-0.092,28.58,301000000,,,,169.28,201.92,54.2857,,,,,,,3589000000,,59.53,,204.84,114.66
2025-12-28,EA,3.44,7288000000.0,59.53,,0.757,24.06,,,,,,,,,,,,,,,None,1866000000,1866000000,,,,,,None,192000000,,0.76,0.0037,,,,-0.514,0.19,-544000000,-352000000,0.35,2010-03-31,22.68,,5742000000.0,1788000000,-706000000,-29000000,,,None,4000000,None,,None,,,,,-677000000,-677000000,None,None,0.109,,2474000000,-686000000,,,,,6000000,,,,,2.081,8.54,7.03,,,,,,,,0.121,,,2025-10-28,annual,0.54,USD,post-market,1229000000,,0.0627,0.132,-0.092,28.58,320000000,,,,169.28,201.92,54.2857,,,,,,,3654000000,,59.53,,204.84,114.66
2025-12-28,EA,3.44,7288000000.0,59.53,,0.757,24.06,,,,,,,,,,,,,,,None,2127000000,2127000000,,,,,,None,198000000,,0.76,0.0037,,,,-0.514,0.19,-355000000,-157000000,0.35,2009-03-31,22.68,,5742000000.0,2085000000,-855000000,233000000,,,None,0,None,,None,,,,,-1088000000,None,None,None,0.109,,2912000000,-827000000,,,,,None,,,,,2.081,8.54,7.03,,,,,,,,0.121,,,2025-10-28,annual,0.54,USD,post-market,1359000000,,0.0627,0.132,-0.092,28.58,332000000,,,,169.28,201.92,54.2857,,,,,,,4212000000,,59.53,,204.84,114.66
2025-12-28,EA,3.44,7288000000.0,59.53,,0.757,24.06,,,,,,,,,,,,,,,None,1805000000,1805000000,,,,,,None,164000000,,0.76,0.0037,,,,-0.514,0.19,-246000000,-82000000,0.35,2008-03-31,22.68,,5742000000.0,1860000000,-507000000,-53000000,,,None,0,None,,None,,,,,-454000000,None,None,None,0.109,,2347000000,-487000000,,,,,None,,,,,2.081,8.54,7.03,,,,,,,,0.121,,,2025-10-28,annual,0.54,USD,post-market,1145000000,,0.0627,0.132,-0.092,28.58,927000000,,,,169.28,201.92,54.2857,,,,,,,3665000000,,59.53,,204.84,114.66
2025-12-28,EA,3.44,7288000000.0,59.53,,0.757,24.06,,,,,,,,,,,,,,,None,1212000000,1212000000,,,,,,None,147000000,,0.76,0.0037,,,,-0.514,0.19,57000000,204000000,0.35,2007-03-31,22.68,,5742000000.0,1879000000,138000000,66000000,,,None,0,None,,None,,,,,76000000,None,None,None,0.109,,1840000000,39000000,,,,,None,,,,,2.081,8.54,7.03,,,,,,,,0.121,,,2025-10-28,annual,0.54,USD,post-market,1041000000,,0.0627,0.132,-0.092,28.58,215000000,,,,169.28,201.92,54.2857,,,,,,,3091000000,,59.53,,204.84,114.66
2025-12-28,EA,3.44,7288000000.0,59.53,,0.757,24.06,,,,,,,,,,,,,,,None,1181000000,1181000000,,,,,,None,95000000,,0.76,0.0037,,,,-0.514,0.19,359000000,454000000,0.35,2006-03-31,22.68,,5742000000.0,1770000000,389000000,147000000,,,None,0,None,,None,,,,,236000000,None,None,None,0.109,,1445000000,325000000,,,,,None,,,,,2.081,8.54,7.03,,,,,,,,0.121,,,2025-10-28,annual,0.54,USD,post-market,758000000,,0.0627,0.132,-0.092,28.58,646000000,,,,169.28,201.92,54.2857,,,,,,,2951000000,,59.53,,204.84,114.66
2025-12-28,EA,3.44,7288000000.0,59.53,None,0.757,24.06,,66000000,1148000000,1148000000,,,,,,,,,None,249343882,None,1181000000,1181000000,175000000,None,400000000,1077000000,None,None,95000000,,0.76,0.0037,,,,-0.514,0.19,359000000,454000000,0.35,2025-09-30,22.68,5388000000,5742000000.0,1770000000,389000000,147000000,245000000,245000000,None,0,None,None,None,None,1485000000,None,None,236000000,None,None,None,0.109,,1445000000,325000000,379000000,None,None,445000000,None,,,,,2.081,8.54,7.03,,,,,,,,0.121,,None,2025-10-28,quarterly,0.54,USD,post-market,758000000,6153000000,0.0627,0.132,-0.092,28.58,646000000,None,None,112000000,169.28,201.92,54.2857,11854000000,2716000000,3240000000,5854000000,9138000000,2614000000,2951000000,6000000000,59.53,None,204.84,114.66
2025-12-28,EA,3.44,7288000000.0,59.53,None,0.757,24.06,,69000000,1148000000,1148000000,,,,,,,,,3000000,252000000,None,1181000000,1181000000,175000000,None,400000000,1077000000,None,None,95000000,,0.76,0.0037,,,,-0.514,0.19,359000000,454000000,0.35,2025-06-30,22.68,5388000000,5742000000.0,1770000000,389000000,147000000,245000000,245000000,None,0,None,None,None,None,1484000000,None,None,236000000,None,None,None,0.109,,1445000000,325000000,379000000,404000000,None,446000000,None,,,,,2.081,8.54,7.03,,,,,,,,0.121,,None,2025-10-28,quarterly,0.54,USD,post-market,758000000,6153000000,0.0627,0.132,-0.092,28.58,646000000,1951000000,466000000,112000000,169.28,201.92,54.2857,11854000000,2716000000,3240000000,5854000000,9138000000,2614000000,2951000000,6000000000,59.53,None,204.84,114.66
2025-12-28,EA,3.44,7288000000.0,59.53,None,0.757,24.06,,67000000,2136000000,2136000000,,,,,,,,,3000000,265000000,None,1181000000,1181000000,105000000,None,400000000,679000000,None,None,95000000,,0.76,0.0037,,,,-0.514,0.19,359000000,454000000,0.35,2025-03-31,22.68,5376000000,5742000000.0,1770000000,389000000,147000000,293000000,293000000,None,0,None,None,None,None,1484000000,None,None,236000000,None,None,None,0.109,,1445000000,325000000,349000000,1093000000,None,445000000,None,,,,,2.081,8.54,7.03,,,,,,,,0.121,,None,2025-10-28,quarterly,0.54,USD,post-market,758000000,6470000000,0.0627,0.132,-0.092,28.58,646000000,1951000000,467000000,112000000,169.28,201.92,54.2857,12368000000,3276000000,3459000000,5982000000,9092000000,2523000000,2951000000,6386000000,59.53,None,204.84,114.66
2025-12-28,EA,3.44,7288000000.0,59.53,None,0.757,24.06,,66000000,2776000000,2776000000,,,,,,,,,3000000,265000000,None,1181000000,1181000000,81000000,None,None,742000000,None,None,95000000,,0.76,0.0037,,,,-0.514,0.19,359000000,454000000,0.35,2024-12-31,22.68,5376000000,5742000000.0,1770000000,389000000,147000000,320000000,320000000,None,0,None,None,None,None,1883000000,None,None,236000000,None,None,None,0.109,,1445000000,325000000,375000000,1059000000,None,479000000,None,,,,,2.081,8.54,7.03,,,,,,,,0.121,,None,2025-10-28,quarterly,0.54,USD,post-market,758000000,7472000000,0.0627,0.132,-0.092,28.58,646000000,1949000000,66000000,379000000,169.28,201.92,54.2857,13451000000,4272000000,3104000000,6039000000,9179000000,2935000000,2951000000,7412000000,59.53,None,204.84,114.66
2025-12-28,EA,3.44,7288000000.0,59.53,None,0.757,24.06,,69000000,2197000000,2197000000,,,,,,,,,3000000,266000000,None,1181000000,1181000000,171000000,None,None,1012000000,None,None,95000000,,0.76,0.0037,,,,-0.514,0.19,359000000,454000000,0.35,2024-09-30,22.68,5381000000,5742000000.0,1770000000,389000000,147000000,346000000,346000000,None,0,None,None,None,None,1883000000,None,None,236000000,None,None,None,0.109,,1445000000,325000000,397000000,993000000,None,506000000,None,,,,,2.081,8.54,7.03,,,,,,,,0.121,,None,2025-10-28,quarterly,0.54,USD,post-market,758000000,7520000000,0.0627,0.132,-0.092,28.58,646000000,1952000000,69000000,366000000,169.28,201.92,54.2857,13136000000,3972000000,2787000000,5728000000,9164000000,2941000000,2951000000,7408000000,59.53,None,204.84,114.66
2025-12-28,EA,3.44,7288000000.0,59.53,None,0.757,24.06,,71000000,2400000000,2400000000,,,,,,,,,3000000,268000000,None,1181000000,1181000000,80000000,None,None,433000000,None,None,95000000,,0.76,0.0037,,,,-0.514,0.19,359000000,454000000,0.35,2024-06-30,22.68,5379000000,5742000000.0,1770000000,389000000,147000000,373000000,373000000,None,0,None,None,None,None,1882000000,None,None,236000000,None,None,None,0.109,,1445000000,325000000,388000000,851000000,None,432000000,None,,,,,2.081,8.54,7.03,,,,,,,,0.121,,None,2025-10-28,quarterly,0.54,USD,post-market,758000000,7457000000,0.0627,0.132,-0.092,28.58,646000000,1953000000,71000000,366000000,169.28,201.92,54.2857,12708000000,3587000000,2468000000,5308000000,9121000000,2840000000,2951000000,7400000000,59.53,None,204.84,114.66
2025-12-28,EA,3.44,7288000000.0,59.53,None,0.757,24.06,,66000000,2900000000,2900000000,,,,,,,,,3000000,270000000,None,1181000000,1181000000,110000000,None,None,565000000,None,None,95000000,,0.76,0.0037,,,,-0.514,0.19,359000000,454000000,0.35,2024-03-31,22.68,5379000000,5742000000.0,1770000000,389000000,147000000,400000000,400000000,None,0,None,None,None,None,1882000000,None,None,236000000,None,None,None,0.109,,1445000000,325000000,420000000,1041000000,None,437000000,None,,,,,2.081,8.54,7.03,,,,,,,,0.121,,None,2025-10-28,quarterly,0.54,USD,post-market,758000000,7582000000,0.0627,0.132,-0.092,28.58,646000000,1948000000,66000000,362000000,169.28,201.92,54.2857,13420000000,4247000000,3090000000,5907000000,9173000000,2817000000,2951000000,7513000000,59.53,None,204.84,114.66
2025-12-28,EA,3.44,7288000000.0,59.53,None,0.757,24.06,,71000000,2742000000,2742000000,,,,,,,,,3000000,271000000,None,1181000000,1181000000,62000000,None,None,867000000,None,None,95000000,,0.76,0.0037,,,,-0.514,0.19,359000000,454000000,0.35,2023-12-31,22.68,5382000000,5742000000.0,1770000000,389000000,147000000,501000000,501000000,None,0,None,None,None,None,1881000000,None,None,236000000,None,None,None,0.109,,1445000000,325000000,378000000,1160000000,None,439000000,None,,,,,2.081,8.54,7.03,,,,,,,,0.121,,None,2025-10-28,quarterly,0.54,USD,post-market,758000000,7614000000,0.0627,0.132,-0.092,28.58,646000000,1952000000,71000000,362000000,169.28,201.92,54.2857,13617000000,4349000000,3280000000,6084000000,9268000000,2804000000,2951000000,7533000000,59.53,None,204.84,114.66
2025-12-28,EA,3.44,7288000000.0,59.53,None,0.757,24.06,,70000000,1946000000,1946000000,,,,,,,,,3000000,272000000,None,1181000000,1181000000,152000000,None,None,1047000000,None,None,95000000,,0.76,0.0037,,,,-0.514,0.19,359000000,454000000,0.35,2023-09-30,22.68,5378000000,5742000000.0,1770000000,389000000,147000000,538000000,538000000,None,0,None,None,None,None,1881000000,None,None,236000000,None,None,None,0.109,,1445000000,325000000,492000000,990000000,None,436000000,None,,,,,2.081,8.54,7.03,,,,,,,,0.121,,542000000,2025-10-28,quarterly,0.54,USD,post-market,758000000,7606000000,0.0627,0.132,-0.092,28.58,646000000,1951000000,70000000,359000000,169.28,201.92,54.2857,13139000000,3844000000,2788000000,5564000000,9295000000,2776000000,2951000000,7575000000,59.53,None,204.84,114.66
2025-12-28,EA,3.44,7288000000.0,59.53,None,0.757,24.06,,68000000,2259000000,2259000000,,,,,,,,,3000000,274000000,None,1181000000,1181000000,75000000,None,None,517000000,None,None,95000000,,0.76,0.0037,,,,-0.514,0.19,359000000,454000000,0.35,2023-06-30,22.68,5381000000,5742000000.0,1770000000,389000000,147000000,577000000,577000000,None,0,None,None,None,None,1880000000,None,None,236000000,None,None,None,0.109,,1445000000,325000000,455000000,1002000000,None,387000000,None,,,,,2.081,8.54,7.03,,,,,,,,0.121,,545000000,2025-10-28,quarterly,0.54,USD,post-market,758000000,7406000000,0.0627,0.132,-0.092,28.58,646000000,1948000000,68000000,343000000,169.28,201.92,54.2857,13083000000,3574000000,2800000000,5749000000,9509000000,2949000000,2951000000,7334000000,59.53,None,204.84,114.66
2025-12-28,EA,3.44,7288000000.0,59.53,None,0.757,24.06,,66000000,2424000000,2424000000,,,,,,,,,3000000,274000000,None,1181000000,1181000000,99000000,None,None,684000000,None,None,95000000,,0.76,0.0037,,,,-0.514,0.19,359000000,454000000,0.35,2023-03-31,22.68,5380000000,5742000000.0,1770000000,389000000,147000000,618000000,618000000,None,0,None,None,None,None,1880000000,None,None,236000000,None,None,None,0.109,,1445000000,325000000,518000000,1219000000,None,393000000,None,,,,,2.081,8.54,7.03,,,,,,,,0.121,,549000000,2025-10-28,quarterly,0.54,USD,post-market,758000000,7357000000,0.0627,0.132,-0.092,28.58,646000000,1946000000,66000000,343000000,169.28,201.92,54.2857,13459000000,3969000000,3285000000,6166000000,9490000000,2881000000,2951000000,7293000000,59.53,None,204.84,114.66
2025-12-28,EA,3.44,7288000000.0,59.53,None,0.757,24.06,,73000000,2202000000,2202000000,,,,,,,,,3000000,278000000,None,1181000000,1181000000,62000000,None,None,836000000,None,None,95000000,,0.76,0.0037,,,,-0.514,0.19,359000000,454000000,0.35,2022-12-31,22.68,5380000000,5742000000.0,1770000000,389000000,147000000,735000000,735000000,None,0,None,None,None,None,1879000000,None,None,236000000,None,None,None,0.109,,1445000000,325000000,453000000,1065000000,None,401000000,None,,,,,2.081,8.54,7.03,,,,,,,,0.121,,553000000,2025-10-28,quarterly,0.54,USD,post-market,758000000,7585000000,0.0627,0.132,-0.092,28.58,646000000,1952000000,73000000,351000000,169.28,201.92,54.2857,13470000000,3842000000,3113000000,5919000000,9628000000,2806000000,2951000000,7551000000,59.53,None,204.84,114.66
2025-12-28,EA,3.44,7288000000.0,59.53,None,0.757,24.06,,77000000,1539000000,1539000000,,,,,,,,,3000000,279000000,None,1181000000,1181000000,136000000,None,None,919000000,None,None,95000000,,0.76,0.0037,,,,-0.514,0.19,359000000,454000000,0.35,2022-09-30,22.68,5375000000,5742000000.0,1770000000,389000000,147000000,811000000,811000000,None,0,None,None,None,None,1879000000,None,None,236000000,None,None,None,0.109,,1445000000,325000000,649000000,846000000,None,362000000,None,,,,,2.081,8.54,7.03,,,,,,,,0.121,,531000000,2025-10-28,quarterly,0.54,USD,post-market,758000000,7658000000,0.0627,0.132,-0.092,28.58,646000000,1956000000,77000000,335000000,169.28,201.92,54.2857,13079000000,3442000000,2561000000,5281000000,9637000000,2720000000,2951000000,7798000000,59.53,None,204.84,114.66
2025-12-28,EA,3.44,7288000000.0,59.53,None,0.757,24.06,,85000000,2082000000,2082000000,,,,,,,,,3000000,281000000,None,1181000000,1181000000,70000000,None,None,579000000,None,None,95000000,,0.76,0.0037,,,,-0.514,0.19,359000000,454000000,0.35,2022-06-30,22.68,5382000000,5742000000.0,1770000000,389000000,147000000,893000000,893000000,None,0,None,None,None,None,1878000000,None,None,236000000,None,None,None,0.109,,1445000000,325000000,522000000,851000000,None,401000000,None,,,,,2.081,8.54,7.03,,,,,,,,0.121,,545000000,2025-10-28,quarterly,0.54,USD,post-market,758000000,7567000000,0.0627,0.132,-0.092,28.58,646000000,1963000000,85000000,334000000,169.28,201.92,54.2857,13192000000,3517000000,2833000000,5551000000,9675000000,2718000000,2951000000,7641000000,59.53,None,204.84,114.66
2025-12-28,EA,3.44,7288000000.0,59.53,None,0.757,24.06,,81000000,2732000000,2732000000,,,,,,,,,3000000,283000000,None,1181000000,1181000000,101000000,None,None,650000000,None,None,95000000,,0.76,0.0037,,,,-0.514,0.19,359000000,454000000,0.35,2022-03-31,22.68,5387000000,5742000000.0,1770000000,389000000,147000000,962000000,962000000,None,0,None,None,None,None,1878000000,None,None,236000000,None,None,None,0.109,,1445000000,325000000,439000000,1151000000,None,397000000,None,,,,,2.081,8.54,7.03,,,,,,,,0.121,,550000000,2025-10-28,quarterly,0.54,USD,post-market,758000000,7607000000,0.0627,0.132,-0.092,28.58,646000000,1959000000,81000000,330000000,169.28,201.92,54.2857,13800000000,4151000000,3513000000,6175000000,9649000000,2662000000,2951000000,7625000000,59.53,None,204.84,114.66
2025-12-28,EA,3.44,7288000000.0,59.53,None,0.757,24.06,,87000000,2670000000,2670000000,,,,,,,,,3000000,285000000,None,1181000000,1181000000,86000000,None,None,965000000,None,None,95000000,,0.76,0.0037,,,,-0.514,0.19,359000000,454000000,0.35,2021-12-31,22.68,5389000000,5742000000.0,1770000000,389000000,147000000,1052000000,1052000000,None,0,None,None,None,None,1878000000,None,346000000,236000000,None,None,None,0.109,,1445000000,325000000,377000000,1356000000,None,404000000,None,,,,,2.081,8.54,7.03,,,,,,,,0.121,,522000000,2025-10-28,quarterly,0.54,USD,post-market,758000000,7608000000,0.0627,0.132,-0.092,28.58,646000000,1965000000,87000000,346000000,169.28,201.92,54.2857,13930000000,4358000000,3630000000,6313000000,9572000000,2683000000,2951000000,7617000000,59.53,None,204.84,114.66
2025-12-28,EA,3.44,7288000000.0,59.53,None,0.757,24.06,,68000000,1630000000,1630000000,,,,,,,,,3000000,287000000,None,1181000000,1181000000,136000000,None,None,1031000000,None,None,95000000,,0.76,0.0037,,,,-0.514,0.19,359000000,454000000,0.35,2021-09-30,22.68,5459000000,5742000000.0,1770000000,389000000,147000000,1080000000,1080000000,None,0,None,None,None,None,1877000000,None,None,236000000,None,None,None,0.109,,1445000000,325000000,387000000,1051000000,None,323000000,None,,,,,2.081,8.54,7.03,,,,,,,,0.121,,516000000,2025-10-28,quarterly,0.54,USD,post-market,758000000,7855000000,0.0627,0.132,-0.092,28.58,646000000,1945000000,68000000,342000000,169.28,201.92,54.2857,13019000000,3390000000,2577000000,5163000000,9629000000,2586000000,2951000000,7856000000,59.53,None,204.84,114.66
2025-12-28,EA,3.44,7288000000.0,59.53,None,0.757,24.06,,76000000,2838000000,2838000000,,,,,,,,,3000000,289000000,None,1181000000,1181000000,73000000,None,None,557000000,None,None,95000000,,0.76,0.0037,,,,-0.514,0.19,359000000,454000000,0.35,2021-06-30,22.68,4256000000,5742000000.0,1770000000,389000000,147000000,909000000,909000000,None,0,None,None,None,None,1877000000,None,None,236000000,None,None,None,0.109,,1445000000,325000000,401000000,1017000000,None,313000000,None,,,,,2.081,8.54,7.03,,,,,,,,0.121,,510000000,2025-10-28,quarterly,0.54,USD,post-market,758000000,7760000000,0.0627,0.132,-0.092,28.58,646000000,1953000000,76000000,881000000,169.28,201.92,54.2857,12734000000,4677000000,2471000000,5006000000,8057000000,2535000000,2951000000,7728000000,59.53,None,204.84,114.66
2025-12-28,EA,3.44,7288000000.0,59.53,None,0.757,24.06,,76000000,5260000000,5260000000,,,,,,,,,3000000,290000000,None,1181000000,1181000000,96000000,None,None,521000000,None,None,95000000,,0.76,0.0037,,,,-0.514,0.19,359000000,454000000,0.35,2021-03-31,22.68,2868000000,5742000000.0,1770000000,389000000,147000000,309000000,309000000,None,0,None,None,None,None,1876000000,None,None,236000000,None,None,None,0.109,,1445000000,325000000,326000000,1265000000,None,565000000,None,,,,,2.081,8.54,7.03,,,,,,,,0.121,,491000000,2025-10-28,quarterly,0.54,USD,post-market,758000000,7887000000,0.0627,0.132,-0.092,28.58,646000000,1952000000,76000000,1106000000,169.28,201.92,54.2857,13288000000,7213000000,2964000000,5448000000,6075000000,2484000000,2951000000,7840000000,59.53,None,204.84,114.66
2025-12-28,EA,3.44,7288000000.0,59.53,None,0.757,24.06,,86000000,4772000000,4772000000,,,,,,,,,3000000,292000000,None,1181000000,1181000000,89000000,None,600000000,778000000,None,None,95000000,,0.76,0.0037,,,,-0.514,0.19,359000000,454000000,0.35,2020-12-31,22.68,1896000000,5742000000.0,1770000000,389000000,147000000,37000000,37000000,None,0,None,None,None,None,397000000,None,None,236000000,None,None,None,0.109,,1445000000,325000000,233000000,1211000000,None,567000000,None,,,,,2.081,8.54,7.03,,,,,,,,0.121,,467000000,2025-10-28,quarterly,0.54,USD,post-market,758000000,8054000000,0.0627,0.132,-0.092,28.58,646000000,1083000000,686000000,1938000000,169.28,201.92,54.2857,12420000000,7721000000,3492000000,4457000000,4699000000,965000000,2951000000,7963000000,59.53,None,204.84,114.66
2025-12-28,EA,3.44,7288000000.0,59.53,None,0.757,24.06,,86000000,4059000000,4059000000,,,,,,,,,3000000,293000000,None,1181000000,1181000000,164000000,None,599000000,423000000,None,None,95000000,,0.76,0.0037,,,,-0.514,0.19,359000000,454000000,0.35,2020-09-30,22.68,1891000000,5742000000.0,1770000000,389000000,147000000,42000000,42000000,None,0,None,None,None,None,397000000,None,None,236000000,None,None,None,0.109,,1445000000,325000000,376000000,848000000,None,512000000,None,,,,,2.081,8.54,7.03,,,,,,,,0.121,,458000000,2025-10-28,quarterly,0.54,USD,post-market,758000000,8016000000,0.0627,0.132,-0.092,28.58,646000000,1082000000,685000000,1972000000,169.28,201.92,54.2857,11470000000,6830000000,2485000000,3395000000,4640000000,910000000,2951000000,8075000000,59.53,None,204.84,114.66
2025-12-28,EA,3.44,7288000000.0,59.53,None,0.757,24.06,,75000000,4013000000,4013000000,,,,,,,,,3000000,292000000,None,1181000000,1181000000,51000000,None,599000000,507000000,None,None,95000000,,0.76,0.0037,,,,-0.514,0.19,359000000,454000000,0.35,2020-06-30,22.68,1889000000,5742000000.0,1770000000,389000000,147000000,48000000,48000000,None,0,None,None,None,None,397000000,None,None,236000000,None,None,None,0.109,,1445000000,325000000,223000000,703000000,None,536000000,None,,,,,2.081,8.54,7.03,,,,,,,,0.121,,450000000,2025-10-28,quarterly,0.54,USD,post-market,758000000,7831000000,0.0627,0.132,-0.092,28.58,646000000,1071000000,674000000,1947000000,169.28,201.92,54.2857,11284000000,6690000000,2568000000,3502000000,4594000000,934000000,2951000000,7782000000,59.53,None,204.84,114.66
2025-12-28,EA,3.44,7288000000.0,59.53,None,0.757,24.06,,69000000,3768000000,3768000000,,,,,,,,,3000000,292000000,None,1181000000,1181000000,68000000,None,599000000,461000000,None,None,95000000,,0.76,0.0037,,,,-0.514,0.19,359000000,454000000,0.35,2020-03-31,22.68,1885000000,5742000000.0,1770000000,389000000,147000000,53000000,53000000,None,0,None,None,None,None,397000000,None,None,236000000,None,None,None,0.109,,1445000000,325000000,321000000,879000000,None,589000000,None,,,,,2.081,8.54,7.03,,,,,,,,0.121,,449000000,2025-10-28,quarterly,0.54,USD,post-market,758000000,7508000000,0.0627,0.132,-0.092,28.58,646000000,1065000000,668000000,1967000000,169.28,201.92,54.2857,11112000000,6517000000,2664000000,3651000000,4595000000,987000000,2951000000,7461000000,59.53,None,204.84,114.66
2025-12-28,EA,3.44,7288000000.0,59.53,None,0.757,24.06,,75000000,3603000000,3603000000,,,,,,,,,3000000,294000000,None,1181000000,1181000000,61000000,None,None,798000000,None,None,95000000,,0.76,0.0037,,,,-0.514,0.19,359000000,454000000,0.35,2019-12-31,22.68,1892000000,5742000000.0,1770000000,389000000,147000000,62000000,62000000,None,0,None,None,None,None,995000000,None,None,236000000,None,None,None,0.109,,1445000000,325000000,229000000,1129000000,None,589000000,None,,,,,2.081,8.54,7.03,,,,,,,,0.121,,439000000,2025-10-28,quarterly,0.54,USD,post-market,758000000,7267000000,0.0627,0.132,-0.092,28.58,646000000,1070000000,75000000,1999000000,169.28,201.92,54.2857,11161000000,6629000000,2338000000,3924000000,4532000000,1586000000,2951000000,7237000000,59.53,None,204.84,114.66
2025-12-28,EA,3.44,7288000000.0,59.53,None,0.757,24.06,,75000000,2940000000,2940000000,,,,,,,,,3000000,296000000,None,1181000000,1181000000,148000000,None,None,856000000,None,None,95000000,,0.76,0.0037,,,,-0.514,0.19,359000000,454000000,0.35,2019-09-30,22.68,1890000000,5742000000.0,1770000000,389000000,147000000,72000000,72000000,None,0,None,None,None,None,995000000,None,None,236000000,None,None,None,0.109,,1445000000,325000000,301000000,949000000,None,620000000,None,,,,,2.081,8.54,7.03,,,,,,,,0.121,,442000000,2025-10-28,quarterly,0.54,USD,post-market,758000000,7165000000,0.0627,0.132,-0.092,28.58,646000000,1070000000,75000000,1943000000,169.28,201.92,54.2857,10593000000,6040000000,1818000000,3435000000,4553000000,1617000000,2951000000,7158000000,59.53,None,204.84,114.66
2025-12-28,EA,3.44,7288000000.0,59.53,None,0.757,24.06,,55000000,3533000000,3533000000,,,,,,,,,3000000,299000000,None,1181000000,1181000000,56000000,None,None,329000000,None,None,95000000,,0.76,0.0037,,,,-0.514,0.19,359000000,454000000,0.35,2019-06-30,22.68,1892000000,5742000000.0,1770000000,389000000,147000000,80000000,80000000,None,0,None,None,None,None,995000000,None,None,236000000,None,None,None,0.109,,1445000000,325000000,284000000,860000000,None,617000000,None,,,,,2.081,8.54,7.03,,,,,,,,0.121,,446000000,2025-10-28,quarterly,0.54,USD,post-market,758000000,6499000000,0.0627,0.132,-0.092,28.58,646000000,1050000000,55000000,1654000000,169.28,201.92,54.2857,9749000000,5800000000,1650000000,3264000000,3949000000,1614000000,2951000000,6485000000,59.53,None,204.84,114.66
2025-12-28,EA,3.44,7288000000.0,59.53,None,0.757,24.06,,None,4708000000,4708000000,,,,,,,,,3000000,301000000,None,1181000000,1181000000,113000000,None,None,623000000,None,None,95000000,,0.76,0.0037,,,,-0.514,0.19,359000000,454000000,0.35,2019-03-31,22.68,1892000000,5742000000.0,1770000000,389000000,147000000,87000000,87000000,None,0,None,None,None,None,994000000,None,None,236000000,None,None,None,0.109,,1445000000,325000000,313000000,136000000,None,365000000,None,,,,,2.081,8.54,7.03,,,,,,,,0.121,,448000000,2025-10-28,quarterly,0.54,USD,post-market,758000000,5358000000,0.0627,0.132,-0.092,28.58,646000000,1910000000,916000000,737000000,169.28,201.92,54.2857,8957000000,6381000000,2265000000,3626000000,2576000000,1361000000,2951000000,5331000000,59.53,None,204.84,114.66
2025-12-28,EA,3.44,7288000000.0,59.53,None,0.757,24.06,,None,3887000000,3887000000,,,,,,,,,3000000,304000000,None,1181000000,1181000000,70000000,None,None,806000000,None,None,95000000,,0.76,0.0037,,,,-0.514,0.19,359000000,454000000,0.35,2018-12-31,22.68,1891000000,5742000000.0,1770000000,389000000,147000000,93000000,93000000,None,0,None,None,None,None,994000000,None,None,236000000,None,None,None,0.109,,1445000000,325000000,280000000,989000000,None,428000000,None,,,,,2.081,8.54,7.03,,,,,,,,0.121,,426000000,2025-10-28,quarterly,0.54,USD,post-market,758000000,5358000000,0.0627,0.132,-0.092,28.58,646000000,1097000000,103000000,1274000000,169.28,201.92,54.2857,8857000000,6247000000,2090000000,3513000000,2610000000,1423000000,2951000000,5344000000,59.53,None,204.84,114.66
2025-12-28,EA,3.44,7288000000.0,59.53,None,0.757,24.06,,None,2881000000,2881000000,,,,,,,,,3000000,307000000,None,1181000000,1181000000,168000000,None,None,966000000,None,None,95000000,,0.76,0.0037,,,,-0.514,0.19,359000000,454000000,0.35,2018-09-30,22.68,1894000000,5742000000.0,1770000000,389000000,147000000,100000000,100000000,None,0,None,0,None,None,993000000,None,None,236000000,None,None,None,0.109,,1445000000,325000000,292000000,794000000,None,490000000,None,,,,,2.081,8.54,7.03,,,,,,,,0.121,,440000000,2025-10-28,quarterly,0.54,USD,post-market,758000000,5199000000,0.0627,0.132,-0.092,28.58,646000000,1106000000,113000000,1664000000,169.28,201.92,54.2857,8450000000,5803000000,1649000000,3133000000,2647000000,1484000000,2951000000,5317000000,59.53,0,204.84,114.66
2025-12-28,EA,3.44,7288000000.0,59.53,None,0.757,24.06,,None,3876000000,3876000000,,,,,,,,,3000000,310000000,None,1181000000,1181000000,47000000,None,993000000,371000000,None,None,95000000,,0.76,0.0037,,,,-0.514,0.19,359000000,454000000,0.35,2018-06-30,22.68,1886000000,5742000000.0,1770000000,389000000,147000000,107000000,107000000,None,0,None,0,None,None,993000000,None,None,236000000,None,None,None,0.109,,1445000000,325000000,282000000,752000000,None,529000000,None,,,,,2.081,8.54,7.03,,,,,,,,0.121,,440000000,2025-10-28,quarterly,0.54,USD,post-market,758000000,4944000000,0.0627,0.132,-0.092,28.58,646000000,1006000000,13000000,1095000000,169.28,201.92,54.2857,8247000000,5624000000,1464000000,2987000000,2623000000,1523000000,2951000000,5260000000,59.53,0,204.84,114.66
2025-12-28,EA,3.44,7288000000.0,59.53,None,0.757,24.06,,None,4258000000,4258000000,,,,,,,,,3000000,311000000,None,1181000000,1181000000,48000000,None,992000000,385000000,None,None,95000000,,0.76,0.0037,,,,-0.514,0.19,359000000,454000000,0.35,2018-03-31,22.68,1883000000,5742000000.0,1770000000,389000000,147000000,71000000,71000000,None,0,None,0,None,None,992000000,None,None,236000000,None,None,None,0.109,,1445000000,325000000,288000000,713000000,None,505000000,None,,,,,2.081,8.54,7.03,,,,,,,,0.121,,453000000,2025-10-28,quarterly,0.54,USD,post-market,758000000,4062000000,0.0627,0.132,-0.092,28.58,646000000,1100000000,108000000,1073000000,169.28,201.92,54.2857,8584000000,6004000000,2491000000,3989000000,2580000000,1498000000,2951000000,4595000000,59.53,0,204.84,114.66
2025-12-28,EA,3.44,7288000000.0,59.53,None,0.757,24.06,,None,2566000000,2566000000,,,,,,,,,3000000,308000000,None,1181000000,1181000000,91000000,None,992000000,886000000,None,None,95000000,,0.76,0.0037,,,,-0.514,0.19,359000000,454000000,0.35,2017-12-31,22.68,1879000000,5742000000.0,1770000000,389000000,147000000,81000000,81000000,None,0,None,0,None,None,992000000,None,None,236000000,None,None,None,0.109,,1445000000,325000000,196000000,855000000,None,455000000,None,,,,,2.081,8.54,7.03,,,,,,,,0.121,,447000000,2025-10-28,quarterly,0.54,USD,post-market,758000000,3455000000,0.0627,0.132,-0.092,28.58,646000000,1207000000,215000000,2318000000,169.28,201.92,54.2857,8642000000,5966000000,3107000000,4556000000,2676000000,1449000000,2951000000,4086000000,59.53,0,204.84,114.66
2025-12-28,EA,3.44,7288000000.0,59.53,None,0.757,24.06,,None,2067000000,2067000000,,,,,,,,,3000000,309000000,None,1181000000,1181000000,187000000,None,991000000,812000000,None,None,95000000,,0.76,0.0037,,,,-0.514,0.19,359000000,454000000,0.35,2017-09-30,22.68,1711000000,5742000000.0,1770000000,389000000,147000000,5000000,5000000,None,0,None,0,None,None,991000000,None,None,236000000,None,None,None,0.109,,1445000000,325000000,248000000,743000000,None,270000000,None,,,,,2.081,8.54,7.03,,,,,,,,0.121,,444000000,2025-10-28,quarterly,0.54,USD,post-market,758000000,3641000000,0.0627,0.132,-0.092,28.58,646000000,1217000000,226000000,2288000000,169.28,201.92,54.2857,7922000000,5415000000,2272000000,3534000000,2507000000,1262000000,2951000000,4388000000,59.53,0,204.84,114.66
2025-12-28,EA,3.44,7288000000.0,59.53,None,0.757,24.06,,None,2248000000,2248000000,,,,,,,,,3000000,313000000,None,1181000000,1181000000,38000000,None,991000000,222000000,None,None,95000000,,0.76,0.0037,,,,-0.514,0.19,359000000,454000000,0.35,2017-06-30,22.68,1708000000,5742000000.0,1770000000,389000000,147000000,7000000,7000000,None,0,None,0,None,None,991000000,None,None,236000000,None,None,None,0.109,,1445000000,325000000,210000000,602000000,None,268000000,None,,,,,2.081,8.54,7.03,,,,,,,,0.121,,436000000,2025-10-28,quarterly,0.54,USD,post-market,758000000,3663000000,0.0627,0.132,-0.092,28.58,646000000,1098000000,107000000,2222000000,169.28,201.92,54.2857,7375000000,4902000000,1629000000,2889000000,2473000000,1260000000,2951000000,4486000000,59.53,0,204.84,114.66
2025-12-28,EA,3.44,7288000000.0,59.53,None,0.757,24.06,,None,2565000000,2565000000,,,,,,,,,3000000,312000000,None,1181000000,1181000000,87000000,None,990000000,359000000,None,None,95000000,,0.76,0.0037,,,,-0.514,0.19,359000000,454000000,0.35,2017-03-31,22.68,1707000000,5742000000.0,1770000000,389000000,147000000,8000000,8000000,None,0,None,0,None,None,990000000,None,None,236000000,None,None,None,0.109,,1445000000,325000000,308000000,642000000,None,252000000,None,,,,,2.081,8.54,7.03,,,,,,,,0.121,,434000000,2025-10-28,quarterly,0.54,USD,post-market,758000000,3027000000,0.0627,0.132,-0.092,28.58,646000000,1137000000,147000000,1967000000,169.28,201.92,54.2857,7718000000,5199000000,2415000000,3658000000,2519000000,1243000000,2951000000,4060000000,59.53,0,204.84,114.66
2025-12-28,EA,3.44,7288000000.0,59.53,None,0.757,24.06,,None,2483000000,2483000000,,,,,,,,,3000000,303000000,None,1181000000,1181000000,65000000,None,None,587000000,None,None,95000000,,0.76,0.0037,,,,-0.514,0.19,359000000,454000000,0.35,2016-12-31,22.68,1704000000,5742000000.0,1770000000,389000000,147000000,9000000,9000000,None,0,None,35000000,None,None,990000000,None,None,236000000,None,None,None,0.109,,1445000000,325000000,260000000,756000000,None,241000000,None,,,,,2.081,8.54,7.03,,,,,,,,0.121,,424000000,2025-10-28,quarterly,0.54,USD,post-market,758000000,2461000000,0.0627,0.132,-0.092,28.58,646000000,1135000000,145000000,1736000000,169.28,201.92,54.2857,7719000000,5101000000,2937000000,4170000000,2618000000,1233000000,2951000000,3549000000,59.53,0,204.84,114.66
2025-12-28,EA,3.44,7288000000.0,59.53,None,0.757,24.06,,None,1746000000,1746000000,,,,,,,,,3000000,301000000,None,1181000000,1181000000,206000000,None,None,723000000,None,None,95000000,,0.76,0.0037,,,,-0.514,0.19,359000000,454000000,0.35,2016-09-30,22.68,1709000000,5742000000.0,1770000000,389000000,147000000,28000000,28000000,None,0,None,50000000,None,None,990000000,None,None,236000000,None,None,None,0.109,,1445000000,325000000,221000000,626000000,None,242000000,None,,,,,2.081,8.54,7.03,,,,,,,,0.121,,431000000,2025-10-28,quarterly,0.54,USD,post-market,758000000,2462000000,0.0627,0.132,-0.092,28.58,646000000,1141000000,151000000,1520000000,169.28,201.92,54.2857,6892000000,4260000000,2050000000,3284000000,2632000000,1234000000,2951000000,3608000000,59.53,0,204.84,114.66
2025-12-28,EA,3.44,7288000000.0,59.53,None,0.757,24.06,,None,2042000000,2042000000,,,,,,,,,3000000,315000000,None,1181000000,1181000000,44000000,None,136000000,246000000,None,None,95000000,,0.76,0.0037,,,,-0.514,0.19,359000000,454000000,0.35,2016-06-30,22.68,1708000000,5742000000.0,1770000000,389000000,147000000,42000000,42000000,None,0,None,26000000,None,None,989000000,None,None,236000000,None,None,None,0.109,,1445000000,325000000,273000000,526000000,None,248000000,None,,,,,2.081,8.54,7.03,,,,,,,,0.121,,435000000,2025-10-28,quarterly,0.54,USD,post-market,758000000,2500000000,0.0627,0.132,-0.092,28.58,646000000,1125000000,136000000,1385000000,169.28,201.92,54.2857,6605000000,3972000000,1650000000,2889000000,2633000000,1239000000,2951000000,3716000000,59.53,0,204.84,114.66
2025-12-28,EA,3.44,7288000000.0,59.53,None,0.757,24.06,,None,2493000000,2493000000,,,,,,,,,3000000,322000000,None,1181000000,1181000000,89000000,None,161000000,233000000,None,None,95000000,,0.76,0.0037,,,,-0.514,0.19,359000000,454000000,0.35,2016-03-31,22.68,1710000000,5742000000.0,1770000000,389000000,147000000,57000000,57000000,None,0,None,33000000,None,None,989000000,None,None,236000000,None,None,None,0.109,,1445000000,325000000,254000000,633000000,None,243000000,None,,,,,2.081,8.54,7.03,,,,,,,,0.121,,439000000,2025-10-28,quarterly,0.54,USD,post-market,758000000,2060000000,0.0627,0.132,-0.092,28.58,646000000,1152000000,163000000,1341000000,169.28,201.92,54.2857,7050000000,4354000000,2420000000,3654000000,2696000000,1234000000,2951000000,3396000000,59.53,0,204.84,114.66
2025-12-28,EA,3.44,7288000000.0,59.53,None,0.757,24.06,,None,2263000000,2263000000,,,,,,,,,3000000,311000000,None,1181000000,1181000000,128000000,None,None,621000000,None,None,95000000,,0.76,0.0037,,,,-0.514,0.19,359000000,454000000,0.35,2015-12-31,22.68,1708000000,5742000000.0,1770000000,389000000,147000000,71000000,71000000,None,0,None,42000000,None,None,7000000,None,None,236000000,None,None,None,0.109,,1445000000,325000000,297000000,742000000,None,231000000,None,,,,,2.081,8.54,7.03,,,,,,,,0.121,,415000000,2025-10-28,quarterly,0.54,USD,post-market,758000000,1161000000,0.0627,0.132,-0.092,28.58,646000000,340000000,340000000,966000000,169.28,201.92,54.2857,6470000000,4152000000,3152000000,3458000000,2318000000,306000000,2951000000,3012000000,59.53,0,204.84,114.66
2025-12-28,EA,3.44,7288000000.0,59.53,None,0.757,24.06,,None,1598000000,1598000000,,,,,,,,,3000000,312000000,None,1181000000,1181000000,188000000,None,None,737000000,None,None,95000000,,0.76,0.0037,,,,-0.514,0.19,359000000,454000000,0.35,2015-09-30,22.68,1709000000,5742000000.0,1770000000,389000000,147000000,84000000,84000000,None,0,None,62000000,None,None,13000000,None,None,236000000,None,None,None,0.109,,1445000000,325000000,322000000,638000000,None,241000000,None,,,,,2.081,8.54,7.03,,,,,,,,0.121,,430000000,2025-10-28,quarterly,0.54,USD,post-market,758000000,1206000000,0.0627,0.132,-0.092,28.58,646000000,435000000,435000000,990000000,169.28,201.92,54.2857,6000000000,3646000000,2538000000,2854000000,2354000000,316000000,2951000000,3146000000,59.53,0,204.84,114.66
2025-12-28,EA,3.44,7288000000.0,59.53,None,0.757,24.06,,None,1810000000,1810000000,,,,,,,,,3000000,335000000,None,1181000000,1181000000,43000000,None,None,144000000,None,None,95000000,,0.76,0.0037,,,,-0.514,0.19,359000000,454000000,0.35,2015-06-30,22.68,1713000000,5742000000.0,1770000000,389000000,147000000,98000000,98000000,None,0,None,34000000,None,None,25000000,None,None,236000000,None,None,None,0.109,,1445000000,325000000,347000000,518000000,None,251000000,None,,,,,2.081,8.54,7.03,,,,,,,,0.121,,444000000,2025-10-28,quarterly,0.54,USD,post-market,758000000,1346000000,0.0627,0.132,-0.092,28.58,646000000,633000000,633000000,1069000000,169.28,201.92,54.2857,5721000000,3326000000,2054000000,2385000000,2395000000,331000000,2951000000,3336000000,59.53,0,204.84,114.66
2025-12-28,EA,3.44,7288000000.0,59.53,None,0.757,24.06,,None,2068000000,2068000000,,,,,,,,,3000000,332000000,None,1181000000,1181000000,68000000,None,602000000,362000000,None,None,95000000,,0.76,0.0037,,,,-0.514,0.19,359000000,454000000,0.35,2015-03-31,22.68,1713000000,5742000000.0,1770000000,389000000,147000000,111000000,111000000,None,0,None,36000000,None,None,31000000,None,None,236000000,None,None,None,0.109,,1445000000,325000000,371000000,680000000,None,253000000,None,,,,,2.081,8.54,7.03,,,,,,,,0.121,,459000000,2025-10-28,quarterly,0.54,USD,post-market,758000000,904000000,0.0627,0.132,-0.092,28.58,646000000,633000000,633000000,953000000,169.28,201.92,54.2857,6147000000,3720000000,2778000000,3111000000,2427000000,333000000,2951000000,3036000000,59.53,0,204.84,114.66
2025-12-28,EA,3.44,7288000000.0,59.53,None,0.757,24.06,,None,2166000000,2166000000,,,,,,,,,3000000,323000000,None,1181000000,1181000000,77000000,None,None,488000000,None,None,95000000,,0.76,0.0037,,,,-0.514,0.19,359000000,454000000,0.35,2014-12-31,22.68,1718000000,5742000000.0,1770000000,389000000,147000000,127000000,127000000,None,0,None,39000000,None,None,37000000,None,None,236000000,None,None,None,0.109,,1445000000,325000000,340000000,692000000,None,289000000,None,,,,,2.081,8.54,7.03,,,,,,,,0.121,,461000000,2025-10-28,quarterly,0.54,USD,post-market,758000000,509000000,0.0627,0.132,-0.092,28.58,646000000,633000000,633000000,774000000,169.28,201.92,54.2857,6167000000,3754000000,3106000000,3480000000,2413000000,374000000,2951000000,2687000000,59.53,0,204.84,114.66
2025-12-28,EA,3.44,7288000000.0,59.53,None,0.757,24.06,,None,1624000000,1624000000,,,,,,,,,3000000,322000000,None,1181000000,1181000000,191000000,None,None,829000000,None,None,95000000,,0.76,0.0037,,,,-0.514,0.19,359000000,454000000,0.35,2014-09-30,22.68,1723000000,5742000000.0,1770000000,389000000,147000000,143000000,143000000,None,0,None,67000000,None,None,591000000,None,None,236000000,None,None,None,0.109,,1445000000,325000000,190000000,695000000,None,298000000,None,,,,,2.081,8.54,7.03,,,,,,,,0.121,,483000000,2025-10-28,quarterly,0.54,USD,post-market,758000000,367000000,0.0627,0.132,-0.092,28.58,646000000,811000000,220000000,764000000,169.28,201.92,54.2857,6031000000,3532000000,2387000000,3361000000,2499000000,974000000,2951000000,2670000000,59.53,0,204.84,114.66
2025-12-28,EA,3.44,7288000000.0,59.53,None,0.757,24.06,,None,1554000000,1554000000,,,,,,,,,3000000,322000000,None,1181000000,1181000000,69000000,None,None,219000000,None,None,95000000,,0.76,0.0037,,,,-0.514,0.19,359000000,454000000,0.35,2014-06-30,22.68,1726000000,5742000000.0,1770000000,389000000,147000000,160000000,160000000,None,0,None,37000000,None,None,586000000,None,None,236000000,None,None,None,0.109,,1445000000,325000000,300000000,552000000,None,306000000,None,,,,,2.081,8.54,7.03,,,,,,,,0.121,,503000000,2025-10-28,quarterly,0.54,USD,post-market,758000000,364000000,0.0627,0.132,-0.092,28.58,646000000,700000000,114000000,762000000,169.28,201.92,54.2857,5476000000,2930000000,1786000000,2763000000,2546000000,977000000,2951000000,2713000000,59.53,0,204.84,114.66
2025-12-28,EA,3.44,7288000000.0,59.53,None,0.757,24.06,,None,1782000000,1782000000,,,,,,,,,3000000,319000000,None,1181000000,1181000000,119000000,None,602000000,327000000,None,None,95000000,,0.76,0.0037,,,,-0.514,0.19,359000000,454000000,0.35,2014-03-31,22.68,1723000000,5742000000.0,1770000000,389000000,147000000,177000000,177000000,None,0,None,56000000,None,None,580000000,None,None,236000000,None,None,None,0.109,,1445000000,325000000,316000000,660000000,None,306000000,None,,,,,2.081,8.54,7.03,,,,,,,,0.121,,510000000,2025-10-28,quarterly,0.54,USD,post-market,758000000,29000000,0.0627,0.132,-0.092,28.58,646000000,701000000,121000000,583000000,169.28,201.92,54.2857,5716000000,3138000000,2390000000,3294000000,2578000000,904000000,2951000000,2422000000,59.53,0,204.84,114.66
2025-12-28,EA,3.44,7288000000.0,59.53,None,0.757,24.06,,None,1746000000,1746000000,,,,,,,,,3000000,309000000,None,1181000000,1181000000,137000000,None,None,526000000,None,None,95000000,,0.76,0.0037,,,,-0.514,0.19,359000000,454000000,0.35,2013-12-31,22.68,1725000000,5742000000.0,1770000000,389000000,147000000,196000000,196000000,None,0,None,55000000,None,None,575000000,None,None,236000000,None,None,None,0.109,,1445000000,325000000,219000000,688000000,None,334000000,None,,,,,2.081,8.54,7.03,,,,,,,,0.121,,518000000,2025-10-28,quarterly,0.54,USD,post-market,758000000,-338000000,0.0627,0.132,-0.092,28.58,646000000,710000000,135000000,324000000,169.28,201.92,54.2857,5573000000,2921000000,2659000000,3569000000,2652000000,910000000,2951000000,2004000000,59.53,0,204.84,114.66
2025-12-28,EA,3.44,7288000000.0,59.53,None,0.757,24.06,,None,1090000000,1090000000,,,,,,,,,3000000,308000000,None,1181000000,1181000000,208000000,None,None,594000000,None,None,95000000,,0.76,0.0037,,,,-0.514,0.19,359000000,454000000,0.35,2013-09-30,22.68,1726000000,5742000000.0,1770000000,389000000,147000000,216000000,216000000,None,0,None,58000000,None,None,570000000,None,None,236000000,None,None,None,0.109,,1445000000,325000000,219000000,626000000,None,328000000,None,,,,,2.081,8.54,7.03,,,,,,,,0.121,,532000000,2025-10-28,quarterly,0.54,USD,post-market,758000000,-30000000,0.0627,0.132,-0.092,28.58,646000000,652000000,82000000,328000000,169.28,201.92,54.2857,5036000000,2340000000,1851000000,2750000000,2696000000,899000000,2951000000,2286000000,59.53,0,204.84,114.66
2025-12-28,EA,3.44,7288000000.0,59.53,None,0.757,24.06,,None,1056000000,1056000000,,,,,,,,,3000000,312000000,None,1181000000,1181000000,48000000,None,None,120000000,None,None,95000000,,0.76,0.0037,,,,-0.514,0.19,359000000,454000000,0.35,2013-06-30,22.68,1722000000,5742000000.0,1770000000,389000000,147000000,234000000,234000000,None,0,None,41000000,None,None,564000000,None,None,236000000,None,None,None,0.109,,1445000000,325000000,261000000,505000000,None,322000000,None,,,,,2.081,8.54,7.03,,,,,,,,0.121,,537000000,2025-10-28,quarterly,0.54,USD,post-market,758000000,243000000,0.0627,0.132,-0.092,28.58,646000000,647000000,83000000,355000000,169.28,201.92,54.2857,4605000000,1884000000,1226000000,2113000000,2721000000,887000000,2951000000,2492000000,59.53,0,204.84,114.66
2025-12-28,EA,3.44,7288000000.0,59.53,None,0.757,24.06,,None,1292000000,1292000000,,,,,,,,,3000000,307000000,None,1181000000,1181000000,136000000,None,None,312000000,None,None,95000000,,0.76,0.0037,,,,-0.514,0.19,359000000,454000000,0.35,2013-03-31,22.68,1721000000,5742000000.0,1770000000,389000000,147000000,253000000,253000000,None,0,None,42000000,None,None,559000000,None,None,236000000,None,None,None,0.109,,1445000000,325000000,239000000,658000000,None,326000000,None,,,,,2.081,8.54,7.03,,,,,,,,0.121,,548000000,2025-10-28,quarterly,0.54,USD,post-market,758000000,21000000,0.0627,0.132,-0.092,28.58,646000000,638000000,79000000,388000000,169.28,201.92,54.2857,5070000000,2325000000,1917000000,2803000000,2745000000,886000000,2951000000,2267000000,59.53,0,204.84,114.66
2025-12-28,EA,3.44,7288000000.0,59.53,None,0.757,24.06,,None,1158000000,1158000000,,,,,,,,,3000000,304000000,None,1181000000,1181000000,93000000,None,None,382000000,None,None,95000000,,0.76,0.0037,,,,-0.514,0.19,359000000,454000000,0.35,2012-12-31,22.68,1724000000,5742000000.0,1770000000,389000000,147000000,304000000,304000000,None,0,None,59000000,None,None,554000000,None,None,236000000,None,None,None,0.109,,1445000000,325000000,229000000,642000000,None,379000000,None,,,,,2.081,8.54,7.03,,,,,,,,0.121,,550000000,2025-10-28,quarterly,0.54,USD,post-market,758000000,-302000000,0.0627,0.132,-0.092,28.58,646000000,752000000,198000000,334000000,169.28,201.92,54.2857,5039000000,2229000000,2146000000,3081000000,2810000000,935000000,2951000000,1958000000,59.53,0,204.84,114.66
2025-12-28,EA,3.44,7288000000.0,59.53,None,0.757,24.06,,None,871000000,871000000,,,,,,,,,3000000,316000000,None,1181000000,1181000000,219000000,None,None,643000000,None,None,95000000,,0.76,0.0037,,,,-0.514,0.19,359000000,454000000,0.35,2012-09-30,22.68,1723000000,5742000000.0,1770000000,389000000,147000000,334000000,334000000,None,0,None,71000000,None,None,549000000,None,None,236000000,None,None,None,0.109,,1445000000,325000000,239000000,699000000,None,440000000,None,,,,,2.081,8.54,7.03,,,,,,,,0.121,,561000000,2025-10-28,quarterly,0.54,USD,post-market,758000000,-257000000,0.0627,0.132,-0.092,28.58,646000000,724000000,175000000,444000000,169.28,201.92,54.2857,5191000000,2332000000,2046000000,3037000000,2859000000,991000000,2951000000,2154000000,59.53,0,204.84,114.66
2025-12-28,EA,3.44,7288000000.0,59.53,None,0.757,24.06,,None,919000000,919000000,,,,,,,,,3000000,320000000,None,1181000000,1181000000,50000000,None,None,111000000,None,None,95000000,,0.76,0.0037,,,,-0.514,0.19,359000000,454000000,0.35,2012-06-30,22.68,1716000000,5742000000.0,1770000000,389000000,147000000,347000000,347000000,None,0,None,60000000,None,None,544000000,None,None,236000000,None,None,None,0.109,,1445000000,325000000,273000000,585000000,None,391000000,None,,,,,2.081,8.54,7.03,,,,,,,,0.121,,558000000,2025-10-28,quarterly,0.54,USD,post-market,758000000,124000000,0.0627,0.132,-0.092,28.58,646000000,661000000,117000000,520000000,169.28,201.92,54.2857,4825000000,1951000000,1336000000,2273000000,2874000000,937000000,2951000000,2552000000,59.53,0,204.84,114.66
2025-12-28,EA,3.44,7288000000.0,59.53,None,0.757,24.06,,None,1293000000,1293000000,,,,,,,,,3000000,317000000,None,1181000000,1181000000,215000000,None,None,366000000,None,None,95000000,,0.76,0.0037,,,,-0.514,0.19,359000000,454000000,0.35,2012-03-31,22.68,1718000000,5742000000.0,1770000000,389000000,147000000,369000000,369000000,None,0,None,59000000,None,None,539000000,None,None,236000000,None,None,None,0.109,,1445000000,325000000,454000000,772000000,None,366000000,None,,,,,2.081,8.54,7.03,,,,,,,,0.121,,568000000,2025-10-28,quarterly,0.54,USD,post-market,758000000,-77000000,0.0627,0.132,-0.092,28.58,646000000,539000000,None,556000000,169.28,201.92,54.2857,5491000000,2609000000,2120000000,3033000000,2882000000,913000000,2951000000,2458000000,59.53,0,204.84,114.66
2025-12-28,EA,3.44,7288000000.0,59.53,None,0.757,24.06,,None,1242000000,1242000000,,,,,,,,,3000000,332000000,None,1181000000,1181000000,112000000,None,None,526000000,None,None,95000000,,0.76,0.0037,,,,-0.514,0.19,359000000,454000000,0.35,2011-12-31,22.68,1716000000,5742000000.0,1770000000,389000000,147000000,402000000,402000000,None,0,None,69000000,None,None,534000000,None,None,236000000,None,None,None,0.109,,1445000000,325000000,563000000,846000000,None,418000000,None,,,,,2.081,8.54,7.03,,,,,,,,0.121,,547000000,2025-10-28,quarterly,0.54,USD,post-market,758000000,-477000000,0.0627,0.132,-0.092,28.58,646000000,534000000,None,549000000,169.28,201.92,54.2857,5696000000,2806000000,2397000000,3431000000,2890000000,1034000000,2951000000,2265000000,59.53,0,204.84,114.66
2025-12-28,EA,3.44,7288000000.0,59.53,None,0.757,24.06,,None,930000000,930000000,,,,,,,,,3000000,331000000,None,1181000000,1181000000,213000000,None,None,562000000,None,None,95000000,,0.76,0.0037,,,,-0.514,0.19,359000000,454000000,0.35,2011-09-30,22.68,1700000000,5742000000.0,1770000000,389000000,147000000,416000000,416000000,None,0,None,90000000,None,None,529000000,None,None,236000000,None,None,None,0.109,,1445000000,325000000,320000000,709000000,None,428000000,None,,,,,2.081,8.54,7.03,,,,,,,,0.121,,532000000,2025-10-28,quarterly,0.54,USD,post-market,758000000,-272000000,0.0627,0.132,-0.092,28.58,646000000,612000000,83000000,569000000,169.28,201.92,54.2857,5435000000,2568000000,1854000000,2895000000,2867000000,1041000000,2951000000,2540000000,59.53,0,204.84,114.66
2025-12-28,EA,3.44,7288000000.0,59.53,None,0.757,24.06,,None,1173000000,1173000000,,,,,,,,,3000000,337000000,None,1181000000,1181000000,91000000,None,None,30000000,None,None,95000000,,0.76,0.0037,,,,-0.514,0.19,359000000,454000000,0.35,2011-06-30,22.68,1132000000,5742000000.0,1770000000,389000000,147000000,134000000,134000000,None,0,None,75000000,None,None,0,None,None,236000000,None,None,None,0.109,,1445000000,325000000,573000000,530000000,None,338000000,None,,,,,2.081,8.54,7.03,,,,,,,,0.121,,516000000,2025-10-28,quarterly,0.54,USD,post-market,758000000,68000000,0.0627,0.132,-0.092,28.58,646000000,None,74000000,675000000,169.28,201.92,54.2857,4355000000,2354000000,1225000000,1605000000,2001000000,380000000,2951000000,2750000000,59.53,0,204.84,114.66
2025-12-28,EA,3.44,7288000000.0,59.53,None,0.757,24.06,,None,1579000000,1579000000,,,,,,,,,3000000,331000000,None,1181000000,1181000000,228000000,None,None,335000000,None,None,95000000,,0.76,0.0037,,,,-0.514,0.19,359000000,454000000,0.35,2011-03-31,22.68,1110000000,5742000000.0,1770000000,389000000,147000000,144000000,144000000,None,0,None,77000000,None,None,0,None,None,236000000,None,None,None,0.109,,1445000000,325000000,544000000,768000000,None,326000000,None,,,,,2.081,8.54,7.03,,,,,,,,0.121,,513000000,2025-10-28,quarterly,0.54,USD,post-market,758000000,-153000000,0.0627,0.132,-0.092,28.58,646000000,None,None,658000000,169.28,201.92,54.2857,4928000000,3032000000,2001000000,2364000000,1896000000,363000000,2951000000,2564000000,59.53,0,204.84,114.66
2025-12-28,EA,3.44,7288000000.0,59.53,None,0.757,24.06,,None,1353000000,1353000000,,,,,,,,,3000000,332000000,None,1181000000,1181000000,162000000,None,None,390000000,None,None,95000000,,0.76,0.0037,,,,-0.514,0.19,359000000,454000000,0.35,2010-12-31,22.68,1107000000,5742000000.0,1770000000,389000000,147000000,160000000,160000000,None,0,None,105000000,None,None,0,None,None,236000000,None,None,None,0.109,,1445000000,325000000,355000000,746000000,None,357000000,None,,,,,2.081,8.54,7.03,,,,,,,,0.121,,502000000,2025-10-28,quarterly,0.54,USD,post-market,758000000,-304000000,0.0627,0.132,-0.092,28.58,646000000,None,None,618000000,169.28,201.92,54.2857,4727000000,2714000000,2008000000,2369000000,2013000000,361000000,2951000000,2358000000,59.53,0,204.84,114.66
2025-12-28,EA,3.44,7288000000.0,59.53,None,0.757,24.06,,None,1056000000,1056000000,,,,,,,,,3000000,329000000,None,1181000000,1181000000,205000000,None,None,444000000,None,None,95000000,,0.76,0.0037,,,,-0.514,0.19,359000000,454000000,0.35,2010-09-30,22.68,1094000000,5742000000.0,1770000000,389000000,147000000,168000000,168000000,None,0,None,155000000,None,None,0,None,None,236000000,None,None,None,0.109,,1445000000,325000000,335000000,539000000,None,286000000,None,,,,,2.081,8.54,7.03,,,,,,,,0.121,,510000000,2025-10-28,quarterly,0.54,USD,post-market,758000000,18000000,0.0627,0.132,-0.092,28.58,646000000,None,81000000,601000000,169.28,201.92,54.2857,4494000000,2485000000,1568000000,1856000000,2009000000,288000000,2951000000,2638000000,59.53,0,204.84,114.66
2025-12-28,EA,3.44,7288000000.0,59.53,None,0.757,24.06,,None,1057000000,1057000000,,,,,,,,,3000000,332000000,None,1181000000,1181000000,55000000,None,None,103000000,None,None,95000000,,0.76,0.0037,,,,-0.514,0.19,359000000,454000000,0.35,2010-06-30,22.68,1090000000,5742000000.0,1770000000,389000000,147000000,185000000,185000000,None,0,None,82000000,None,None,0,None,None,236000000,None,None,None,0.109,,1445000000,325000000,506000000,517000000,None,326000000,None,,,,,2.081,8.54,7.03,,,,,,,,0.121,,516000000,2025-10-28,quarterly,0.54,USD,post-market,758000000,219000000,0.0627,0.132,-0.092,28.58,646000000,None,103000000,673000000,169.28,201.92,54.2857,4245000000,2228000000,1165000000,1493000000,2017000000,328000000,2951000000,2752000000,59.53,0,204.84,114.66
2025-12-28,EA,3.44,7288000000.0,59.53,None,0.757,24.06,,None,1273000000,1273000000,,,,,,,,,3000000,328000000,None,1181000000,1181000000,91000000,None,None,206000000,None,None,95000000,,0.76,0.0037,,,,-0.514,0.19,359000000,454000000,0.35,2010-03-31,22.68,1093000000,5742000000.0,1770000000,389000000,147000000,204000000,204000000,None,0,None,100000000,None,None,0,None,None,236000000,None,None,None,0.109,,1445000000,325000000,574000000,717000000,None,341000000,None,,,,,2.081,8.54,7.03,,,,,,,,0.121,,537000000,2025-10-28,quarterly,0.54,USD,post-market,758000000,123000000,0.0627,0.132,-0.092,28.58,646000000,None,None,723000000,169.28,201.92,54.2857,4646000000,2585000000,1574000000,1917000000,2061000000,343000000,2951000000,2729000000,59.53,0,204.84,114.66
2025-12-28,EA,3.44,7288000000.0,59.53,None,0.757,24.06,,None,1114000000,1114000000,,,,,,,,,3000000,325000000,None,1181000000,1181000000,186000000,None,None,495000000,None,None,95000000,,0.76,0.0037,,,,-0.514,0.19,359000000,454000000,0.35,2009-12-31,22.68,1097000000,5742000000.0,1770000000,389000000,147000000,215000000,215000000,None,0,None,144000000,None,None,0,None,None,236000000,None,None,None,0.109,,1445000000,325000000,677000000,790000000,None,420000000,None,,,,,2.081,8.54,7.03,,,,,,,,0.121,,550000000,2025-10-28,quarterly,0.54,USD,post-market,758000000,93000000,0.0627,0.132,-0.092,28.58,646000000,None,None,670000000,169.28,201.92,54.2857,4939000000,2782000000,1871000000,2340000000,2157000000,469000000,2951000000,2599000000,59.53,0,204.84,114.66
2025-12-28,EA,3.44,7288000000.0,59.53,None,0.757,24.06,,None,1042000000,1042000000,,,,,,,,,3000000,324000000,None,1181000000,1181000000,273000000,None,None,646000000,None,None,95000000,,0.76,0.0037,,,,-0.514,0.19,359000000,454000000,0.35,2009-09-30,22.68,817000000,5742000000.0,1770000000,389000000,147000000,194000000,194000000,None,0,None,250000000,None,None,0,None,None,236000000,None,None,None,0.109,,1445000000,325000000,706000000,848000000,None,405000000,None,,,,,2.081,8.54,7.03,,,,,,,,0.121,,569000000,2025-10-28,quarterly,0.54,USD,post-market,758000000,175000000,0.0627,0.132,-0.092,28.58,646000000,None,None,970000000,169.28,201.92,54.2857,5002000000,3227000000,1913000000,2346000000,1775000000,433000000,2951000000,2656000000,59.53,0,204.84,114.66
2025-12-28,EA,3.44,7288000000.0,59.53,None,0.757,24.06,,None,1205000000,1205000000,,,,,,,,,3000000,323000000,None,1181000000,1181000000,166000000,None,None,375000000,None,None,95000000,,0.76,0.0037,,,,-0.514,0.19,359000000,454000000,0.35,2009-06-30,22.68,814000000,5742000000.0,1770000000,389000000,147000000,208000000,208000000,None,0,None,215000000,None,None,0,None,None,236000000,None,None,None,0.109,,1445000000,325000000,747000000,661000000,None,421000000,None,,,,,2.081,8.54,7.03,,,,,,,,0.121,,341000000,2025-10-28,quarterly,0.54,USD,post-market,758000000,566000000,0.0627,0.132,-0.092,28.58,646000000,None,None,1074000000,169.28,201.92,54.2857,4722000000,3176000000,1260000000,1721000000,1546000000,461000000,2951000000,3001000000,59.53,0,204.84,114.66
2025-12-28,EA,3.44,7288000000.0,59.53,None,0.757,24.06,,None,1621000000,1621000000,,,,,,,,,3000000,323000000,None,1181000000,1181000000,152000000,None,None,116000000,None,None,95000000,,0.76,0.0037,,,,-0.514,0.19,359000000,454000000,0.35,2009-03-31,22.68,807000000,5742000000.0,1770000000,389000000,147000000,221000000,221000000,None,0,None,217000000,None,None,None,None,None,236000000,None,None,None,0.109,,1445000000,325000000,267000000,616000000,None,None,None,,,,,2.081,8.54,7.03,,,,,,,,0.121,,354000000,2025-10-28,quarterly,0.54,USD,post-market,758000000,800000000,0.0627,0.132,-0.092,28.58,646000000,None,None,899000000,169.28,201.92,54.2857,4678000000,3120000000,1136000000,1544000000,1558000000,408000000,2951000000,3134000000,59.53,None,204.84,114.66
2025-12-28,EA,3.44,7288000000.0,59.53,None,0.757,24.06,,None,1379000000,1379000000,,,,,,,,,3000000,321000000,None,1181000000,1181000000,333000000,None,None,794000000,None,None,95000000,,0.76,0.0037,,,,-0.514,0.19,359000000,454000000,0.35,2008-12-31,22.68,808000000,5742000000.0,1770000000,389000000,147000000,236000000,236000000,None,0,None,295000000,None,None,None,None,None,236000000,None,None,None,0.109,,1445000000,325000000,589000000,835000000,None,None,None,,,,,2.081,8.54,7.03,,,,,,,,0.121,,372000000,2025-10-28,quarterly,0.54,USD,post-market,758000000,842000000,0.0627,0.132,-0.092,28.58,646000000,None,None,882000000,169.28,201.92,54.2857,5204000000,3637000000,1788000000,2151000000,1567000000,363000000,2951000000,3053000000,59.53,None,204.84,114.66
2025-12-28,EA,3.44,7288000000.0,59.53,None,0.757,24.06,,None,1825000000,1825000000,,,,,,,,,3000000,319000000,None,1181000000,1181000000,309000000,None,None,547000000,None,None,95000000,,0.76,0.0037,,,,-0.514,0.19,359000000,454000000,0.35,2008-09-30,22.68,1182000000,5742000000.0,1770000000,389000000,147000000,240000000,240000000,None,0,None,328000000,None,None,None,None,None,236000000,None,None,None,0.109,,1445000000,325000000,1135000000,801000000,None,None,None,,,,,2.081,8.54,7.03,,,,,,,,0.121,,417000000,2025-10-28,quarterly,0.54,USD,post-market,758000000,1483000000,0.0627,0.132,-0.092,28.58,646000000,None,None,640000000,169.28,201.92,54.2857,5962000000,3835000000,1534000000,1934000000,2127000000,400000000,2951000000,4028000000,59.53,None,204.84,114.66
2025-12-28,EA,3.44,7288000000.0,59.53,None,0.757,24.06,,None,1199000000,1199000000,,,,,,,,,3000000,318000000,None,1181000000,1181000000,167000000,None,None,269000000,None,None,95000000,,0.76,0.0037,,,,-0.514,0.19,359000000,454000000,0.35,2008-06-30,22.68,1183000000,5742000000.0,1770000000,389000000,147000000,259000000,259000000,None,0,None,223000000,None,None,None,None,None,236000000,None,None,None,0.109,,1445000000,325000000,1178000000,677000000,None,None,None,,,,,2.081,8.54,7.03,,,,,,,,0.121,,392000000,2025-10-28,quarterly,0.54,USD,post-market,758000000,1793000000,0.0627,0.132,-0.092,28.58,646000000,None,None,1480000000,169.28,201.92,54.2857,5774000000,3617000000,1036000000,1448000000,2157000000,412000000,2951000000,4326000000,59.53,None,204.84,114.66
2025-12-28,EA,3.44,7288000000.0,59.53,None,0.757,24.06,,None,1553000000,1553000000,,,,,,,,,3000000,318000000,None,1181000000,1181000000,229000000,None,None,306000000,None,None,95000000,,0.76,0.0037,,,,-0.514,0.19,359000000,454000000,0.35,2008-03-31,22.68,1152000000,5742000000.0,1770000000,389000000,147000000,265000000,265000000,None,0,None,168000000,None,None,None,None,None,236000000,None,None,None,0.109,,1445000000,325000000,435000000,610000000,None,None,None,,,,,2.081,8.54,7.03,,,,,,,,0.121,,396000000,2025-10-28,quarterly,0.54,USD,post-market,758000000,1888000000,0.0627,0.132,-0.092,28.58,646000000,None,None,1463000000,169.28,201.92,54.2857,6059000000,3925000000,1299000000,1720000000,2134000000,421000000,2951000000,4339000000,59.53,None,204.84,114.66
2025-12-28,EA,3.44,7288000000.0,59.53,None,0.757,24.06,,None,1878000000,1878000000,,,,,,,,,3000000,315000000,None,1181000000,1181000000,371000000,None,None,830000000,None,None,95000000,,0.76,0.0037,,,,-0.514,0.19,359000000,454000000,0.35,2007-12-31,22.68,737000000,5742000000.0,1770000000,389000000,147000000,170000000,170000000,None,0,None,178000000,None,None,None,None,None,236000000,None,None,None,0.109,,1445000000,325000000,1306000000,714000000,None,None,None,,,,,2.081,8.54,7.03,,,,,,,,0.121,,393000000,2025-10-28,quarterly,0.54,USD,post-market,758000000,1981000000,0.0627,0.132,-0.092,28.58,646000000,None,None,1542000000,169.28,201.92,54.2857,6445000000,4897000000,1748000000,2142000000,1548000000,394000000,2951000000,4303000000,59.53,None,204.84,114.66
2025-12-28,EA,3.44,7288000000.0,59.53,None,0.757,24.06,,None,1074000000,1074000000,,,,,,,,,3000000,313000000,None,1181000000,1181000000,224000000,None,None,424000000,None,None,95000000,,0.76,0.0037,,,,-0.514,0.19,359000000,454000000,0.35,2007-09-30,22.68,737000000,5742000000.0,1770000000,389000000,147000000,182000000,182000000,None,0,None,103000000,None,None,None,None,None,236000000,None,None,None,0.109,,1445000000,325000000,1150000000,410000000,None,None,None,,,,,2.081,8.54,7.03,,,,,,,,0.121,,507000000,2025-10-28,quarterly,0.54,USD,post-market,758000000,2014000000,0.0627,0.132,-0.092,28.58,646000000,None,None,1818000000,169.28,201.92,54.2857,5520000000,3853000000,1060000000,1449000000,1667000000,389000000,2951000000,4071000000,59.53,None,204.84,114.66
2025-12-28,EA,3.44,7288000000.0,59.53,None,0.757,24.06,,None,663000000,663000000,,,,,,,,,3000000,311000000,None,1181000000,1181000000,119000000,None,None,123000000,None,None,95000000,,0.76,0.0037,,,,-0.514,0.19,359000000,454000000,0.35,2007-06-30,22.68,736000000,5742000000.0,1770000000,389000000,147000000,196000000,196000000,None,0,None,74000000,None,None,None,None,None,236000000,None,None,None,0.109,,1445000000,325000000,1009000000,358000000,None,None,None,,,,,2.081,8.54,7.03,,,,,,,,0.121,,494000000,2025-10-28,quarterly,0.54,USD,post-market,758000000,2209000000,0.0627,0.132,-0.092,28.58,646000000,None,None,2186000000,169.28,201.92,54.2857,5025000000,3395000000,602000000,972000000,1630000000,370000000,2951000000,4053000000,59.53,None,204.84,114.66
2025-12-28,EA,3.44,7288000000.0,59.53,None,0.757,24.06,,None,1371000000,1371000000,,,,,,,,,3000000,309000000,None,1181000000,1181000000,180000000,None,None,256000000,None,None,95000000,,0.76,0.0037,,,,-0.514,0.19,359000000,454000000,0.35,2007-03-31,22.68,734000000,5742000000.0,1770000000,389000000,147000000,210000000,210000000,None,0,None,62000000,None,None,None,None,None,236000000,None,None,None,0.109,,1445000000,325000000,303000000,756000000,None,None,None,,,,,2.081,8.54,7.03,,,,,,,,0.121,,484000000,2025-10-28,quarterly,0.54,USD,post-market,758000000,2323000000,0.0627,0.132,-0.092,28.58,646000000,None,None,1605000000,169.28,201.92,54.2857,5146000000,3597000000,1026000000,1114000000,1549000000,88000000,2951000000,4032000000,59.53,None,204.84,114.66
2025-12-28,EA,3.44,7288000000.0,59.53,None,0.757,24.06,,None,1199000000,1199000000,,,,,,,,,3000000,319000000,None,1181000000,1181000000,170000000,None,None,551000000,None,None,95000000,,0.76,0.0037,,,,-0.514,0.19,359000000,454000000,0.35,2006-12-31,22.68,730000000,5742000000.0,1770000000,389000000,147000000,221000000,221000000,None,0,None,72000000,None,None,None,None,None,236000000,None,None,None,0.109,,1445000000,325000000,497000000,851000000,None,None,None,,,,,2.081,8.54,7.03,,,,,,,,0.121,,451000000,2025-10-28,quarterly,0.54,USD,post-market,758000000,2342000000,0.0627,0.132,-0.092,28.58,646000000,None,None,1447000000,169.28,201.92,54.2857,5043000000,3531000000,1096000000,1165000000,1512000000,69000000,2951000000,3878000000,59.53,None,204.84,114.66
2025-12-28,EA,3.44,7288000000.0,59.53,None,0.757,24.06,,None,1212000000,1212000000,,,,,,,,,3000000,315000000,None,1181000000,1181000000,199000000,None,None,267000000,None,None,95000000,,0.76,0.0037,,,,-0.514,0.19,359000000,454000000,0.35,2006-09-30,22.68,709000000,5742000000.0,1770000000,389000000,147000000,231000000,231000000,None,0,None,67000000,None,None,None,None,None,236000000,None,None,None,0.109,,1445000000,325000000,503000000,580000000,None,None,None,,,,,2.081,8.54,7.03,,,,,,,,0.121,,448000000,2025-10-28,quarterly,0.54,USD,post-market,758000000,2182000000,0.0627,0.132,-0.092,28.58,646000000,None,None,1164000000,169.28,201.92,54.2857,4511000000,3009000000,833000000,907000000,1502000000,74000000,2951000000,3591000000,59.53,None,204.84,114.66
2025-12-28,EA,3.44,7288000000.0,59.53,None,0.757,24.06,,None,1248000000,1248000000,,,,,,,,,3000000,306000000,None,1181000000,1181000000,114000000,None,None,41000000,None,None,95000000,,0.76,0.0037,,,,-0.514,0.19,359000000,454000000,0.35,2006-06-30,22.68,646000000,5742000000.0,1770000000,389000000,147000000,220000000,220000000,None,0,None,59000000,None,None,None,None,None,236000000,None,None,None,0.109,,1445000000,325000000,483000000,506000000,None,None,None,,,,,2.081,8.54,7.03,,,,,,,,0.121,,418000000,2025-10-28,quarterly,0.54,USD,post-market,758000000,2160000000,0.0627,0.132,-0.092,28.58,646000000,None,None,1149000000,169.28,201.92,54.2857,4193000000,2814000000,675000000,751000000,1379000000,76000000,2951000000,3429000000,59.53,None,204.84,114.66
2025-12-28,EA,3.44,7288000000.0,59.53,None,0.757,24.06,,None,1242000000,1242000000,,,,,,,,,3000000,306000000,None,1181000000,1181000000,163000000,None,None,199000000,None,None,95000000,,0.76,0.0037,,,,-0.514,0.19,359000000,454000000,0.35,2006-03-31,22.68,647000000,5742000000.0,1770000000,389000000,147000000,232000000,232000000,None,0,None,61000000,None,None,None,None,None,236000000,None,None,None,0.109,,1445000000,325000000,320000000,654000000,None,None,None,,,,,2.081,8.54,7.03,,,,,,,,0.121,,392000000,2025-10-28,quarterly,0.54,USD,post-market,758000000,2241000000,0.0627,0.132,-0.092,28.58,646000000,None,None,1190000000,169.28,201.92,54.2857,4386000000,3012000000,869000000,966000000,1374000000,97000000,2951000000,3408000000,59.53,None,204.84,114.66
2025-12-28,EA,3.44,7288000000.0,59.53,None,0.757,24.06,,None,1462000000,1462000000,,,,,,,,,3000000,311000000,None,1181000000,1181000000,187000000,None,None,567000000,None,None,95000000,,0.76,0.0037,,,,-0.514,0.19,359000000,454000000,0.35,2005-12-31,22.68,154000000,5742000000.0,1770000000,389000000,147000000,182000000,182000000,None,0,None,76000000,None,None,None,None,None,236000000,None,None,None,0.109,,1445000000,325000000,463000000,760000000,None,None,None,,,,,2.081,8.54,7.03,,,,,,,,0.121,,375000000,2025-10-28,quarterly,0.54,USD,post-market,758000000,2257000000,0.0627,0.132,-0.092,28.58,646000000,None,None,1261000000,169.28,201.92,54.2857,4331000000,3662000000,947000000,977000000,669000000,30000000,2951000000,3341000000,59.53,None,204.84,114.66
2025-12-28,EA,3.44,7288000000.0,59.53,None,0.757,24.06,,None,575000000,575000000,,,,,,,,,3000000,314000000,None,1181000000,1181000000,171000000,None,None,328000000,None,None,95000000,,0.76,0.0037,,,,-0.514,0.19,359000000,454000000,0.35,2005-09-30,22.68,155000000,5742000000.0,1770000000,389000000,147000000,185000000,185000000,None,0,None,74000000,None,None,None,None,None,236000000,None,None,None,0.109,,1445000000,325000000,475000000,558000000,None,None,None,,,,,2.081,8.54,7.03,,,,,,,,0.121,,364000000,2025-10-28,quarterly,0.54,USD,post-market,758000000,1998000000,0.0627,0.132,-0.092,28.58,646000000,None,None,1837000000,169.28,201.92,54.2857,3754000000,3107000000,729000000,758000000,647000000,29000000,2951000000,2984000000,59.53,None,204.84,114.66
2025-12-28,EA,3.44,7288000000.0,59.53,None,0.757,24.06,,67000000,2136000000,2136000000,,,,,,,,,3000000,264000000,None,1181000000,1181000000,105000000,None,400000000,679000000,None,None,95000000,,0.76,0.0037,,,,-0.514,0.19,359000000,454000000,0.35,2025-03-31,22.68,5376000000,5742000000.0,1770000000,389000000,147000000,293000000,293000000,None,0,None,None,None,None,1484000000,None,None,236000000,None,None,None,0.109,,1445000000,325000000,349000000,1093000000,None,445000000,None,,,,,2.081,8.54,7.03,,,,,,,,0.121,,None,2025-10-28,annual,0.54,USD,post-market,758000000,6470000000,0.0627,0.132,-0.092,28.58,646000000,2218000000,467000000,112000000,169.28,201.92,54.2857,12368000000,3276000000,3459000000,5982000000,9092000000,2523000000,2951000000,6386000000,59.53,None,204.84,114.66
2025-12-28,EA,3.44,7288000000.0,59.53,None,0.757,24.06,,66000000,2900000000,2900000000,,,,,,,,,3000000,272000000,None,1181000000,1181000000,110000000,None,None,565000000,None,None,95000000,,0.76,0.0037,,,,-0.514,0.19,359000000,454000000,0.35,2024-03-31,22.68,5379000000,5742000000.0,1770000000,389000000,147000000,400000000,400000000,None,0,None,None,None,None,1882000000,None,None,236000000,None,None,None,0.109,,1445000000,325000000,420000000,1041000000,None,437000000,None,,,,,2.081,8.54,7.03,,,,,,,,0.121,,None,2025-10-28,annual,0.54,USD,post-market,758000000,7582000000,0.0627,0.132,-0.092,28.58,646000000,1948000000,66000000,362000000,169.28,201.92,54.2857,13420000000,4247000000,3090000000,5907000000,9173000000,2817000000,2951000000,7513000000,59.53,None,204.84,114.66
2025-12-28,EA,3.44,7288000000.0,59.53,None,0.757,24.06,,66000000,2424000000,2424000000,,,,,,,,,3000000,278000000,None,1181000000,1181000000,99000000,None,None,684000000,None,None,95000000,,0.76,0.0037,,,,-0.514,0.19,359000000,454000000,0.35,2023-03-31,22.68,5380000000,5742000000.0,1770000000,389000000,147000000,618000000,618000000,None,0,None,None,None,None,1880000000,None,None,236000000,None,None,None,0.109,,1445000000,325000000,518000000,1219000000,None,393000000,None,,,,,2.081,8.54,7.03,,,,,,,,0.121,,549000000,2025-10-28,annual,0.54,USD,post-market,758000000,7357000000,0.0627,0.132,-0.092,28.58,646000000,1946000000,66000000,343000000,169.28,201.92,54.2857,13459000000,3969000000,3285000000,6166000000,9490000000,2881000000,2951000000,7293000000,59.53,None,204.84,114.66
2025-12-28,EA,3.44,7288000000.0,59.53,None,0.757,24.06,,81000000,2732000000,2732000000,,,,,,,,,3000000,286000000,None,1181000000,1181000000,101000000,None,None,650000000,None,None,95000000,,0.76,0.0037,,,,-0.514,0.19,359000000,454000000,0.35,2022-03-31,22.68,5387000000,5742000000.0,1770000000,389000000,147000000,962000000,962000000,None,0,None,None,None,None,1878000000,None,None,236000000,None,None,None,0.109,,1445000000,325000000,439000000,1151000000,None,397000000,None,,,,,2.081,8.54,7.03,,,,,,,,0.121,,550000000,2025-10-28,annual,0.54,USD,post-market,758000000,7607000000,0.0627,0.132,-0.092,28.58,646000000,1959000000,81000000,330000000,169.28,201.92,54.2857,13800000000,4151000000,3513000000,6175000000,9649000000,2662000000,2951000000,7625000000,59.53,None,204.84,114.66
2025-12-28,EA,3.44,7288000000.0,59.53,None,0.757,24.06,,76000000,5260000000,5260000000,,,,,,,,,3000000,292000000,None,1181000000,1181000000,96000000,None,None,521000000,None,None,95000000,,0.76,0.0037,,,,-0.514,0.19,359000000,454000000,0.35,2021-03-31,22.68,2868000000,5742000000.0,1770000000,389000000,147000000,309000000,309000000,None,0,None,None,None,None,1876000000,None,None,236000000,None,None,None,0.109,,1445000000,325000000,326000000,1265000000,None,565000000,None,,,,,2.081,8.54,7.03,,,,,,,,0.121,,491000000,2025-10-28,annual,0.54,USD,post-market,758000000,7887000000,0.0627,0.132,-0.092,28.58,646000000,1952000000,76000000,1106000000,169.28,201.92,54.2857,13288000000,7213000000,2964000000,5448000000,6075000000,2484000000,2951000000,7840000000,59.53,None,204.84,114.66
2025-12-28,EA,3.44,7288000000.0,59.53,None,0.757,24.06,,69000000,3768000000,3768000000,,,,,,,,,3000000,295000000,None,1181000000,1181000000,68000000,None,599000000,461000000,None,None,95000000,,0.76,0.0037,,,,-0.514,0.19,359000000,454000000,0.35,2020-03-31,22.68,1885000000,5742000000.0,1770000000,389000000,147000000,53000000,53000000,None,0,None,None,None,None,397000000,None,None,236000000,None,None,None,0.109,,1445000000,325000000,321000000,879000000,None,589000000,None,,,,,2.081,8.54,7.03,,,,,,,,0.121,,449000000,2025-10-28,annual,0.54,USD,post-market,758000000,7508000000,0.0627,0.132,-0.092,28.58,646000000,1065000000,668000000,1967000000,169.28,201.92,54.2857,11112000000,6517000000,2664000000,3651000000,4595000000,987000000,2951000000,7461000000,59.53,None,204.84,114.66
2025-12-28,EA,3.44,7288000000.0,59.53,None,0.757,24.06,,None,4708000000,4708000000,,,,,,,,,3000000,306000000,None,1181000000,1181000000,113000000,None,None,623000000,None,None,95000000,,0.76,0.0037,,,,-0.514,0.19,359000000,454000000,0.35,2019-03-31,22.68,1892000000,5742000000.0,1770000000,389000000,147000000,87000000,87000000,None,0,None,None,None,None,994000000,None,None,236000000,None,None,None,0.109,,1445000000,325000000,313000000,136000000,None,365000000,None,,,,,2.081,8.54,7.03,,,,,,,,0.121,,448000000,2025-10-28,annual,0.54,USD,post-market,758000000,5358000000,0.0627,0.132,-0.092,28.58,646000000,1910000000,916000000,737000000,169.28,201.92,54.2857,8957000000,6381000000,2265000000,3626000000,2576000000,1361000000,2951000000,5331000000,59.53,None,204.84,114.66
2025-12-28,EA,3.44,7288000000.0,59.53,None,0.757,24.06,,None,4258000000,4258000000,,,,,,,,,3000000,312000000,None,1181000000,1181000000,48000000,None,992000000,385000000,None,None,95000000,,0.76,0.0037,,,,-0.514,0.19,359000000,454000000,0.35,2018-03-31,22.68,1883000000,5742000000.0,1770000000,389000000,147000000,71000000,71000000,None,0,None,0,None,None,992000000,None,None,236000000,None,None,None,0.109,,1445000000,325000000,288000000,713000000,None,505000000,None,,,,,2.081,8.54,7.03,,,,,,,,0.121,,453000000,2025-10-28,annual,0.54,USD,post-market,758000000,4062000000,0.0627,0.132,-0.092,28.58,646000000,1100000000,108000000,1073000000,169.28,201.92,54.2857,8584000000,6004000000,2491000000,3989000000,2580000000,1498000000,2951000000,4595000000,59.53,0,204.84,114.66
2025-12-28,EA,3.44,7288000000.0,59.53,None,0.757,24.06,,None,2565000000,2565000000,,,,,,,,,3000000,314000000,None,1181000000,1181000000,87000000,None,990000000,359000000,None,None,95000000,,0.76,0.0037,,,,-0.514,0.19,359000000,454000000,0.35,2017-03-31,22.68,1707000000,5742000000.0,1770000000,389000000,147000000,8000000,8000000,None,0,None,0,None,None,990000000,None,None,236000000,None,None,None,0.109,,1445000000,325000000,308000000,642000000,None,252000000,None,,,,,2.081,8.54,7.03,,,,,,,,0.121,,434000000,2025-10-28,annual,0.54,USD,post-market,758000000,3027000000,0.0627,0.132,-0.092,28.58,646000000,1137000000,147000000,1967000000,169.28,201.92,54.2857,7718000000,5199000000,2415000000,3658000000,2519000000,1243000000,2951000000,4060000000,59.53,0,204.84,114.66
2025-12-28,EA,3.44,7288000000.0,59.53,None,0.757,24.06,,None,2493000000,2493000000,,,,,,,,,3000000,330000000,None,1181000000,1181000000,89000000,None,161000000,233000000,None,None,95000000,,0.76,0.0037,,,,-0.514,0.19,359000000,454000000,0.35,2016-03-31,22.68,1710000000,5742000000.0,1770000000,389000000,147000000,57000000,57000000,None,0,None,33000000,None,None,989000000,None,None,236000000,None,None,None,0.109,,1445000000,325000000,254000000,633000000,None,243000000,None,,,,,2.081,8.54,7.03,,,,,,,,0.121,,439000000,2025-10-28,annual,0.54,USD,post-market,758000000,2060000000,0.0627,0.132,-0.092,28.58,646000000,1152000000,163000000,1341000000,169.28,201.92,54.2857,7050000000,4354000000,2420000000,3654000000,2696000000,1234000000,2951000000,3396000000,59.53,0,204.84,114.66
2025-12-28,EA,3.44,7288000000.0,59.53,None,0.757,24.06,,None,2068000000,2068000000,,,,,,,,,3000000,325000000,None,1181000000,1181000000,68000000,None,602000000,362000000,None,None,95000000,,0.76,0.0037,,,,-0.514,0.19,359000000,454000000,0.35,2015-03-31,22.68,1713000000,5742000000.0,1770000000,389000000,147000000,111000000,111000000,None,0,None,36000000,None,None,31000000,None,None,236000000,None,None,None,0.109,,1445000000,325000000,247000000,794000000,None,None,None,,,,,2.081,8.54,7.03,,,,,,,,0.121,,459000000,2025-10-28,annual,0.54,USD,post-market,758000000,904000000,0.0627,0.132,-0.092,28.58,646000000,664000000,633000000,953000000,169.28,201.92,54.2857,6147000000,3720000000,2778000000,3111000000,2427000000,333000000,2951000000,3036000000,59.53,0,204.84,114.66
2025-12-28,EA,3.44,7288000000.0,59.53,None,0.757,24.06,,None,1782000000,1782000000,,,,,,,,,3000000,316000000,None,1181000000,1181000000,119000000,None,602000000,327000000,None,None,95000000,,0.76,0.0037,,,,-0.514,0.19,359000000,454000000,0.35,2014-03-31,22.68,1723000000,5742000000.0,1770000000,389000000,147000000,177000000,177000000,None,0,None,56000000,None,None,580000000,None,None,236000000,None,None,None,0.109,,1445000000,325000000,316000000,660000000,None,306000000,None,,,,,2.081,8.54,7.03,,,,,,,,0.121,,510000000,2025-10-28,annual,0.54,USD,post-market,758000000,29000000,0.0627,0.132,-0.092,28.58,646000000,701000000,121000000,583000000,169.28,201.92,54.2857,5716000000,3138000000,2390000000,3294000000,2578000000,904000000,2951000000,2422000000,59.53,0,204.84,114.66
2025-12-28,EA,3.44,7288000000.0,59.53,None,0.757,24.06,,None,1292000000,1292000000,,,,,,,,,3000000,313000000,None,1181000000,1181000000,136000000,None,None,312000000,None,None,95000000,,0.76,0.0037,,,,-0.514,0.19,359000000,454000000,0.35,2013-03-31,22.68,1721000000,5742000000.0,1770000000,389000000,147000000,253000000,253000000,None,0,None,42000000,None,None,559000000,None,None,236000000,None,None,None,0.109,,1445000000,325000000,239000000,658000000,None,326000000,None,,,,,2.081,8.54,7.03,,,,,,,,0.121,,548000000,2025-10-28,annual,0.54,USD,post-market,758000000,21000000,0.0627,0.132,-0.092,28.58,646000000,638000000,79000000,388000000,169.28,201.92,54.2857,5070000000,2325000000,1917000000,2803000000,2745000000,886000000,2951000000,2267000000,59.53,0,204.84,114.66
2025-12-28,EA,3.44,7288000000.0,59.53,None,0.757,24.06,,None,1293000000,1293000000,,,,,,,,,3000000,336000000,None,1181000000,1181000000,215000000,None,None,366000000,None,None,95000000,,0.76,0.0037,,,,-0.514,0.19,359000000,454000000,0.35,2012-03-31,22.68,1718000000,5742000000.0,1770000000,389000000,147000000,369000000,369000000,None,0,None,59000000,None,None,539000000,None,None,236000000,None,None,None,0.109,,1445000000,325000000,539000000,772000000,None,366000000,None,,,,,2.081,8.54,7.03,,,,,,,,0.121,,568000000,2025-10-28,annual,0.54,USD,post-market,758000000,-77000000,0.0627,0.132,-0.092,28.58,646000000,539000000,None,556000000,169.28,201.92,54.2857,5491000000,2609000000,2120000000,3033000000,2882000000,913000000,2951000000,2458000000,59.53,0,204.84,114.66
2025-12-28,EA,3.44,7288000000.0,59.53,None,0.757,24.06,,None,1579000000,1579000000,,,,,,,,,3000000,330000000,None,1181000000,1181000000,228000000,None,None,335000000,None,None,95000000,,0.76,0.0037,,,,-0.514,0.19,359000000,454000000,0.35,2011-03-31,22.68,1110000000,5742000000.0,1770000000,389000000,147000000,144000000,144000000,None,0,None,77000000,None,None,0,None,None,236000000,None,None,None,0.109,,1445000000,325000000,633000000,768000000,None,326000000,None,,,,,2.081,8.54,7.03,,,,,,,,0.121,,513000000,2025-10-28,annual,0.54,USD,post-market,758000000,-153000000,0.0627,0.132,-0.092,28.58,646000000,None,None,658000000,169.28,201.92,54.2857,4928000000,3032000000,2001000000,2364000000,1896000000,363000000,2951000000,2564000000,59.53,0,204.84,114.66
2025-12-28,EA,3.44,7288000000.0,59.53,None,0.757,24.06,,None,1273000000,1273000000,,,,,,,,,3000000,325000000,None,1181000000,1181000000,91000000,None,None,206000000,None,None,95000000,,0.76,0.0037,,,,-0.514,0.19,359000000,454000000,0.35,2010-03-31,22.68,1093000000,5742000000.0,1770000000,389000000,147000000,204000000,204000000,None,0,None,100000000,None,None,0,None,None,236000000,None,None,None,0.109,,1445000000,325000000,640000000,717000000,None,341000000,None,,,,,2.081,8.54,7.03,,,,,,,,0.121,,537000000,2025-10-28,annual,0.54,USD,post-market,758000000,123000000,0.0627,0.132,-0.092,28.58,646000000,None,103000000,723000000,169.28,201.92,54.2857,4646000000,2585000000,1574000000,1917000000,2061000000,343000000,2951000000,2729000000,59.53,0,204.84,114.66
2025-12-28,EA,3.44,7288000000.0,59.53,None,0.757,24.06,,None,1621000000,1621000000,,,,,,,,,3000000,320000000,None,1181000000,1181000000,152000000,None,None,116000000,None,None,95000000,,0.76,0.0037,,,,-0.514,0.19,359000000,454000000,0.35,2009-03-31,22.68,807000000,5742000000.0,1770000000,389000000,147000000,221000000,221000000,None,0,None,217000000,None,None,None,None,None,236000000,None,None,None,0.109,,1445000000,325000000,267000000,616000000,None,None,None,,,,,2.081,8.54,7.03,,,,,,,,0.121,,354000000,2025-10-28,annual,0.54,USD,post-market,758000000,800000000,0.0627,0.132,-0.092,28.58,646000000,None,None,899000000,169.28,201.92,54.2857,4678000000,3120000000,1136000000,1544000000,1558000000,408000000,2951000000,3134000000,59.53,None,204.84,114.66
2025-12-28,EA,3.44,7288000000.0,59.53,None,0.757,24.06,,None,1553000000,1553000000,,,,,,,,,3000000,314000000,None,1181000000,1181000000,229000000,None,None,306000000,None,None,95000000,,0.76,0.0037,,,,-0.514,0.19,359000000,454000000,0.35,2008-03-31,22.68,1152000000,5742000000.0,1770000000,389000000,147000000,265000000,265000000,None,0,None,168000000,None,None,None,None,None,236000000,None,None,None,0.109,,1445000000,325000000,435000000,610000000,None,None,None,,,,,2.081,8.54,7.03,,,,,,,,0.121,,396000000,2025-10-28,annual,0.54,USD,post-market,758000000,1888000000,0.0627,0.132,-0.092,28.58,646000000,None,None,1463000000,169.28,201.92,54.2857,6059000000,3925000000,1299000000,1720000000,2134000000,421000000,2951000000,4339000000,59.53,None,204.84,114.66
2025-12-28,EA,3.44,7288000000.0,59.53,None,0.757,24.06,,None,1371000000,1371000000,,,,,,,,,3000000,317000000,None,1181000000,1181000000,180000000,None,None,256000000,None,None,95000000,,0.76,0.0037,,,,-0.514,0.19,359000000,454000000,0.35,2007-03-31,22.68,734000000,5742000000.0,1770000000,389000000,147000000,210000000,210000000,None,0,None,62000000,None,None,None,None,None,236000000,None,None,None,0.109,,1445000000,325000000,303000000,756000000,None,None,None,,,,,2.081,8.54,7.03,,,,,,,,0.121,,484000000,2025-10-28,annual,0.54,USD,post-market,758000000,2323000000,0.0627,0.132,-0.092,28.58,646000000,None,None,1605000000,169.28,201.92,54.2857,5146000000,3597000000,1026000000,1114000000,1549000000,88000000,2951000000,4032000000,59.53,None,204.84,114.66
2025-12-28,EA,3.44,7288000000.0,59.53,None,0.757,24.06,,None,1242000000,1242000000,,,,,,,,,3000000,314000000,None,1181000000,1181000000,163000000,None,None,199000000,None,None,95000000,,0.76,0.0037,,,,-0.514,0.19,359000000,454000000,0.35,2006-03-31,22.68,647000000,5742000000.0,1770000000,389000000,147000000,232000000,232000000,None,0,None,61000000,None,None,None,None,None,236000000,None,None,None,0.109,,1445000000,325000000,320000000,654000000,None,None,None,,,,,2.081,8.54,7.03,,,,,,,,0.121,,392000000,2025-10-28,annual,0.54,USD,post-market,758000000,2241000000,0.0627,0.132,-0.092,28.58,646000000,None,None,1190000000,169.28,201.92,54.2857,4386000000,3012000000,869000000,966000000,1374000000,97000000,2951000000,3408000000,59.53,None,204.84,114.66
2025-12-28,EA,3.44,7288000000.0,59.53,None,0.757,24.06,43000000,None,1242000000,1242000000,-429000000,None,None,None,None,None,None,None,3000000,314000000,None,1181000000,1181000000,163000000,None,None,199000000,None,None,95000000,82000000,0.76,0.0037,48000000,48000000,None,-0.514,0.19,359000000,454000000,0.35,2025-09-30,22.68,647000000,5742000000.0,1770000000,389000000,147000000,232000000,232000000,None,0,None,61000000,None,None,None,None,None,137000000,None,None,None,0.109,130000000,1445000000,325000000,320000000,654000000,None,None,None,None,None,None,None,2.081,8.54,7.03,None,None,None,None,None,-394000000,None,0.121,None,392000000,2025-10-28,quarterly,0.54,USD,post-market,758000000,2241000000,0.0627,0.132,-0.092,28.58,646000000,None,None,1190000000,169.28,201.92,54.2857,4386000000,3012000000,869000000,966000000,1374000000,97000000,2951000000,3408000000,59.53,None,204.84,114.66
2025-12-28,EA,3.44,7288000000.0,59.53,None,0.757,24.06,43000000,None,1242000000,1242000000,-429000000,-68000000,None,None,None,None,None,None,3000000,314000000,None,1181000000,1181000000,163000000,None,None,199000000,None,None,95000000,82000000,0.76,0.0037,48000000,48000000,None,-0.514,0.19,359000000,454000000,0.35,2025-06-30,22.68,647000000,5742000000.0,1770000000,389000000,147000000,232000000,232000000,None,0,None,61000000,None,None,None,None,None,137000000,None,None,None,0.109,130000000,1445000000,325000000,320000000,654000000,None,None,None,None,None,None,None,2.081,8.54,7.03,None,None,None,None,None,-394000000,None,0.121,None,392000000,2025-10-28,quarterly,0.54,USD,post-market,758000000,2241000000,0.0627,0.132,-0.092,28.58,646000000,None,None,1190000000,169.28,201.92,54.2857,4386000000,3012000000,869000000,966000000,1374000000,97000000,2951000000,3408000000,59.53,None,204.84,114.66
2025-12-28,EA,3.44,7288000000.0,59.53,None,0.757,24.06,54000000,None,1242000000,1242000000,-1411000000,214000000,None,None,None,None,None,None,3000000,314000000,None,1181000000,1181000000,163000000,None,None,199000000,None,None,95000000,79000000,0.76,0.0037,48000000,48000000,None,-0.514,0.19,359000000,454000000,0.35,2025-03-31,22.68,647000000,5742000000.0,1770000000,389000000,147000000,232000000,232000000,None,0,None,61000000,None,None,None,None,None,254000000,None,None,None,0.109,549000000,1445000000,325000000,320000000,654000000,None,None,None,None,None,None,None,2.081,8.54,7.03,None,None,None,None,None,-1375000000,None,0.121,None,392000000,2025-10-28,quarterly,0.54,USD,post-market,758000000,2241000000,0.0627,0.132,-0.092,28.58,646000000,None,None,1190000000,169.28,201.92,54.2857,4386000000,3012000000,869000000,966000000,1374000000,97000000,2951000000,3408000000,59.53,None,204.84,114.66
2025-12-28,EA,3.44,7288000000.0,59.53,None,0.757,24.06,50000000,None,1242000000,1242000000,-504000000,-62000000,None,None,None,None,None,None,3000000,314000000,None,1181000000,1181000000,163000000,None,None,199000000,None,None,95000000,75000000,0.76,0.0037,50000000,50000000,None,-0.514,0.19,359000000,454000000,0.35,2024-12-31,22.68,647000000,5742000000.0,1770000000,389000000,147000000,232000000,232000000,None,0,None,61000000,None,None,None,None,None,293000000,None,None,None,0.109,1176000000,1445000000,325000000,320000000,654000000,None,None,None,None,None,None,None,2.081,8.54,7.03,None,None,None,None,None,-383000000,None,0.121,None,392000000,2025-10-28,quarterly,0.54,USD,post-market,758000000,2241000000,0.0627,0.132,-0.092,28.58,646000000,None,None,1190000000,169.28,201.92,54.2857,4386000000,3012000000,869000000,966000000,1374000000,97000000,2951000000,3408000000,59.53,None,204.84,114.66
2025-12-28,EA,3.44,7288000000.0,59.53,None,0.757,24.06,50000000,None,1242000000,1242000000,-402000000,-46000000,None,None,None,None,None,None,3000000,314000000,None,1181000000,1181000000,163000000,None,None,199000000,None,None,95000000,122000000,0.76,0.0037,51000000,51000000,None,-0.514,0.19,359000000,454000000,0.35,2024-09-30,22.68,647000000,5742000000.0,1770000000,389000000,147000000,232000000,232000000,None,0,None,61000000,None,None,None,None,None,294000000,None,None,None,0.109,234000000,1445000000,325000000,320000000,654000000,None,None,None,None,None,None,None,2.081,8.54,7.03,None,None,None,None,None,-375000000,None,0.121,None,392000000,2025-10-28,quarterly,0.54,USD,post-market,758000000,2241000000,0.0627,0.132,-0.092,28.58,646000000,None,None,1190000000,169.28,201.92,54.2857,4386000000,3012000000,869000000,966000000,1374000000,97000000,2951000000,3408000000,59.53,None,204.84,114.66
2025-12-28,EA,3.44,7288000000.0,59.53,None,0.757,24.06,67000000,None,1242000000,1242000000,-546000000,-69000000,None,None,None,None,None,None,3000000,314000000,None,1181000000,1181000000,163000000,None,None,199000000,None,None,95000000,80000000,0.76,0.0037,50000000,50000000,None,-0.514,0.19,359000000,454000000,0.35,2024-06-30,22.68,647000000,5742000000.0,1770000000,389000000,147000000,232000000,232000000,None,0,None,61000000,None,None,None,None,None,280000000,None,None,None,0.109,120000000,1445000000,325000000,320000000,654000000,None,None,None,None,None,None,None,2.081,8.54,7.03,None,None,None,None,None,-375000000,None,0.121,None,392000000,2025-10-28,quarterly,0.54,USD,post-market,758000000,2241000000,0.0627,0.132,-0.092,28.58,646000000,None,None,1190000000,169.28,201.92,54.2857,4386000000,3012000000,869000000,966000000,1374000000,97000000,2951000000,3408000000,59.53,None,204.84,114.66
2025-12-28,EA,3.44,7288000000.0,59.53,None,0.757,24.06,51000000,None,1242000000,1242000000,-360000000,-49000000,None,None,-184000000,None,None,None,3000000,314000000,None,1181000000,1181000000,163000000,None,None,199000000,None,None,95000000,149000000,0.76,0.0037,51000000,51000000,None,-0.514,0.19,359000000,454000000,0.35,2024-03-31,22.68,647000000,5742000000.0,1770000000,389000000,147000000,232000000,232000000,None,0,None,61000000,None,None,None,None,None,182000000,None,None,None,0.109,580000000,1445000000,325000000,320000000,654000000,None,None,None,None,None,None,None,2.081,8.54,7.03,None,None,None,None,None,-325000000,None,0.121,None,392000000,2025-10-28,quarterly,0.54,USD,post-market,758000000,2241000000,0.0627,0.132,-0.092,28.58,646000000,None,None,1190000000,169.28,201.92,54.2857,4386000000,3012000000,869000000,966000000,1374000000,97000000,2951000000,3408000000,59.53,None,204.84,114.66
2025-12-28,EA,3.44,7288000000.0,59.53,None,0.757,24.06,52000000,None,1242000000,1242000000,-431000000,-51000000,None,None,-183000000,None,None,None,3000000,314000000,None,1181000000,1181000000,163000000,None,None,199000000,None,None,95000000,82000000,0.76,0.0037,51000000,51000000,None,-0.514,0.19,359000000,454000000,0.35,2023-12-31,22.68,647000000,5742000000.0,1770000000,389000000,147000000,232000000,232000000,None,0,None,61000000,None,None,None,None,None,290000000,None,None,None,0.109,1264000000,1445000000,325000000,320000000,654000000,None,None,None,None,None,None,None,2.081,8.54,7.03,None,None,None,None,None,-325000000,None,0.121,None,392000000,2025-10-28,quarterly,0.54,USD,post-market,758000000,2241000000,0.0627,0.132,-0.092,28.58,646000000,None,None,1190000000,169.28,201.92,54.2857,4386000000,3012000000,869000000,966000000,1374000000,97000000,2951000000,3408000000,59.53,None,204.84,114.66
2025-12-28,EA,3.44,7288000000.0,59.53,None,0.757,24.06,51000000,None,1242000000,1242000000,-351000000,-63000000,None,None,534000000,None,None,None,3000000,314000000,None,1181000000,1181000000,163000000,None,None,199000000,None,None,95000000,85000000,0.76,0.0037,51000000,51000000,None,-0.514,0.19,359000000,454000000,0.35,2023-09-30,22.68,647000000,5742000000.0,1770000000,389000000,147000000,232000000,232000000,None,0,None,61000000,None,None,None,None,None,399000000,None,None,None,0.109,112000000,1445000000,325000000,320000000,654000000,None,None,None,None,None,None,None,2.081,8.54,7.03,None,None,None,None,None,-325000000,None,0.121,None,392000000,2025-10-28,quarterly,0.54,USD,post-market,758000000,2241000000,0.0627,0.132,-0.092,28.58,646000000,None,None,1190000000,169.28,201.92,54.2857,4386000000,3012000000,869000000,966000000,1374000000,97000000,2951000000,3408000000,59.53,None,204.84,114.66
2025-12-28,EA,3.44,7288000000.0,59.53,None,0.757,24.06,45000000,None,1242000000,1242000000,-482000000,-44000000,-167000000,None,-167000000,None,None,167000000,3000000,314000000,None,1181000000,1181000000,163000000,None,None,199000000,None,None,95000000,88000000,0.76,0.0037,52000000,52000000,None,-0.514,0.19,359000000,454000000,0.35,2023-06-30,22.68,647000000,5742000000.0,1770000000,389000000,147000000,232000000,232000000,None,0,None,61000000,None,None,None,None,None,402000000,None,None,None,0.109,359000000,1445000000,325000000,320000000,654000000,None,None,None,None,None,None,None,2.081,8.54,7.03,None,None,None,None,None,-325000000,None,0.121,None,392000000,2025-10-28,quarterly,0.54,USD,post-market,758000000,2241000000,0.0627,0.132,-0.092,28.58,646000000,None,None,1190000000,169.28,201.92,54.2857,4386000000,3012000000,869000000,966000000,1374000000,97000000,2951000000,3408000000,59.53,None,204.84,114.66
2025-12-28,EA,3.44,7288000000.0,59.53,None,0.757,24.06,47000000,None,1242000000,1242000000,-358000000,-37000000,222000000,None,-152000000,None,None,152000000,3000000,314000000,None,1181000000,1181000000,163000000,None,None,199000000,None,None,95000000,173000000,0.76,0.0037,52000000,52000000,None,-0.514,0.19,359000000,454000000,0.35,2023-03-31,22.68,647000000,5742000000.0,1770000000,389000000,147000000,232000000,232000000,None,0,None,61000000,None,None,None,None,None,-12000000,None,None,None,0.109,617000000,1445000000,325000000,320000000,654000000,None,None,None,None,None,None,None,2.081,8.54,7.03,None,None,None,None,None,-325000000,None,0.121,None,392000000,2025-10-28,quarterly,0.54,USD,post-market,758000000,2241000000,0.0627,0.132,-0.092,28.58,646000000,None,None,1190000000,169.28,201.92,54.2857,4386000000,3012000000,869000000,966000000,1374000000,97000000,2951000000,3408000000,59.53,None,204.84,114.66
2025-12-28,EA,3.44,7288000000.0,59.53,None,0.757,24.06,48000000,None,1242000000,1242000000,-418000000,-61000000,644000000,None,-90000000,None,None,90000000,3000000,314000000,None,1181000000,1181000000,163000000,None,None,199000000,None,None,95000000,122000000,0.76,0.0037,52000000,52000000,None,-0.514,0.19,359000000,454000000,0.35,2022-12-31,22.68,647000000,5742000000.0,1770000000,389000000,147000000,232000000,232000000,None,0,None,61000000,None,None,None,None,None,204000000,None,None,None,0.109,1123000000,1445000000,325000000,320000000,654000000,None,None,None,None,None,None,None,2.081,8.54,7.03,None,None,None,None,None,-325000000,None,0.121,None,392000000,2025-10-28,quarterly,0.54,USD,post-market,758000000,2241000000,0.0627,0.132,-0.092,28.58,646000000,None,None,1190000000,169.28,201.92,54.2857,4386000000,3012000000,869000000,966000000,1374000000,97000000,2951000000,3408000000,59.53,None,204.84,114.66
2025-12-28,EA,3.44,7288000000.0,59.53,None,0.757,24.06,53000000,None,1242000000,1242000000,-348000000,-54000000,-514000000,None,346000000,None,None,-346000000,3000000,314000000,None,1181000000,1181000000,163000000,None,None,199000000,None,None,95000000,127000000,0.76,0.0037,53000000,53000000,None,-0.514,0.19,359000000,454000000,0.35,2022-09-30,22.68,647000000,5742000000.0,1770000000,389000000,147000000,232000000,232000000,None,0,None,61000000,None,None,None,None,None,299000000,None,None,None,0.109,-112000000,1445000000,325000000,320000000,654000000,None,None,None,None,None,None,None,2.081,8.54,7.03,None,None,None,None,None,-325000000,None,0.121,None,392000000,2025-10-28,quarterly,0.54,USD,post-market,758000000,2241000000,0.0627,0.132,-0.092,28.58,646000000,None,None,1190000000,169.28,201.92,54.2857,4386000000,3012000000,869000000,966000000,1374000000,97000000,2951000000,3408000000,59.53,None,204.84,114.66
2025-12-28,EA,3.44,7288000000.0,59.53,None,0.757,24.06,59000000,None,1242000000,1242000000,-476000000,-65000000,-619000000,None,-70000000,None,None,70000000,3000000,314000000,None,1181000000,1181000000,163000000,None,None,199000000,None,None,95000000,114000000,0.76,0.0037,53000000,53000000,None,-0.514,0.19,359000000,454000000,0.35,2022-06-30,22.68,647000000,5742000000.0,1770000000,389000000,147000000,232000000,232000000,None,0,None,61000000,None,None,None,None,None,311000000,None,None,None,0.109,-78000000,1445000000,325000000,320000000,654000000,None,None,None,None,None,None,None,2.081,8.54,7.03,None,None,None,None,None,-320000000,None,0.121,None,392000000,2025-10-28,quarterly,0.54,USD,post-market,758000000,2241000000,0.0627,0.132,-0.092,28.58,646000000,None,None,1190000000,169.28,201.92,54.2857,4386000000,3012000000,869000000,966000000,1374000000,97000000,2951000000,3408000000,59.53,None,204.84,114.66
2025-12-28,EA,3.44,7288000000.0,59.53,None,0.757,24.06,53000000,None,1242000000,1242000000,-351000000,-33000000,65000000,None,None,None,None,313000000,3000000,314000000,None,1181000000,1181000000,163000000,None,None,199000000,None,None,95000000,141000000,0.76,0.0037,48000000,48000000,None,-0.514,0.19,359000000,454000000,0.35,2022-03-31,22.68,647000000,5742000000.0,1770000000,389000000,147000000,232000000,232000000,None,0,None,61000000,None,None,None,None,None,225000000,None,None,None,0.109,444000000,1445000000,325000000,320000000,654000000,None,None,None,None,None,None,None,2.081,8.54,7.03,None,None,None,None,None,-325000000,None,0.121,None,392000000,2025-10-28,quarterly,0.54,USD,post-market,758000000,2241000000,0.0627,0.132,-0.092,28.58,646000000,None,None,1190000000,169.28,201.92,54.2857,4386000000,3012000000,869000000,966000000,1374000000,97000000,2951000000,3408000000,59.53,None,204.84,114.66
2025-12-28,EA,3.44,7288000000.0,59.53,None,0.757,24.06,48000000,None,1242000000,1242000000,-442000000,-49000000,1040000000,-3000000,None,None,None,56000000,3000000,314000000,None,1181000000,1181000000,163000000,None,None,199000000,None,None,95000000,146000000,0.76,0.0037,48000000,48000000,None,-0.514,0.19,359000000,454000000,0.35,2021-12-31,22.68,647000000,5742000000.0,1770000000,389000000,147000000,232000000,232000000,None,0,None,61000000,None,None,None,None,None,66000000,None,None,None,0.109,1534000000,1445000000,325000000,320000000,654000000,None,None,None,None,None,None,None,2.081,8.54,7.03,None,None,None,None,None,-325000000,None,0.121,None,392000000,2025-10-28,quarterly,0.54,USD,post-market,758000000,2241000000,0.0627,0.132,-0.092,28.58,646000000,None,None,1190000000,169.28,201.92,54.2857,4386000000,3012000000,869000000,966000000,1374000000,97000000,2951000000,3408000000,59.53,None,204.84,114.66
2025-12-28,EA,3.44,7288000000.0,59.53,None,0.757,24.06,43000000,None,1242000000,1242000000,-348000000,-911000000,-1208000000,-13000000,None,None,None,-458000000,3000000,314000000,None,1181000000,1181000000,163000000,None,None,199000000,None,None,95000000,94000000,0.76,0.0037,48000000,48000000,None,-0.514,0.19,359000000,454000000,0.35,2021-09-30,22.68,647000000,5742000000.0,1770000000,389000000,147000000,232000000,232000000,None,0,None,61000000,None,None,None,None,None,294000000,None,None,None,0.109,64000000,1445000000,325000000,320000000,654000000,None,None,None,None,None,None,None,2.081,8.54,7.03,None,None,None,None,None,-325000000,None,0.121,None,392000000,2025-10-28,quarterly,0.54,USD,post-market,758000000,2241000000,0.0627,0.132,-0.092,28.58,646000000,None,None,1190000000,169.28,201.92,54.2857,4386000000,3012000000,869000000,966000000,1374000000,97000000,2951000000,3408000000,59.53,None,204.84,114.66
2025-12-28,EA,3.44,7288000000.0,59.53,None,0.757,24.06,44000000,None,1242000000,1242000000,-479000000,-1811000000,-2422000000,11000000,None,None,None,12000000,3000000,314000000,None,1181000000,1181000000,163000000,None,None,199000000,None,None,95000000,105000000,0.76,0.0037,49000000,49000000,None,-0.514,0.19,359000000,454000000,0.35,2021-06-30,22.68,647000000,5742000000.0,1770000000,389000000,147000000,232000000,232000000,None,0,None,61000000,None,None,None,None,None,204000000,None,None,None,0.109,-143000000,1445000000,325000000,320000000,654000000,None,None,None,None,None,None,None,2.081,8.54,7.03,None,None,None,None,None,-325000000,None,0.121,None,392000000,2025-10-28,quarterly,0.54,USD,post-market,758000000,2241000000,0.0627,0.132,-0.092,28.58,646000000,None,None,1190000000,169.28,201.92,54.2857,4386000000,3012000000,869000000,966000000,1374000000,97000000,2951000000,3408000000,59.53,None,204.84,114.66
2025-12-28,EA,3.44,7288000000.0,59.53,None,0.757,24.06,31000000,None,1242000000,1242000000,526000000,-444000000,488000000,35000000,None,None,None,268000000,3000000,314000000,None,1181000000,1181000000,163000000,None,None,199000000,None,None,95000000,58000000,0.76,0.0037,49000000,49000000,None,-0.514,0.19,359000000,454000000,0.35,2021-03-31,22.68,647000000,5742000000.0,1770000000,389000000,147000000,232000000,232000000,None,0,None,61000000,None,None,None,None,None,76000000,None,None,None,0.109,371000000,1445000000,325000000,320000000,654000000,None,None,None,None,None,None,None,2.081,8.54,7.03,None,None,None,None,None,-325000000,None,0.121,None,392000000,2025-10-28,quarterly,0.54,USD,post-market,758000000,2241000000,0.0627,0.132,-0.092,28.58,646000000,None,None,1190000000,169.28,201.92,54.2857,4386000000,3012000000,869000000,966000000,1374000000,97000000,2951000000,3408000000,59.53,None,204.84,114.66
2025-12-28,EA,3.44,7288000000.0,59.53,None,0.757,24.06,30000000,None,1242000000,1242000000,-429000000,30000000,713000000,18000000,None,None,None,-348000000,3000000,314000000,None,1181000000,1181000000,163000000,None,None,199000000,None,None,95000000,46000000,0.76,0.0037,49000000,49000000,None,-0.514,0.19,359000000,454000000,0.35,2020-12-31,22.68,647000000,5742000000.0,1770000000,389000000,147000000,232000000,232000000,None,0,None,61000000,None,None,None,None,None,211000000,None,None,None,0.109,1124000000,1445000000,325000000,320000000,654000000,None,None,None,None,None,None,None,2.081,8.54,7.03,None,None,None,None,None,-326000000,None,0.121,None,392000000,2025-10-28,quarterly,0.54,USD,post-market,758000000,2241000000,0.0627,0.132,-0.092,28.58,646000000,None,None,1190000000,169.28,201.92,54.2857,4386000000,3012000000,869000000,966000000,1374000000,97000000,2951000000,3408000000,59.53,None,204.84,114.66
2025-12-28,EA,3.44,7288000000.0,59.53,None,0.757,24.06,25000000,None,1242000000,1242000000,32000000,-53000000,46000000,6000000,None,None,None,83000000,3000000,314000000,None,1181000000,1181000000,163000000,None,None,199000000,None,None,95000000,40000000,0.76,0.0037,49000000,49000000,None,-0.514,0.19,359000000,454000000,0.35,2020-09-30,22.68,647000000,5742000000.0,1770000000,389000000,147000000,232000000,232000000,None,0,None,61000000,None,None,None,None,None,185000000,None,None,None,0.109,61000000,1445000000,325000000,320000000,654000000,None,None,None,None,None,None,None,2.081,8.54,7.03,None,None,None,None,None,-8000000,None,0.121,None,392000000,2025-10-28,quarterly,0.54,USD,post-market,758000000,2241000000,0.0627,0.132,-0.092,28.58,646000000,None,None,1190000000,169.28,201.92,54.2857,4386000000,3012000000,869000000,966000000,1374000000,97000000,2951000000,3408000000,59.53,None,204.84,114.66
2025-12-28,EA,3.44,7288000000.0,59.53,None,0.757,24.06,38000000,None,1242000000,1242000000,-144000000,-8000000,245000000,19000000,None,None,None,-44000000,3000000,314000000,None,1181000000,1181000000,163000000,None,None,199000000,None,None,95000000,37000000,0.76,0.0037,49000000,49000000,None,-0.514,0.19,359000000,454000000,0.35,2020-06-30,22.68,647000000,5742000000.0,1770000000,389000000,147000000,232000000,232000000,None,0,None,61000000,None,None,None,None,None,365000000,None,None,None,0.109,378000000,1445000000,325000000,320000000,654000000,None,None,None,None,None,None,None,2.081,8.54,7.03,None,None,None,None,None,-78000000,None,0.121,None,392000000,2025-10-28,quarterly,0.54,USD,post-market,758000000,2241000000,0.0627,0.132,-0.092,28.58,646000000,None,None,1190000000,169.28,201.92,54.2857,4386000000,3012000000,869000000,966000000,1374000000,97000000,2951000000,3408000000,59.53,None,204.84,114.66
2025-12-28,EA,3.44,7288000000.0,59.53,None,0.757,24.06,40000000,None,1242000000,1242000000,-300000000,-11000000,165000000,-19000000,None,None,None,340000000,3000000,314000000,None,1181000000,1181000000,163000000,None,None,199000000,None,None,95000000,39000000,0.76,0.0037,49000000,49000000,None,-0.514,0.19,359000000,454000000,0.35,2020-03-31,22.68,647000000,5742000000.0,1770000000,389000000,147000000,232000000,232000000,None,0,None,61000000,None,None,None,None,None,418000000,None,None,None,0.109,498000000,1445000000,325000000,320000000,654000000,None,None,None,None,None,None,None,2.081,8.54,7.03,None,None,None,None,None,-291000000,None,0.121,None,392000000,2025-10-28,quarterly,0.54,USD,post-market,758000000,2241000000,0.0627,0.132,-0.092,28.58,646000000,None,None,1190000000,169.28,201.92,54.2857,4386000000,3012000000,869000000,966000000,1374000000,97000000,2951000000,3408000000,59.53,None,204.84,114.66
2025-12-28,EA,3.44,7288000000.0,59.53,None,0.757,24.06,28000000,None,1242000000,1242000000,-361000000,-83000000,663000000,None,None,None,None,59000000,3000000,314000000,None,1181000000,1181000000,163000000,None,None,199000000,None,None,95000000,39000000,0.76,0.0037,None,None,None,-0.514,0.19,359000000,454000000,0.35,2019-12-31,22.68,647000000,5742000000.0,1770000000,389000000,147000000,232000000,232000000,None,0,None,61000000,None,None,None,None,None,346000000,None,None,None,0.109,1104000000,1445000000,325000000,320000000,654000000,None,None,None,None,None,None,None,2.081,8.54,7.03,None,None,None,None,None,-305000000,None,0.121,None,392000000,2025-10-28,quarterly,0.54,USD,post-market,758000000,2241000000,0.0627,0.132,-0.092,28.58,646000000,None,None,1190000000,169.28,201.92,54.2857,4386000000,3012000000,869000000,966000000,1374000000,97000000,2951000000,3408000000,59.53,None,204.84,114.66
2025-12-28,EA,3.44,7288000000.0,59.53,None,0.757,24.06,27000000,None,1242000000,1242000000,-312000000,-313000000,-593000000,-5000000,None,None,None,-529000000,3000000,314000000,None,1181000000,1181000000,163000000,None,None,199000000,None,None,95000000,35000000,0.76,0.0037,None,None,None,-0.514,0.19,359000000,454000000,0.35,2019-09-30,22.68,647000000,5742000000.0,1770000000,389000000,147000000,232000000,232000000,None,0,None,61000000,None,None,None,None,None,854000000,None,None,None,0.109,37000000,1445000000,325000000,320000000,654000000,None,None,None,None,None,None,None,2.081,8.54,7.03,None,None,None,None,None,-306000000,None,0.121,None,392000000,2025-10-28,quarterly,0.54,USD,post-market,758000000,2241000000,0.0627,0.132,-0.092,28.58,646000000,None,None,1190000000,169.28,201.92,54.2857,4386000000,3012000000,869000000,966000000,1374000000,97000000,2951000000,3408000000,59.53,None,204.84,114.66
2025-12-28,EA,3.44,7288000000.0,59.53,None,0.757,24.06,45000000,None,1242000000,1242000000,-385000000,-950000000,-1175000000,2000000,None,None,None,294000000,3000000,314000000,None,1181000000,1181000000,163000000,None,None,199000000,None,None,95000000,37000000,0.76,0.0037,None,None,None,-0.514,0.19,359000000,454000000,0.35,2019-06-30,22.68,647000000,5742000000.0,1770000000,389000000,147000000,232000000,232000000,None,0,None,61000000,None,None,None,None,None,1421000000,None,None,None,0.109,158000000,1445000000,325000000,320000000,654000000,None,None,None,None,None,None,None,2.081,8.54,7.03,None,None,None,None,None,-305000000,None,0.121,None,392000000,2025-10-28,quarterly,0.54,USD,post-market,758000000,2241000000,0.0627,0.132,-0.092,28.58,646000000,None,None,1190000000,169.28,201.92,54.2857,4386000000,3012000000,869000000,966000000,1374000000,97000000,2951000000,3408000000,59.53,None,204.84,114.66
2025-12-28,EA,3.44,7288000000.0,59.53,None,0.757,24.06,35000000,None,1242000000,1242000000,-282000000,500000000,821000000,4000000,None,None,None,183000000,3000000,314000000,None,1181000000,1181000000,163000000,None,None,199000000,None,None,95000000,37000000,0.76,0.0037,None,None,None,-0.514,0.19,359000000,454000000,0.35,2019-03-31,22.68,647000000,5742000000.0,1770000000,389000000,147000000,232000000,232000000,None,0,None,61000000,None,None,None,None,None,209000000,None,None,None,0.109,599000000,1445000000,325000000,320000000,654000000,None,None,None,None,None,None,None,2.081,8.54,7.03,None,None,None,None,None,-301000000,None,0.121,None,392000000,2025-10-28,quarterly,0.54,USD,post-market,758000000,2241000000,0.0627,0.132,-0.092,28.58,646000000,None,None,1190000000,169.28,201.92,54.2857,4386000000,3012000000,869000000,966000000,1374000000,97000000,2951000000,3408000000,59.53,None,204.84,114.66
2025-12-28,EA,3.44,7288000000.0,59.53,None,0.757,24.06,21000000,None,1242000000,1242000000,-312000000,373000000,1006000000,-9000000,None,None,None,151000000,3000000,314000000,None,1181000000,1181000000,163000000,None,None,199000000,None,None,95000000,34000000,0.76,0.0037,None,None,None,-0.514,0.19,359000000,454000000,0.35,2018-12-31,22.68,647000000,5742000000.0,1770000000,389000000,147000000,232000000,232000000,None,0,None,61000000,None,None,None,None,None,262000000,None,None,None,0.109,954000000,1445000000,325000000,320000000,654000000,None,None,None,None,None,None,None,2.081,8.54,7.03,None,None,None,None,None,-292000000,None,0.121,None,392000000,2025-10-28,quarterly,0.54,USD,post-market,758000000,2241000000,0.0627,0.132,-0.092,28.58,646000000,None,None,1190000000,169.28,201.92,54.2857,4386000000,3012000000,869000000,966000000,1374000000,97000000,2951000000,3408000000,59.53,None,204.84,114.66
2025-12-28,EA,3.44,7288000000.0,59.53,None,0.757,24.06,31000000,None,1242000000,1242000000,-271000000,-601000000,-995000000,3000000,0,None,None,-591000000,3000000,314000000,None,1181000000,1181000000,163000000,None,None,199000000,None,None,95000000,36000000,0.76,0.0037,0,0,None,-0.514,0.19,359000000,454000000,0.35,2018-09-30,22.68,647000000,5742000000.0,1770000000,389000000,147000000,232000000,232000000,None,0,None,61000000,None,None,None,None,None,255000000,None,None,None,0.109,-126000000,1445000000,325000000,320000000,654000000,None,None,None,None,None,None,None,2.081,8.54,7.03,None,None,None,None,None,-299000000,None,0.121,None,392000000,2025-10-28,quarterly,0.54,USD,post-market,758000000,2241000000,0.0627,0.132,-0.092,28.58,646000000,None,None,1190000000,169.28,201.92,54.2857,4386000000,3012000000,869000000,966000000,1374000000,97000000,2951000000,3408000000,59.53,None,204.84,114.66
2025-12-28,EA,3.44,7288000000.0,59.53,None,0.757,24.06,32000000,None,1242000000,1242000000,-388000000,-103000000,-382000000,-11000000,0,None,None,169000000,3000000,314000000,None,1181000000,1181000000,163000000,None,None,199000000,None,None,95000000,38000000,0.76,0.0037,0,0,None,-0.514,0.19,359000000,454000000,0.35,2018-06-30,22.68,647000000,5742000000.0,1770000000,389000000,147000000,232000000,232000000,None,0,None,61000000,None,None,None,None,None,293000000,None,None,None,0.109,120000000,1445000000,325000000,320000000,654000000,None,None,None,None,None,None,None,2.081,8.54,7.03,None,None,None,None,None,-300000000,None,0.121,None,392000000,2025-10-28,quarterly,0.54,USD,post-market,758000000,2241000000,0.0627,0.132,-0.092,28.58,646000000,None,None,1190000000,169.28,201.92,54.2857,4386000000,3012000000,869000000,966000000,1374000000,97000000,2951000000,3408000000,59.53,None,204.84,114.66
2025-12-28,EA,3.44,7288000000.0,59.53,None,0.757,24.06,20000000,None,1242000000,1242000000,-135000000,1215000000,1692000000,-3000000,0,None,None,502000000,3000000,314000000,None,1181000000,1181000000,163000000,None,None,199000000,None,None,95000000,39000000,0.76,0.0037,0,0,None,-0.514,0.19,359000000,454000000,0.35,2018-03-31,22.68,647000000,5742000000.0,1770000000,389000000,147000000,232000000,232000000,None,0,None,61000000,None,None,None,None,None,607000000,None,None,None,0.109,615000000,1445000000,325000000,320000000,654000000,None,None,None,None,None,None,None,2.081,8.54,7.03,None,None,None,None,None,-148000000,None,0.121,None,392000000,2025-10-28,quarterly,0.54,USD,post-market,758000000,2241000000,0.0627,0.132,-0.092,28.58,646000000,None,None,1190000000,169.28,201.92,54.2857,4386000000,3012000000,869000000,966000000,1374000000,97000000,2951000000,3408000000,59.53,None,204.84,114.66
2025-12-28,EA,3.44,7288000000.0,59.53,None,0.757,24.06,24000000,None,1242000000,1242000000,-157000000,-185000000,499000000,-8000000,0,None,None,-73000000,3000000,314000000,None,1181000000,1181000000,163000000,None,None,199000000,None,None,95000000,34000000,0.76,0.0037,0,0,None,-0.514,0.19,359000000,454000000,0.35,2017-12-31,22.68,647000000,5742000000.0,1770000000,389000000,147000000,232000000,232000000,None,0,None,61000000,None,None,None,None,None,-186000000,None,None,None,0.109,849000000,1445000000,325000000,320000000,654000000,None,None,None,None,None,None,None,2.081,8.54,7.03,None,None,None,None,None,-150000000,None,0.121,None,392000000,2025-10-28,quarterly,0.54,USD,post-market,758000000,2241000000,0.0627,0.132,-0.092,28.58,646000000,None,None,1190000000,169.28,201.92,54.2857,4386000000,3012000000,869000000,966000000,1374000000,97000000,2951000000,3408000000,59.53,None,204.84,114.66
2025-12-28,EA,3.44,7288000000.0,59.53,None,0.757,24.06,30000000,None,1242000000,1242000000,-136000000,-120000000,-181000000,23000000,0,None,None,-589000000,3000000,314000000,None,1181000000,1181000000,163000000,None,None,199000000,None,None,95000000,32000000,0.76,0.0037,0,0,None,-0.514,0.19,359000000,454000000,0.35,2017-09-30,22.68,647000000,5742000000.0,1770000000,389000000,147000000,232000000,232000000,None,0,None,61000000,None,None,None,None,None,-22000000,None,None,None,0.109,52000000,1445000000,325000000,320000000,654000000,None,None,None,None,None,None,None,2.081,8.54,7.03,None,None,None,None,None,-153000000,None,0.121,None,392000000,2025-10-28,quarterly,0.54,USD,post-market,758000000,2241000000,0.0627,0.132,-0.092,28.58,646000000,None,None,1190000000,169.28,201.92,54.2857,4386000000,3012000000,869000000,966000000,1374000000,97000000,2951000000,3408000000,59.53,None,204.84,114.66
2025-12-28,EA,3.44,7288000000.0,59.53,None,0.757,24.06,33000000,None,1242000000,1242000000,-215000000,-288000000,-317000000,10000000,0,None,None,135000000,3000000,314000000,None,1181000000,1181000000,163000000,None,None,199000000,None,None,95000000,31000000,0.76,0.0037,0,0,None,-0.514,0.19,359000000,454000000,0.35,2017-06-30,22.68,647000000,5742000000.0,1770000000,389000000,147000000,232000000,232000000,None,0,None,61000000,None,None,None,None,None,644000000,None,None,None,0.109,176000000,1445000000,325000000,320000000,654000000,None,None,None,None,None,None,None,2.081,8.54,7.03,None,None,None,None,None,-150000000,None,0.121,None,392000000,2025-10-28,quarterly,0.54,USD,post-market,758000000,2241000000,0.0627,0.132,-0.092,28.58,646000000,None,None,1190000000,169.28,201.92,54.2857,4386000000,3012000000,869000000,966000000,1374000000,97000000,2951000000,3408000000,59.53,None,204.84,114.66
2025-12-28,EA,3.44,7288000000.0,59.53,None,0.757,24.06,29000000,None,1242000000,1242000000,-74000000,-261000000,82000000,10000000,2000000,None,None,231000000,3000000,314000000,None,1181000000,1181000000,163000000,None,None,199000000,None,None,95000000,32000000,0.76,0.0037,0,0,None,-0.514,0.19,359000000,454000000,0.35,2017-03-31,22.68,647000000,5742000000.0,1770000000,389000000,147000000,232000000,232000000,None,0,None,61000000,None,None,None,None,None,566000000,None,None,None,0.109,407000000,1445000000,325000000,320000000,654000000,None,None,None,None,None,None,None,2.081,8.54,7.03,None,None,None,None,None,-125000000,None,0.121,None,392000000,2025-10-28,quarterly,0.54,USD,post-market,758000000,2241000000,0.0627,0.132,-0.092,28.58,646000000,None,None,1190000000,169.28,201.92,54.2857,4386000000,3012000000,869000000,966000000,1374000000,97000000,2951000000,3408000000,59.53,None,204.84,114.66
2025-12-28,EA,3.44,7288000000.0,59.53,None,0.757,24.06,25000000,None,1242000000,1242000000,-109000000,-249000000,737000000,-20000000,15000000,None,None,126000000,3000000,314000000,None,1181000000,1181000000,163000000,None,None,199000000,None,None,95000000,49000000,0.76,0.0037,0,0,None,-0.514,0.19,359000000,454000000,0.35,2016-12-31,22.68,647000000,5742000000.0,1770000000,389000000,147000000,232000000,232000000,None,0,None,61000000,None,None,None,None,None,-1000000,None,None,None,0.109,1115000000,1445000000,325000000,320000000,654000000,None,None,None,None,None,None,None,2.081,8.54,7.03,None,None,None,None,None,-127000000,None,0.121,None,392000000,2025-10-28,quarterly,0.54,USD,post-market,758000000,2241000000,0.0627,0.132,-0.092,28.58,646000000,None,None,1190000000,169.28,201.92,54.2857,4386000000,3012000000,869000000,966000000,1374000000,97000000,2951000000,3408000000,59.53,None,204.84,114.66
2025-12-28,EA,3.44,7288000000.0,59.53,None,0.757,24.06,29000000,None,1242000000,1242000000,-232000000,-168000000,-296000000,-5000000,-24000000,None,None,-481000000,3000000,314000000,None,1181000000,1181000000,163000000,None,None,199000000,None,None,95000000,45000000,0.76,0.0037,0,0,None,-0.514,0.19,359000000,454000000,0.35,2016-09-30,22.68,647000000,5742000000.0,1770000000,389000000,147000000,232000000,232000000,None,0,None,61000000,None,None,None,None,None,-38000000,None,None,None,0.109,109000000,1445000000,325000000,320000000,654000000,None,None,None,None,None,None,None,2.081,8.54,7.03,None,None,None,None,None,-127000000,None,0.121,None,392000000,2025-10-28,quarterly,0.54,USD,post-market,758000000,2241000000,0.0627,0.132,-0.092,28.58,646000000,None,None,1190000000,169.28,201.92,54.2857,4386000000,3012000000,869000000,966000000,1374000000,97000000,2951000000,3408000000,59.53,None,204.84,114.66
2025-12-28,EA,3.44,7288000000.0,59.53,None,0.757,24.06,40000000,None,1242000000,1242000000,-119000000,-81000000,-451000000,-3000000,7000000,None,None,-12000000,3000000,314000000,None,1181000000,1181000000,163000000,None,None,199000000,None,None,95000000,46000000,0.76,0.0037,0,0,None,-0.514,0.19,359000000,454000000,0.35,2016-06-30,22.68,647000000,5742000000.0,1770000000,389000000,147000000,232000000,232000000,None,0,None,61000000,None,None,None,None,None,440000000,None,None,None,0.109,-248000000,1445000000,325000000,320000000,654000000,None,None,None,None,None,None,None,2.081,8.54,7.03,None,None,None,None,None,-129000000,None,0.121,None,392000000,2025-10-28,quarterly,0.54,USD,post-market,758000000,2241000000,0.0627,0.132,-0.092,28.58,646000000,None,None,1190000000,169.28,201.92,54.2857,4386000000,3012000000,869000000,966000000,1374000000,97000000,2951000000,3408000000,59.53,None,204.84,114.66
2025-12-28,EA,3.44,7288000000.0,59.53,None,0.757,24.06,30000000,None,1242000000,1242000000,212000000,-401000000,230000000,23000000,9000000,None,None,395000000,3000000,314000000,None,1181000000,1181000000,163000000,None,None,199000000,None,None,95000000,48000000,0.76,0.0037,989000000,989000000,None,-0.514,0.19,359000000,454000000,0.35,2016-03-31,22.68,647000000,5742000000.0,1770000000,389000000,147000000,232000000,232000000,None,0,None,61000000,None,None,None,None,None,899000000,None,None,None,0.109,396000000,1445000000,325000000,320000000,654000000,None,None,None,None,None,None,None,2.081,8.54,7.03,None,None,None,None,None,-634000000,None,0.121,None,392000000,2025-10-28,quarterly,0.54,USD,post-market,758000000,2241000000,0.0627,0.132,-0.092,28.58,646000000,None,None,1190000000,169.28,201.92,54.2857,4386000000,3012000000,869000000,966000000,1374000000,97000000,2951000000,3408000000,59.53,None,204.84,114.66
2025-12-28,EA,3.44,7288000000.0,59.53,None,0.757,24.06,21000000,None,1242000000,1242000000,-211000000,-3000000,665000000,-10000000,20000000,None,None,111000000,3000000,314000000,None,1181000000,1181000000,163000000,None,None,199000000,None,None,95000000,50000000,0.76,0.0037,0,0,None,-0.514,0.19,359000000,454000000,0.35,2015-12-31,22.68,647000000,5742000000.0,1770000000,389000000,147000000,232000000,232000000,None,0,None,61000000,None,None,None,None,None,-45000000,None,None,None,0.109,889000000,1445000000,325000000,320000000,654000000,None,None,None,None,None,None,None,2.081,8.54,7.03,None,None,None,None,None,-126000000,None,0.121,None,392000000,2025-10-28,quarterly,0.54,USD,post-market,758000000,2241000000,0.0627,0.132,-0.092,28.58,646000000,None,None,1190000000,169.28,201.92,54.2857,4386000000,3012000000,869000000,966000000,1374000000,97000000,2951000000,3408000000,59.53,None,204.84,114.66
2025-12-28,EA,3.44,7288000000.0,59.53,None,0.757,24.06,18000000,None,1242000000,1242000000,-260000000,60000000,-212000000,-21000000,-29000000,None,None,-598000000,3000000,314000000,None,1181000000,1181000000,163000000,None,None,199000000,None,None,95000000,50000000,0.76,0.0037,0,0,None,-0.514,0.19,359000000,454000000,0.35,2015-09-30,22.68,647000000,5742000000.0,1770000000,389000000,147000000,232000000,232000000,None,0,None,61000000,None,None,None,None,None,-140000000,None,None,None,0.109,9000000,1445000000,325000000,320000000,654000000,None,None,None,None,None,None,None,2.081,8.54,7.03,None,None,None,None,None,-126000000,None,0.121,None,392000000,2025-10-28,quarterly,0.54,USD,post-market,758000000,2241000000,0.0627,0.132,-0.092,28.58,646000000,None,None,1190000000,169.28,201.92,54.2857,4386000000,3012000000,869000000,966000000,1374000000,97000000,2951000000,3408000000,59.53,None,204.84,114.66
2025-12-28,EA,3.44,7288000000.0,59.53,None,0.757,24.06,24000000,None,1242000000,1242000000,-47000000,-140000000,-258000000,None,3000000,None,None,219000000,3000000,314000000,None,1181000000,1181000000,163000000,None,None,199000000,None,None,95000000,49000000,0.76,0.0037,0,0,None,-0.514,0.19,359000000,454000000,0.35,2015-06-30,22.68,647000000,5742000000.0,1770000000,389000000,147000000,232000000,232000000,None,0,None,61000000,None,None,None,None,None,442000000,None,None,None,0.109,-71000000,1445000000,325000000,320000000,654000000,None,None,None,None,None,None,None,2.081,8.54,7.03,None,None,None,None,None,-132000000,None,0.121,None,392000000,2025-10-28,quarterly,0.54,USD,post-market,758000000,2241000000,0.0627,0.132,-0.092,28.58,646000000,None,None,1190000000,169.28,201.92,54.2857,4386000000,3012000000,869000000,966000000,1374000000,97000000,2951000000,3408000000,59.53,None,204.84,114.66
2025-12-28,EA,3.44,7288000000.0,59.53,None,0.757,24.06,32000000,None,1242000000,1242000000,-60000000,-210000000,-98000000,-26000000,3000000,None,None,122000000,3000000,314000000,None,1181000000,1181000000,163000000,None,None,199000000,None,None,95000000,55000000,0.76,0.0037,0,0,None,-0.514,0.19,359000000,454000000,0.35,2015-03-31,22.68,647000000,5742000000.0,1770000000,389000000,147000000,232000000,232000000,None,0,None,61000000,None,None,None,None,None,395000000,None,None,None,0.109,198000000,1445000000,325000000,320000000,654000000,None,None,None,None,None,None,None,2.081,8.54,7.03,None,None,None,None,None,-95000000,None,0.121,None,392000000,2025-10-28,quarterly,0.54,USD,post-market,758000000,2241000000,0.0627,0.132,-0.092,28.58,646000000,None,None,1190000000,169.28,201.92,54.2857,4386000000,3012000000,869000000,966000000,1374000000,97000000,2951000000,3408000000,59.53,None,204.84,114.66
2025-12-28,EA,3.44,7288000000.0,59.53,None,0.757,24.06,15000000,None,1242000000,1242000000,-90000000,-27000000,542000000,-23000000,27000000,None,None,332000000,3000000,314000000,None,1181000000,1181000000,163000000,None,None,199000000,None,None,95000000,53000000,0.76,0.0037,0,0,None,-0.514,0.19,359000000,454000000,0.35,2014-12-31,22.68,647000000,5742000000.0,1770000000,389000000,147000000,232000000,232000000,None,0,None,61000000,None,None,None,None,None,142000000,None,None,None,0.109,682000000,1445000000,325000000,320000000,654000000,None,None,None,None,None,None,None,2.081,8.54,7.03,None,None,None,None,None,-97000000,None,0.121,None,392000000,2025-10-28,quarterly,0.54,USD,post-market,758000000,2241000000,0.0627,0.132,-0.092,28.58,646000000,None,None,1190000000,169.28,201.92,54.2857,4386000000,3012000000,869000000,966000000,1374000000,97000000,2951000000,3408000000,59.53,None,204.84,114.66
2025-12-28,EA,3.44,7288000000.0,59.53,None,0.757,24.06,21000000,None,1242000000,1242000000,-72000000,-26000000,70000000,-15000000,-30000000,None,None,-618000000,3000000,314000000,None,1181000000,1181000000,163000000,None,None,199000000,None,None,95000000,56000000,0.76,0.0037,0,0,None,-0.514,0.19,359000000,454000000,0.35,2014-09-30,22.68,647000000,5742000000.0,1770000000,389000000,147000000,232000000,232000000,None,0,None,61000000,None,None,None,None,None,3000000,None,None,None,0.109,183000000,1445000000,325000000,320000000,654000000,None,None,None,None,None,None,None,2.081,8.54,7.03,None,None,None,None,None,-95000000,None,0.121,None,392000000,2025-10-28,quarterly,0.54,USD,post-market,758000000,2241000000,0.0627,0.132,-0.092,28.58,646000000,None,None,1190000000,169.28,201.92,54.2857,4386000000,3012000000,869000000,966000000,1374000000,97000000,2951000000,3408000000,59.53,None,204.84,114.66
2025-12-28,EA,3.44,7288000000.0,59.53,None,0.757,24.06,27000000,None,1242000000,1242000000,-33000000,-207000000,-228000000,8000000,19000000,None,None,110000000,3000000,314000000,None,1181000000,1181000000,163000000,None,None,199000000,None,None,95000000,56000000,0.76,0.0037,0,0,None,-0.514,0.19,359000000,454000000,0.35,2014-06-30,22.68,647000000,5742000000.0,1770000000,389000000,147000000,232000000,232000000,None,0,None,61000000,None,None,None,None,None,335000000,None,None,None,0.109,4000000,1445000000,325000000,320000000,654000000,None,None,None,None,None,None,None,2.081,8.54,7.03,None,None,None,None,None,-50000000,None,0.121,None,392000000,2025-10-28,quarterly,0.54,USD,post-market,758000000,2241000000,0.0627,0.132,-0.092,28.58,646000000,None,None,1190000000,169.28,201.92,54.2857,4386000000,3012000000,869000000,966000000,1374000000,97000000,2951000000,3408000000,59.53,None,204.84,114.66
2025-12-28,EA,3.44,7288000000.0,59.53,None,0.757,24.06,16000000,None,1242000000,1242000000,39000000,-276000000,36000000,-8000000,-1000000,None,None,198000000,3000000,314000000,None,1181000000,1181000000,163000000,None,None,199000000,None,None,95000000,57000000,0.76,0.0037,0,0,None,-0.514,0.19,359000000,454000000,0.35,2014-03-31,22.68,647000000,5742000000.0,1770000000,389000000,147000000,232000000,232000000,None,0,None,61000000,None,None,None,None,None,367000000,None,None,None,0.109,281000000,1445000000,325000000,320000000,654000000,None,None,None,None,None,None,None,2.081,8.54,7.03,None,None,None,None,None,26000000,None,0.121,None,392000000,2025-10-28,quarterly,0.54,USD,post-market,758000000,2241000000,0.0627,0.132,-0.092,28.58,646000000,None,None,1190000000,169.28,201.92,54.2857,4386000000,3012000000,869000000,966000000,1374000000,97000000,2951000000,3408000000,59.53,None,204.84,114.66
2025-12-28,EA,3.44,7288000000.0,59.53,None,0.757,24.06,28000000,None,1242000000,1242000000,1000000,-26000000,656000000,-4000000,3000000,None,None,68000000,3000000,314000000,None,1181000000,1181000000,163000000,None,None,199000000,None,None,95000000,58000000,0.76,0.0037,0,0,None,-0.514,0.19,359000000,454000000,0.35,2013-12-31,22.68,647000000,5742000000.0,1770000000,389000000,147000000,232000000,232000000,None,0,None,61000000,None,None,None,None,None,-308000000,None,None,None,0.109,685000000,1445000000,325000000,320000000,654000000,None,None,None,None,None,None,None,2.081,8.54,7.03,None,None,None,None,None,1000000,None,0.121,None,392000000,2025-10-28,quarterly,0.54,USD,post-market,758000000,2241000000,0.0627,0.132,-0.092,28.58,646000000,None,None,1190000000,169.28,201.92,54.2857,4386000000,3012000000,869000000,966000000,1374000000,97000000,2951000000,3408000000,59.53,None,204.84,114.66
2025-12-28,EA,3.44,7288000000.0,59.53,None,0.757,24.06,24000000,None,1242000000,1242000000,28000000,3000000,34000000,9000000,-16000000,None,None,-470000000,3000000,314000000,None,1181000000,1181000000,163000000,None,None,199000000,None,None,95000000,56000000,0.76,0.0037,0,0,None,-0.514,0.19,359000000,454000000,0.35,2013-09-30,22.68,647000000,5742000000.0,1770000000,389000000,147000000,232000000,232000000,None,0,None,61000000,None,None,None,None,None,-273000000,None,None,None,0.109,-6000000,1445000000,325000000,320000000,654000000,None,None,None,None,None,None,None,2.081,8.54,7.03,None,None,None,None,None,28000000,None,0.121,None,392000000,2025-10-28,quarterly,0.54,USD,post-market,758000000,2241000000,0.0627,0.132,-0.092,28.58,646000000,None,None,1190000000,169.28,201.92,54.2857,4386000000,3012000000,869000000,966000000,1374000000,97000000,2951000000,3408000000,59.53,None,204.84,114.66
2025-12-28,EA,3.44,7288000000.0,59.53,None,0.757,24.06,29000000,None,1242000000,1242000000,21000000,-2000000,-236000000,-7000000,1000000,None,None,192000000,3000000,314000000,None,1181000000,1181000000,163000000,None,None,199000000,None,None,95000000,56000000,0.76,0.0037,0,0,None,-0.514,0.19,359000000,454000000,0.35,2013-06-30,22.68,647000000,5742000000.0,1770000000,389000000,147000000,232000000,232000000,None,0,None,61000000,None,None,None,None,None,222000000,None,None,None,0.109,-248000000,1445000000,325000000,320000000,654000000,None,None,None,None,None,None,None,2.081,8.54,7.03,None,None,None,None,None,22000000,None,0.121,None,392000000,2025-10-28,quarterly,0.54,USD,post-market,758000000,2241000000,0.0627,0.132,-0.092,28.58,646000000,None,None,1190000000,169.28,201.92,54.2857,4386000000,3012000000,869000000,966000000,1374000000,97000000,2951000000,3408000000,59.53,None,204.84,114.66
2025-12-28,EA,3.44,7288000000.0,59.53,None,0.757,24.06,25000000,None,1242000000,1242000000,2000000,-87000000,134000000,-14000000,16000000,None,None,74000000,3000000,314000000,None,1181000000,1181000000,163000000,None,None,199000000,None,None,95000000,86000000,0.76,0.0037,0,0,None,-0.514,0.19,359000000,454000000,0.35,2013-03-31,22.68,647000000,5742000000.0,1770000000,389000000,147000000,232000000,232000000,None,0,None,61000000,None,None,None,None,None,323000000,None,None,None,0.109,233000000,1445000000,325000000,320000000,654000000,None,None,None,None,None,None,None,2.081,8.54,7.03,None,None,None,None,None,-13000000,None,0.121,None,392000000,2025-10-28,quarterly,0.54,USD,post-market,758000000,2241000000,0.0627,0.132,-0.092,28.58,646000000,None,None,1190000000,169.28,201.92,54.2857,4386000000,3012000000,869000000,966000000,1374000000,97000000,2951000000,3408000000,59.53,None,204.84,114.66
2025-12-28,EA,3.44,7288000000.0,59.53,None,0.757,24.06,25000000,None,1242000000,1242000000,-158000000,77000000,287000000,5000000,13000000,None,None,256000000,3000000,314000000,None,1181000000,1181000000,163000000,None,None,199000000,None,None,95000000,66000000,0.76,0.0037,0,0,None,-0.514,0.19,359000000,454000000,0.35,2012-12-31,22.68,647000000,5742000000.0,1770000000,389000000,147000000,232000000,232000000,None,0,None,61000000,None,None,None,None,None,-45000000,None,None,None,0.109,363000000,1445000000,325000000,320000000,654000000,None,None,None,None,None,None,None,2.081,8.54,7.03,None,None,None,None,None,-157000000,None,0.121,None,392000000,2025-10-28,quarterly,0.54,USD,post-market,758000000,2241000000,0.0627,0.132,-0.092,28.58,646000000,None,None,1190000000,169.28,201.92,54.2857,4386000000,3012000000,869000000,966000000,1374000000,97000000,2951000000,3408000000,59.53,None,204.84,114.66
2025-12-28,EA,3.44,7288000000.0,59.53,None,0.757,24.06,25000000,None,1242000000,1242000000,-117000000,82000000,-48000000,15000000,-11000000,None,None,-528000000,3000000,314000000,None,1181000000,1181000000,163000000,None,None,199000000,None,None,95000000,56000000,0.76,0.0037,0,0,None,-0.514,0.19,359000000,454000000,0.35,2012-09-30,22.68,647000000,5742000000.0,1770000000,389000000,147000000,232000000,232000000,None,0,None,61000000,None,None,None,None,None,-381000000,None,None,None,0.109,-28000000,1445000000,325000000,320000000,654000000,None,None,None,None,None,None,None,2.081,8.54,7.03,None,None,None,None,None,-108000000,None,0.121,None,392000000,2025-10-28,quarterly,0.54,USD,post-market,758000000,2241000000,0.0627,0.132,-0.092,28.58,646000000,None,None,1190000000,169.28,201.92,54.2857,4386000000,3012000000,869000000,966000000,1374000000,97000000,2951000000,3408000000,59.53,None,204.84,114.66
2025-12-28,EA,3.44,7288000000.0,59.53,None,0.757,24.06,31000000,None,1242000000,1242000000,-72000000,-40000000,-374000000,-18000000,-2000000,None,None,254000000,3000000,314000000,None,1181000000,1181000000,163000000,None,None,199000000,None,None,95000000,56000000,0.76,0.0037,0,0,None,-0.514,0.19,359000000,454000000,0.35,2012-06-30,22.68,647000000,5742000000.0,1770000000,389000000,147000000,232000000,232000000,None,0,None,61000000,None,None,None,None,None,201000000,None,None,None,0.109,-244000000,1445000000,325000000,320000000,654000000,None,None,None,None,None,None,None,2.081,8.54,7.03,None,None,None,None,None,-71000000,None,0.121,None,392000000,2025-10-28,quarterly,0.54,USD,post-market,758000000,2241000000,0.0627,0.132,-0.092,28.58,646000000,None,None,1190000000,169.28,201.92,54.2857,4386000000,3012000000,869000000,966000000,1374000000,97000000,2951000000,3408000000,59.53,None,204.84,114.66
2025-12-28,EA,3.44,7288000000.0,59.53,None,0.757,24.06,44000000,None,1242000000,1242000000,-248000000,-31000000,51000000,12000000,10000000,None,None,162000000,3000000,314000000,None,1181000000,1181000000,163000000,None,None,199000000,None,None,95000000,68000000,0.76,0.0037,0,0,None,-0.514,0.19,359000000,454000000,0.35,2012-03-31,22.68,647000000,5742000000.0,1770000000,389000000,147000000,232000000,232000000,None,0,None,61000000,None,None,None,None,None,400000000,None,None,None,0.109,287000000,1445000000,325000000,320000000,654000000,None,None,None,None,None,None,None,2.081,8.54,7.03,None,None,None,None,None,-241000000,None,0.121,None,392000000,2025-10-28,quarterly,0.54,USD,post-market,758000000,2241000000,0.0627,0.132,-0.092,28.58,646000000,None,None,1190000000,169.28,201.92,54.2857,4386000000,3012000000,869000000,966000000,1374000000,97000000,2951000000,3408000000,59.53,None,204.84,114.66
2025-12-28,EA,3.44,7288000000.0,59.53,None,0.757,24.06,44000000,None,1242000000,1242000000,-36000000,-114000000,312000000,-13000000,22000000,None,None,39000000,3000000,314000000,None,1181000000,1181000000,163000000,None,None,199000000,None,None,95000000,54000000,0.76,0.0037,0,0,None,-0.514,0.19,359000000,454000000,0.35,2011-12-31,22.68,647000000,5742000000.0,1770000000,389000000,147000000,232000000,232000000,None,0,None,61000000,None,None,None,None,None,-205000000,None,None,None,0.109,475000000,1445000000,325000000,320000000,654000000,None,None,None,None,None,None,None,2.081,8.54,7.03,None,None,None,None,None,-41000000,None,0.121,None,392000000,2025-10-28,quarterly,0.54,USD,post-market,758000000,2241000000,0.0627,0.132,-0.092,28.58,646000000,None,None,1190000000,169.28,201.92,54.2857,4386000000,3012000000,869000000,966000000,1374000000,97000000,2951000000,3408000000,59.53,None,204.84,114.66
2025-12-28,EA,3.44,7288000000.0,59.53,None,0.757,24.06,52000000,None,1242000000,1242000000,499000000,-511000000,-243000000,-20000000,-15000000,None,None,-522000000,3000000,314000000,None,1181000000,1181000000,163000000,None,None,199000000,None,None,95000000,51000000,0.76,0.0037,0,0,None,-0.514,0.19,359000000,454000000,0.35,2011-09-30,22.68,647000000,5742000000.0,1770000000,389000000,147000000,232000000,232000000,None,0,None,61000000,None,None,None,None,None,-340000000,None,None,None,0.109,-211000000,1445000000,325000000,320000000,654000000,None,None,None,None,None,None,None,2.081,8.54,7.03,None,None,None,None,None,-98000000,None,0.121,None,392000000,2025-10-28,quarterly,0.54,USD,post-market,758000000,2241000000,0.0627,0.132,-0.092,28.58,646000000,None,None,1190000000,169.28,201.92,54.2857,4386000000,3012000000,869000000,966000000,1374000000,97000000,2951000000,3408000000,59.53,None,204.84,114.66
2025-12-28,EA,3.44,7288000000.0,59.53,None,0.757,24.06,32000000,None,1242000000,1242000000,-75000000,-64000000,-406000000,7000000,4000000,None,None,307000000,3000000,314000000,None,1181000000,1181000000,163000000,None,None,199000000,None,None,95000000,43000000,0.76,0.0037,0,0,None,-0.514,0.19,359000000,454000000,0.35,2011-06-30,22.68,647000000,5742000000.0,1770000000,389000000,147000000,232000000,232000000,None,0,None,61000000,None,None,None,None,None,221000000,None,None,None,0.109,-274000000,1445000000,325000000,320000000,654000000,None,None,None,None,None,None,None,2.081,8.54,7.03,None,None,None,None,None,-91000000,None,0.121,None,392000000,2025-10-28,quarterly,0.54,USD,post-market,758000000,2241000000,0.0627,0.132,-0.092,28.58,646000000,None,None,1190000000,169.28,201.92,54.2857,4386000000,3012000000,869000000,966000000,1374000000,97000000,2951000000,3408000000,59.53,None,204.84,114.66
2025-12-28,EA,3.44,7288000000.0,59.53,None,0.757,24.06,21000000,None,1242000000,1242000000,-40000000,-8000000,226000000,21000000,29000000,None,None,58000000,3000000,314000000,None,1181000000,1181000000,163000000,None,None,199000000,None,None,95000000,42000000,0.76,0.0037,0,0,None,-0.514,0.19,359000000,454000000,0.35,2011-03-31,22.68,647000000,5742000000.0,1770000000,389000000,147000000,232000000,232000000,None,0,None,61000000,None,None,None,None,None,151000000,None,None,None,0.109,253000000,1445000000,325000000,320000000,654000000,None,None,None,None,None,None,None,2.081,8.54,7.03,None,None,None,None,None,-58000000,None,0.121,None,392000000,2025-10-28,quarterly,0.54,USD,post-market,758000000,2241000000,0.0627,0.132,-0.092,28.58,646000000,None,None,1190000000,169.28,201.92,54.2857,4386000000,3012000000,869000000,966000000,1374000000,97000000,2951000000,3408000000,59.53,None,204.84,114.66
2025-12-28,EA,3.44,7288000000.0,59.53,None,0.757,24.06,15000000,None,1242000000,1242000000,17000000,-51000000,297000000,-1000000,51000000,None,None,57000000,3000000,314000000,None,1181000000,1181000000,163000000,None,None,199000000,None,None,95000000,44000000,0.76,0.0037,0,0,None,-0.514,0.19,359000000,454000000,0.35,2010-12-31,22.68,647000000,5742000000.0,1770000000,389000000,147000000,232000000,232000000,None,0,None,61000000,None,None,None,None,None,-322000000,None,None,None,0.109,349000000,1445000000,325000000,320000000,654000000,None,None,None,None,None,None,None,2.081,8.54,7.03,None,None,None,None,None,0,None,0.121,None,392000000,2025-10-28,quarterly,0.54,USD,post-market,758000000,2241000000,0.0627,0.132,-0.092,28.58,646000000,None,None,1190000000,169.28,201.92,54.2857,4386000000,3012000000,869000000,966000000,1374000000,97000000,2951000000,3408000000,59.53,None,204.84,114.66
2025-12-28,EA,3.44,7288000000.0,59.53,None,0.757,24.06,12000000,None,1242000000,1242000000,16000000,97000000,-1000000,20000000,-71000000,None,None,-334000000,3000000,314000000,None,1181000000,1181000000,163000000,None,None,199000000,None,None,95000000,46000000,0.76,0.0037,0,0,None,-0.514,0.19,359000000,454000000,0.35,2010-09-30,22.68,647000000,5742000000.0,1770000000,389000000,147000000,232000000,232000000,None,0,None,61000000,None,None,None,None,None,-201000000,None,None,None,0.109,-134000000,1445000000,325000000,320000000,654000000,None,None,None,None,None,None,None,2.081,8.54,7.03,None,None,None,None,None,16000000,None,0.121,None,392000000,2025-10-28,quarterly,0.54,USD,post-market,758000000,2241000000,0.0627,0.132,-0.092,28.58,646000000,None,None,1190000000,169.28,201.92,54.2857,4386000000,3012000000,869000000,966000000,1374000000,97000000,2951000000,3408000000,59.53,None,204.84,114.66
2025-12-28,EA,3.44,7288000000.0,59.53,None,0.757,24.06,11000000,None,1242000000,1242000000,1000000,-53000000,-216000000,-16000000,16000000,None,None,97000000,3000000,314000000,None,1181000000,1181000000,163000000,None,None,199000000,None,None,95000000,48000000,0.76,0.0037,0,0,None,-0.514,0.19,359000000,454000000,0.35,2010-06-30,22.68,647000000,5742000000.0,1770000000,389000000,147000000,232000000,232000000,None,0,None,61000000,None,None,None,None,None,96000000,None,None,None,0.109,-148000000,1445000000,325000000,320000000,654000000,None,None,None,None,None,None,None,2.081,8.54,7.03,None,None,None,None,None,1000000,None,0.121,None,392000000,2025-10-28,quarterly,0.54,USD,post-market,758000000,2241000000,0.0627,0.132,-0.092,28.58,646000000,None,None,1190000000,169.28,201.92,54.2857,4386000000,3012000000,869000000,966000000,1374000000,97000000,2951000000,3408000000,59.53,None,204.84,114.66
2025-12-28,EA,3.44,7288000000.0,59.53,None,0.757,24.06,22000000,None,1242000000,1242000000,15000000,-101000000,159000000,-8000000,46000000,None,None,290000000,3000000,314000000,None,1181000000,1181000000,163000000,None,None,199000000,None,None,95000000,934000000,0.76,0.0037,0,0,None,-0.514,0.19,359000000,454000000,0.35,2010-03-31,22.68,647000000,5742000000.0,1770000000,389000000,147000000,232000000,232000000,None,0,None,61000000,None,None,None,None,None,30000000,None,None,None,0.109,253000000,1445000000,325000000,320000000,654000000,None,None,None,None,None,None,None,2.081,8.54,7.03,None,None,None,None,None,14000000,None,0.121,None,392000000,2025-10-28,quarterly,0.54,USD,post-market,758000000,2241000000,0.0627,0.132,-0.092,28.58,646000000,None,None,1190000000,169.28,201.92,54.2857,4386000000,3012000000,869000000,966000000,1374000000,97000000,2951000000,3408000000,59.53,None,204.84,114.66
2025-12-28,EA,3.44,7288000000.0,59.53,None,0.757,24.06,16000000,None,1242000000,1242000000,13000000,-155000000,72000000,-7000000,107000000,None,None,162000000,3000000,314000000,None,1181000000,1181000000,163000000,None,None,199000000,None,None,95000000,48000000,0.76,0.0037,0,0,None,-0.514,0.19,359000000,454000000,0.35,2009-12-31,22.68,647000000,5742000000.0,1770000000,389000000,147000000,232000000,232000000,None,0,None,61000000,None,None,None,None,None,-82000000,None,None,None,0.109,221000000,1445000000,325000000,320000000,654000000,None,None,None,None,None,None,None,2.081,8.54,7.03,None,None,None,None,None,0,None,0.121,None,392000000,2025-10-28,quarterly,0.54,USD,post-market,758000000,2241000000,0.0627,0.132,-0.092,28.58,646000000,None,None,1190000000,169.28,201.92,54.2857,4386000000,3012000000,869000000,966000000,1374000000,97000000,2951000000,3408000000,59.53,None,204.84,114.66
2025-12-28,EA,3.44,7288000000.0,59.53,None,0.757,24.06,259000000,None,1242000000,1242000000,22000000,-204000000,-163000000,13000000,-34000000,None,None,-266000000,3000000,314000000,None,1181000000,1181000000,163000000,None,None,199000000,None,None,95000000,46000000,0.76,0.0037,0,0,None,-0.514,0.19,359000000,454000000,0.35,2009-09-30,22.68,647000000,5742000000.0,1770000000,389000000,147000000,232000000,232000000,None,0,None,61000000,None,None,None,None,None,-391000000,None,None,None,0.109,6000000,1445000000,325000000,320000000,654000000,None,None,None,None,None,None,None,2.081,8.54,7.03,None,None,None,None,None,22000000,None,0.121,None,392000000,2025-10-28,quarterly,0.54,USD,post-market,758000000,2241000000,0.0627,0.132,-0.092,28.58,646000000,None,None,1190000000,169.28,201.92,54.2857,4386000000,3012000000,869000000,966000000,1374000000,97000000,2951000000,3408000000,59.53,None,204.84,114.66
2025-12-28,EA,3.44,7288000000.0,59.53,None,0.757,24.06,8000000,None,1242000000,1242000000,3000000,-112000000,-416000000,21000000,4000000,None,None,-252000000,3000000,314000000,None,1181000000,1181000000,163000000,None,None,199000000,None,None,95000000,48000000,0.76,0.0037,0,0,None,-0.514,0.19,359000000,454000000,0.35,2009-06-30,22.68,647000000,5742000000.0,1770000000,389000000,147000000,232000000,232000000,None,0,None,61000000,None,None,None,None,None,-234000000,None,None,None,0.109,-328000000,1445000000,325000000,320000000,654000000,None,None,None,None,None,None,None,2.081,8.54,7.03,None,None,None,None,None,3000000,None,0.121,None,392000000,2025-10-28,quarterly,0.54,USD,post-market,758000000,2241000000,0.0627,0.132,-0.092,28.58,646000000,None,None,1190000000,169.28,201.92,54.2857,4386000000,3012000000,869000000,966000000,1374000000,97000000,2951000000,3408000000,59.53,None,204.84,114.66
2025-12-28,EA,3.44,7288000000.0,59.53,None,0.757,24.06,25000000,None,1242000000,1242000000,14000000,20000000,None,None,79000000,None,None,None,3000000,314000000,None,1181000000,1181000000,163000000,None,None,199000000,None,None,95000000,-152000000,0.76,0.0037,None,None,None,-0.514,0.19,359000000,454000000,0.35,2009-03-31,22.68,647000000,5742000000.0,1770000000,389000000,147000000,232000000,232000000,None,0,None,61000000,None,None,None,None,None,-42000000,None,None,None,0.109,215000000,1445000000,325000000,320000000,654000000,None,None,None,None,None,None,None,2.081,8.54,7.03,None,None,None,None,None,None,None,0.121,None,392000000,2025-10-28,quarterly,0.54,USD,post-market,758000000,2241000000,0.0627,0.132,-0.092,28.58,646000000,None,None,1190000000,169.28,201.92,54.2857,4386000000,3012000000,869000000,966000000,1374000000,97000000,2951000000,3408000000,59.53,None,204.84,114.66
2025-12-28,EA,3.44,7288000000.0,59.53,None,0.757,24.06,27000000,None,1242000000,1242000000,-8000000,-89000000,None,None,35000000,None,None,None,3000000,314000000,None,1181000000,1181000000,163000000,None,None,199000000,None,None,95000000,48000000,0.76,0.0037,None,None,None,-0.514,0.19,359000000,454000000,0.35,2008-12-31,22.68,647000000,5742000000.0,1770000000,389000000,147000000,232000000,232000000,None,0,None,61000000,None,None,None,None,None,-641000000,None,None,None,0.109,212000000,1445000000,325000000,320000000,654000000,None,None,None,None,None,None,None,2.081,8.54,7.03,None,None,None,None,None,None,None,0.121,None,392000000,2025-10-28,quarterly,0.54,USD,post-market,758000000,2241000000,0.0627,0.132,-0.092,28.58,646000000,None,None,1190000000,169.28,201.92,54.2857,4386000000,3012000000,869000000,966000000,1374000000,97000000,2951000000,3408000000,59.53,None,204.84,114.66
2025-12-28,EA,3.44,7288000000.0,59.53,None,0.757,24.06,32000000,None,1242000000,1242000000,51000000,188000000,None,None,-107000000,None,None,None,3000000,314000000,None,1181000000,1181000000,163000000,None,None,199000000,None,None,95000000,54000000,0.76,0.0037,None,None,None,-0.514,0.19,359000000,454000000,0.35,2008-09-30,22.68,647000000,5742000000.0,1770000000,389000000,147000000,232000000,232000000,None,0,None,61000000,None,None,None,None,None,-310000000,None,None,None,0.109,-124000000,1445000000,325000000,320000000,654000000,None,None,None,None,None,None,None,2.081,8.54,7.03,None,None,None,None,None,None,None,0.121,None,392000000,2025-10-28,quarterly,0.54,USD,post-market,758000000,2241000000,0.0627,0.132,-0.092,28.58,646000000,None,None,1190000000,169.28,201.92,54.2857,4386000000,3012000000,869000000,966000000,1374000000,97000000,2951000000,3408000000,59.53,None,204.84,114.66
2025-12-28,EA,3.44,7288000000.0,59.53,None,0.757,24.06,31000000,None,1242000000,1242000000,34000000,-96000000,None,None,-56000000,None,None,None,3000000,314000000,None,1181000000,1181000000,163000000,None,None,199000000,None,None,95000000,50000000,0.76,0.0037,None,None,None,-0.514,0.19,359000000,454000000,0.35,2008-06-30,22.68,647000000,5742000000.0,1770000000,389000000,147000000,232000000,232000000,None,0,None,61000000,None,None,None,None,None,-95000000,None,None,None,0.109,-291000000,1445000000,325000000,320000000,654000000,None,None,None,None,None,None,None,2.081,8.54,7.03,None,None,None,None,None,None,None,0.121,None,392000000,2025-10-28,quarterly,0.54,USD,post-market,758000000,2241000000,0.0627,0.132,-0.092,28.58,646000000,None,None,1190000000,169.28,201.92,54.2857,4386000000,3012000000,869000000,966000000,1374000000,97000000,2951000000,3408000000,59.53,None,204.84,114.66
2025-12-28,EA,3.44,7288000000.0,59.53,None,0.757,24.06,22000000,None,1242000000,1242000000,38000000,-650000000,None,None,8000000,None,None,None,3000000,314000000,None,1181000000,1181000000,163000000,None,None,199000000,None,None,95000000,49000000,0.76,0.0037,None,None,None,-0.514,0.19,359000000,454000000,0.35,2008-03-31,22.68,647000000,5742000000.0,1770000000,389000000,147000000,232000000,232000000,None,0,None,61000000,None,None,None,None,None,-93000000,None,None,None,0.109,285000000,1445000000,325000000,320000000,654000000,None,None,None,None,None,None,None,2.081,8.54,7.03,None,None,None,None,None,None,None,0.121,None,392000000,2025-10-28,quarterly,0.54,USD,post-market,758000000,2241000000,0.0627,0.132,-0.092,28.58,646000000,None,None,1190000000,169.28,201.92,54.2857,4386000000,3012000000,869000000,966000000,1374000000,97000000,2951000000,3408000000,59.53,None,204.84,114.66
2025-12-28,EA,3.44,7288000000.0,59.53,None,0.757,24.06,25000000,None,1242000000,1242000000,88000000,353000000,None,None,-69000000,None,None,None,3000000,314000000,None,1181000000,1181000000,163000000,None,None,199000000,None,None,95000000,42000000,0.76,0.0037,None,None,None,-0.514,0.19,359000000,454000000,0.35,2007-12-31,22.68,647000000,5742000000.0,1770000000,389000000,147000000,232000000,232000000,None,0,None,61000000,None,None,None,None,None,-33000000,None,None,None,0.109,349000000,1445000000,325000000,320000000,654000000,None,None,None,None,None,None,None,2.081,8.54,7.03,None,None,None,None,None,None,None,0.121,None,392000000,2025-10-28,quarterly,0.54,USD,post-market,758000000,2241000000,0.0627,0.132,-0.092,28.58,646000000,None,None,1190000000,169.28,201.92,54.2857,4386000000,3012000000,869000000,966000000,1374000000,97000000,2951000000,3408000000,59.53,None,204.84,114.66
2025-12-28,EA,3.44,7288000000.0,59.53,None,0.757,24.06,23000000,None,1242000000,1242000000,91000000,415000000,None,None,-29000000,None,None,None,3000000,314000000,None,1181000000,1181000000,163000000,None,None,199000000,None,None,95000000,37000000,0.76,0.0037,None,None,None,-0.514,0.19,359000000,454000000,0.35,2007-09-30,22.68,647000000,5742000000.0,1770000000,389000000,147000000,232000000,232000000,None,0,None,61000000,None,None,None,None,None,-196000000,None,None,None,0.109,-104000000,1445000000,325000000,320000000,654000000,None,None,None,None,None,None,None,2.081,8.54,7.03,None,None,None,None,None,None,None,0.121,None,392000000,2025-10-28,quarterly,0.54,USD,post-market,758000000,2241000000,0.0627,0.132,-0.092,28.58,646000000,None,None,1190000000,169.28,201.92,54.2857,4386000000,3012000000,869000000,966000000,1374000000,97000000,2951000000,3408000000,59.53,None,204.84,114.66
2025-12-28,EA,3.44,7288000000.0,59.53,None,0.757,24.06,14000000,None,1242000000,1242000000,26000000,-547000000,None,None,-10000000,None,None,None,3000000,314000000,None,1181000000,1181000000,163000000,None,None,199000000,None,None,95000000,36000000,0.76,0.0037,None,None,None,-0.514,0.19,359000000,454000000,0.35,2007-06-30,22.68,647000000,5742000000.0,1770000000,389000000,147000000,232000000,232000000,None,0,None,61000000,None,None,None,None,None,-132000000,None,None,None,0.109,-192000000,1445000000,325000000,320000000,654000000,None,None,None,None,None,None,None,2.081,8.54,7.03,None,None,None,None,None,None,None,0.121,None,392000000,2025-10-28,quarterly,0.54,USD,post-market,758000000,2241000000,0.0627,0.132,-0.092,28.58,646000000,None,None,1190000000,169.28,201.92,54.2857,4386000000,3012000000,869000000,966000000,1374000000,97000000,2951000000,3408000000,59.53,None,204.84,114.66
2025-12-28,EA,3.44,7288000000.0,59.53,None,0.757,24.06,60000000,None,1242000000,1242000000,44000000,-99000000,None,None,19000000,None,None,None,3000000,314000000,None,1181000000,1181000000,163000000,None,None,199000000,None,None,95000000,37000000,0.76,0.0037,None,None,None,-0.514,0.19,359000000,454000000,0.35,2007-03-31,22.68,647000000,5742000000.0,1770000000,389000000,147000000,232000000,232000000,None,0,None,61000000,None,None,None,None,None,-25000000,None,None,None,0.109,214000000,1445000000,325000000,320000000,654000000,None,None,None,None,None,None,None,2.081,8.54,7.03,None,None,None,None,None,None,None,0.121,None,392000000,2025-10-28,quarterly,0.54,USD,post-market,758000000,2241000000,0.0627,0.132,-0.092,28.58,646000000,None,None,1190000000,169.28,201.92,54.2857,4386000000,3012000000,869000000,966000000,1374000000,97000000,2951000000,3408000000,59.53,None,204.84,114.66
2025-12-28,EA,3.44,7288000000.0,59.53,None,0.757,24.06,32000000,None,1242000000,1242000000,63000000,-313000000,None,None,-2000000,None,None,None,3000000,314000000,None,1181000000,1181000000,163000000,None,None,199000000,None,None,95000000,38000000,0.76,0.0037,None,None,None,-0.514,0.19,359000000,454000000,0.35,2006-12-31,22.68,647000000,5742000000.0,1770000000,389000000,147000000,232000000,232000000,None,0,None,61000000,None,None,None,None,None,160000000,None,None,None,0.109,227000000,1445000000,325000000,320000000,654000000,None,None,None,None,None,None,None,2.081,8.54,7.03,None,None,None,None,None,48000000,None,0.121,None,392000000,2025-10-28,quarterly,0.54,USD,post-market,758000000,2241000000,0.0627,0.132,-0.092,28.58,646000000,None,None,1190000000,169.28,201.92,54.2857,4386000000,3012000000,869000000,966000000,1374000000,97000000,2951000000,3408000000,59.53,None,204.84,114.66
2025-12-28,EA,3.44,7288000000.0,59.53,None,0.757,24.06,48000000,None,1242000000,1242000000,56000000,-86000000,None,None,-8000000,None,None,None,3000000,314000000,None,1181000000,1181000000,163000000,None,None,199000000,None,None,95000000,37000000,0.76,0.0037,None,None,None,-0.514,0.19,359000000,454000000,0.35,2006-09-30,22.68,647000000,5742000000.0,1770000000,389000000,147000000,232000000,232000000,None,0,None,61000000,None,None,None,None,None,22000000,None,None,None,0.109,-6000000,1445000000,325000000,320000000,654000000,None,None,None,None,None,None,None,2.081,8.54,7.03,None,None,None,None,None,None,None,0.121,None,392000000,2025-10-28,quarterly,0.54,USD,post-market,758000000,2241000000,0.0627,0.132,-0.092,28.58,646000000,None,None,1190000000,169.28,201.92,54.2857,4386000000,3012000000,869000000,966000000,1374000000,97000000,2951000000,3408000000,59.53,None,204.84,114.66
2025-12-28,EA,3.44,7288000000.0,59.53,None,0.757,24.06,38000000,None,1242000000,1242000000,27000000,11000000,None,None,3000000,None,None,None,3000000,314000000,None,1181000000,1181000000,163000000,None,None,199000000,None,None,95000000,35000000,0.76,0.0037,None,None,None,-0.514,0.19,359000000,454000000,0.35,2006-06-30,22.68,647000000,5742000000.0,1770000000,389000000,147000000,232000000,232000000,None,0,None,61000000,None,None,None,None,None,-81000000,None,None,None,0.109,-38000000,1445000000,325000000,320000000,654000000,None,None,None,None,None,None,None,2.081,8.54,7.03,None,None,None,None,None,None,None,0.121,None,392000000,2025-10-28,quarterly,0.54,USD,post-market,758000000,2241000000,0.0627,0.132,-0.092,28.58,646000000,None,None,1190000000,169.28,201.92,54.2857,4386000000,3012000000,869000000,966000000,1374000000,97000000,2951000000,3408000000,59.53,None,204.84,114.66
2025-12-28,EA,3.44,7288000000.0,59.53,None,0.757,24.06,36000000,None,1242000000,1242000000,55000000,-621000000,None,None,8000000,None,None,None,3000000,314000000,None,1181000000,1181000000,163000000,None,None,199000000,None,None,95000000,27000000,0.76,0.0037,None,None,None,-0.514,0.19,359000000,454000000,0.35,2006-03-31,22.68,647000000,5742000000.0,1770000000,389000000,147000000,232000000,232000000,None,0,None,61000000,None,None,None,None,None,-16000000,None,None,None,0.109,337000000,1445000000,325000000,320000000,654000000,None,None,None,None,None,None,None,2.081,8.54,7.03,None,None,None,None,None,None,None,0.121,None,392000000,2025-10-28,quarterly,0.54,USD,post-market,758000000,2241000000,0.0627,0.132,-0.092,28.58,646000000,None,None,1190000000,169.28,201.92,54.2857,4386000000,3012000000,869000000,966000000,1374000000,97000000,2951000000,3408000000,59.53,None,204.84,114.66
2025-12-28,EA,3.44,7288000000.0,59.53,None,0.757,24.06,31000000,None,1242000000,1242000000,91000000,529000000,None,None,-2000000,None,None,None,3000000,314000000,None,1181000000,1181000000,163000000,None,None,199000000,None,None,95000000,22000000,0.76,0.0037,None,None,None,-0.514,0.19,359000000,454000000,0.35,2005-12-31,22.68,647000000,5742000000.0,1770000000,389000000,147000000,232000000,232000000,None,0,None,61000000,None,None,None,None,None,259000000,None,None,None,0.109,278000000,1445000000,325000000,320000000,654000000,None,None,None,None,None,None,None,2.081,8.54,7.03,None,None,None,None,None,None,None,0.121,None,392000000,2025-10-28,quarterly,0.54,USD,post-market,758000000,2241000000,0.0627,0.132,-0.092,28.58,646000000,None,None,1190000000,169.28,201.92,54.2857,4386000000,3012000000,869000000,966000000,1374000000,97000000,2951000000,3408000000,59.53,None,204.84,114.66
2025-12-28,EA,3.44,7288000000.0,59.53,None,0.757,24.06,23000000,None,1242000000,1242000000,-331000000,21000000,None,None,-10000000,None,None,None,3000000,314000000,None,1181000000,1181000000,163000000,None,None,199000000,None,None,95000000,23000000,0.76,0.0037,None,None,None,-0.514,0.19,359000000,454000000,0.35,2005-09-30,22.68,647000000,5742000000.0,1770000000,389000000,147000000,232000000,232000000,None,0,None,61000000,None,None,None,None,None,51000000,None,None,None,0.109,12000000,1445000000,325000000,320000000,654000000,None,None,None,None,None,None,None,2.081,8.54,7.03,None,None,None,None,None,-372000000,None,0.121,None,392000000,2025-10-28,quarterly,0.54,USD,post-market,758000000,2241000000,0.0627,0.132,-0.092,28.58,646000000,None,None,1190000000,169.28,201.92,54.2857,4386000000,3012000000,869000000,966000000,1374000000,97000000,2951000000,3408000000,59.53,None,204.84,114.66
2025-12-28,EA,3.44,7288000000.0,59.53,None,0.757,24.06,221000000,None,1242000000,1242000000,-2863000000,37000000,None,None,None,None,None,None,3000000,314000000,None,1181000000,1181000000,163000000,None,None,199000000,None,None,95000000,356000000,0.76,0.0037,199000000,199000000,None,-0.514,0.19,359000000,454000000,0.35,2025-03-31,22.68,647000000,5742000000.0,1770000000,389000000,147000000,232000000,232000000,None,0,None,61000000,None,None,None,None,None,1121000000,None,None,None,0.109,2079000000,1445000000,325000000,320000000,654000000,None,None,None,None,None,None,None,2.081,8.54,7.03,None,None,None,None,None,-2508000000,None,0.121,None,392000000,2025-10-28,annual,0.54,USD,post-market,758000000,2241000000,0.0627,0.132,-0.092,28.58,646000000,None,None,1190000000,169.28,201.92,54.2857,4386000000,3012000000,869000000,966000000,1374000000,97000000,2951000000,3408000000,59.53,None,204.84,114.66
2025-12-28,EA,3.44,7288000000.0,59.53,None,0.757,24.06,199000000,None,1242000000,1242000000,-1624000000,-207000000,None,None,None,None,None,None,3000000,314000000,None,1181000000,1181000000,163000000,None,None,199000000,None,None,95000000,344000000,0.76,0.0037,205000000,205000000,None,-0.514,0.19,359000000,454000000,0.35,2024-03-31,22.68,647000000,5742000000.0,1770000000,389000000,147000000,232000000,232000000,None,0,None,61000000,None,None,None,None,None,1273000000,None,None,None,0.109,2315000000,1445000000,325000000,320000000,654000000,None,None,None,None,None,None,None,2.081,8.54,7.03,None,None,None,None,None,-1300000000,None,0.121,None,392000000,2025-10-28,annual,0.54,USD,post-market,758000000,2241000000,0.0627,0.132,-0.092,28.58,646000000,None,None,1190000000,169.28,201.92,54.2857,4386000000,3012000000,869000000,966000000,1374000000,97000000,2951000000,3408000000,59.53,None,204.84,114.66
2025-12-28,EA,3.44,7288000000.0,59.53,None,0.757,24.06,207000000,None,1242000000,1242000000,-1600000000,-217000000,-267000000,None,34000000,None,None,-34000000,3000000,314000000,None,1181000000,1181000000,163000000,None,None,199000000,None,None,95000000,536000000,0.76,0.0037,210000000,210000000,None,-0.514,0.19,359000000,454000000,0.35,2023-03-31,22.68,647000000,5742000000.0,1770000000,389000000,147000000,232000000,232000000,None,0,None,61000000,None,None,None,None,None,802000000,None,None,None,0.109,1550000000,1445000000,325000000,320000000,654000000,None,None,None,None,None,None,None,2.081,8.54,7.03,None,None,None,None,None,-1295000000,None,0.121,None,392000000,2025-10-28,annual,0.54,USD,post-market,758000000,2241000000,0.0627,0.132,-0.092,28.58,646000000,None,None,1190000000,169.28,201.92,54.2857,4386000000,3012000000,869000000,966000000,1374000000,97000000,2951000000,3408000000,59.53,None,204.84,114.66
2025-12-28,EA,3.44,7288000000.0,59.53,None,0.757,24.06,188000000,None,1242000000,1242000000,-1620000000,-2804000000,-2525000000,None,77000000,None,None,-77000000,3000000,314000000,None,1181000000,1181000000,163000000,None,None,199000000,None,None,95000000,486000000,0.76,0.0037,193000000,193000000,None,-0.514,0.19,359000000,454000000,0.35,2022-03-31,22.68,647000000,5742000000.0,1770000000,389000000,147000000,232000000,232000000,None,0,None,61000000,None,None,None,None,None,789000000,None,None,None,0.109,1899000000,1445000000,325000000,320000000,654000000,None,None,None,None,None,None,None,2.081,8.54,7.03,None,None,None,None,None,-1300000000,None,0.121,None,392000000,2025-10-28,annual,0.54,USD,post-market,758000000,2241000000,0.0627,0.132,-0.092,28.58,646000000,None,None,1190000000,169.28,201.92,54.2857,4386000000,3012000000,869000000,966000000,1374000000,97000000,2951000000,3408000000,59.53,None,204.84,114.66
2025-12-28,EA,3.44,7288000000.0,59.53,None,0.757,24.06,124000000,None,1242000000,1242000000,-15000000,-505000000,1492000000,78000000,41000000,None,None,-41000000,3000000,314000000,None,1181000000,1181000000,163000000,None,None,199000000,None,None,95000000,181000000,0.76,0.0037,98000000,98000000,None,-0.514,0.19,359000000,454000000,0.35,2021-03-31,22.68,647000000,5742000000.0,1770000000,389000000,147000000,232000000,232000000,None,0,None,61000000,None,None,None,None,None,837000000,None,None,None,0.109,1934000000,1445000000,325000000,320000000,654000000,None,None,None,None,None,None,None,2.081,8.54,7.03,None,None,None,None,None,-729000000,None,0.121,None,392000000,2025-10-28,annual,0.54,USD,post-market,758000000,2241000000,0.0627,0.132,-0.092,28.58,646000000,None,None,1190000000,169.28,201.92,54.2857,4386000000,3012000000,869000000,966000000,1374000000,97000000,2951000000,3408000000,59.53,None,204.84,114.66
2025-12-28,EA,3.44,7288000000.0,59.53,None,0.757,24.06,140000000,None,1242000000,1242000000,-1358000000,-1357000000,-940000000,-22000000,-164000000,None,None,164000000,3000000,314000000,None,1181000000,1181000000,163000000,None,None,199000000,None,None,95000000,150000000,0.76,0.0037,98000000,98000000,None,-0.514,0.19,359000000,454000000,0.35,2020-03-31,22.68,647000000,5742000000.0,1770000000,389000000,147000000,232000000,232000000,None,0,None,61000000,None,None,None,None,None,3039000000,None,None,None,0.109,1797000000,1445000000,325000000,320000000,654000000,None,None,None,None,None,None,None,2.081,8.54,7.03,None,None,None,None,None,-1207000000,None,0.121,None,392000000,2025-10-28,annual,0.54,USD,post-market,758000000,2241000000,0.0627,0.132,-0.092,28.58,646000000,None,None,1190000000,169.28,201.92,54.2857,4386000000,3012000000,869000000,966000000,1374000000,97000000,2951000000,3408000000,59.53,None,204.84,114.66
2025-12-28,EA,3.44,7288000000.0,59.53,None,0.757,24.06,119000000,None,1242000000,1242000000,-1253000000,169000000,450000000,-13000000,88000000,None,None,-88000000,3000000,314000000,None,1181000000,1181000000,163000000,None,None,199000000,None,None,95000000,145000000,0.76,0.0037,98000000,98000000,None,-0.514,0.19,359000000,454000000,0.35,2019-03-31,22.68,647000000,5742000000.0,1770000000,389000000,147000000,232000000,232000000,None,0,None,61000000,None,None,None,None,None,1019000000,None,None,None,0.109,1547000000,1445000000,325000000,320000000,654000000,None,None,None,None,None,None,None,2.081,8.54,7.03,None,None,None,None,None,-1192000000,None,0.121,None,392000000,2025-10-28,annual,0.54,USD,post-market,758000000,2241000000,0.0627,0.132,-0.092,28.58,646000000,None,None,1190000000,169.28,201.92,54.2857,4386000000,3012000000,869000000,966000000,1374000000,97000000,2951000000,3408000000,59.53,None,204.84,114.66
2025-12-28,EA,3.44,7288000000.0,59.53,None,0.757,24.06,107000000,None,1242000000,1242000000,-643000000,622000000,1693000000,22000000,0,None,None,-25000000,3000000,314000000,None,1181000000,1181000000,163000000,None,None,199000000,None,None,95000000,136000000,0.76,0.0037,98000000,98000000,None,-0.514,0.19,359000000,454000000,0.35,2018-03-31,22.68,647000000,5742000000.0,1770000000,389000000,147000000,232000000,232000000,None,0,None,61000000,None,None,None,None,None,1043000000,None,None,None,0.109,1692000000,1445000000,325000000,320000000,654000000,None,None,None,None,None,None,None,2.081,8.54,7.03,None,None,None,None,None,-601000000,None,0.121,None,392000000,2025-10-28,annual,0.54,USD,post-market,758000000,2241000000,0.0627,0.132,-0.092,28.58,646000000,None,None,1190000000,169.28,201.92,54.2857,4386000000,3012000000,869000000,966000000,1374000000,97000000,2951000000,3408000000,59.53,None,204.84,114.66
2025-12-28,EA,3.44,7288000000.0,59.53,None,0.757,24.06,123000000,None,1242000000,1242000000,-534000000,-759000000,72000000,-18000000,0,None,None,-136000000,3000000,314000000,None,1181000000,1181000000,163000000,None,None,199000000,None,None,95000000,172000000,0.76,0.0037,0,0,None,-0.514,0.19,359000000,454000000,0.35,2017-03-31,22.68,647000000,5742000000.0,1770000000,389000000,147000000,232000000,232000000,None,0,None,61000000,None,None,None,None,None,967000000,None,None,None,0.109,1383000000,1445000000,325000000,320000000,654000000,None,None,None,None,None,None,None,2.081,8.54,7.03,None,None,None,None,None,-508000000,None,0.121,None,392000000,2025-10-28,annual,0.54,USD,post-market,758000000,2241000000,0.0627,0.132,-0.092,28.58,646000000,None,None,1190000000,169.28,201.92,54.2857,4386000000,3012000000,869000000,966000000,1374000000,97000000,2951000000,3408000000,59.53,None,204.84,114.66
2025-12-28,EA,3.44,7288000000.0,59.53,None,0.757,24.06,93000000,None,1242000000,1242000000,-306000000,-484000000,425000000,-8000000,3000000,None,None,127000000,3000000,314000000,None,1181000000,1181000000,163000000,None,None,199000000,None,None,95000000,197000000,0.76,0.0037,989000000,989000000,None,-0.514,0.19,359000000,454000000,0.35,2016-03-31,22.68,647000000,5742000000.0,1770000000,389000000,147000000,232000000,232000000,None,0,None,61000000,None,None,None,None,None,1156000000,None,None,None,0.109,1223000000,1445000000,325000000,320000000,654000000,None,None,None,None,None,None,None,2.081,8.54,7.03,None,None,None,None,None,-1018000000,None,0.121,None,392000000,2025-10-28,annual,0.54,USD,post-market,758000000,2241000000,0.0627,0.132,-0.092,28.58,646000000,None,None,1190000000,169.28,201.92,54.2857,4386000000,3012000000,869000000,966000000,1374000000,97000000,2951000000,3408000000,59.53,None,204.84,114.66
2025-12-28,EA,3.44,7288000000.0,59.53,None,0.757,24.06,95000000,None,1242000000,1242000000,-255000000,-470000000,286000000,-56000000,19000000,None,None,-54000000,3000000,314000000,None,1181000000,1181000000,163000000,None,None,199000000,None,None,95000000,220000000,0.76,0.0037,0,0,None,-0.514,0.19,359000000,454000000,0.35,2015-03-31,22.68,647000000,5742000000.0,1770000000,389000000,147000000,232000000,232000000,None,0,None,61000000,None,None,None,None,None,875000000,None,None,None,0.109,1067000000,1445000000,325000000,320000000,654000000,None,None,None,None,None,None,None,2.081,8.54,7.03,None,None,None,None,None,-337000000,None,0.121,None,392000000,2025-10-28,annual,0.54,USD,post-market,758000000,2241000000,0.0627,0.132,-0.092,28.58,646000000,None,None,1190000000,169.28,201.92,54.2857,4386000000,3012000000,869000000,966000000,1374000000,97000000,2951000000,3408000000,59.53,None,204.84,114.66
2025-12-28,EA,3.44,7288000000.0,59.53,None,0.757,24.06,97000000,None,1242000000,1242000000,89000000,-301000000,490000000,-10000000,-13000000,None,None,-12000000,3000000,314000000,None,1181000000,1181000000,163000000,None,None,199000000,None,None,95000000,227000000,0.76,0.0037,0,0,None,-0.514,0.19,359000000,454000000,0.35,2014-03-31,22.68,647000000,5742000000.0,1770000000,389000000,147000000,232000000,232000000,None,0,None,61000000,None,None,None,None,None,8000000,None,None,None,0.109,712000000,1445000000,325000000,320000000,654000000,None,None,None,None,None,None,None,2.081,8.54,7.03,None,None,None,None,None,77000000,None,0.121,None,392000000,2025-10-28,annual,0.54,USD,post-market,758000000,2241000000,0.0627,0.132,-0.092,28.58,646000000,None,None,1190000000,169.28,201.92,54.2857,4386000000,3012000000,869000000,966000000,1374000000,97000000,2951000000,3408000000,59.53,None,204.84,114.66
2025-12-28,EA,3.44,7288000000.0,59.53,None,0.757,24.06,106000000,None,1242000000,1242000000,-345000000,32000000,-1000000,-12000000,16000000,None,None,56000000,3000000,314000000,None,1181000000,1181000000,163000000,None,None,199000000,None,None,95000000,264000000,0.76,0.0037,0,0,None,-0.514,0.19,359000000,454000000,0.35,2013-03-31,22.68,647000000,5742000000.0,1770000000,389000000,147000000,232000000,232000000,None,0,None,61000000,None,None,None,None,None,98000000,None,None,None,0.109,324000000,1445000000,325000000,320000000,654000000,None,None,None,None,None,None,None,2.081,8.54,7.03,None,None,None,None,None,-349000000,None,0.121,None,392000000,2025-10-28,annual,0.54,USD,post-market,758000000,2241000000,0.0627,0.132,-0.092,28.58,646000000,None,None,1190000000,169.28,201.92,54.2857,4386000000,3012000000,869000000,966000000,1374000000,97000000,2951000000,3408000000,59.53,None,204.84,114.66
2025-12-28,EA,3.44,7288000000.0,59.53,None,0.757,24.06,172000000,None,1242000000,1242000000,140000000,-689000000,-286000000,-14000000,21000000,None,None,-14000000,3000000,314000000,None,1181000000,1181000000,163000000,None,None,199000000,None,None,95000000,216000000,0.76,0.0037,682000000,682000000,None,-0.514,0.19,359000000,454000000,0.35,2012-03-31,22.68,647000000,5742000000.0,1770000000,389000000,147000000,232000000,232000000,None,0,None,61000000,None,None,None,None,None,76000000,None,None,None,0.109,277000000,1445000000,325000000,320000000,654000000,None,None,None,None,None,None,None,2.081,8.54,7.03,None,None,None,None,None,-471000000,None,0.121,None,392000000,2025-10-28,annual,0.54,USD,post-market,758000000,2241000000,0.0627,0.132,-0.092,28.58,646000000,None,None,1190000000,169.28,201.92,54.2857,4386000000,3012000000,869000000,966000000,1374000000,97000000,2951000000,3408000000,59.53,None,204.84,114.66
2025-12-28,EA,3.44,7288000000.0,59.53,None,0.757,24.06,59000000,None,1242000000,1242000000,-23000000,-15000000,306000000,24000000,25000000,None,None,-122000000,3000000,314000000,None,1181000000,1181000000,163000000,None,None,199000000,None,None,95000000,180000000,0.76,0.0037,0,0,None,-0.514,0.19,359000000,454000000,0.35,2011-03-31,22.68,647000000,5742000000.0,1770000000,389000000,147000000,232000000,232000000,None,0,None,61000000,None,None,None,None,None,-276000000,None,None,None,0.109,320000000,1445000000,325000000,320000000,654000000,None,None,None,None,None,None,None,2.081,8.54,7.03,None,None,None,None,None,-58000000,None,0.121,None,392000000,2025-10-28,annual,0.54,USD,post-market,758000000,2241000000,0.0627,0.132,-0.092,28.58,646000000,None,None,1190000000,169.28,201.92,54.2857,4386000000,3012000000,869000000,966000000,1374000000,97000000,2951000000,3408000000,59.53,None,204.84,114.66
2025-12-28,EA,3.44,7288000000.0,59.53,None,0.757,24.06,305000000,None,1242000000,1242000000,53000000,-572000000,-348000000,19000000,123000000,None,None,-66000000,3000000,314000000,None,1181000000,1181000000,163000000,None,None,199000000,None,None,95000000,53000000,0.76,0.0037,0,0,None,-0.514,0.19,359000000,454000000,0.35,2010-03-31,22.68,647000000,5742000000.0,1770000000,389000000,147000000,232000000,232000000,None,0,None,61000000,None,None,None,None,None,-677000000,None,None,None,0.109,152000000,1445000000,325000000,320000000,654000000,None,None,None,None,None,None,None,2.081,8.54,7.03,None,None,None,None,None,39000000,None,0.121,None,392000000,2025-10-28,annual,0.54,USD,post-market,758000000,2241000000,0.0627,0.132,-0.092,28.58,646000000,None,None,1190000000,169.28,201.92,54.2857,4386000000,3012000000,869000000,966000000,1374000000,97000000,2951000000,3408000000,59.53,None,204.84,114.66
2025-12-28,EA,3.44,7288000000.0,59.53,None,0.757,24.06,115000000,None,1242000000,1242000000,91000000,23000000,None,None,-49000000,None,None,None,3000000,314000000,None,1181000000,1181000000,163000000,None,None,199000000,None,None,95000000,58000000,0.76,0.0037,None,None,None,-0.514,0.19,359000000,454000000,0.35,2009-03-31,22.68,647000000,5742000000.0,1770000000,389000000,147000000,232000000,232000000,None,0,None,61000000,None,None,None,None,None,-1088000000,None,None,None,0.109,12000000,1445000000,325000000,320000000,654000000,None,None,None,None,None,None,None,2.081,8.54,7.03,None,None,None,None,None,None,None,0.121,None,392000000,2025-10-28,annual,0.54,USD,post-market,758000000,2241000000,0.0627,0.132,-0.092,28.58,646000000,None,None,1190000000,169.28,201.92,54.2857,4386000000,3012000000,869000000,966000000,1374000000,97000000,2951000000,3408000000,59.53,None,204.84,114.66
2025-12-28,EA,3.44,7288000000.0,59.53,None,0.757,24.06,84000000,None,1242000000,1242000000,243000000,-429000000,None,None,-100000000,None,None,None,3000000,314000000,None,1181000000,1181000000,163000000,None,None,199000000,None,None,95000000,164000000,0.76,0.0037,None,None,None,-0.514,0.19,359000000,454000000,0.35,2008-03-31,22.68,647000000,5742000000.0,1770000000,389000000,147000000,232000000,232000000,None,0,None,61000000,None,None,None,None,None,-454000000,None,None,None,0.109,338000000,1445000000,325000000,320000000,654000000,None,None,None,None,None,None,None,2.081,8.54,7.03,None,None,None,None,None,None,None,0.121,None,392000000,2025-10-28,annual,0.54,USD,post-market,758000000,2241000000,0.0627,0.132,-0.092,28.58,646000000,None,None,1190000000,169.28,201.92,54.2857,4386000000,3012000000,869000000,966000000,1374000000,97000000,2951000000,3408000000,59.53,None,204.84,114.66
2025-12-28,EA,3.44,7288000000.0,59.53,None,0.757,24.06,178000000,None,1242000000,1242000000,190000000,-487000000,None,None,12000000,None,None,None,3000000,314000000,None,1181000000,1181000000,163000000,None,None,199000000,None,None,95000000,147000000,0.76,0.0037,None,None,None,-0.514,0.19,359000000,454000000,0.35,2007-03-31,22.68,647000000,5742000000.0,1770000000,389000000,147000000,232000000,232000000,None,0,None,61000000,None,None,None,None,None,76000000,None,None,None,0.109,397000000,1445000000,325000000,320000000,654000000,None,None,None,None,None,None,None,2.081,8.54,7.03,None,None,None,None,None,None,None,0.121,None,392000000,2025-10-28,annual,0.54,USD,post-market,758000000,2241000000,0.0627,0.132,-0.092,28.58,646000000,None,None,1190000000,169.28,201.92,54.2857,4386000000,3012000000,869000000,966000000,1374000000,97000000,2951000000,3408000000,59.53,None,204.84,114.66
2025-12-28,EA,3.44,7288000000.0,59.53,None,0.757,24.06,123000000,None,1242000000,1242000000,-503000000,-108000000,None,None,-3000000,None,None,None,3000000,314000000,None,1181000000,1181000000,163000000,None,None,199000000,None,None,95000000,95000000,0.76,0.0037,None,None,None,-0.514,0.19,359000000,454000000,0.35,2006-03-31,22.68,647000000,5742000000.0,1770000000,389000000,147000000,232000000,232000000,None,0,None,61000000,None,None,None,None,None,236000000,None,None,None,0.109,596000000,1445000000,325000000,320000000,654000000,None,None,None,None,None,None,None,2.081,8.54,7.03,None,None,None,None,None,-709000000,None,0.121,None,392000000,2025-10-28,annual,0.54,USD,post-market,758000000,2241000000,0.0627,0.132,-0.092,28.58,646000000,None,None,1190000000,169.28,201.92,54.2857,4386000000,3012000000,869000000,966000000,1374000000,97000000,2951000000,3408000000,59.53,None,204.84,114.66
