date,symbol,eps,revenue_ttm,pe_ratio,accumulateddepreciationamortizationppe,beta,book_value,capitalexpenditures,capitalleaseobligations,cashandcashequivalentsatcarryingvalue,cashandshortterminvestments,cashflowfromfinancing,cashflowfrominvestment,changeincashandcashequivalents,changeinexchangerate,changeininventory,changeinoperatingassets,changeinoperatingliabilities,changeinreceivables,commonstock,commonstocksharesoutstanding,comprehensiveincomenetoftax,costofgoodsandservicessold,costofrevenue,currentaccountspayable,currentdebt,currentlongtermdebt,currentnetreceivables,deferredrevenue,depreciation,depreciationandamortization,depreciationdepletionandamortization,dividend_per_share,dividend_yield,dividendpayout,dividendpayoutcommonstock,dividendpayoutpreferredstock,earnings_growth_yoy,earnings_surprise,ebit,ebitda,estimated_eps,fiscaldateending,forward_pe,goodwill,gross_profit_ttm,grossprofit,incomebeforetax,incometaxexpense,intangibleassets,intangibleassetsexcludinggoodwill,interestanddebtexpense,interestexpense,interestincome,inventory,investmentincomenet,investments,longtermdebt,longtermdebtnoncurrent,longterminvestments,netincome,netincomefromcontinuingoperations,netinterestincome,noninterestincome,operating_margin_ttm,operatingcashflow,operatingexpenses,operatingincome,othercurrentassets,othercurrentliabilities,othernoncurrentassets,othernoncurrentliabilities,othernonoperatingincome,paymentsforoperatingactivities,paymentsforrepurchaseofcommonstock,paymentsforrepurchaseofequity,paymentsforrepurchaseofpreferredstock,peg_ratio,price_to_book,price_to_sales_ttm,proceedsfromissuanceofcommonstock,proceedsfromissuanceoflongtermdebtandcapitalsecuritiesnet,proceedsfromissuanceofpreferredstock,proceedsfromoperatingactivities,proceedsfromrepaymentsofshorttermdebt,proceedsfromrepurchaseofequity,proceedsfromsaleoftreasurystock,profit_margin,profitloss,propertyplantequipment,report_date,report_type,reported_eps,reportedcurrency,reporttime,researchanddevelopment,retainedearnings,return_on_assets_ttm,return_on_equity_ttm,revenue_growth_yoy,revenue_per_share_ttm,sellinggeneralandadministrative,shortlongtermdebttotal,shorttermdebt,shortterminvestments,sma_200,sma_50,surprise_pct,totalassets,totalcurrentassets,totalcurrentliabilities,totalliabilities,totalnoncurrentassets,totalnoncurrentliabilities,totalrevenue,totalshareholderequity,trailing_pe,treasurystock,week_52_high,week_52_low
1998-09-30,EBAY,,,,,,,,,,,,,,,,,,,,,,,,,,,,,,,,,,,,,,0.0,,,,,,,,,,,,,,,,,,,,,,,,,,,,,,,,,,,,,,,,,,,,,,,,,,,,1998-10-27,,0.0007,,pre-market,,,,,,,,,,,,,,,,,,,,,,,,,
1998-12-31,EBAY,,,,,,,,,,,,,,,,,,,,,,,,,,,,,,,,,,,,,,0.0016,,,0.0,,,,,,,,,,,,,,,,,,,,,,,,,,,,,,,,,,,,,,,,,,,,,,,,,1999-01-26,,0.0016,,pre-market,,,,,,,,,,,,,,,,,,,,,,,,,
1999-03-31,EBAY,,,,,,,,,,,,,,,,,,,,,,,,,,,,,,,,,,,,,,0.0,,,0.0,,,,,,,,,,,,,,,,,,,,,,,,,,,,,,,,,,,,,,,,,,,,,,,,,1999-04-26,,0.01,,pre-market,,,,,,,,,,,,,,,,,,,,,,,,,
1999-06-30,EBAY,,,,,,,,,,,,,,,,,,,,,,,,,,,,,,,,,,,,,,0.0,,,0.0,,,,,,,,,,,,,,,,,,,,,,,,,,,,,,,,,,,,,,,,,,,,,,,,,1999-07-26,,0.01,,pre-market,,,,,,,,,,,,,,,,,,,,,,,,,
1999-09-30,EBAY,,,,,,,,,,,,,,,,,,,,,,,,,,,,,,,,,,,,,,0.0,,,0.0,,,,,,,,,,,,,,,,,,,,,,,,,,,,,,,,,,,,,,,,,,,,,,,,,1999-10-26,,0.0015,,pre-market,,,,,,,,,,,,,,,,,,,,,,,,,
1999-12-31,EBAY,,,,,,,,,,,,,,,,,,,,,,,,,,,,,,,,,,,,,,0.0,,,0.0,,,,,,,,,,,,,,,,,,,,,,,,,,,,,,,,,,,,,,,,,,,,,,,,,2000-01-25,,0.01,,pre-market,,,,,,,,,,,,,,,,,,,,,,,,,
2000-03-31,EBAY,,,,,,,,,,,,,,,,,,,,,,,,,,,,,,,,,,,,,,0.0,,,0.0,,,,,,,,,,,,,,,,,,,,,,,,,,,,,,,,,,,,,,,,,,,,,,,,,2000-04-25,,0.01,,pre-market,,,,,,,,,,,,,,,,,,,,,,,,,
2000-06-30,EBAY,,,,,,,,,,,,,,,,,,,,,,,,,,,,,,,,,,,,,,0.0,,,0.01,,,,,,,,,,,,,,,,,,,,,,,,,,,,,,,,,,,,,,,,,,,,,,,,,2000-07-25,,0.01,,pre-market,,,,,,,,,,,,,0.0,,,,,,,,,,,,
2000-09-30,EBAY,,,,,,,,,,,,,,,,,,,,,,,,,,,,,,,,,,,,,,0.01,,,0.01,,,,,,,,,,,,,,,,,,,,,,,,,,,,,,,,,,,,,,,,,,,,,,,,,2000-10-19,,0.02,,pre-market,,,,,,,,,,,,,100.0,,,,,,,,,,,,
2000-12-31,EBAY,,,,,,,,,,,,,,,,,,,,,,,,,,,,,,,,,,,,,,0.0,,,0.02,,,,,,,,,,,,,,,,,,,,,,,,,,,,,,,,,,,,,,,,,,,,,,,,,2001-01-18,,0.02,,pre-market,,,,,,,,,,,,,0.0,,,,,,,,,,,,
2001-03-31,EBAY,,,,,,,,,,,,,,,,,,,,,,,,,,,,,,,,,,,,,,0.0,,,0.02,,,,,,,,,,,,,,,,,,,,,,,,,,,,,,,,,,,,,,,,,,,,,,,,,2001-04-19,,0.02,,pre-market,,,,,,,,,,,,,0.0,,,,,,,,,,,,
2001-06-30,EBAY,,,,,,,,,,,,,,,,,,,,,,,,,,,,,,,,,,,,,,0.01,,,0.02,,,,,,,,,,,,,,,,,,,,,,,,,,,,,,,,,,,,,,,,,,,,,,,,,2001-07-20,,0.03,,pre-market,,,,,,,,,,,,,50.0,,,,,,,,,,,,
2001-09-30,EBAY,,,,,,,,,,,,,,,,,,,,,,,,,,,,,,,,,,,,,,0.0,,,0.03,,,,,,,,,,,,,,,,,,,,,,,,,,,,,,,,,,,,,,,,,,,,,,,,,2001-10-18,,0.03,,pre-market,,,,,,,,,,,,,0.0,,,,,,,,,,,,
2001-12-31,EBAY,,,,,,,,,,,,,,,,,,,,,,,,,,,,,,,,,,,,,,0.01,,,0.03,,,,,,,,,,,,,,,,,,,,,,,,,,,,,,,,,,,,,,,,,,,,,,,,,2002-01-15,,0.04,,pre-market,,,,,,,,,,,,,33.3333,,,,,,,,,,,,
2002-03-31,EBAY,,,,,,,,,,,,,,,,,,,,,,,,,,,,,,,,,,,,,,0.01,,,0.04,,,,,,,,,,,,,,,,,,,,,,,,,,,,,,,,,,,,,,,,,,,,,,,,,2002-04-18,,0.05,,pre-market,,,,,,,,,,,,,25.0,,,,,,,,,,,,
2002-06-30,EBAY,,,,,,,,,,,,,,,,,,,,,,,,,,,,,,,,,,,,,,0.01,,,0.04,,,,,,,,,,,,,,,,,,,,,,,,,,,,,,,,,,,,,,,,,,,,,,,,,2002-07-08,,0.05,,pre-market,,,,,,,,,,,,,25.0,,,,,,,,,,,,
2002-09-30,EBAY,,,,,,,,,,,,,,,,,,,,,,,,,,,,,,,,,,,,,,0.01,,,0.05,,,,,,,,,,,,,,,,,,,,,,,,,,,,,,,,,,,,,,,,,,,,,,,,,2002-10-17,,0.06,,pre-market,,,,,,,,,,,,,20.0,,,,,,,,,,,,
2002-12-31,EBAY,,,,,,,,,,,,,,,,,,,,,,,,,,,,,,,,,,,,,,0.01,,,0.06,,,,,,,,,,,,,,,,,,,,,,,,,,,,,,,,,,,,,,,,,,,,,,,,,2003-01-16,,0.07,,pre-market,,,,,,,,,,,,,16.6667,,,,,,,,,,,,
2003-03-31,EBAY,,,,,,,,,,,,,,,,,,,,,,,,,,,,,,,,,,,,,,0.01,,,0.08,,,,,,,,,,,,,,,,,,,,,,,,,,,,,,,,,,,,,,,,,,,,,,,,,2003-04-22,,0.09,,pre-market,,,,,,,,,,,,,12.5,,,,,,,,,,,,
2003-06-30,EBAY,,,,,,,,,,,,,,,,,,,,,,,,,,,,,,,,,,,,,,-0.01,,,0.09,,,,,,,,,,,,,,,,,,,,,,,,,,,,,,,,,,,,,,,,,,,,,,,,,2003-07-24,,0.08,,pre-market,,,,,,,,,,,,,-11.1111,,,,,,,,,,,,
2003-09-30,EBAY,,,,,,,,,,,,,,,,,,,,,,,,,,,,,,,,,,,,,,0.0,,,0.09,,,,,,,,,,,,,,,,,,,,,,,,,,,,,,,,,,,,,,,,,,,,,,,,,2003-10-16,,0.09,,pre-market,,,,,,,,,,,,,0.0,,,,,,,,,,,,
2003-12-31,EBAY,,,,,,,,,,,,,,,,,,,,,,,,,,,,,,,,,,,,,,0.01,,,0.11,,,,,,,,,,,,,,,,,,,,,,,,,,,,,,,,,,,,,,,,,,,,,,,,,2004-01-21,,0.12,,pre-market,,,,,,,,,,,,,9.0909,,,,,,,,,,,,
2004-03-31,EBAY,,,,,,,,,,,,,,,,,,,,,,,,,,,,,,,,,,,,,,0.03,,,0.13,,,,,,,,,,,,,,,,,,,,,,,,,,,,,,,,,,,,,,,,,,,,,,,,,2004-04-21,,0.16,,pre-market,,,,,,,,,,,,,23.0769,,,,,,,,,,,,
2004-06-30,EBAY,,,,,,,,,,,,,,,,,,,,,,,,,,,,,,,,,,,,,,0.0,,,0.14,,,,,,,,,,,,,,,,,,,,,,,,,,,,,,,,,,,,,,,,,,,,,,,,,2004-07-21,,0.14,,pre-market,,,,,,,,,,,,,0.0,,,,,,,,,,,,
2004-09-30,EBAY,,,,,,,,,,,,,,,,,,,,,,,,,,,,,,,,,,,,,,0.0,,,0.14,,,,,,,,,,,,,,,,,,,,,,,,,,,,,,,,,,,,,,,,,,,,,,,,,2004-10-20,,0.14,,pre-market,,,,,,,,,,,,,0.0,,,,,,,,,,,,
2004-12-31,EBAY,,,,,,,,,,,,,,,,,,,,,,,,,,,,,,,,,,,,,,-0.01,,,0.17,,,,,,,,,,,,,,,,,,,,,,,,,,,,,,,,,,,,,,,,,,,,,,,,,2005-01-19,,0.16,,pre-market,,,,,,,,,,,,,-5.8824,,,,,,,,,,,,
2005-03-31,EBAY,,,,,,,,,,,,,,,,,,,,,,,,,,,,,,,,,,,,,,0.02,,,0.18,,,,,,,,,,,,,,,,,,,,,,,,,,,,,,,,,,,,,,,,,,,,,,,,,2005-04-20,,0.2,,pre-market,,,,,,,,,,,,,11.1111,,,,,,,,,,,,
2005-06-30,EBAY,,,,,,,,,,,,,,,,,,,,,,,,,,,,,,,,,,,,,,0.04,,,0.18,,,,,,,,,,,,,,,,,,,,,,,,,,,,,,,,,,,,,,,,,,,,,,,,,2005-07-20,,0.22,,pre-market,,,,,,,,,,,,,22.2222,,,,,,,,,,,,
2005-09-30,EBAY,,,,,,,,,,,,,,,,,,,,,,,,,,,,,,,,,,,,,,0.0,,,0.2,,,,,,,,,,,,,,,,,,,,,,,,,,,,,,,,,,,,,,,,,,,,,,,,,2005-10-19,,0.2,,pre-market,,,,,,,,,,,,,0.0,,,,,,,,,,,,
2005-12-31,EBAY,,,,,,,,,,,,,,,,,,,,,,,,,,,,,,,,,,,,,,0.02,,,0.22,,,,,,,,,,,,,,,,,,,,,,,,,,,,,,,,,,,,,,,,,,,,,,,,,2006-01-18,,0.24,,pre-market,,,,,,,,,,,,,9.0909,,,,,,,,,,,,
2006-03-31,EBAY,,,,,,,,,,,,,,,,,,,,,,,,,,,,,,,,,,,,,,0.0,,,0.24,,,,,,,,,,,,,,,,,,,,,,,,,,,,,,,,,,,,,,,,,,,,,,,,,2006-04-19,,0.24,,pre-market,,,,,,,,,,,,,0.0,,,,,,,,,,,,
2006-06-30,EBAY,,,,,,,,,,,,,,,,,,,,,,,,,,,,,,,,,,,,,,0.0,,,0.24,,,,,,,,,,,,,,,,,,,,,,,,,,,,,,,,,,,,,,,,,,,,,,,,,2006-07-19,,0.24,,pre-market,,,,,,,,,,,,,0.0,,,,,,,,,,,,
2006-09-30,EBAY,,,,,,,,,,,,,,,,,,,,,,,,,,,,,,,,,,,,,,0.02,,,0.24,,,,,,,,,,,,,,,,,,,,,,,,,,,,,,,,,,,,,,,,,,,,,,,,,2006-10-18,,0.26,,pre-market,,,,,,,,,,,,,8.3333,,,,,,,,,,,,
2006-12-31,EBAY,,,,,,,,,,,,,,,,,,,,,,,,,,,,,,,,,,,,,,0.03,,,0.28,,,,,,,,,,,,,,,,,,,,,,,,,,,,,,,,,,,,,,,,,,,,,,,,,2007-01-24,,0.31,,pre-market,,,,,,,,,,,,,10.7143,,,,,,,,,,,,
2007-03-31,EBAY,,,,,,,,,,,,,,,,,,,,,,,,,,,,,,,,,,,,,,0.03,,,0.3,,,,,,,,,,,,,,,,,,,,,,,,,,,,,,,,,,,,,,,,,,,,,,,,,2007-04-18,,0.33,,pre-market,,,,,,,,,,,,,10.0,,,,,,,,,,,,
2007-06-30,EBAY,,,,,,,,,,,,,,,,,,,,,,,,,,,,,,,,,,,,,,0.02,,,0.32,,,,,,,,,,,,,,,,,,,,,,,,,,,,,,,,,,,,,,,,,,,,,,,,,2007-07-18,,0.34,,pre-market,,,,,,,,,,,,,6.25,,,,,,,,,,,,
2007-09-30,EBAY,,,,,,,,,,,,,,,,,,,,,,,,,,,,,,,,,,,,,,0.08,,,0.33,,,,,,,,,,,,,,,,,,,,,,,,,,,,,,,,,,,,,,,,,,,,,,,,,2007-10-17,,0.41,,pre-market,,,,,,,,,,,,,24.2424,,,,,,,,,,,,
2007-12-31,EBAY,,,,,,,,,,,,,,,,,,,,,,,,,,,,,,,,,,,,,,0.04,,,0.41,,,,,,,,,,,,,,,,,,,,,,,,,,,,,,,,,,,,,,,,,,,,,,,,,2008-01-23,,0.45,,pre-market,,,,,,,,,,,,,9.7561,,,,,,,,,,,,
2008-03-31,EBAY,,,,,,,,,,,,,,,,,,,,,,,,,,,,,,,,,,,,,,0.03,,,0.39,,,,,,,,,,,,,,,,,,,,,,,,,,,,,,,,,,,,,,,,,,,,,,,,,2008-04-16,,0.42,,pre-market,,,,,,,,,,,,,7.6923,,,,,,,,,,,,
2008-06-30,EBAY,,,,,,,,,,,,,,,,,,,,,,,,,,,,,,,,,,,,,,0.02,,,0.41,,,,,,,,,,,,,,,,,,,,,,,,,,,,,,,,,,,,,,,,,,,,,,,,,2008-07-16,,0.43,,pre-market,,,,,,,,,,,,,4.878,,,,,,,,,,,,
2008-09-30,EBAY,,,,,,,,,,,,,,,,,,,,,,,,,,,,,,,,,,,,,,0.05,,,0.41,,,,,,,,,,,,,,,,,,,,,,,,,,,,,,,,,,,,,,,,,,,,,,,,,2008-10-15,,0.46,,pre-market,,,,,,,,,,,,,12.1951,,,,,,,,,,,,
2008-12-31,EBAY,,,,,,,,,,,,,,,,,,,,,,,,,,,,,,,,,,,,,,0.02,,,0.39,,,,,,,,,,,,,,,,,,,,,,,,,,,,,,,,,,,,,,,,,,,,,,,,,2009-01-21,,0.41,,pre-market,,,,,,,,,,,,,5.1282,,,,,,,,,,,,
2009-03-31,EBAY,,,,,,,,,,,,,,,,,,,,,,,,,,,,,,,,,,,,,,0.06,,,0.33,,,,,,,,,,,,,,,,,,,,,,,,,,,,,,,,,,,,,,,,,,,,,,,,,2009-04-22,,0.39,,pre-market,,,,,,,,,,,,,18.1818,,,,,,,,,,,,
2009-06-30,EBAY,,,,,,,,,,,,,,,,,,,,,,,,,,,,,,,,,,,,,,0.01,,,0.36,,,,,,,,,,,,,,,,,,,,,,,,,,,,,,,,,,,,,,,,,,,,,,,,,2009-07-22,,0.37,,pre-market,,,,,,,,,,,,,2.7778,,,,,,,,,,,,
2009-09-30,EBAY,,,,,,,,,,,,,,,,,,,,,,,,,,,,,,,,,,,,,,0.01,,,0.37,,,,,,,,,,,,,,,,,,,,,,,,,,,,,,,,,,,,,,,,,,,,,,,,,2009-10-21,,0.38,,pre-market,,,,,,,,,,,,,2.7027,,,,,,,,,,,,
2009-12-31,EBAY,,,,,,,,,,,,,,,,,,,,,,,,,,,,,,,,,,,,,,0.04,,,0.4,,,,,,,,,,,,,,,,,,,,,,,,,,,,,,,,,,,,,,,,,,,,,,,,,2010-01-20,,0.44,,pre-market,,,,,,,,,,,,,10.0,,,,,,,,,,,,
2010-03-31,EBAY,,,,,,,,,,,,,,,,,,,,,,,,,,,,,,,,,,,,,,0.01,,,0.41,,,,,,,,,,,,,,,,,,,,,,,,,,,,,,,,,,,,,,,,,,,,,,,,,2010-04-21,,0.42,,pre-market,,,,,,,,,,,,,2.439,,,,,,,,,,,,
2010-06-30,EBAY,,,,,,,,,,,,,,,,,,,,,,,,,,,,,,,,,,,,,,0.02,,,0.38,,,,,,,,,,,,,,,,,,,,,,,,,,,,,,,,,,,,,,,,,,,,,,,,,2010-07-21,,0.4,,pre-market,,,,,,,,,,,,,5.2632,,,,,,,,,,,,
2010-09-30,EBAY,,,,,,,,,,,,,,,,,,,,,,,,,,,,,,,,,,,,,,0.03,,,0.37,,,,,,,,,,,,,,,,,,,,,,,,,,,,,,,,,,,,,,,,,,,,,,,,,2010-10-20,,0.4,,pre-market,,,,,,,,,,,,,8.1081,,,,,,,,,,,,
2010-12-31,EBAY,,,,,,,,,,,,,,,,,,,,,,,,,,,,,,,,,,,,,,0.05,,,0.47,,,,,,,,,,,,,,,,,,,,,,,,,,,,,,,,,,,,,,,,,,,,,,,,,2011-01-19,,0.52,,pre-market,,,,,,,,,,,,,10.6383,,,,,,,,,,,,
2011-03-31,EBAY,,,,,,,,,,,,,,,,,,,,,,,,,,,,,,,,,,,,,,0.01,,,0.46,,,,,,,,,,,,,,,,,,,,,,,,,,,,,,,,,,,,,,,,,,,,,,,,,2011-04-27,,0.47,,pre-market,,,,,,,,,,,,,2.1739,,,,,,,,,,,,
2011-06-30,EBAY,,,,,,,,,,,,,,,,,,,,,,,,,,,,,,,,,,,,,,0.02,,,0.46,,,,,,,,,,,,,,,,,,,,,,,,,,,,,,,,,,,,,,,,,,,,,,,,,2011-07-20,,0.48,,pre-market,,,,,,,,,,,,,4.3478,,,,,,,,,,,,
2011-09-30,EBAY,,,,,,,,,,,,,,,,,,,,,,,,,,,,,,,,,,,,,,0.0,,,0.48,,,,,,,,,,,,,,,,,,,,,,,,,,,,,,,,,,,,,,,,,,,,,,,,,2011-10-19,,0.48,,pre-market,,,,,,,,,,,,,0.0,,,,,,,,,,,,
2011-12-31,EBAY,,,,,,,,,,,,,,,,,,,,,,,,,,,,,,,,,,,,,,0.03,,,0.57,,,,,,,,,,,,,,,,,,,,,,,,,,,,,,,,,,,,,,,,,,,,,,,,,2012-01-18,,0.6,,pre-market,,,,,,,,,,,,,5.2632,,,,,,,,,,,,
2012-03-31,EBAY,,,,,,,,,,,,,,,,,,,,,,,,,,,,,,,,,,,,,,0.03,,,0.52,,,,,,,,,,,,,,,,,,,,,,,,,,,,,,,,,,,,,,,,,,,,,,,,,2012-04-18,,0.55,,pre-market,,,,,,,,,,,,,5.7692,,,,,,,,,,,,
2012-06-30,EBAY,,,,,,,,,,,,,,,,,,,,,,,,,,,,,,,,,,,,,,0.01,,,0.55,,,,,,,,,,,,,,,,,,,,,,,,,,,,,,,,,,,,,,,,,,,,,,,,,2012-07-18,,0.56,,pre-market,,,,,,,,,,,,,1.8182,,,,,,,,,,,,
2012-09-30,EBAY,,,,,,,,,,,,,,,,,,,,,,,,,,,,,,,,,,,,,,0.01,,,0.54,,,,,,,,,,,,,,,,,,,,,,,,,,,,,,,,,,,,,,,,,,,,,,,,,2012-10-17,,0.55,,pre-market,,,,,,,,,,,,,1.8519,,,,,,,,,,,,
2012-12-31,EBAY,,,,,,,,,,,,,,,,,,,,,,,,,,,,,,,,,,,,,,0.01,,,0.69,,,,,,,,,,,,,,,,,,,,,,,,,,,,,,,,,,,,,,,,,,,,,,,,,2013-01-16,,0.7,,pre-market,,,,,,,,,,,,,1.4493,,,,,,,,,,,,
2013-03-31,EBAY,,,,,,,,,,,,,,,,,,,,,,,,,,,,,,,,,,,,,,0.01,,,0.62,,,,,,,,,,,,,,,,,,,,,,,,,,,,,,,,,,,,,,,,,,,,,,,,,2013-04-17,,0.63,,pre-market,,,,,,,,,,,,,1.6129,,,,,,,,,,,,
2013-06-30,EBAY,,,,,,,,,,,,,,,,,,,,,,,,,,,,,,,,,,,,,,0.0,,,0.63,,,,,,,,,,,,,,,,,,,,,,,,,,,,,,,,,,,,,,,,,,,,,,,,,2013-07-17,,0.63,,pre-market,,,,,,,,,,,,,0.0,,,,,,,,,,,,
2013-09-30,EBAY,,,,,,,,,,,,,,,,,,,,,,,,,,,,,,,,,,,,,,0.01,,,0.63,,,,,,,,,,,,,,,,,,,,,,,,,,,,,,,,,,,,,,,,,,,,,,,,,2013-10-16,,0.64,,pre-market,,,,,,,,,,,,,1.5873,,,,,,,,,,,,
2013-12-31,EBAY,,,,,,,,,,,,,,,,,,,,,,,,,,,,,,,,,,,,,,0.01,,,0.8,,,,,,,,,,,,,,,,,,,,,,,,,,,,,,,,,,,,,,,,,,,,,,,,,2014-01-22,,0.81,,pre-market,,,,,,,,,,,,,1.25,,,,,,,,,,,,
2014-03-31,EBAY,,,,,,,,,,,,,,,,,,,,,,,,,,,,,,,,,,,,,,0.03,,,0.67,,,,,,,,,,,,,,,,,,,,,,,,,,,,,,,,,,,,,,,,,,,,,,,,,2014-04-29,,0.7,,pre-market,,,,,,,,,,,,,4.4776,,,,,,,,,,,,
2014-06-30,EBAY,,,,,,,,,,,,,,,,,,,,,,,,,,,,,,,,,,,,,,0.01,,,0.68,,,,,,,,,,,,,,,,,,,,,,,,,,,,,,,,,,,,,,,,,,,,,,,,,2014-07-16,,0.69,,pre-market,,,,,,,,,,,,,1.4706,,,,,,,,,,,,
2014-09-30,EBAY,,,,,,,,,,,,,,,,,,,,,,,,,,,,,,,,,,,,,,0.01,,,0.67,,,,,,,,,,,,,,,,,,,,,,,,,,,,,,,,,,,,,,,,,,,,,,,,,2014-10-15,,0.68,,post-market,,,,,,,,,,,,,1.4925,,,,,,,,,,,,
2014-12-31,EBAY,,,,,,,,,,,,,,,,,,,,,,,,,,,,,,,,,,,,,,0.01,,,0.89,,,,,,,,,,,,,,,,,,,,,,,,,,,,,,,,,,,,,,,,,,,,,,,,,2015-01-21,,0.9,,post-market,,,,,,,,,,,,,1.1236,,,,,,,,,,,,
2015-03-31,EBAY,,,,,,,,,,,,,,,,,,,,,,,,,,,,,,,,,,,,,,0.07,,,0.7,,,,,,,,,,,,,,,,,,,,,,,,,,,,,,,,,,,,,,,,,,,,,,,,,2015-04-22,,0.77,,post-market,,,,,,,,,,,,,10.0,,,,,,,,,,,,
2015-06-30,EBAY,,,,,,,,,,,,,,,,,,,,,,,,,,,,,,,,,,,,,,0.04,,,0.72,,,,,,,,,,,,,,,,,,,,,,,,,,,,,,,,,,,,,,,,,,,,,,,,,2015-07-16,,0.76,,pre-market,,,,,,,,,,,,,5.5556,,,,,,,,,,,,
2015-09-30,EBAY,,,,,,,,,,,,,,,,,,,,,,,,,,,,,,,,,,,,,,0.03,,,0.4,,,,,,,,,,,,,,,,,,,,,,,,,,,,,,,,,,,,,,,,,,,,,,,,,2015-10-21,,0.43,,post-market,,,,,,,,,,,,,7.5,,,,,,,,,,,,
2015-12-31,EBAY,,,,,,,,,,,,,,,,,,,,,,,,,,,,,,,,,,,,,,0.0,,,0.5,,,,,,,,,,,,,,,,,,,,,,,,,,,,,,,,,,,,,,,,,,,,,,,,,2016-01-27,,0.5,,post-market,,,,,,,,,,,,,0.0,,,,,,,,,,,,
2016-03-31,EBAY,,,,,,,,,,,,,,,,,,,,,,,,,,,,,,,,,,,,,,0.02,,,0.45,,,,,,,,,,,,,,,,,,,,,,,,,,,,,,,,,,,,,,,,,,,,,,,,,2016-04-26,,0.47,,post-market,,,,,,,,,,,,,4.4444,,,,,,,,,,,,
2016-06-30,EBAY,,,,,,,,,,,,,,,,,,,,,,,,,,,,,,,,,,,,,,0.01,,,0.42,,,,,,,,,,,,,,,,,,,,,,,,,,,,,,,,,,,,,,,,,,,,,,,,,2016-07-20,,0.43,,post-market,,,,,,,,,,,,,2.381,,,,,,,,,,,,
2016-09-30,EBAY,,,,,,,,,,,,,,,,,,,,,,,,,,,,,,,,,,,,,,0.01,,,0.44,,,,,,,,,,,,,,,,,,,,,,,,,,,,,,,,,,,,,,,,,,,,,,,,,2016-10-19,,0.45,,post-market,,,,,,,,,,,,,2.2727,,,,,,,,,,,,
2016-12-31,EBAY,,,,,,,,,,,,,,,,,,,,,,,,,,,,,,,,,,,,,,0.0,,,0.54,,,,,,,,,,,,,,,,,,,,,,,,,,,,,,,,,,,,,,,,,,,,,,,,,2017-01-25,,0.54,,post-market,,,,,,,,,,,,,0.0,,,,,,,,,,,,
2017-03-31,EBAY,,,,,,,,,,,,,,,,,,,,,,,,,,,,,,,,,,,,,,0.01,,,0.48,,,,,,,,,,,,,,,,,,,,,,,,,,,,,,,,,,,,,,,,,,,,,,,,,2017-04-19,,0.49,,post-market,,,,,,,,,,,,,2.0833,,,,,,,,,,,,
2017-06-30,EBAY,,,,,,,,,,,,,,,,,,,,,,,,,,,,,,,,,,,,,,0.0,,,0.45,,,,,,,,,,,,,,,,,,,,,,,,,,,,,,,,,,,,,,,,,,,,,,,,,2017-07-20,,0.45,,post-market,,,,,,,,,,,,,0.0,,,,,,,,,,,,
2017-09-30,EBAY,,,,,,,,,,,,,,,,,,,,,,,,,,,,,,,,,,,,,,0.0,,,0.48,,,,,,,,,,,,,,,,,,,,,,,,,,,,,,,,,,,,,,,,,,,,,,,,,2017-10-18,,0.48,,post-market,,,,,,,,,,,,,0.0,,,,,,,,,,,,
2017-12-31,EBAY,,,,,,,,,,,,,,,,,,,,,,,,,,,,,,,,,,,,,,0.0,,,0.59,,,,,,,,,,,,,,,,,,,,,,,,,,,,,,,,,,,,,,,,,,,,,,,,,2018-01-31,,0.59,,post-market,,,,,,,,,,,,,0.0,,,,,,,,,,,,
2018-03-31,EBAY,,,,,,,,,,,,,,,,,,,,,,,,,,,,,,,,,,,,,,0.0,,,0.53,,,,,,,,,,,,,,,,,,,,,,,,,,,,,,,,,,,,,,,,,,,,,,,,,2018-04-25,,0.53,,post-market,,,,,,,,,,,,,0.0,,,,,,,,,,,,
2018-06-30,EBAY,,,,,,,,,,,,,,,,,,,,,,,,,,,,,,,,,,,,,,0.02,,,0.51,,,,,,,,,,,,,,,,,,,,,,,,,,,,,,,,,,,,,,,,,,,,,,,,,2018-07-18,,0.53,,post-market,,,,,,,,,,,,,3.9216,,,,,,,,,,,,
2018-09-30,EBAY,,,,,,,,,,,,,,,,,,,,,,,,,,,,,,,,,,,,,,0.02,,,0.54,,,,,,,,,,,,,,,,,,,,,,,,,,,,,,,,,,,,,,,,,,,,,,,,,2018-10-30,,0.56,,post-market,,,,,,,,,,,,,3.7037,,,,,,,,,,,,
2018-12-31,EBAY,,,,,,,,,,,,,,,,,,,,,,,,,,,,,,,,,,,,,,0.03,,,0.68,,,,,,,,,,,,,,,,,,,,,,,,,,,,,,,,,,,,,,,,,,,,,,,,,2019-01-29,,0.71,,post-market,,,,,,,,,,,,,4.4118,,,,,,,,,,,,
2019-03-31,EBAY,,,,,,,,,,,,,,,,,,,,,,,,,,,,,,,,,,,,,,0.04,,,0.63,,,,,,,,,,,,,,,,,,,,,,,,,,,,,,,,,,,,,,,,,,,,,,,,,2019-04-23,,0.67,,post-market,,,,,,,,,,,,,6.3492,,,,,,,,,,,,
2019-06-30,EBAY,,,,,,,,,,,,,,,,,,,,,,,,,,,,,,,,,,,,,,0.06,,,0.62,,,,,,,,,,,,,,,,,,,,,,,,,,,,,,,,,,,,,,,,,,,,,,,,,2019-07-17,,0.68,,post-market,,,,,,,,,,,,,9.6774,,,,,,,,,,,,
2019-09-30,EBAY,,,,,,,,,,,,,,,,,,,,,,,,,,,,,,,,,,,,,,0.03,,,0.64,,,,,,,,,,,,,,,,,,,,,,,,,,,,,,,,,,,,,,,,,,,,,,,,,2019-10-23,,0.67,,post-market,,,,,,,,,,,,,4.6875,,,,,,,,,,,,
2019-12-31,EBAY,,,,,,,,,,,,,,,,,,,,,,,,,,,,,,,,,,,,,,0.05,,,0.76,,,,,,,,,,,,,,,,,,,,,,,,,,,,,,,,,,,,,,,,,,,,,,,,,2020-01-28,,0.81,,post-market,,,,,,,,,,,,,6.5789,,,,,,,,,,,,
2020-03-31,EBAY,,,,,,,,,,,,,,,,,,,,,,,,,,,,,,,,,,,,,,0.05,,,0.72,,,,,,,,,,,,,,,,,,,,,,,,,,,,,,,,,,,,,,,,,,,,,,,,,2020-04-29,,0.77,,post-market,,,,,,,,,,,,,6.9444,,,,,,,,,,,,
2020-06-30,EBAY,,,,,,,,,,,,,,,,,,,,,,,,,,,,,,,,,,,,,,0.02,,,1.06,,,,,,,,,,,,,,,,,,,,,,,,,,,,,,,,,,,,,,,,,,,,,,,,,2020-07-28,,1.08,,post-market,,,,,,,,,,,,,1.8868,,,,,,,,,,,,
2020-09-30,EBAY,,,,,,,,,,,,,,,,,,,,,,,,,,,,,,,,,,,,,,0.08,,,0.77,,,,,,,,,,,,,,,,,,,,,,,,,,,,,,,,,,,,,,,,,,,,,,,,,2020-10-28,,0.85,,post-market,,,,,,,,,,,,,10.3896,,,,,,,,,,,,
2020-12-31,EBAY,,,,,,,,,,,,,,,,,,,,,,,,,,,,,,,,,,,,,,0.03,,,0.83,,,,,,,,,,,,,,,,,,,,,,,,,,,,,,,,,,,,,,,,,,,,,,,,,2021-02-03,,0.86,,post-market,,,,,,,,,,,,,3.6145,,,,,,,,,,,,
2021-03-31,EBAY,,,,,,,,,,,,,,,,,,,,,,,,,,,,,,,,,,,,,,0.02,,,1.07,,,,,,,,,,,,,,,,,,,,,,,,,,,,,,,,,,,,,,,,,,,,,,,,,2021-04-28,,1.09,,post-market,,,,,,,,,,,,,1.8692,,,,,,,,,,,,
2021-06-30,EBAY,,,,,,,,,,,,,,,,,,,,,,,,,,,,,,,,,,,,,,0.04,,,0.95,,,,,,,,,,,,,,,,,,,,,,,,,,,,,,,,,,,,,,,,,,,,,,,,,2021-08-11,,0.99,,post-market,,,,,,,,,,,,,4.2105,,,,,,,,,,,,
2021-09-30,EBAY,,,,,,,,,,,,,,,,,,,,,,,,,,,,,,,,,,,,,,0.01,,,0.89,,,,,,,,,,,,,,,,,,,,,,,,,,,,,,,,,,,,,,,,,,,,,,,,,2021-10-27,,0.9,,post-market,,,,,,,,,,,,,1.1236,,,,,,,,,,,,
2021-12-31,EBAY,,,,,,,,,,,,,,,,,,,,,,,,,,,,,,,,,,,,,,0.06,,,0.99,,,,,,,,,,,,,,,,,,,,,,,,,,,,,,,,,,,,,,,,,,,,,,,,,2022-02-23,,1.05,,post-market,,,,,,,,,,,,,6.0606,,,,,,,,,,,,
2022-03-31,EBAY,,,,,,,,,,,,,,,,,,,,,,,,,,,,,,,,,,,,,,0.02,,,1.03,,,,,,,,,,,,,,,,,,,,,,,,,,,,,,,,,,,,,,,,,,,,,,,,,2022-05-04,,1.05,,post-market,,,,,,,,,,,,,1.9417,,,,,,,,,,,,
2022-06-30,EBAY,,,,,,,,,,,,,,,,,,,,,,,,,,,,,,,,,,,,,,0.1,,,0.89,,,,,,,,,,,,,,,,,,,,,,,,,,,,,,,,,,,,,,,,,,,,,,,,,2022-08-03,,0.99,,post-market,,,,,,,,,,,,,11.236,,,,,,,,,,,,
2022-09-30,EBAY,,,,,,,,,,,,,,,,,,,,,,,,,,,,,,,,,,,,,,0.07,,,0.93,,,,,,,,,,,,,,,,,,,,,,,,,,,,,,,,,,,,,,,,,,,,,,,,,2022-11-02,,1.0,,post-market,,,,,,,,,,,,,7.5269,,,,,,,,,,,,
2022-12-31,EBAY,,,,,,,,,,,,,,,,,,,,,,,,,,,,,,,,,,,,,,0.01,,,1.06,,,,,,,,,,,,,,,,,,,,,,,,,,,,,,,,,,,,,,,,,,,,,,,,,2023-02-22,,1.07,,post-market,,,,,,,,,,,,,0.9434,,,,,,,,,,,,
2023-03-31,EBAY,,,,,,,,,,,,,,,,,,,,,,,,,,,,,,,,,,,,,,0.04,,,1.07,,,,,,,,,,,,,,,,,,,,,,,,,,,,,,,,,,,,,,,,,,,,,,,,,2023-04-26,,1.11,,post-market,,,,,,,,,,,,,3.7383,,,,,,,,,,,,
2023-06-30,EBAY,,,,,,,,,,,,,,,,,,,,,,,,,,,,,,,,,,,,,,0.03,,,1.0,,,,,,,,,,,,,,,,,,,,,,,,,,,,,,,,,,,,,,,,,,,,,,,,,2023-07-26,,1.03,,post-market,,,,,,,,,,,,,3.0,,,,,,,,,,,,
2023-09-30,EBAY,,,,,,,,,,,,,,,,,,,,,,,,,,,,,,,,,,,,,,0.03,,,1.0,,,,,,,,,,,,,,,,,,,,,,,,,,,,,,,,,,,,,,,,,,,,,,,,,2023-11-07,,1.03,,post-market,,,,,,,,,,,,,3.0,,,,,,,,,,,,
2023-12-31,EBAY,,,,,,,,,,,,,,,,,,,,,,,,,,,,,,,,,,,,,,0.04,,,1.03,,,,,,,,,,,,,,,,,,,,,,,,,,,,,,,,,,,,,,,,,,,,,,,,,2024-02-27,,1.07,,post-market,,,,,,,,,,,,,3.8835,,,,,,,,,,,,
2024-03-31,EBAY,,,,,,,,,,,,,,,,,,,,,,,,,,,,,,,,,,,,,,0.05,,,1.2,,,,,,,,,,,,,,,,,,,,,,,,,,,,,,,,,,,,,,,,,,,,,,,,,2024-05-01,,1.25,,post-market,,,,,,,,,,,,,4.1667,,,,,,,,,,,,
2024-06-30,EBAY,,,,,,,,,,,,,,,,,,,,,,,,,,,,,,,,,,,,,,0.05,,,1.13,,,,,,,,,,,,,,,,,,,,,,,,,,,,,,,,,,,,,,,,,,,,,,,,,2024-07-31,,1.18,,post-market,,,,,,,,,,,,,4.4248,,,,,,,,,,,,
2024-09-30,EBAY,,,,,,,,,,,,,,,,,,,,,,,,,,,,,,,,,,,,,,0.01,,,1.18,,,,,,,,,,,,,,,,,,,,,,,,,,,,,,,,,,,,,,,,,,,,,,,,,2024-10-30,,1.19,,post-market,,,,,,,,,,,,,0.8475,,,,,,,,,,,,
2024-12-31,EBAY,,,,,,,,,,,,,,,,,,,,,,,,,,,,,,,,,,,,,,0.04,,,1.21,,,,,,,,,,,,,,,,,,,,,,,,,,,,,,,,,,,,,,,,,,,,,,,,,2025-02-25,,1.25,,post-market,,,,,,,,,,,,,3.3058,,,,,,,,,,,,
2025-03-31,EBAY,,,,,,,,,,,,,,,,,,,,,,,,,,,,,,,,,,,,,,0.18,,,1.2,,,,,,,,,,,,,,,,,,,,,,,,,,,,,,,,,,,,,,,,,,,,,,,,,2025-04-29,,1.38,,pre-market,,,,,,,,,,,,,15.0,,,,,,,,,,,,
2025-06-30,EBAY,,,,,,,,,,,,,,,,,,,,,,,,,,,,,,,,,,,,,,0.08,,,1.29,,,,,,,,,,,,,,,,,,,,,,,,,,,,,,,,,,,,,,,,,,,,,,,,,2025-07-29,,1.37,,pre-market,,,,,,,,,,,,,6.2016,,,,,,,,,,,,
2025-09-30,EBAY,,,,,,,,,,,,,,,,,,,,,,,,,,,,,,,,,,,,,,0.03,,,1.33,,,,,,,,,,,,,,,,,,,,,,,,,,,,,,,,,,,,,,,,,,,,,,,,,2025-10-29,,1.36,,pre-market,,,,,,,,,,,,,2.2556,,,,,,,,,,,,
2025-12-28,EBAY,4.51,10714000000.0,18.89,,1.341,10.39,,,,,,,,,,,,,,,,,,,,,,,,,,1.14,0.0135,,,,0.054,0.03,,,1.33,,14.29,,7676000000.0,,,,,,,,,,,,,,,,,,,0.214,,,,,,,,,,,,,2.38,8.1,3.635,,,,,,,,0.204,,,2025-10-29,,1.36,,pre-market,,,0.0785,0.424,0.095,23.03,,,,,80.87,85.78,2.2556,,,,,,,,,18.89,,100.76,58.09
2025-12-28,EBAY,4.51,10714000000.0,18.89,,1.341,10.39,,,,,,,,,,,,,,,None,821000000,821000000,,,,,,None,106000000,,1.14,0.0135,,,,0.054,0.03,635000000,741000000,1.33,2025-09-30,14.29,,7676000000.0,1999000000,573000000,-24000000,,,None,62000000,65000000,,None,,,,,632000000,597000000,3000000,None,0.214,,1423000000,576000000,,,,,None,,,,,2.38,8.1,3.635,,,,,,,,0.204,,,2025-10-29,quarterly,1.36,USD,pre-market,423000000,,0.0785,0.424,0.095,23.03,282000000,,,,80.87,85.78,2.2556,,,,,,,2820000000,,18.89,,100.76,58.09
2025-12-28,EBAY,4.51,10714000000.0,18.89,,1.341,10.39,,,,,,,,,,,,,,,None,776000000,776000000,,,,,,None,107000000,,1.14,0.0135,,,,0.054,0.03,539000000,646000000,1.33,2025-06-30,14.29,,7676000000.0,1954000000,477000000,108000000,,,None,62000000,64000000,,None,,,,,368000000,369000000,2000000,None,0.214,,1470000000,484000000,,,,,None,,,,,2.38,8.1,3.635,,,,,,,,0.204,,,2025-10-29,quarterly,1.36,USD,pre-market,421000000,,0.0785,0.424,0.095,23.03,371000000,,,,80.87,85.78,2.2556,,,,,,,2730000000,,18.89,,100.76,58.09
2025-12-28,EBAY,4.51,10714000000.0,18.89,,1.341,10.39,,,,,,,,,,,,,,,None,723000000,723000000,,,,,,None,79000000,,1.14,0.0135,,,,0.054,0.03,695000000,774000000,1.33,2025-03-31,14.29,,7676000000.0,1862000000,634000000,129000000,,,None,61000000,77000000,,None,,,,,503000000,505000000,16000000,None,0.214,,1246000000,616000000,,,,,None,,,,,2.38,8.1,3.635,,,,,,,,0.204,,,2025-10-29,quarterly,1.36,USD,pre-market,362000000,,0.0785,0.424,0.095,23.03,261000000,,,,80.87,85.78,2.2556,,,,,,,2585000000,,18.89,,100.76,58.09
2025-12-28,EBAY,4.51,10714000000.0,18.89,,1.341,10.39,,,,,,,,,,,,,,,None,718000000,718000000,,,,,,None,79000000,,1.14,0.0135,,,,0.054,0.03,682000000,761000000,1.33,2024-12-31,14.29,,7676000000.0,1861000000,617000000,-63000000,,,None,65000000,76000000,,None,,,,,679000000,680000000,11000000,None,0.214,,1318000000,543000000,,,,,None,,,,,2.38,8.1,3.635,,,,,,,,0.204,,,2025-10-29,quarterly,1.36,USD,pre-market,375000000,,0.0785,0.424,0.095,23.03,241000000,,,,80.87,85.78,2.2556,,,,,,,2579000000,,18.89,,100.76,58.09
2025-12-28,EBAY,4.51,10714000000.0,18.89,,1.341,10.39,,,,,,,,,,,,,,,None,727000000,727000000,,,,,,None,92000000,,1.14,0.0135,,,,0.054,0.03,860000000,952000000,1.33,2024-09-30,14.29,,7676000000.0,1849000000,797000000,161000000,,,None,63000000,72000000,,None,,,,,634000000,636000000,9000000,None,0.214,,1254000000,595000000,,,,,None,,,,,2.38,8.1,3.635,,,,,,,,0.204,,,2025-10-29,quarterly,1.36,USD,pre-market,374000000,,0.0785,0.424,0.095,23.03,194000000,,,,80.87,85.78,2.2556,,,,,,,2576000000,,18.89,,100.76,58.09
2025-12-28,EBAY,4.51,10714000000.0,18.89,,1.341,10.39,,,,,,,,,,,,,,,None,735000000,735000000,,,,,,None,77000000,,1.14,0.0135,,,,0.054,0.03,393000000,470000000,1.33,2024-06-30,14.29,,7676000000.0,1837000000,328000000,102000000,,,None,65000000,63000000,,None,,,,,224000000,226000000,-2000000,None,0.214,,1288000000,549000000,,,,,None,,,,,2.38,8.1,3.635,,,,,,,,0.204,,,2025-10-29,quarterly,1.36,USD,pre-market,379000000,,0.0785,0.424,0.095,23.03,241000000,,,,80.87,85.78,2.2556,,,,,,,2572000000,,18.89,,100.76,58.09
2025-12-28,EBAY,4.51,10714000000.0,18.89,,1.341,10.39,,,,,,,,,,,,,,,None,700000000,700000000,,,,,,None,76000000,,1.14,0.0135,,,,0.054,0.03,602000000,678000000,1.33,2024-03-31,14.29,,7676000000.0,1856000000,536000000,97000000,,,None,66000000,61000000,,None,,,,,438000000,439000000,-5000000,None,0.214,,1225000000,631000000,,,,,None,,,,,2.38,8.1,3.635,,,,,,,,0.204,,,2025-10-29,quarterly,1.36,USD,pre-market,351000000,,0.0785,0.424,0.095,23.03,238000000,,,,80.87,85.78,2.2556,,,,,,,2556000000,,18.89,,100.76,58.09
2025-12-28,EBAY,4.51,10714000000.0,18.89,,1.341,10.39,,,,,,,,,,,,,,,None,705000000,705000000,,,,,,None,98000000,,1.14,0.0135,,,,0.054,0.03,507000000,605000000,1.33,2023-12-31,14.29,,7676000000.0,1846000000,1031000000,303000000,,,None,65000000,None,,None,,,,,724000000,728000000,-8000000,None,0.214,,1339000000,507000000,,,,,None,,,,,2.38,8.1,3.635,,,,,,,,0.204,,,2025-10-29,quarterly,1.36,USD,pre-market,399000000,,0.0785,0.424,0.095,23.03,365000000,,,,80.87,85.78,2.2556,,,,,,,2551000000,,18.89,,100.76,58.09
2025-12-28,EBAY,4.51,10714000000.0,18.89,,1.341,10.39,,,,,,,,,,,,,,,None,705000000,705000000,,,,,,None,97000000,,1.14,0.0135,,,,0.054,0.03,1726000000,1823000000,1.33,2023-09-30,14.29,,7676000000.0,1795000000,1661000000,355000000,,,None,65000000,58000000,,None,,,,,1305000000,1306000000,-6000000,None,0.214,,1340000000,455000000,,,,,None,,,,,2.38,8.1,3.635,,,,,,,,0.204,,,2025-10-29,quarterly,1.36,USD,pre-market,401000000,,0.0785,0.424,0.095,23.03,283000000,,,,80.87,85.78,2.2556,,,,,,,2500000000,,18.89,,100.76,58.09
2025-12-28,EBAY,4.51,10714000000.0,18.89,,1.341,10.39,,,,,,,,,,,,,,,None,718000000,718000000,,,,,,None,101000000,,1.14,0.0135,,,,0.054,0.03,350000000,451000000,1.33,2023-06-30,14.29,,7676000000.0,1822000000,285000000,113000000,,,None,65000000,None,,None,,,,,171000000,172000000,-19000000,None,0.214,,1304000000,518000000,,,,,None,,,,,2.38,8.1,3.635,,,,,,,,0.204,,,2025-10-29,quarterly,1.36,USD,pre-market,392000000,,0.0785,0.424,0.095,23.03,251000000,,,,80.87,85.78,2.2556,,,,,,,2540000000,,18.89,,100.76,58.09
2025-12-28,EBAY,4.51,10714000000.0,18.89,,1.341,10.39,,,,,,,,,,,,,,,None,700000000,700000000,,,,,,None,107000000,,1.14,0.0135,,,,0.054,0.03,798000000,905000000,1.33,2023-03-31,14.29,,7676000000.0,1810000000,730000000,161000000,,,None,68000000,42000000,,None,,,,,567000000,569000000,-26000000,None,0.214,,1252000000,558000000,,,,,None,,,,,2.38,8.1,3.635,,,,,,,,0.204,,,2025-10-29,quarterly,1.36,USD,pre-market,352000000,,0.0785,0.424,0.095,23.03,297000000,,,,80.87,85.78,2.2556,,,,,,,2510000000,,18.89,,100.76,58.09
2025-12-28,EBAY,4.51,10714000000.0,18.89,,1.341,10.39,,,,,,,,,,,,,,,None,681000000,681000000,,,,,,None,107000000,,1.14,0.0135,,,,0.054,0.03,565000000,672000000,1.33,2022-12-31,14.29,,7676000000.0,1829000000,829000000,158000000,,,None,55000000,None,,None,,,,,672000000,671000000,-55000000,None,0.214,,1264000000,565000000,,,,,None,,,,,2.38,8.1,3.635,,,,,,,,0.204,,,2025-10-29,quarterly,1.36,USD,pre-market,340000000,,0.0785,0.424,0.095,23.03,288000000,,,,80.87,85.78,2.2556,,,,,,,2510000000,,18.89,,100.76,58.09
2025-12-28,EBAY,4.51,10714000000.0,18.89,,1.341,10.39,,,,,,,,,,,,,,,None,647000000,647000000,,,,,,None,104000000,,1.14,0.0135,,,,0.054,0.03,-25000000,79000000,1.33,2022-09-30,14.29,,7676000000.0,1733000000,-54000000,16000000,,,None,29000000,None,,None,,,,,-69000000,-70000000,-29000000,None,0.214,,1165000000,568000000,,,,,None,,,,,2.38,8.1,3.635,,,,,,,,0.204,,,2025-10-29,quarterly,1.36,USD,pre-market,345000000,,0.0785,0.424,0.095,23.03,212000000,,,,80.87,85.78,2.2556,,,,,,,2380000000,,18.89,,100.76,58.09
2025-12-28,EBAY,4.51,10714000000.0,18.89,,1.341,10.39,,,,,,,,,,,,,,,None,663000000,663000000,,,,,,None,113000000,,1.14,0.0135,,,,0.054,0.03,-696000000,-583000000,1.33,2022-06-30,14.29,,7676000000.0,1759000000,-727000000,-191000000,,,None,31000000,None,,None,,,,,-531000000,-536000000,-31000000,None,0.214,,1234000000,525000000,,,,,None,,,,,2.38,8.1,3.635,,,,,,,,0.204,,,2025-10-29,quarterly,1.36,USD,pre-market,344000000,,0.0785,0.424,0.095,23.03,237000000,,,,80.87,85.78,2.2556,,,,,,,2422000000,,18.89,,100.76,58.09
2025-12-28,EBAY,4.51,10714000000.0,18.89,,1.341,10.39,,,,,,,,,,,,,,,None,689000000,689000000,,,,,,None,118000000,,1.14,0.0135,,,,0.054,0.03,-1599000000,-1481000000,1.33,2022-03-31,14.29,,7676000000.0,1794000000,-1649000000,-310000000,,,None,50000000,None,,None,,,,,-1341000000,-1339000000,-50000000,None,0.214,,1102000000,692000000,,,,,None,,,,,2.38,8.1,3.635,,,,,,,,0.204,,,2025-10-29,quarterly,1.36,USD,pre-market,301000000,,0.0785,0.424,0.095,23.03,226000000,,,,80.87,85.78,2.2556,,,,,,,2483000000,,18.89,,100.76,58.09
2025-12-28,EBAY,4.51,10714000000.0,18.89,,1.341,10.39,,,,,,,,,,,,,,,None,694000000,694000000,,,,,,None,122000000,,1.14,0.0135,,,,0.054,0.03,-1568000000,-1446000000,1.33,2021-12-31,14.29,,7676000000.0,1919000000,-1161000000,-268000000,,,None,65000000,None,,None,,,,,1969000000,-893000000,26000000,None,0.214,,1231000000,688000000,,,,,None,,,,,2.38,8.1,3.635,,,,,,,,0.204,,,2025-10-29,quarterly,1.36,USD,pre-market,337000000,,0.0785,0.424,0.095,23.03,206000000,,,,80.87,85.78,2.2556,,,,,,,2613000000,,18.89,,100.76,58.09
2025-12-28,EBAY,4.51,10714000000.0,18.89,,1.341,10.39,,,,,,,,,,,,,,,None,678000000,678000000,,,,,,None,119000000,,1.14,0.0135,,,,0.054,0.03,481000000,600000000,1.33,2021-09-30,14.29,,7676000000.0,1823000000,434000000,151000000,,,None,47000000,None,,None,,,,,264000000,283000000,-228000000,None,0.214,,1161000000,662000000,,,,,None,,,,,2.38,8.1,3.635,,,,,,,,0.204,,,2025-10-29,quarterly,1.36,USD,pre-market,334000000,,0.0785,0.424,0.095,23.03,219000000,,,,80.87,85.78,2.2556,,,,,,,2501000000,,18.89,,100.76,58.09
2025-12-28,EBAY,4.51,10714000000.0,18.89,,1.341,10.39,,,,,,,,,,,,,,,None,672000000,672000000,,,,,,None,127000000,,1.14,0.0135,,,,0.054,0.03,459000000,586000000,1.33,2021-06-30,14.29,,7676000000.0,1996000000,401000000,107000000,,,None,58000000,None,,None,,,,,10734000000,294000000,-331000000,None,0.214,,1264000000,732000000,,,,,None,,,,,2.38,8.1,3.635,,,,,,,,0.204,,,2025-10-29,quarterly,1.36,USD,pre-market,350000000,,0.0785,0.424,0.095,23.03,250000000,,,,80.87,85.78,2.2556,,,,,,,2668000000,,18.89,,100.76,58.09
2025-12-28,EBAY,4.51,10714000000.0,18.89,,1.341,10.39,,,,,,,,,,,,,,,None,606000000,606000000,,,,,,None,134000000,,1.14,0.0135,,,,0.054,0.03,805000000,939000000,1.33,2021-03-31,14.29,,7676000000.0,2032000000,724000000,156000000,,,None,81000000,None,,None,,,,,641000000,569000000,-117000000,None,0.214,,1191000000,841000000,,,,,None,,,,,2.38,8.1,3.635,,,,,,,,0.204,,,2025-10-29,quarterly,1.36,USD,pre-market,304000000,,0.0785,0.424,0.095,23.03,246000000,,,,80.87,85.78,2.2556,,,,,,,2638000000,,18.89,,100.76,58.09
2025-12-28,EBAY,4.51,10714000000.0,18.89,,1.341,10.39,,,,,,,,,,,,,,,None,742000000,742000000,,,,,,None,138000000,,1.14,0.0135,,,,0.054,0.03,1723000000,1861000000,1.33,2020-12-31,14.29,,7676000000.0,2126000000,1109000000,328000000,,,None,94000000,238000000,,None,,,,,845000000,696000000,-575000000,None,0.214,,1449000000,677000000,,,,,None,,,,,2.38,8.1,3.635,,,,,,,,0.204,,,2025-10-29,quarterly,1.36,USD,pre-market,299000000,,0.0785,0.424,0.095,23.03,253000000,,,,80.87,85.78,2.2556,,,,,,,2868000000,,18.89,,100.76,58.09
2025-12-28,EBAY,4.51,10714000000.0,18.89,,1.341,10.39,,,,,,,,,,,,,,,None,478000000,478000000,,,,,,None,157000000,,1.14,0.0135,,,,0.054,0.03,662000000,819000000,1.33,2020-09-30,14.29,,7676000000.0,1780000000,756000000,151000000,,,None,67000000,95000000,,None,,,,,664000000,621000000,95000000,None,0.214,,1118000000,662000000,,,,,None,,,,,2.38,8.1,3.635,,,,,,,,0.204,,,2025-10-29,quarterly,1.36,USD,pre-market,271000000,,0.0785,0.424,0.095,23.03,253000000,,,,80.87,85.78,2.2556,,,,,,,2258000000,,18.89,,100.76,58.09
2025-12-28,EBAY,4.51,10714000000.0,18.89,,1.341,10.39,,,,,,,,,,,,,,,None,417000000,417000000,,,,,,None,154000000,,1.14,0.0135,,,,0.054,0.03,764000000,918000000,1.33,2020-06-30,14.29,,7676000000.0,1920000000,945000000,256000000,,,None,74000000,182000000,,None,,,,,746000000,740000000,182000000,None,0.214,,1156000000,764000000,,,,,None,,,,,2.38,8.1,3.635,,,,,,,,0.204,,,2025-10-29,quarterly,1.36,USD,pre-market,256000000,,0.0785,0.424,0.095,23.03,281000000,,,,80.87,85.78,2.2556,,,,,,,2337000000,,18.89,,100.76,58.09
2025-12-28,EBAY,4.51,10714000000.0,18.89,,1.341,10.39,,,,,,,,,,,,,,,None,502000000,502000000,,,,,,None,141000000,,1.14,0.0135,,,,0.054,0.03,565000000,706000000,1.33,2020-03-31,14.29,,7676000000.0,1627000000,566000000,135000000,,,None,58000000,2000000,,None,,,,,3412000000,485000000,2000000,None,0.214,,1062000000,565000000,,,,,None,,,,,2.38,8.1,3.635,,,,,,,,0.204,,,2025-10-29,quarterly,1.36,USD,pre-market,232000000,,0.0785,0.424,0.095,23.03,207000000,,,,80.87,85.78,2.2556,,,,,,,2129000000,,18.89,,100.76,58.09
2025-12-28,EBAY,4.51,10714000000.0,18.89,,1.341,10.39,,,,,,,,,,,,,,,None,650000000,650000000,,,,,,None,167000000,,1.14,0.0135,,,,0.054,0.03,816000000,983000000,1.33,2019-12-31,14.29,,7676000000.0,2171000000,634000000,76000000,,,None,63000000,15000000,,None,,,,,556000000,558000000,-62000000,None,0.214,,1552000000,619000000,,,,,None,,,,,2.38,8.1,3.635,,,,,,,,0.204,,,2025-10-29,quarterly,1.36,USD,pre-market,308000000,,0.0785,0.424,0.095,23.03,323000000,,,,80.87,85.78,2.2556,,,,,,,2821000000,,18.89,,100.76,58.09
2025-12-28,EBAY,4.51,10714000000.0,18.89,,1.341,10.39,,,,,,,,,,,,,,,None,530000000,530000000,,,,,,None,144000000,,1.14,0.0135,,,,0.054,0.03,408000000,552000000,1.33,2019-09-30,14.29,,7676000000.0,1553000000,266000000,56000000,,,None,73000000,142000000,,None,,,,,310000000,310000000,-142000000,None,0.214,,1145000000,408000000,,,,,None,,,,,2.38,8.1,3.635,,,,,,,,0.204,,,2025-10-29,quarterly,1.36,USD,pre-market,243000000,,0.0785,0.424,0.095,23.03,250000000,,,,80.87,85.78,2.2556,,,,,,,2083000000,,18.89,,100.76,58.09
2025-12-28,EBAY,4.51,10714000000.0,18.89,,1.341,10.39,,,,,,,,,,,,,,,None,553000000,553000000,,,,,,None,168000000,,1.14,0.0135,,,,0.054,0.03,558000000,726000000,1.33,2019-06-30,14.29,,7676000000.0,1870000000,507000000,107000000,,,None,11000000,51000000,,None,,,,,402000000,403000000,-51000000,None,0.214,,1312000000,558000000,,,,,None,,,,,2.38,8.1,3.635,,,,,,,,0.204,,,2025-10-29,quarterly,1.36,USD,pre-market,295000000,,0.0785,0.424,0.095,23.03,256000000,,,,80.87,85.78,2.2556,,,,,,,2423000000,,18.89,,100.76,58.09
2025-12-28,EBAY,4.51,10714000000.0,18.89,,1.341,10.39,,,,,,,,,,,,,,,None,539000000,539000000,,,,,,None,162000000,,1.14,0.0135,,,,0.054,0.03,593000000,755000000,1.33,2019-03-31,14.29,,7676000000.0,1874000000,657000000,141000000,,,None,80000000,None,,None,,,,,518000000,521000000,64000000,None,0.214,,1281000000,593000000,,,,,None,,,,,2.38,8.1,3.635,,,,,,,,0.204,,,2025-10-29,quarterly,1.36,USD,pre-market,272000000,,0.0785,0.424,0.095,23.03,284000000,,,,80.87,85.78,2.2556,,,,,,,2413000000,,18.89,,100.76,58.09
2025-12-28,EBAY,4.51,10714000000.0,18.89,,1.341,10.39,,,,,,,,,,,,,,,None,618000000,618000000,,,,,,None,172000000,,1.14,0.0135,,,,0.054,0.03,1503000000,1675000000,1.33,2018-12-31,14.29,,7676000000.0,2259000000,516000000,-247000000,,,None,811000000,None,,None,,,,,760000000,763000000,None,None,0.214,,1578000000,681000000,,,,,None,,,,,2.38,8.1,3.635,,,,,,,,0.204,,,2025-10-29,quarterly,1.36,USD,pre-market,292000000,,0.0785,0.424,0.095,23.03,245000000,,,,80.87,85.78,2.2556,,,,,,,2877000000,,18.89,,100.76,58.09
2025-12-28,EBAY,4.51,10714000000.0,18.89,,1.341,10.39,,,,,,,,,,,,,,,None,608000000,608000000,,,,,,None,175000000,,1.14,0.0135,,,,0.054,0.03,556000000,731000000,1.33,2018-09-30,14.29,,7676000000.0,2041000000,948000000,228000000,,,None,79000000,None,,None,,,,,721000000,720000000,None,None,0.214,,1485000000,556000000,,,,,None,,,,,2.38,8.1,3.635,,,,,,,,0.204,,,2025-10-29,quarterly,1.36,USD,pre-market,307000000,,0.0785,0.424,0.095,23.03,248000000,,,,80.87,85.78,2.2556,,,,,,,2649000000,,18.89,,100.76,58.09
2025-12-28,EBAY,4.51,10714000000.0,18.89,,1.341,10.39,,,,,,,,,,,,,,,None,597000000,597000000,,,,,,None,170000000,,1.14,0.0135,,,,0.054,0.03,406000000,576000000,1.33,2018-06-30,14.29,,7676000000.0,2043000000,707000000,69000000,,,None,79000000,None,,None,,,,,642000000,638000000,None,None,0.214,,1637000000,406000000,,,,,None,,,,,2.38,8.1,3.635,,,,,,,,0.204,,,2025-10-29,quarterly,1.36,USD,pre-market,352000000,,0.0785,0.424,0.095,23.03,368000000,,,,80.87,85.78,2.2556,,,,,,,2640000000,,18.89,,100.76,58.09
2025-12-28,EBAY,4.51,10714000000.0,18.89,,1.341,10.39,,,,,,,,,,,,,,,None,559000000,559000000,,,,,,None,179000000,,1.14,0.0135,,,,0.054,0.03,579000000,758000000,1.33,2018-03-31,14.29,,7676000000.0,2021000000,547000000,140000000,,,None,32000000,None,,None,,,,,407000000,407000000,None,None,0.214,,1442000000,579000000,,,,,None,,,,,2.38,8.1,3.635,,,,,,,,0.204,,,2025-10-29,quarterly,1.36,USD,pre-market,334000000,,0.0785,0.424,0.095,23.03,270000000,,,,80.87,85.78,2.2556,,,,,,,2580000000,,18.89,,100.76,58.09
2025-12-28,EBAY,4.51,10714000000.0,18.89,,1.341,10.39,,,,,,,,,,,,,,,None,590000000,590000000,,,,,,None,172000000,,1.14,0.0135,,,,0.054,0.03,966000000,1138000000,1.33,2017-12-31,14.29,,7676000000.0,2023000000,561000000,3158000000,,,None,228000000,None,,None,,,,,-2601000000,-2597000000,None,None,0.214,,1360000000,663000000,,,,,None,,,,,2.38,8.1,3.635,,,,,,,,0.204,,,2025-10-29,quarterly,1.36,USD,pre-market,317000000,,0.0785,0.424,0.095,23.03,265000000,,,,80.87,85.78,2.2556,,,,,,,2613000000,,18.89,,100.76,58.09
2025-12-28,EBAY,4.51,10714000000.0,18.89,,1.341,10.39,,,,,,,,,,,,,,,None,557000000,557000000,,,,,,None,173000000,,1.14,0.0135,,,,0.054,0.03,574000000,747000000,1.33,2017-09-30,14.29,,7676000000.0,1941000000,694000000,174000000,,,None,83000000,None,,None,,,,,520000000,523000000,None,None,0.214,,1367000000,574000000,,,,,None,,,,,2.38,8.1,3.635,,,,,,,,0.204,,,2025-10-29,quarterly,1.36,USD,pre-market,316000000,,0.0785,0.424,0.095,23.03,254000000,,,,80.87,85.78,2.2556,,,,,,,2498000000,,18.89,,100.76,58.09
2025-12-28,EBAY,4.51,10714000000.0,18.89,,1.341,10.39,,,,,,,,,,,,,,,None,560000000,560000000,,,,,,None,168000000,,1.14,0.0135,,,,0.054,0.03,480000000,648000000,1.33,2017-06-30,14.29,,7676000000.0,1859000000,462000000,433000000,,,None,18000000,None,,None,,,,,29000000,27000000,None,None,0.214,,1379000000,480000000,,,,,None,,,,,2.38,8.1,3.635,,,,,,,,0.204,,,2025-10-29,quarterly,1.36,USD,pre-market,313000000,,0.0785,0.424,0.095,23.03,267000000,,,,80.87,85.78,2.2556,,,,,,,2419000000,,18.89,,100.76,58.09
2025-12-28,EBAY,4.51,10714000000.0,18.89,,1.341,10.39,,,,,,,,,,,,,,,None,514000000,514000000,,,,,,None,163000000,,1.14,0.0135,,,,0.054,0.03,547000000,710000000,1.33,2017-03-31,14.29,,7676000000.0,1789000000,558000000,-477000000,,,None,68000000,None,,None,,,,,1035000000,1035000000,None,None,0.214,,1242000000,547000000,,,,,None,,,,,2.38,8.1,3.635,,,,,,,,0.204,,,2025-10-29,quarterly,1.36,USD,pre-market,278000000,,0.0785,0.424,0.095,23.03,245000000,,,,80.87,85.78,2.2556,,,,,,,2303000000,,18.89,,100.76,58.09
2025-12-28,EBAY,4.51,10714000000.0,18.89,,1.341,10.39,,,,,,,,,,,,,,,None,539000000,539000000,,,,,,None,176000000,,1.14,0.0135,,,,0.054,0.03,2189000000,2365000000,1.33,2016-12-31,14.29,,7676000000.0,1856000000,2004000000,-3944000000,,,None,60000000,None,,None,,,,,5936000000,8615000000,None,None,0.214,,1218000000,638000000,,,,,None,,,,,2.38,8.1,3.635,,,,,,,,0.204,,,2025-10-29,quarterly,1.36,USD,pre-market,292000000,,0.0785,0.424,0.095,23.03,249000000,,,,80.87,85.78,2.2556,,,,,,,2395000000,,18.89,,100.76,58.09
2025-12-28,EBAY,4.51,10714000000.0,18.89,,1.341,10.39,,,,,,,,,,,,,,,None,498000000,498000000,,,,,,None,172000000,,1.14,0.0135,,,,0.054,0.03,542000000,714000000,1.33,2016-09-30,14.29,,7676000000.0,1719000000,533000000,115000000,,,None,9000000,None,,None,,,,,413000000,418000000,None,None,0.214,,1177000000,542000000,,,,,None,,,,,2.38,8.1,3.635,,,,,,,,0.204,,,2025-10-29,quarterly,1.36,USD,pre-market,288000000,,0.0785,0.424,0.095,23.03,224000000,,,,80.87,85.78,2.2556,,,,,,,2217000000,,18.89,,100.76,58.09
2025-12-28,EBAY,4.51,10714000000.0,18.89,,1.341,10.39,,,,,,,,,,,,,,,None,493000000,493000000,,,,,,None,167000000,,1.14,0.0135,,,,0.054,0.03,531000000,698000000,1.33,2016-06-30,14.29,,7676000000.0,1737000000,523000000,86000000,,,None,8000000,None,,None,,,,,435000000,437000000,None,None,0.214,,1206000000,531000000,,,,,None,,,,,2.38,8.1,3.635,,,,,,,,0.204,,,2025-10-29,quarterly,1.36,USD,pre-market,295000000,,0.0785,0.424,0.095,23.03,218000000,,,,80.87,85.78,2.2556,,,,,,,2230000000,,18.89,,100.76,58.09
2025-12-28,EBAY,4.51,10714000000.0,18.89,,1.341,10.39,,,,,,,,,,,,,,,None,477000000,477000000,,,,,,None,167000000,,1.14,0.0135,,,,0.054,0.03,614000000,781000000,1.33,2016-03-31,14.29,,7676000000.0,1660000000,591000000,109000000,,,None,23000000,None,,None,,,,,482000000,0,None,None,0.214,,1046000000,614000000,,,,,None,,,,,2.38,8.1,3.635,,,,,,,,0.204,,,2025-10-29,quarterly,1.36,USD,pre-market,239000000,,0.0785,0.424,0.095,23.03,209000000,,,,80.87,85.78,2.2556,,,,,,,2137000000,,18.89,,100.76,58.09
2025-12-28,EBAY,4.51,10714000000.0,18.89,,1.341,10.39,,,,,,,,,,,,,,,None,493000000,493000000,,,,,,None,171000000,,1.14,0.0135,,,,0.054,0.03,1015000000,1186000000,1.33,2015-12-31,14.29,,7676000000.0,1829000000,650000000,127000000,,,None,268000000,None,,None,,,,,477000000,1947000000,None,None,0.214,,1167000000,662000000,,,,,None,,,,,2.38,8.1,3.635,,,,,,,,0.204,,,2025-10-29,quarterly,1.36,USD,pre-market,229000000,,0.0785,0.424,0.095,23.03,260000000,,,,80.87,85.78,2.2556,,,,,,,2322000000,,18.89,,100.76,58.09
2025-12-28,EBAY,4.51,10714000000.0,18.89,,1.341,10.39,,,,,,,,,,,,,,,None,433000000,433000000,,,,,,None,182000000,,1.14,0.0135,,,,0.054,0.03,578000000,760000000,1.33,2015-09-30,14.29,,7676000000.0,1666000000,665000000,120000000,,,None,46000000,None,,None,,,,,539000000,545000000,None,None,0.214,,1088000000,578000000,,,,,None,,,,,2.38,8.1,3.635,,,,,,,,0.204,,,2025-10-29,quarterly,1.36,USD,pre-market,241000000,,0.0785,0.424,0.095,23.03,207000000,,,,80.87,85.78,2.2556,,,,,,,2099000000,,18.89,,100.76,58.09
2025-12-28,EBAY,4.51,10714000000.0,18.89,,1.341,10.39,,,,,,,,,,,,,,,None,434000000,434000000,,,,,,None,174000000,,1.14,0.0135,,,,0.054,0.03,428000000,602000000,1.33,2015-06-30,14.29,,7676000000.0,1676000000,552000000,122000000,,,None,46000000,None,,None,,,,,83000000,682000000,None,None,0.214,,1248000000,428000000,,,,,None,,,,,2.38,8.1,3.635,,,,,,,,0.204,,,2025-10-29,quarterly,1.36,USD,pre-market,232000000,,0.0785,0.424,0.095,23.03,353000000,,,,80.87,85.78,2.2556,,,,,,,2110000000,,18.89,,100.76,58.09
2025-12-28,EBAY,4.51,10714000000.0,18.89,,1.341,10.39,,,,,,,,,,,,,,,None,411000000,411000000,,,,,,None,160000000,,1.14,0.0135,,,,0.054,0.03,529000000,689000000,1.33,2015-03-31,14.29,,7676000000.0,1650000000,539000000,90000000,,,None,45000000,None,,None,,,,,626000000,626000000,None,None,0.214,,1121000000,529000000,,,,,None,,,,,2.38,8.1,3.635,,,,,,,,0.204,,,2025-10-29,quarterly,1.36,USD,pre-market,221000000,,0.0785,0.424,0.095,23.03,302000000,,,,80.87,85.78,2.2556,,,,,,,2061000000,,18.89,,100.76,58.09
2025-12-28,EBAY,4.51,10714000000.0,18.89,,1.341,10.39,,,,,,,,,,,,,,,None,1600000000,1600000000,,,,,,None,370000000,,1.14,0.0135,,,,0.054,0.03,1201000000,1571000000,1.33,2014-12-31,14.29,,7676000000.0,3321000000,1054000000,31000000,,,None,14000000,None,,None,,,,,1023000000,1023000000,None,None,0.214,,2260000000,1061000000,,,,,None,,,,,2.38,8.1,3.635,,,,,,,,0.204,,,2025-10-29,quarterly,1.36,USD,pre-market,509000000,,0.0785,0.424,0.095,23.03,475000000,,,,80.87,85.78,2.2556,,,,,,,4921000000,,18.89,,100.76,58.09
2025-12-28,EBAY,4.51,10714000000.0,18.89,,1.341,10.39,,,,,,,,,,,,,,,None,413000000,413000000,,,,,,None,-97000000,,1.14,0.0135,,,,0.054,0.03,703000000,606000000,1.33,2014-09-30,14.29,,7676000000.0,1737000000,613000000,104000000,,,None,32000000,None,,None,,,,,673000000,673000000,None,None,0.214,,1141000000,596000000,,,,,None,,,,,2.38,8.1,3.635,,,,,,,,0.204,,,2025-10-29,quarterly,1.36,USD,pre-market,246000000,,0.0785,0.424,0.095,23.03,203000000,,,,80.87,85.78,2.2556,,,,,,,2150000000,,18.89,,100.76,58.09
2025-12-28,EBAY,4.51,10714000000.0,18.89,,1.341,10.39,,,,,,,,,,,,,,,None,1181000000,1181000000,,,,,,None,233000000,,1.14,0.0135,,,,0.054,0.03,854000000,1087000000,1.33,2014-06-30,14.29,,7676000000.0,2922000000,864000000,144000000,,,None,51000000,None,,None,,,,,676000000,676000000,None,None,0.214,,2068000000,854000000,,,,,None,,,,,2.38,8.1,3.635,,,,,,,,0.204,,,2025-10-29,quarterly,1.36,USD,pre-market,468000000,,0.0785,0.424,0.095,23.03,448000000,,,,80.87,85.78,2.2556,,,,,,,4103000000,,18.89,,100.76,58.09
2025-12-28,EBAY,4.51,10714000000.0,18.89,,1.341,10.39,,,,,,,,,,,,,,,None,1351000000,1351000000,,,,,,None,382000000,,1.14,0.0135,,,,0.054,0.03,878000000,1260000000,1.33,2014-03-31,14.29,,7676000000.0,2911000000,873000000,3199000000,,,None,5000000,None,,None,,,,,-2326000000,-2326000000,None,None,0.214,,2033000000,878000000,,,,,None,,,,,2.38,8.1,3.635,,,,,,,,0.204,,,2025-10-29,quarterly,1.36,USD,pre-market,480000000,,0.0785,0.424,0.095,23.03,465000000,,,,80.87,85.78,2.2556,,,,,,,4262000000,,18.89,,100.76,58.09
2025-12-28,EBAY,4.51,10714000000.0,18.89,,1.341,10.39,,,,,,,,,,,,,,,None,1449000000,1449000000,,,,,,None,367000000,,1.14,0.0135,,,,0.054,0.03,1217000000,1584000000,1.33,2013-12-31,14.29,,7676000000.0,3081000000,1028000000,178000000,,,None,78000000,None,,None,,,,,850000000,0,None,None,0.214,,2059000000,1022000000,,,,,None,,,,,2.38,8.1,3.635,,,,,,,,0.204,,,2025-10-29,quarterly,1.36,USD,pre-market,450000000,,0.0785,0.424,0.095,23.03,461000000,,,,80.87,85.78,2.2556,,,,,,,4530000000,,18.89,,100.76,58.09
2025-12-28,EBAY,4.51,10714000000.0,18.89,,1.341,10.39,,,,,,,,,,,,,,,None,1224000000,1224000000,,,,,,None,357000000,,1.14,0.0135,,,,0.054,0.03,799000000,1156000000,1.33,2013-09-30,14.29,,7676000000.0,2668000000,873000000,184000000,,,None,26000000,None,,None,,,,,689000000,689000000,None,None,0.214,,1869000000,799000000,,,,,None,,,,,2.38,8.1,3.635,,,,,,,,0.204,,,2025-10-29,quarterly,1.36,USD,pre-market,433000000,,0.0785,0.424,0.095,23.03,415000000,,,,80.87,85.78,2.2556,,,,,,,3892000000,,18.89,,100.76,58.09
2025-12-28,EBAY,4.51,10714000000.0,18.89,,1.341,10.39,,,,,,,,,,,,,,,None,1211000000,1211000000,,,,,,None,347000000,,1.14,0.0135,,,,0.054,0.03,750000000,1097000000,1.33,2013-06-30,14.29,,7676000000.0,2666000000,756000000,116000000,,,None,27000000,None,,None,,,,,640000000,640000000,None,None,0.214,,1916000000,750000000,,,,,None,,,,,2.38,8.1,3.635,,,,,,,,0.204,,,2025-10-29,quarterly,1.36,USD,pre-market,451000000,,0.0785,0.424,0.095,23.03,419000000,,,,80.87,85.78,2.2556,,,,,,,3877000000,,18.89,,100.76,58.09
2025-12-28,EBAY,4.51,10714000000.0,18.89,,1.341,10.39,,,,,,,,,,,,,,,None,1152000000,1152000000,,,,,,None,329000000,,1.14,0.0135,,,,0.054,0.03,800000000,1129000000,1.33,2013-03-31,14.29,,7676000000.0,2596000000,809000000,132000000,,,None,26000000,None,,None,,,,,677000000,677000000,None,None,0.214,,1796000000,800000000,,,,,None,,,,,2.38,8.1,3.635,,,,,,,,0.204,,,2025-10-29,quarterly,1.36,USD,pre-market,434000000,,0.0785,0.424,0.095,23.03,408000000,,,,80.87,85.78,2.2556,,,,,,,3748000000,,18.89,,100.76,58.09
2025-12-28,EBAY,4.51,10714000000.0,18.89,,1.341,10.39,,,,,,,,,,,,,,,None,1224000000,1224000000,,,,,,None,318000000,,1.14,0.0135,,,,0.054,0.03,1132000000,1450000000,1.33,2012-12-31,14.29,,7676000000.0,2769000000,877000000,127000000,,,None,3000000,None,,None,,,,,750000000,0,None,None,0.214,,2769000000,873000000,,,,,None,,,,,2.38,8.1,3.635,,,,,,,,0.204,,,2025-10-29,quarterly,1.36,USD,pre-market,416000000,,0.0785,0.424,0.095,23.03,436000000,,,,80.87,85.78,2.2556,,,,,,,3993000000,,18.89,,100.76,58.09
2025-12-28,EBAY,4.51,10714000000.0,18.89,,1.341,10.39,,,,,,,,,,,,,,,None,1022000000,1022000000,,,,,,None,311000000,,1.14,0.0135,,,,0.054,0.03,667000000,978000000,1.33,2012-09-30,14.29,,7676000000.0,2382000000,672000000,75000000,,,None,0,None,,None,,,,,597000000,0,None,None,0.214,,1715000000,667000000,,,,,None,,,,,2.38,8.1,3.635,,,,,,,,0.204,,,2025-10-29,quarterly,1.36,USD,pre-market,389000000,,0.0785,0.424,0.095,23.03,369000000,,,,80.87,85.78,2.2556,,,,,,,3404000000,,18.89,,100.76,58.09
2025-12-28,EBAY,4.51,10714000000.0,18.89,,1.341,10.39,,,,,,,,,,,,,,,None,987000000,987000000,,,,,,None,290000000,,1.14,0.0135,,,,0.054,0.03,695000000,985000000,1.33,2012-06-30,14.29,,7676000000.0,2411000000,851000000,159000000,,,None,0,None,,None,,,,,692000000,0,None,None,0.214,,1716000000,695000000,,,,,None,,,,,2.38,8.1,3.635,,,,,,,,0.204,,,2025-10-29,quarterly,1.36,USD,pre-market,394000000,,0.0785,0.424,0.095,23.03,390000000,,,,80.87,85.78,2.2556,,,,,,,3398000000,,18.89,,100.76,58.09
2025-12-28,EBAY,4.51,10714000000.0,18.89,,1.341,10.39,,,,,,,,,,,,,,,None,983000000,983000000,,,,,,None,281000000,,1.14,0.0135,,,,0.054,0.03,653000000,934000000,1.33,2012-03-31,14.29,,7676000000.0,2294000000,684000000,114000000,,,None,0,None,,None,,,,,570000000,0,None,None,0.214,,1641000000,653000000,,,,,None,,,,,2.38,8.1,3.635,,,,,,,,0.204,,,2025-10-29,quarterly,1.36,USD,pre-market,374000000,,0.0785,0.424,0.095,23.03,372000000,,,,80.87,85.78,2.2556,,,,,,,3277000000,,18.89,,100.76,58.09
2025-12-28,EBAY,4.51,10714000000.0,18.89,,1.341,10.39,,,,,,,,,,,,,,,None,1034432000,1034432000,,,,,,None,272553000,,1.14,0.0135,,,,0.054,0.03,2315184000,2587737000,1.33,2011-12-31,14.29,,7676000000.0,2345578000,2435201000,455589000,,,None,25249000,None,,None,,,,,1979612000,0,None,None,0.214,,2345578000,753108000,,,,,None,,,,,2.38,8.1,3.635,,,,,,,,0.204,,,2025-10-29,quarterly,1.36,USD,pre-market,344250000,,0.0785,0.424,0.095,23.03,345987000,,,,80.87,85.78,2.2556,,,,,,,3380010000,,18.89,,100.76,58.09
2025-12-28,EBAY,4.51,10714000000.0,18.89,,1.341,10.39,,,,,,,,,,,,,,,None,920000000,920000000,,,,,,None,266000000,,1.14,0.0135,,,,0.054,0.03,537000000,803000000,1.33,2011-09-30,14.29,,7676000000.0,2046000000,616000000,125000000,,,None,78704000,None,,None,,,,,491000000,490503000,None,None,0.214,,2046000000,537000000,,,,,None,,,,,2.38,8.1,3.635,,,,,,,,0.204,,,2025-10-29,quarterly,1.36,USD,pre-market,319000000,,0.0785,0.424,0.095,23.03,336000000,,,,80.87,85.78,2.2556,,,,,,,2966000000,,18.89,,100.76,58.09
2025-12-28,EBAY,4.51,10714000000.0,18.89,,1.341,10.39,,,,,,,,,,,,,,,None,773000000,773000000,,,,,,None,208000000,,1.14,0.0135,,,,0.054,0.03,519000000,727000000,1.33,2011-06-30,14.29,,7676000000.0,1987000000,291000000,8000000,,,None,28576000,None,,None,,,,,283000000,283407000,None,None,0.214,,1987000000,519000000,,,,,None,,,,,2.38,8.1,3.635,,,,,,,,0.204,,,2025-10-29,quarterly,1.36,USD,pre-market,297000000,,0.0785,0.424,0.095,23.03,392000000,,,,80.87,85.78,2.2556,,,,,,,2760000000,,18.89,,100.76,58.09
2025-12-28,EBAY,4.51,10714000000.0,18.89,,1.341,10.39,,,,,,,,,,,,,,,None,729000000,729000000,,,,,,None,193000000,,1.14,0.0135,,,,0.054,0.03,565000000,758000000,1.33,2011-03-31,14.29,,7676000000.0,1817000000,568000000,92000000,,,None,3692000,None,,None,,,,,476000000,475865000,None,None,0.214,,1817000000,565000000,,,,,None,,,,,2.38,8.1,3.635,,,,,,,,0.204,,,2025-10-29,quarterly,1.36,USD,pre-market,275000000,,0.0785,0.424,0.095,23.03,293000000,,,,80.87,85.78,2.2556,,,,,,,2546000000,,18.89,,100.76,58.09
2025-12-28,EBAY,4.51,10714000000.0,18.89,,1.341,10.39,,,,,,,,,,,,,,,None,702473000,702473000,,,,,,None,192288000,,1.14,0.0135,,,,0.054,0.03,591221000,783509000,1.33,2010-12-31,14.29,,7676000000.0,1792877000,587405000,28218000,,,None,2816000,None,,None,,,,,559187000,0,None,None,0.214,,1792877000,591221000,,,,,None,,,,,2.38,8.1,3.635,,,,,,,,0.204,,,2025-10-29,quarterly,1.36,USD,pre-market,246175000,,0.0785,0.424,0.095,23.03,278878000,,,,80.87,85.78,2.2556,,,,,,,2495350000,,18.89,,100.76,58.09
2025-12-28,EBAY,4.51,10714000000.0,18.89,,1.341,10.39,,,,,,,,,,,,,,,None,640268000,640268000,,,,,,None,194338000,,1.14,0.0135,,,,0.054,0.03,493181000,687519000,1.33,2010-09-30,14.29,,7676000000.0,1609220000,517001000,85072000,,,None,26825000,None,,None,,,,,431929000,0,None,None,0.214,,1609220000,493181000,,,,,None,,,,,2.38,8.1,3.635,,,,,,,,0.204,,,2025-10-29,quarterly,1.36,USD,pre-market,226803000,,0.0785,0.424,0.095,23.03,261662000,,,,80.87,85.78,2.2556,,,,,,,2249488000,,18.89,,100.76,58.09
2025-12-28,EBAY,4.51,10714000000.0,18.89,,1.341,10.39,,,,,,,,,,,,,,,None,615371000,615371000,,,,,,None,187817000,,1.14,0.0135,,,,0.054,0.03,493428000,681245000,1.33,2010-06-30,14.29,,7676000000.0,1600008000,499386000,87194000,,,None,14821000,None,,None,,,,,412192000,0,None,None,0.214,,1600008000,493428000,,,,,None,,,,,2.38,8.1,3.635,,,,,,,,0.204,,,2025-10-29,quarterly,1.36,USD,pre-market,225317000,,0.0785,0.424,0.095,23.03,262100000,,,,80.87,85.78,2.2556,,,,,,,2215379000,,18.89,,100.76,58.09
2025-12-28,EBAY,4.51,10714000000.0,18.89,,1.341,10.39,,,,,,,,,,,,,,,None,606555000,606555000,,,,,,None,188022000,,1.14,0.0135,,,,0.054,0.03,497178000,685200000,1.33,2010-03-31,14.29,,7676000000.0,1589502000,494655000,97002000,,,None,0,None,,None,,,,,397653000,0,None,None,0.214,,1589502000,497178000,,,,,None,,,,,2.38,8.1,3.635,,,,,,,,0.204,,,2025-10-29,quarterly,1.36,USD,pre-market,210139000,,0.0785,0.424,0.095,23.03,276743000,,,,80.87,85.78,2.2556,,,,,,,2196057000,,18.89,,100.76,58.09
2025-12-28,EBAY,4.51,10714000000.0,18.89,,1.341,10.39,,,,,,,,,,,,,,,None,670695000,670695000,,,,,,None,200784000,,1.14,0.0135,,,,0.054,0.03,180622000,381406000,1.33,2009-12-31,14.29,,7676000000.0,1700237000,1592800000,237894000,,,None,0,None,,None,,,,,1354906000,0,None,None,0.214,,1700237000,180622000,,,,,None,,,,,2.38,8.1,3.635,,,,,,,,0.204,,,2025-10-29,quarterly,1.36,USD,pre-market,197944000,,0.0785,0.424,0.095,23.03,620423000,,,,80.87,85.78,2.2556,,,,,,,2370932000,,18.89,,100.76,58.09
2025-12-28,EBAY,4.51,10714000000.0,18.89,,1.341,10.39,,,,,,,,,,,,,,,None,643908000,643908000,,,,,,None,215068000,,1.14,0.0135,,,,0.054,0.03,455614000,670682000,1.33,2009-09-30,14.29,,7676000000.0,1593944000,438335000,88599000,,,None,4606000,None,,None,,,,,349736000,0,None,None,0.214,,1593944000,455614000,,,,,None,,,,,2.38,8.1,3.635,,,,,,,,0.204,,,2025-10-29,quarterly,1.36,USD,pre-market,205207000,,0.0785,0.424,0.095,23.03,272177000,,,,80.87,85.78,2.2556,,,,,,,2237852000,,18.89,,100.76,58.09
2025-12-28,EBAY,4.51,10714000000.0,18.89,,1.341,10.39,,,,,,,,,,,,,,,None,591773000,591773000,,,,,,None,197805000,,1.14,0.0135,,,,0.054,0.03,429342000,627147000,1.33,2009-06-30,14.29,,7676000000.0,1506219000,407160000,79818000,,,None,4529000,None,,None,,,,,327342000,0,None,None,0.214,,1506219000,429342000,,,,,None,,,,,2.38,8.1,3.635,,,,,,,,0.204,,,2025-10-29,quarterly,1.36,USD,pre-market,198403000,,0.0785,0.424,0.095,23.03,257498000,,,,80.87,85.78,2.2556,,,,,,,2097992000,,18.89,,100.76,58.09
2025-12-28,EBAY,4.51,10714000000.0,18.89,,1.341,10.39,,,,,,,,,,,,,,,None,573386000,573386000,,,,,,None,197289000,,1.14,0.0135,,,,0.054,0.03,429375000,626664000,1.33,2009-03-31,14.29,,7676000000.0,1447200000,440856000,83743000,,,None,0,None,,None,,,,,357113000,0,None,None,0.214,,1447200000,429375000,,,,,None,,,,,2.38,8.1,3.635,,,,,,,,0.204,,,2025-10-29,quarterly,1.36,USD,pre-market,201516000,,0.0785,0.424,0.095,23.03,268291000,,,,80.87,85.78,2.2556,,,,,,,2020586000,,18.89,,100.76,58.09
2025-12-28,EBAY,4.51,10714000000.0,18.89,,1.341,10.39,,,,,,,,,,,,,,,None,579591000,579591000,,,,,,None,201897000,,1.14,0.0135,,,,0.054,0.03,569382000,771279000,1.33,2008-12-31,14.29,,7676000000.0,1456255000,473268000,106076000,,,None,5916000,None,,None,,,,,367192000,0,None,None,0.214,,1456255000,502582000,,,,,None,,,,,2.38,8.1,3.635,,,,,,,,0.204,,,2025-10-29,quarterly,1.36,USD,pre-market,171207000,,0.0785,0.424,0.095,23.03,362569000,,,,80.87,85.78,2.2556,,,,,,,2035846000,,18.89,,100.76,58.09
2025-12-28,EBAY,4.51,10714000000.0,18.89,,1.341,10.39,,,,,,,,,,,,,,,None,560963000,560963000,,,,,,None,178578000,,1.14,0.0135,,,,0.054,0.03,524075000,702653000,1.33,2008-09-30,14.29,,7676000000.0,1556568000,562642000,70423000,,,None,11000,None,,None,,,,,492219000,0,None,None,0.214,,1556568000,524075000,,,,,None,,,,,2.38,8.1,3.635,,,,,,,,0.204,,,2025-10-29,quarterly,1.36,USD,pre-market,190842000,,0.0785,0.424,0.095,23.03,248909000,,,,80.87,85.78,2.2556,,,,,,,2117531000,,18.89,,100.76,58.09
2025-12-28,EBAY,4.51,10714000000.0,18.89,,1.341,10.39,,,,,,,,,,,,,,,None,562103000,562103000,,,,,,None,173359000,,1.14,0.0135,,,,0.054,0.03,545367000,718726000,1.33,2008-06-30,14.29,,7676000000.0,1633558000,568133000,107788000,,,None,619000,None,,None,,,,,460345000,0,None,None,0.214,,1633558000,545367000,,,,,None,,,,,2.38,8.1,3.635,,,,,,,,0.204,,,2025-10-29,quarterly,1.36,USD,pre-market,186791000,,0.0785,0.424,0.095,23.03,846482000,,,,80.87,85.78,2.2556,,,,,,,2195661000,,18.89,,100.76,58.09
2025-12-28,EBAY,4.51,10714000000.0,18.89,,1.341,10.39,,,,,,,,,,,,,,,None,525412000,525412000,,,,,,None,165980000,,1.14,0.0135,,,,0.054,0.03,552777000,718757000,1.33,2008-03-31,14.29,,7676000000.0,1666811000,579521000,119803000,,,None,2866000,None,,None,,,,,459718000,0,None,None,0.214,,1666811000,552777000,,,,,None,,,,,2.38,8.1,3.635,,,,,,,,0.204,,,2025-10-29,quarterly,1.36,USD,pre-market,176760000,,0.0785,0.424,0.095,23.03,281721000,,,,80.87,85.78,2.2556,,,,,,,2192223000,,18.89,,100.76,58.09
2025-12-28,EBAY,4.51,10714000000.0,18.89,,1.341,10.39,,,,,,,,,,,,,,,None,505973000,505973000,,,,,,None,159816000,,1.14,0.0135,,,,0.054,0.03,626140000,785956000,1.33,2007-12-31,14.29,,7676000000.0,1674633000,671465000,140579000,,,None,3478000,None,,None,,,,,530886000,0,None,None,0.214,,1674633000,626140000,,,,,None,,,,,2.38,8.1,3.635,,,,,,,,0.204,,,2025-10-29,quarterly,1.36,USD,pre-market,169316000,,0.0785,0.424,0.095,23.03,825864000,,,,80.87,85.78,2.2556,,,,,,,2180606000,,18.89,,100.76,58.09
2025-12-28,EBAY,4.51,10714000000.0,18.89,,1.341,10.39,,,,,,,,,,,,,,,None,446521000,446521000,,,,,,None,151720000,,1.14,0.0135,,,,0.054,0.03,-937693000,-785973000,1.33,2007-09-30,14.29,,7676000000.0,1442699000,-902058000,33577000,,,None,2728000,None,,None,,,,,-935635000,0,None,None,0.214,,1442699000,-937693000,,,,,None,,,,,2.38,8.1,3.635,,,,,,,,0.204,,,2025-10-29,quarterly,1.36,USD,pre-market,164879000,,0.0785,0.424,0.095,23.03,772687000,,,,80.87,85.78,2.2556,,,,,,,1889220000,,18.89,,100.76,58.09
2025-12-28,EBAY,4.51,10714000000.0,18.89,,1.341,10.39,,,,,,,,,,,,,,,None,416789000,416789000,,,,,,None,146722000,,1.14,0.0135,,,,0.054,0.03,456906000,603628000,1.33,2007-06-30,14.29,,7676000000.0,1417640000,488139000,112315000,,,None,2734000,None,,None,,,,,375824000,0,None,None,0.214,,1417640000,456906000,,,,,None,,,,,2.38,8.1,3.635,,,,,,,,0.204,,,2025-10-29,quarterly,1.36,USD,pre-market,147934000,,0.0785,0.424,0.095,23.03,761246000,,,,80.87,85.78,2.2556,,,,,,,1834429000,,18.89,,100.76,58.09
2025-12-28,EBAY,4.51,10714000000.0,18.89,,1.341,10.39,,,,,,,,,,,,,,,None,393689000,393689000,,,,,,None,143449000,,1.14,0.0135,,,,0.054,0.03,467827000,611276000,1.33,2007-03-31,14.29,,7676000000.0,1374385000,493305000,116129000,,,None,4542000,None,,None,,,,,377176000,0,None,None,0.214,,1374385000,467827000,,,,,None,,,,,2.38,8.1,3.635,,,,,,,,0.204,,,2025-10-29,quarterly,1.36,USD,pre-market,137598000,,0.0785,0.424,0.095,23.03,721611000,,,,80.87,85.78,2.2556,,,,,,,1768074000,,18.89,,100.76,58.09
2025-12-28,EBAY,4.51,10714000000.0,18.89,,1.341,10.39,,,,,,,,,,,,,,,None,370028000,370028000,,,,,,None,-99129000,,1.14,0.0135,,,,0.054,0.03,580701000,481572000,1.33,2006-12-31,14.29,,7676000000.0,1349873000,483598000,137130000,,,None,8879000,None,,None,,,,,346467000,0,None,None,0.214,,1349873000,449885000,,,,,None,,,,,2.38,8.1,3.635,,,,,,,,0.204,,,2025-10-29,quarterly,1.36,USD,pre-market,131246000,,0.0785,0.424,0.095,23.03,737053000,,,,80.87,85.78,2.2556,,,,,,,1719901000,,18.89,,100.76,58.09
2025-12-28,EBAY,4.51,10714000000.0,18.89,,1.341,10.39,,,,,,,,,,,,,,,None,319995000,319995000,,,,,,None,135224000,,1.14,0.0135,,,,0.054,0.03,339033000,474257000,1.33,2006-09-30,14.29,,7676000000.0,1128642000,379710000,98814000,,,None,553000,None,,None,,,,,280896000,0,None,None,0.214,,1128642000,339033000,,,,,None,,,,,2.38,8.1,3.635,,,,,,,,0.204,,,2025-10-29,quarterly,1.36,USD,pre-market,120405000,,0.0785,0.424,0.095,23.03,622008000,,,,80.87,85.78,2.2556,,,,,,,1448637000,,18.89,,100.76,58.09
2025-12-28,EBAY,4.51,10714000000.0,18.89,,1.341,10.39,,,,,,,,,,,,,,,None,292479000,292479000,,,,,,None,142426000,,1.14,0.0135,,,,0.054,0.03,311414000,453840000,1.33,2006-06-30,14.29,,7676000000.0,1118305000,336115000,86120000,,,None,929000,None,,None,,,,,249994000,0,None,None,0.214,,1118305000,311414000,,,,,None,,,,,2.38,8.1,3.635,,,,,,,,0.204,,,2025-10-29,quarterly,1.36,USD,pre-market,123972000,,0.0785,0.424,0.095,23.03,620923000,,,,80.87,85.78,2.2556,,,,,,,1410784000,,18.89,,100.76,58.09
2025-12-28,EBAY,4.51,10714000000.0,18.89,,1.341,10.39,,,,,,,,,,,,,,,None,283597000,283597000,,,,,,None,123286000,,1.14,0.0135,,,,0.054,0.03,322624000,445910000,1.33,2006-03-31,14.29,,7676000000.0,1106822000,347637000,99354000,,,None,747000,None,,None,,,,,248282000,0,None,None,0.214,,1106822000,322624000,,,,,None,,,,,2.38,8.1,3.635,,,,,,,,0.204,,,2025-10-29,quarterly,1.36,USD,pre-market,119070000,,0.0785,0.424,0.095,23.03,615912000,,,,80.87,85.78,2.2556,,,,,,,1390419000,,18.89,,100.76,58.09
2025-12-28,EBAY,4.51,10714000000.0,18.89,,1.341,10.39,,,,,,,,,,,,,,,None,239520000,239520000,,,,,,None,144099000,,1.14,0.0135,,,,0.054,0.03,370411000,514510000,1.33,2005-12-31,14.29,,7676000000.0,1089339000,395052000,115830000,,,None,4314000,None,,None,,,,,279221000,0,None,None,0.214,,1089339000,370411000,,,,,None,,,,,2.38,8.1,3.635,,,,,,,,0.204,,,2025-10-29,quarterly,1.36,USD,pre-market,103882000,,0.0785,0.424,0.095,23.03,560189000,,,,80.87,85.78,2.2556,,,,,,,1328859000,,18.89,,100.76,58.09
2025-12-28,EBAY,4.51,10714000000.0,18.89,,1.341,10.39,,,,,,,,,,,,,,,None,200375000,200375000,,,,,,None,97227000,,1.14,0.0135,,,,0.054,0.03,356736000,453963000,1.33,2005-09-30,14.29,,7676000000.0,905140000,386962000,131989000,,,None,431000,None,,None,,,,,254971000,0,None,None,0.214,,905140000,356736000,,,,,None,,,,,2.38,8.1,3.635,,,,,,,,0.204,,,2025-10-29,quarterly,1.36,USD,pre-market,78881000,,0.0785,0.424,0.095,23.03,438033000,,,,80.87,85.78,2.2556,,,,,,,1105515000,,18.89,,100.76,58.09
2025-12-28,EBAY,4.51,10714000000.0,18.89,,1.341,10.39,,,,,,,,,,,,,,,None,2880000000,2880000000,,,,,,None,324000000,,1.14,0.0135,,,,0.054,0.03,2537000000,2861000000,1.33,2024-12-31,14.29,,7676000000.0,7403000000,2278000000,297000000,,,None,259000000,272000000,,None,,,,,1975000000,1981000000,13000000,None,0.214,,5085000000,2318000000,,,,,None,,,,,2.38,8.1,3.635,,,,,,,,0.204,,,2025-10-29,annual,1.36,USD,pre-market,1479000000,,0.0785,0.424,0.095,23.03,914000000,,,,80.87,85.78,2.2556,,,,,,,10283000000,,18.89,,100.76,58.09
2025-12-28,EBAY,4.51,10714000000.0,18.89,,1.341,10.39,,,,,,,,,,,,,,,None,2833000000,2833000000,,,,,,None,403000000,,1.14,0.0135,,,,0.054,0.03,3970000000,4373000000,1.33,2023-12-31,14.29,,7676000000.0,7279000000,3707000000,932000000,,,None,263000000,204000000,,None,,,,,2767000000,2775000000,-59000000,None,0.214,,5338000000,1941000000,,,,,None,,,,,2.38,8.1,3.635,,,,,,,,0.204,,,2025-10-29,annual,1.36,USD,pre-market,1544000000,,0.0785,0.424,0.095,23.03,1196000000,,,,80.87,85.78,2.2556,,,,,,,10112000000,,18.89,,100.76,58.09
2025-12-28,EBAY,4.51,10714000000.0,18.89,,1.341,10.39,,,,,,,,,,,,,,,None,2680000000,2680000000,,,,,,None,442000000,,1.14,0.0135,,,,0.054,0.03,-1366000000,-924000000,1.33,2022-12-31,14.29,,7676000000.0,7115000000,-1601000000,-327000000,,,None,235000000,73000000,,None,,,,,-1269000000,-1274000000,-165000000,None,0.214,,4765000000,2350000000,,,,,None,,,,,2.38,8.1,3.635,,,,,,,,0.204,,,2025-10-29,annual,1.36,USD,pre-market,1330000000,,0.0785,0.424,0.095,23.03,963000000,,,,80.87,85.78,2.2556,,,,,,,9795000000,,18.89,,100.76,58.09
2025-12-28,EBAY,4.51,10714000000.0,18.89,,1.341,10.39,,,,,,,,,,,,,,,None,2650000000,2650000000,,,,,,None,502000000,,1.14,0.0135,,,,0.054,0.03,667000000,1169000000,1.33,2021-12-31,14.29,,7676000000.0,7770000000,398000000,146000000,,,None,269000000,19000000,,None,,,,,13608000000,252000000,-160000000,None,0.214,,4847000000,2923000000,,,,,None,,,,,2.38,8.1,3.635,,,,,,,,0.204,,,2025-10-29,annual,1.36,USD,pre-market,1325000000,,0.0785,0.424,0.095,23.03,921000000,,,,80.87,85.78,2.2556,,,,,,,10420000000,,18.89,,100.76,58.09
2025-12-28,EBAY,4.51,10714000000.0,18.89,,1.341,10.39,,,,,,,,,,,,,,,None,1797000000,1797000000,,,,,,None,583000000,,1.14,0.0135,,,,0.054,0.03,3649000000,4232000000,1.33,2020-12-31,14.29,,7676000000.0,7097000000,3345000000,858000000,,,None,304000000,39000000,,None,,,,,5667000000,2542000000,-298000000,None,0.214,,4461000000,2636000000,,,,,None,,,,,2.38,8.1,3.635,,,,,,,,0.204,,,2025-10-29,annual,1.36,USD,pre-market,1028000000,,0.0785,0.424,0.095,23.03,985000000,,,,80.87,85.78,2.2556,,,,,,,8894000000,,18.89,,100.76,58.09
2025-12-28,EBAY,4.51,10714000000.0,18.89,,1.341,10.39,,,,,,,,,,,,,,,None,1585000000,1585000000,,,,,,None,600000000,,1.14,0.0135,,,,0.054,0.03,1963000000,2563000000,1.33,2019-12-31,14.29,,7676000000.0,5844000000,1652000000,219000000,,,None,199000000,120000000,,None,,,,,1786000000,1792000000,-191000000,None,0.214,,4074000000,1770000000,,,,,None,,,,,2.38,8.1,3.635,,,,,,,,0.204,,,2025-10-29,annual,1.36,USD,pre-market,930000000,,0.0785,0.424,0.095,23.03,988000000,,,,80.87,85.78,2.2556,,,,,,,7429000000,,18.89,,100.76,58.09
2025-12-28,EBAY,4.51,10714000000.0,18.89,,1.341,10.39,,,,,,,,,,,,,,,None,2023000000,2023000000,,,,,,None,635000000,,1.14,0.0135,,,,0.054,0.03,2591000000,3226000000,1.33,2018-12-31,14.29,,7676000000.0,6627000000,2249000000,121000000,,,None,342000000,176000000,,None,,,,,2530000000,2528000000,-150000000,None,0.214,,4875000000,1752000000,,,,,None,,,,,2.38,8.1,3.635,,,,,,,,0.204,,,2025-10-29,annual,1.36,USD,pre-market,1051000000,,0.0785,0.424,0.095,23.03,979000000,,,,80.87,85.78,2.2556,,,,,,,8650000000,,18.89,,100.76,58.09
2025-12-28,EBAY,4.51,10714000000.0,18.89,,1.341,10.39,,,,,,,,,,,,,,,None,2221000000,2221000000,,,,,,None,676000000,,1.14,0.0135,,,,0.054,0.03,2567000000,3243000000,1.33,2017-12-31,14.29,,7676000000.0,7706000000,2275000000,3288000000,,,None,292000000,177000000,,None,,,,,-1017000000,-1012000000,-115000000,None,0.214,,5442000000,2264000000,,,,,None,,,,,2.38,8.1,3.635,,,,,,,,0.204,,,2025-10-29,annual,1.36,USD,pre-market,1224000000,,0.0785,0.424,0.095,23.03,1030000000,,,,80.87,85.78,2.2556,,,,,,,9927000000,,18.89,,100.76,58.09
2025-12-28,EBAY,4.51,10714000000.0,18.89,,1.341,10.39,,,,,,,,,,,,,,,None,2004000000,2004000000,,,,,,None,682000000,,1.14,0.0135,,,,0.054,0.03,3876000000,4558000000,1.33,2016-12-31,14.29,,7676000000.0,7294000000,3651000000,-3634000000,,,None,225000000,125000000,,None,,,,,7266000000,7285000000,-100000000,None,0.214,,4969000000,2325000000,,,,,None,,,,,2.38,8.1,3.635,,,,,,,,0.204,,,2025-10-29,annual,1.36,USD,pre-market,1114000000,,0.0785,0.424,0.095,23.03,899000000,,,,80.87,85.78,2.2556,,,,,,,9298000000,,18.89,,100.76,58.09
2025-12-28,EBAY,4.51,10714000000.0,18.89,,1.341,10.39,,,,,,,,,,,,,,,None,1771000000,1771000000,,,,,,None,687000000,,1.14,0.0135,,,,0.054,0.03,2550000000,3237000000,1.33,2015-12-31,14.29,,7676000000.0,6821000000,2406000000,459000000,,,None,144000000,220000000,,None,,,,,1725000000,1947000000,None,None,0.214,,4624000000,2197000000,,,,,None,,,,,2.38,8.1,3.635,,,,,,,,0.204,,,2025-10-29,annual,1.36,USD,pre-market,923000000,,0.0785,0.424,0.095,23.03,1122000000,,,,80.87,85.78,2.2556,,,,,,,8592000000,,18.89,,100.76,58.09
2025-12-28,EBAY,4.51,10714000000.0,18.89,,1.341,10.39,,,,,,,,,,,,,,,None,1663000000,1663000000,,,,,,None,682000000,,1.14,0.0135,,,,0.054,0.03,2624000000,3306000000,1.33,2014-12-31,14.29,,7676000000.0,7127000000,2515000000,3380000000,,,None,109000000,None,,None,,,,,46000000,46000000,None,None,0.214,,4651000000,2476000000,,,,,None,,,,,2.38,8.1,3.635,,,,,,,,0.204,,,2025-10-29,annual,1.36,USD,pre-market,983000000,,0.0785,0.424,0.095,23.03,889000000,,,,80.87,85.78,2.2556,,,,,,,8790000000,,18.89,,100.76,58.09
2025-12-28,EBAY,4.51,10714000000.0,18.89,,1.341,10.39,,,,,,,,,,,,,,,None,1492000000,1492000000,,,,,,None,660000000,,1.14,0.0135,,,,0.054,0.03,2666000000,3326000000,1.33,2013-12-31,14.29,,7676000000.0,6765000000,2571000000,504000000,,,None,95000000,None,,None,,,,,2856000000,2856000000,None,None,0.214,,4311000000,2454000000,,,,,None,,,,,2.38,8.1,3.635,,,,,,,,0.204,,,2025-10-29,annual,1.36,USD,pre-market,915000000,,0.0785,0.424,0.095,23.03,880000000,,,,80.87,85.78,2.2556,,,,,,,8257000000,,18.89,,100.76,58.09
2025-12-28,EBAY,4.51,10714000000.0,18.89,,1.341,10.39,,,,,,,,,,,,,,,None,4216000000,4216000000,,,,,,None,1200000000,,1.14,0.0135,,,,0.054,0.03,3147000000,4347000000,1.33,2012-12-31,14.29,,7676000000.0,9856000000,3084000000,475000000,,,None,63000000,None,,None,,,,,2609000000,2609000000,None,None,0.214,,6968000000,2888000000,,,,,None,,,,,2.38,8.1,3.635,,,,,,,,0.204,,,2025-10-29,annual,1.36,USD,pre-market,1573000000,,0.0785,0.424,0.095,23.03,1567000000,,,,80.87,85.78,2.2556,,,,,,,14072000000,,18.89,,100.76,58.09
2025-12-28,EBAY,4.51,10714000000.0,18.89,,1.341,10.39,,,,,,,,,,,,,,,None,3461000000,3461000000,,,,,,None,940000000,,1.14,0.0135,,,,0.054,0.03,3935000000,4875000000,1.33,2011-12-31,14.29,,7676000000.0,8191000000,3910000000,681000000,,,None,25000000,None,,None,,,,,3229000000,None,None,None,0.214,,5818000000,2373000000,,,,,None,,,,,2.38,8.1,3.635,,,,,,,,0.204,,,2025-10-29,annual,1.36,USD,pre-market,1235000000,,0.0785,0.424,0.095,23.03,1364000000,,,,80.87,85.78,2.2556,,,,,,,11652000000,,18.89,,100.76,58.09
2025-12-28,EBAY,4.51,10714000000.0,18.89,,1.341,10.39,,,,,,,,,,,,,,,None,2564000000,2564000000,,,,,,None,762000000,,1.14,0.0135,,,,0.054,0.03,2102000000,2864000000,1.33,2010-12-31,14.29,,7676000000.0,6592000000,2098000000,297000000,,,None,4000000,None,,None,,,,,1801000000,1800961000,None,None,0.214,,4538000000,2054000000,,,,,44876000,,,,,2.38,8.1,3.635,,,,,,,,0.204,,,2025-10-29,annual,1.36,USD,pre-market,908000000,,0.0785,0.424,0.095,23.03,1101000000,,,,80.87,85.78,2.2556,,,,,,,9156000000,,18.89,,100.76,58.09
2025-12-28,EBAY,4.51,10714000000.0,18.89,,1.341,10.39,,,,,,,,,,,,,,,None,2479762000,2479762000,,,,,,None,810946000,,1.14,0.0135,,,,0.054,0.03,1494953000,2305899000,1.33,2009-12-31,14.29,,7676000000.0,6247600000,2879151000,490054000,,,None,0,None,,None,,,,,2389097000,None,None,None,0.214,,6247600000,1494953000,,,,,None,,,,,2.38,8.1,3.635,,,,,,,,0.204,,,2025-10-29,annual,1.36,USD,pre-market,803070000,,0.0785,0.424,0.095,23.03,1418389000,,,,80.87,85.78,2.2556,,,,,,,8727362000,,18.89,,100.76,58.09
2025-12-28,EBAY,4.51,10714000000.0,18.89,,1.341,10.39,,,,,,,,,,,,,,,None,2228069000,2228069000,,,,,,None,719814000,,1.14,0.0135,,,,0.054,0.03,2124801000,2844615000,1.33,2008-12-31,14.29,,7676000000.0,6313192000,2183564000,404090000,,,None,8037000,None,,None,,,,,1779474000,None,None,None,0.214,,6313192000,2124801000,,,,,None,,,,,2.38,8.1,3.635,,,,,,,,0.204,,,2025-10-29,annual,1.36,USD,pre-market,725600000,,0.0785,0.424,0.095,23.03,998871000,,,,80.87,85.78,2.2556,,,,,,,8541261000,,18.89,,100.76,58.09
2025-12-28,EBAY,4.51,10714000000.0,18.89,,1.341,10.39,,,,,,,,,,,,,,,None,1762972000,1762972000,,,,,,None,601707000,,1.14,0.0135,,,,0.054,0.03,613180000,1214887000,1.33,2007-12-31,14.29,,7676000000.0,5909357000,750851000,402600000,,,None,16600000,None,,None,,,,,348251000,None,None,None,0.214,,5909357000,613180000,,,,,None,,,,,2.38,8.1,3.635,,,,,,,,0.204,,,2025-10-29,annual,1.36,USD,pre-market,619727000,,0.0785,0.424,0.095,23.03,3081408000,,,,80.87,85.78,2.2556,,,,,,,7672329000,,18.89,,100.76,58.09
2025-12-28,EBAY,4.51,10714000000.0,18.89,,1.341,10.39,,,,,,,,,,,,,,,None,1256792000,1256792000,,,,,,None,544552000,,1.14,0.0135,,,,0.054,0.03,1422956000,1967508000,1.33,2006-12-31,14.29,,7676000000.0,4712949000,1547061000,421418000,,,None,5916000,None,,None,,,,,1125639000,None,None,None,0.214,,4712949000,1422956000,,,,,None,,,,,2.38,8.1,3.635,,,,,,,,0.204,,,2025-10-29,annual,1.36,USD,pre-market,494693000,,0.0785,0.424,0.095,23.03,2598220000,,,,80.87,85.78,2.2556,,,,,,,5969741000,,18.89,,100.76,58.09
2025-12-28,EBAY,4.51,10714000000.0,18.89,,1.341,10.39,,,,,,,,,,,,,,,None,818104000,818104000,,,,,,None,378165000,,1.14,0.0135,,,,0.054,0.03,1441707000,1819872000,1.33,2005-12-31,14.29,,7676000000.0,3734297000,1549377000,467285000,,,None,3478000,None,,None,,,,,1082043000,None,None,None,0.214,,3734297000,1441707000,,,,,None,,,,,2.38,8.1,3.635,,,,,,,,0.204,,,2025-10-29,annual,1.36,USD,pre-market,328191000,,0.0785,0.424,0.095,23.03,1822444000,,,,80.87,85.78,2.2556,,,,,,,4552401000,,18.89,,100.76,58.09
2025-12-28,EBAY,4.51,10714000000.0,18.89,None,1.341,10.39,,382000000,2423000000,2423000000,,,,,,,,,2000000,467000000,None,818104000,818104000,1673000000,None,1748000000,1262000000,None,None,378165000,,1.14,0.0135,,,,0.054,0.03,1441707000,1819872000,1.33,2025-09-30,14.29,4376000000,7676000000.0,3734297000,1549377000,467285000,None,None,None,3478000,None,None,None,None,5003000000,None,2848000000,1082043000,None,None,None,0.214,,3734297000,1441707000,753000000,2237000000,None,597000000,None,,,,,2.38,8.1,3.635,,,,,,,,0.204,,None,2025-10-29,quarterly,1.36,USD,pre-market,328191000,39037000000,0.0785,0.424,0.095,23.03,1822444000,7015000000,1748000000,955000000,80.87,85.78,2.2556,17791000000,5393000000,5831000000,13072000000,12398000000,7241000000,4552401000,4719000000,18.89,None,100.76,58.09
2025-12-28,EBAY,4.51,10714000000.0,18.89,None,1.341,10.39,,414000000,2587000000,2587000000,,,,,,,,,2000000,470000000,None,818104000,818104000,336000000,None,1746000000,1256000000,None,None,378165000,,1.14,0.0135,,,,0.054,0.03,1441707000,1819872000,1.33,2025-06-30,14.29,4386000000,7676000000.0,3734297000,1549377000,467285000,131000000,131000000,None,3478000,None,None,None,None,5002000000,None,2520000000,1082043000,None,None,None,0.214,,3734297000,1441707000,396000000,2880000000,None,687000000,None,,,,,2.38,8.1,3.635,,,,,,,,0.204,,None,2025-10-29,quarterly,1.36,USD,pre-market,328191000,38542000000,0.0785,0.424,0.095,23.03,1822444000,7162000000,1873000000,1680000000,80.87,85.78,2.2556,17961000000,5919000000,5940000000,13212000000,12042000000,7272000000,4552401000,4749000000,18.89,None,100.76,58.09
2025-12-28,EBAY,4.51,10714000000.0,18.89,None,1.341,10.39,,433000000,3530000000,3530000000,,,,,,,,,2000000,475000000,None,818104000,818104000,292000000,None,994000000,1167000000,None,None,378165000,,1.14,0.0135,,,,0.054,0.03,1441707000,1819872000,1.33,2025-03-31,14.29,4357000000,7676000000.0,3734297000,1549377000,467285000,146000000,146000000,None,3478000,None,None,None,None,5751000000,None,2586000000,1082043000,None,None,None,0.214,,3734297000,1441707000,415000000,2681000000,None,658000000,None,,,,,2.38,8.1,3.635,,,,,,,,0.204,,None,2025-10-29,quarterly,1.36,USD,pre-market,328191000,38314000000,0.0785,0.424,0.095,23.03,1822444000,7178000000,1125000000,1760000000,80.87,85.78,2.2556,18954000000,6872000000,5880000000,14004000000,12082000000,8124000000,4552401000,4950000000,18.89,None,100.76,58.09
2025-12-28,EBAY,4.51,10714000000.0,18.89,None,1.341,10.39,,438000000,2759000000,2759000000,,,,,,,,,2000000,501000000,None,818104000,818104000,257000000,None,1673000000,947000000,None,None,378165000,,1.14,0.0135,,,,0.054,0.03,1441707000,1819872000,1.33,2024-12-31,14.29,4269000000,7676000000.0,3734297000,1549377000,467285000,119000000,119000000,None,3478000,None,None,None,None,5752000000,None,2439000000,1082043000,None,None,None,0.214,,3734297000,1441707000,404000000,2364000000,None,632000000,None,,,,,2.38,8.1,3.635,,,,,,,,0.204,,None,2025-10-29,quarterly,1.36,USD,pre-market,328191000,37951000000,0.0785,0.424,0.095,23.03,1822444000,7863000000,1791000000,3457000000,80.87,85.78,2.2556,19365000000,7567000000,6098000000,14207000000,11798000000,8109000000,4552401000,5158000000,18.89,None,100.76,58.09
2025-12-28,EBAY,4.51,10714000000.0,18.89,None,1.341,10.39,,441000000,1876000000,1876000000,,,,,,,,,2000000,494000000,None,818104000,818104000,283000000,None,1243000000,1059000000,None,None,378165000,,1.14,0.0135,,,,0.054,0.03,1441707000,1819872000,1.33,2024-09-30,14.29,4321000000,7676000000.0,3734297000,1549377000,467285000,129000000,129000000,None,3478000,None,185000000,None,None,6175000000,None,3444000000,1082043000,None,None,None,0.214,,3734297000,1441707000,824000000,2509000000,None,578000000,None,,,,,2.38,8.1,3.635,,,,,,,,0.204,,None,2025-10-29,quarterly,1.36,USD,pre-market,328191000,37407000000,0.0785,0.424,0.095,23.03,1822444000,7859000000,1358000000,3302000000,80.87,85.78,2.2556,19915000000,7061000000,5639000000,14495000000,12854000000,8856000000,4552401000,5420000000,18.89,None,100.76,58.09
2025-12-28,EBAY,4.51,10714000000.0,18.89,None,1.341,10.39,,452000000,2197000000,2197000000,,,,,,,,,2000000,507000000,None,818104000,818104000,319000000,None,1551000000,1134000000,None,None,378165000,,1.14,0.0135,,,,0.054,0.03,1441707000,1819872000,1.33,2024-06-30,14.29,4285000000,7676000000.0,3734297000,1549377000,467285000,139000000,139000000,None,3478000,None,None,None,None,6174000000,None,3632000000,1082043000,None,None,None,0.214,,3734297000,1441707000,735000000,2486000000,None,734000000,None,,,,,2.38,8.1,3.635,,,,,,,,0.204,,None,2025-10-29,quarterly,1.36,USD,pre-market,328191000,36926000000,0.0785,0.424,0.095,23.03,1822444000,8177000000,1671000000,3203000000,80.87,85.78,2.2556,20378000000,7269000000,5799000000,14853000000,13109000000,9054000000,4552401000,5525000000,18.89,None,100.76,58.09
2025-12-28,EBAY,4.51,10714000000.0,18.89,None,1.341,10.39,,483000000,2209000000,2209000000,,,,,,,,,2000000,519000000,None,818104000,818104000,300000000,None,1551000000,1294000000,None,None,378165000,,1.14,0.0135,,,,0.054,0.03,1441707000,1819872000,1.33,2024-03-31,14.29,4235000000,7676000000.0,3734297000,1549377000,467285000,106000000,106000000,None,3478000,None,None,None,None,6174000000,None,1546000000,1082043000,None,None,None,0.214,,3734297000,1441707000,920000000,2464000000,None,959000000,None,,,,,2.38,8.1,3.635,,,,,,,,0.204,,None,2025-10-29,quarterly,1.36,USD,pre-market,328191000,36826000000,0.0785,0.424,0.095,23.03,1822444000,8208000000,1672000000,5983000000,80.87,85.78,2.2556,21418000000,10406000000,5233000000,15145000000,11012000000,9912000000,4552401000,6273000000,18.89,None,100.76,58.09
2025-12-28,EBAY,4.51,10714000000.0,18.89,None,1.341,10.39,,505000000,2008000000,2008000000,,,,,,,,,2000000,521000000,None,818104000,818104000,1321000000,None,750000000,1206000000,None,None,378165000,,1.14,0.0135,,,,0.054,0.03,1441707000,1819872000,1.33,2023-12-31,14.29,4267000000,7676000000.0,3734297000,1549377000,467285000,114000000,114000000,None,3478000,None,None,None,None,6973000000,None,1133000000,1082043000,None,None,None,0.214,,3734297000,1441707000,795000000,2297000000,None,936000000,None,,,,,2.38,8.1,3.635,,,,,,,,0.204,,None,2025-10-29,quarterly,1.36,USD,pre-market,328191000,36531000000,0.0785,0.424,0.095,23.03,1822444000,8228000000,868000000,7007000000,80.87,85.78,2.2556,21620000000,11016000000,4520000000,15224000000,10604000000,10704000000,4552401000,6396000000,18.89,None,100.76,58.09
2025-12-28,EBAY,4.51,10714000000.0,18.89,None,1.341,10.39,,355000000,2575000000,2575000000,,,,,,,,,2000000,532000000,None,818104000,818104000,303000000,None,750000000,1095000000,None,None,378165000,,1.14,0.0135,,,,0.054,0.03,1441707000,1819872000,1.33,2023-09-30,14.29,4238000000,7676000000.0,3734297000,1549377000,467285000,122000000,122000000,None,3478000,None,None,None,None,6973000000,None,1352000000,1082043000,None,None,None,0.214,,3734297000,1441707000,502000000,2437000000,None,911000000,None,,,,,2.38,8.1,3.635,,,,,,,,0.204,,None,2025-10-29,quarterly,1.36,USD,pre-market,328191000,35941000000,0.0785,0.424,0.095,23.03,1822444000,8192000000,864000000,6142000000,80.87,85.78,2.2556,21184000000,10314000000,4782000000,15285000000,10870000000,10503000000,4552401000,5899000000,18.89,None,100.76,58.09
2025-12-28,EBAY,4.51,10714000000.0,18.89,None,1.341,10.39,,378000000,2268000000,2268000000,,,,,,,,,2000000,537000000,None,818104000,818104000,294000000,None,None,789000000,None,None,378165000,,1.14,0.0135,,,,0.054,0.03,1441707000,1819872000,1.33,2023-06-30,14.29,4244000000,7676000000.0,3734297000,1549377000,467285000,127000000,127000000,None,3478000,None,None,None,None,7721000000,None,1499000000,1082043000,None,None,None,0.214,,3734297000,1441707000,796000000,1473000000,None,897000000,None,,,,,2.38,8.1,3.635,,,,,,,,0.204,,1227000000,2025-10-29,quarterly,1.36,USD,pre-market,328191000,34775000000,0.0785,0.424,0.095,23.03,1822444000,8871000000,1150000000,4864000000,80.87,85.78,2.2556,19956000000,8717000000,3555000000,14688000000,11239000000,11133000000,4552401000,5268000000,18.89,None,100.76,58.09
2025-12-28,EBAY,4.51,10714000000.0,18.89,None,1.341,10.39,,395000000,2123000000,2123000000,,,,,,,,,2000000,541000000,None,818104000,818104000,280000000,None,None,903000000,None,None,378165000,,1.14,0.0135,,,,0.054,0.03,1441707000,1819872000,1.33,2023-03-31,14.29,4287000000,7676000000.0,3734297000,1549377000,467285000,134000000,134000000,None,3478000,None,-2000000,None,None,7721000000,None,1657000000,1082043000,None,None,None,0.214,,3734297000,1441707000,825000000,2065000000,None,1464000000,None,,,,,2.38,8.1,3.635,,,,,,,,0.204,,1235000000,2025-10-29,quarterly,1.36,USD,pre-market,328191000,34744000000,0.0785,0.424,0.095,23.03,1822444000,8241000000,125000000,4747000000,80.87,85.78,2.2556,20004000000,8598000000,3206000000,14617000000,11406000000,11411000000,4552401000,5387000000,18.89,-46954000000,100.76,58.09
2025-12-28,EBAY,4.51,10714000000.0,18.89,None,1.341,10.39,,418000000,2154000000,2154000000,,,,,,,,,2000000,544000000,None,818104000,818104000,261000000,None,1150000000,763000000,None,None,378165000,,1.14,0.0135,,,,0.054,0.03,1441707000,1819872000,1.33,2022-12-31,14.29,4262000000,7676000000.0,3734297000,1549377000,467285000,115000000,115000000,None,3478000,None,-2000000,None,None,7721000000,None,1797000000,1082043000,None,None,None,0.214,,3734297000,1441707000,1056000000,2826000000,None,1042000000,None,,,,,2.38,8.1,3.635,,,,,,,,0.204,,1238000000,2025-10-29,quarterly,1.36,USD,pre-market,328191000,34315000000,0.0785,0.424,0.095,23.03,1822444000,9289000000,1150000000,5317000000,80.87,85.78,2.2556,20850000000,9290000000,4271000000,15697000000,11560000000,11426000000,4552401000,5153000000,18.89,-46702000000,100.76,58.09
2025-12-28,EBAY,4.51,10714000000.0,18.89,None,1.341,10.39,,573000000,2065000000,2065000000,,,,,,,,,2000000,548000000,None,818104000,818104000,224000000,None,1150000000,843000000,None,None,378165000,,1.14,0.0135,,,,0.054,0.03,1441707000,1819872000,1.33,2022-09-30,14.29,4058000000,7676000000.0,3734297000,1549377000,467285000,18000000,18000000,None,3478000,None,-23000000,None,None,6579000000,None,4386000000,1082043000,None,None,None,0.214,,3734297000,1441707000,952000000,1928000000,None,1460000000,None,,,,,2.38,8.1,3.635,,,,,,,,0.204,,1194000000,2025-10-29,quarterly,1.36,USD,pre-market,328191000,33766000000,0.0785,0.424,0.095,23.03,1822444000,8302000000,1291000000,1429000000,80.87,85.78,2.2556,19097000000,5289000000,3974000000,14244000000,13808000000,10270000000,4552401000,4853000000,18.89,-46402000000,100.76,58.09
2025-12-28,EBAY,4.51,10714000000.0,18.89,None,1.341,10.39,,448000000,1768000000,1768000000,,,,,,,,,2000000,556000000,None,818104000,818104000,249000000,None,1149000000,687000000,None,None,378165000,,1.14,0.0135,,,,0.054,0.03,1441707000,1819872000,1.33,2022-06-30,14.29,4113000000,7676000000.0,3734297000,1549377000,467285000,None,None,None,3478000,None,-7000000,None,None,6579000000,None,5065000000,1082043000,None,None,None,0.214,,3734297000,1441707000,1155000000,1846000000,None,1459000000,None,,,,,2.38,8.1,3.635,,,,,,,,0.204,,1714000000,2025-10-29,quarterly,1.36,USD,pre-market,328191000,33960000000,0.0785,0.424,0.095,23.03,1822444000,8320000000,1293000000,1457000000,80.87,85.78,2.2556,19653000000,5067000000,3972000000,14410000000,14586000000,10438000000,4552401000,5243000000,18.89,-46101000000,100.76,58.09
2025-12-28,EBAY,4.51,10714000000.0,18.89,None,1.341,10.39,,627000000,1818000000,1818000000,,,,,,,,,2000000,587000000,None,818104000,818104000,245000000,None,1755000000,713000000,None,None,378165000,,1.14,0.0135,,,,0.054,0.03,1441707000,1819872000,1.33,2022-03-31,14.29,4141000000,7676000000.0,3734297000,1549377000,467285000,None,None,None,3478000,None,-4000000,None,None,6578000000,None,5961000000,1082043000,None,None,None,0.214,,3734297000,1441707000,1067000000,1971000000,None,1665000000,None,,,,,2.38,8.1,3.635,,,,,,,,0.204,,1192000000,2025-10-29,quarterly,1.36,USD,pre-market,328191000,34615000000,0.0785,0.424,0.095,23.03,1822444000,8960000000,1901000000,3751000000,80.87,85.78,2.2556,22980000000,7349000000,4982000000,15926000000,15631000000,10944000000,4552401000,7054000000,18.89,-44809000000,100.76,58.09
2025-12-28,EBAY,4.51,10714000000.0,18.89,None,1.341,10.39,,200000000,1401000000,1401000000,,,,,,,,,2000000,606000000,None,818104000,818104000,262000000,None,1355000000,779000000,None,None,378165000,,1.14,0.0135,,,,0.054,0.03,1441707000,1819872000,1.33,2021-12-31,14.29,4178000000,7676000000.0,3734297000,1549377000,467285000,8000000,8000000,None,3478000,None,None,None,None,7727000000,None,7966000000,1082043000,None,None,None,0.214,,3734297000,1441707000,1009000000,2009000000,None,1183000000,None,,,,,2.38,8.1,3.635,,,,,,,,0.204,,1525000000,2025-10-29,quarterly,1.36,USD,pre-market,328191000,36090000000,0.0785,0.424,0.095,23.03,1822444000,9432000000,1505000000,5922000000,80.87,85.78,2.2556,26626000000,9111000000,4622000000,16848000000,17515000000,12226000000,4552401000,9778000000,18.89,-43371000000,100.76,58.09
2025-12-28,EBAY,4.51,10714000000.0,18.89,None,1.341,10.39,,224000000,1266000000,1266000000,,,,,,,,,2000000,658000000,None,818104000,818104000,265000000,None,1355000000,660000000,None,None,378165000,,1.14,0.0135,,,,0.054,0.03,1441707000,1819872000,1.33,2021-09-30,14.29,4138000000,7676000000.0,3734297000,1549377000,467285000,3000000,3000000,None,3478000,None,1570000000,None,None,7727000000,None,933000000,1082043000,None,None,None,0.214,,3734297000,1441707000,11814000000,3415000000,None,1161000000,None,,,,,2.38,8.1,3.635,,,,,,,,0.204,,1563000000,2025-10-29,quarterly,1.36,USD,pre-market,328191000,34230000000,0.0785,0.424,0.095,23.03,1822444000,9306000000,1355000000,4016000000,80.87,85.78,2.2556,29257000000,17756000000,5296000000,18312000000,11501000000,13016000000,4552401000,10945000000,18.89,-40559000000,100.76,58.09
2025-12-28,EBAY,4.51,10714000000.0,18.89,None,1.341,10.39,,255000000,2143000000,2143000000,,,,,,,,,2000000,685000000,None,818104000,818104000,285000000,None,761000000,622000000,None,None,378165000,,1.14,0.0135,,,,0.054,0.03,1441707000,1819872000,1.33,2021-06-30,14.29,4212000000,7676000000.0,3734297000,1549377000,467285000,3000000,3000000,None,3478000,None,1414000000,None,None,8331000000,None,1323000000,1082043000,None,None,None,0.214,,3734297000,1441707000,12573000000,3408000000,None,1156000000,None,,,,,2.38,8.1,3.635,,,,,,,,0.204,,1626000000,2025-10-29,quarterly,1.36,USD,pre-market,328191000,34086000000,0.0785,0.424,0.095,23.03,1822444000,9347000000,761000000,4723000000,80.87,85.78,2.2556,31823000000,20061000000,5063000000,18807000000,11762000000,13744000000,4552401000,13016000000,18.89,-38308000000,100.76,58.09
2025-12-28,EBAY,4.51,10714000000.0,18.89,None,1.341,10.39,,344000000,1690000000,1690000000,,,,,,,,,2000000,693000000,None,818104000,818104000,324000000,None,1172000000,1364000000,None,None,378165000,,1.14,0.0135,,,,0.054,0.03,1441707000,1819872000,1.33,2021-03-31,14.29,4591000000,7676000000.0,3734297000,1549377000,467285000,5000000,5000000,None,3478000,None,1171000000,None,None,5855000000,None,1059000000,1082043000,None,None,None,0.214,,3734297000,1441707000,1960000000,3385000000,None,1251000000,None,,,,,2.38,8.1,3.635,,,,,,,,0.204,,1798000000,2025-10-29,quarterly,1.36,USD,pre-market,328191000,23476000000,0.0785,0.424,0.095,23.03,1822444000,7371000000,1172000000,1677000000,80.87,85.78,2.2556,18731000000,6691000000,5130000000,14961000000,12040000000,9831000000,4552401000,3770000000,18.89,-36807000000,100.76,58.09
2025-12-28,EBAY,4.51,10714000000.0,18.89,None,1.341,10.39,,380000000,1238000000,1238000000,,,,,,,,,2000000,697000000,None,818104000,818104000,278000000,None,18000000,652000000,None,None,378165000,,1.14,0.0135,,,,0.054,0.03,1441707000,1819872000,1.33,2020-12-31,14.29,4285000000,7676000000.0,3734297000,1549377000,467285000,12000000,12000000,None,3478000,None,1188000000,None,None,7745000000,None,833000000,1082043000,None,None,None,0.214,,3734297000,1441707000,3045000000,2977000000,None,1643000000,None,,,,,2.38,8.1,3.635,,,,,,,,0.204,,1358000000,2025-10-29,quarterly,1.36,USD,pre-market,328191000,22961000000,0.0785,0.424,0.095,23.03,1822444000,8215000000,159000000,2255000000,80.87,85.78,2.2556,19310000000,7190000000,4002000000,15749000000,12120000000,11747000000,4552401000,3561000000,18.89,-36515000000,100.76,58.09
2025-12-28,EBAY,4.51,10714000000.0,18.89,None,1.341,10.39,,379000000,1089000000,1089000000,,,,,,,,,2000000,708000000,None,818104000,818104000,307000000,None,17000000,477000000,None,None,378165000,,1.14,0.0135,,,,0.054,0.03,1441707000,1819872000,1.33,2020-09-30,14.29,4537000000,7676000000.0,3734297000,1549377000,467285000,19000000,19000000,None,3478000,None,1116000000,None,None,7738000000,None,663000000,1082043000,None,None,None,0.214,,3734297000,1441707000,2602000000,3032000000,None,1264000000,None,,,,,2.38,8.1,3.635,,,,,,,,0.204,,1301000000,2025-10-29,quarterly,1.36,USD,pre-market,328191000,22230000000,0.0785,0.424,0.095,23.03,1822444000,8134000000,17000000,2571000000,80.87,85.78,2.2556,18421000000,6739000000,3840000000,15501000000,11682000000,11661000000,4552401000,2920000000,18.89,-36096000000,100.76,58.09
2025-12-28,EBAY,4.51,10714000000.0,18.89,None,1.341,10.39,,411000000,1025000000,1025000000,,,,,,,,,2000000,711000000,None,818104000,818104000,305000000,None,516000000,845000000,None,None,378165000,,1.14,0.0135,,,,0.054,0.03,1441707000,1819872000,1.33,2020-06-30,14.29,4910000000,7676000000.0,3734297000,1549377000,467285000,56000000,56000000,None,3478000,None,None,None,None,8161000000,None,832000000,1082043000,None,None,None,0.214,,3734297000,1441707000,1246000000,2440000000,None,1262000000,None,,,,,2.38,8.1,3.635,,,,,,,,0.204,,1364000000,2025-10-29,quarterly,1.36,USD,pre-market,328191000,21681000000,0.0785,0.424,0.095,23.03,1822444000,9088000000,516000000,4278000000,80.87,85.78,2.2556,20014000000,7394000000,4692000000,17112000000,12620000000,12420000000,4552401000,2902000000,18.89,-34946000000,100.76,58.09
2025-12-28,EBAY,4.51,10714000000.0,18.89,None,1.341,10.39,,456000000,899000000,899000000,,,,,,,,,2000000,757000000,None,818104000,818104000,268000000,None,1015000000,635000000,None,None,378165000,,1.14,0.0135,,,,0.054,0.03,1441707000,1819872000,1.33,2020-03-31,14.29,4850000000,7676000000.0,3734297000,1549377000,467285000,50000000,50000000,None,3478000,None,None,None,None,7724000000,None,1077000000,1082043000,None,None,None,0.214,,3734297000,1441707000,1183000000,2175000000,None,1798000000,None,,,,,2.38,8.1,3.635,,,,,,,,0.204,,1409000000,2025-10-29,quarterly,1.36,USD,pre-market,328191000,21051000000,0.0785,0.424,0.095,23.03,1822444000,9195000000,1015000000,3531000000,80.87,85.78,2.2556,18929000000,6248000000,4673000000,16814000000,12681000000,12141000000,4552401000,2115000000,18.89,-34946000000,100.76,58.09
2025-12-28,EBAY,4.51,10714000000.0,18.89,None,1.341,10.39,,492000000,922000000,922000000,,,,,,,,,2000000,812000000,None,818104000,818104000,229000000,None,1022000000,1180000000,None,None,378165000,,1.14,0.0135,,,,0.054,0.03,1441707000,1819872000,1.33,2019-12-31,14.29,4533000000,7676000000.0,3734297000,1549377000,467285000,39000000,39000000,None,3478000,None,None,None,None,6738000000,None,1316000000,1082043000,None,None,None,0.214,,3734297000,1441707000,775000000,2429000000,None,1362000000,None,,,,,2.38,8.1,3.635,,,,,,,,0.204,,2138000000,2025-10-29,quarterly,1.36,USD,pre-market,328191000,17754000000,0.0785,0.424,0.095,23.03,1822444000,8372000000,1020000000,1829000000,80.87,85.78,2.2556,18174000000,4706000000,4066000000,15304000000,13468000000,11238000000,4552401000,2870000000,18.89,-31396000000,100.76,58.09
2025-12-28,EBAY,4.51,10714000000.0,18.89,None,1.341,10.39,,659000000,909000000,909000000,,,,,,,,,2000000,837000000,None,818104000,818104000,296000000,None,518000000,714000000,None,None,378165000,,1.14,0.0135,,,,0.054,0.03,1441707000,1819872000,1.33,2019-09-30,14.29,5097000000,7676000000.0,3734297000,1549377000,467285000,79000000,79000000,None,3478000,None,None,None,None,7235000000,None,1446000000,1082043000,None,None,None,0.214,,3734297000,1441707000,1409000000,2345000000,None,1407000000,None,,,,,2.38,8.1,3.635,,,,,,,,0.204,,2150000000,2025-10-29,quarterly,1.36,USD,pre-market,328191000,17315000000,0.0785,0.424,0.095,23.03,1822444000,8412000000,680000000,2177000000,80.87,85.78,2.2556,18714000000,5209000000,3685000000,15444000000,13505000000,11759000000,4552401000,3270000000,18.89,-30396000000,100.76,58.09
2025-12-28,EBAY,4.51,10714000000.0,18.89,None,1.341,10.39,,519000000,1521000000,1521000000,,,,,,,,,2000000,867000000,None,818104000,818104000,303000000,None,2063000000,797000000,None,None,378165000,,1.14,0.0135,,,,0.054,0.03,1441707000,1819872000,1.33,2019-06-30,14.29,5185000000,7676000000.0,3734297000,1549377000,467285000,94000000,94000000,None,3478000,None,None,None,None,7243000000,None,1936000000,1082043000,None,None,None,0.214,,3734297000,1441707000,1570000000,2515000000,None,1408000000,None,,,,,2.38,8.1,3.635,,,,,,,,0.204,,1573000000,2025-10-29,quarterly,1.36,USD,pre-market,328191000,17125000000,0.0785,0.424,0.095,23.03,1822444000,9995000000,2063000000,2956000000,80.87,85.78,2.2556,21169000000,6844000000,5209000000,17063000000,14325000000,11854000000,4552401000,4106000000,18.89,-29396000000,100.76,58.09
2025-12-28,EBAY,4.51,10714000000.0,18.89,None,1.341,10.39,,547000000,1712000000,1712000000,,,,,,,,,2000000,908000000,None,818104000,818104000,251000000,None,1550000000,716000000,None,None,378165000,,1.14,0.0135,,,,0.054,0.03,1441707000,1819872000,1.33,2019-03-31,14.29,5208000000,7676000000.0,3734297000,1549377000,467285000,108000000,108000000,None,3478000,None,None,None,None,7700000000,None,2969000000,1082043000,None,None,None,0.214,,3734297000,1441707000,1508000000,2418000000,None,2033000000,None,,,,,2.38,8.1,3.635,,,,,,,,0.204,,1582000000,2025-10-29,quarterly,1.36,USD,pre-market,328191000,16847000000,0.0785,0.424,0.095,23.03,1822444000,9966000000,1550000000,2729000000,80.87,85.78,2.2556,22329000000,6665000000,4500000000,17126000000,15664000000,12626000000,4552401000,5203000000,18.89,-27895000000,100.76,58.09
2025-12-28,EBAY,4.51,10714000000.0,18.89,None,1.341,10.39,,None,2219000000,2219000000,,,,,,,,,2000000,950000000,None,818104000,818104000,286000000,None,1542000000,1382000000,None,None,378165000,,1.14,0.0135,,,,0.054,0.03,1441707000,1819872000,1.33,2018-12-31,14.29,5160000000,7676000000.0,3734297000,1549377000,467285000,92000000,92000000,None,3478000,None,None,None,None,7685000000,None,3778000000,1082043000,None,None,None,0.214,,3734297000,1441707000,829000000,2106000000,None,1474000000,None,,,,,2.38,8.1,3.635,,,,,,,,0.204,,1597000000,2025-10-29,quarterly,1.36,USD,pre-market,328191000,16459000000,0.0785,0.424,0.095,23.03,1822444000,9231000000,1546000000,2696000000,80.87,85.78,2.2556,22819000000,7126000000,4454000000,16538000000,15693000000,12084000000,4552401000,6281000000,18.89,-26394000000,100.76,58.09
2025-12-28,EBAY,4.51,10714000000.0,18.89,None,1.341,10.39,,None,2101000000,2101000000,,,,,,,,,2000000,983000000,None,818104000,818104000,225000000,None,1548000000,761000000,None,None,378165000,,1.14,0.0135,,,,0.054,0.03,1441707000,1819872000,1.33,2018-09-30,14.29,5170000000,7676000000.0,3734297000,1549377000,467285000,106000000,106000000,None,3478000,None,None,None,None,7661000000,None,4276000000,1082043000,None,None,None,0.214,,3734297000,1441707000,1364000000,1989000000,None,1740000000,None,,,,,2.38,8.1,3.635,,,,,,,,0.204,,1580000000,2025-10-29,quarterly,1.36,USD,pre-market,328191000,15699000000,0.0785,0.424,0.095,23.03,1822444000,9207000000,1546000000,2737000000,80.87,85.78,2.2556,23652000000,6963000000,4006000000,16723000000,16689000000,12717000000,4552401000,6929000000,18.89,-24893000000,100.76,58.09
2025-12-28,EBAY,4.51,10714000000.0,18.89,None,1.341,10.39,,None,1636000000,1636000000,,,,,,,,,2000000,1004000000,None,818104000,818104000,253000000,None,9241000000,745000000,None,None,378165000,,1.14,0.0135,,,,0.054,0.03,1441707000,1819872000,1.33,2018-06-30,14.29,5199000000,7676000000.0,3734297000,1549377000,467285000,123000000,123000000,None,3478000,None,None,None,None,9201000000,None,5418000000,1082043000,None,None,None,0.214,,3734297000,1441707000,1432000000,2117000000,None,1743000000,None,,,,,2.38,8.1,3.635,,,,,,,,0.204,,1576000000,2025-10-29,quarterly,1.36,USD,pre-market,328191000,14977000000,0.0785,0.424,0.095,23.03,1822444000,9204000000,3000000,2371000000,80.87,85.78,2.2556,23988000000,6184000000,2608000000,16842000000,17804000000,14234000000,4552401000,7146000000,18.89,-23892000000,100.76,58.09
2025-12-28,EBAY,4.51,10714000000.0,18.89,None,1.341,10.39,,None,2546000000,2546000000,,,,,,,,,2000000,1029000000,None,818104000,818104000,252000000,None,9256000000,683000000,None,None,378165000,,1.14,0.0135,,,,0.054,0.03,1441707000,1819872000,1.33,2018-03-31,14.29,4815000000,7676000000.0,3734297000,1549377000,467285000,53000000,53000000,None,3478000,None,0,None,None,9208000000,None,5919000000,1082043000,None,None,None,0.214,,3734297000,1441707000,1274000000,1918000000,None,1869000000,None,,,,,2.38,8.1,3.635,,,,,,,,0.204,,1548000000,2025-10-29,quarterly,1.36,USD,pre-market,328191000,14335000000,0.0785,0.424,0.095,23.03,1822444000,9228000000,20000000,2260000000,80.87,85.78,2.2556,24555000000,6763000000,2568000000,16959000000,17792000000,14391000000,4552401000,7596000000,18.89,-22903000000,100.76,58.09
2025-12-28,EBAY,4.51,10714000000.0,18.89,None,1.341,10.39,,None,2140000000,2140000000,,,,,,,,,2000000,1035000000,None,818104000,818104000,330000000,None,750000000,1358000000,None,None,378165000,,1.14,0.0135,,,,0.054,0.03,1441707000,1819872000,1.33,2017-12-31,14.29,4773000000,7676000000.0,3734297000,1549377000,467285000,69000000,69000000,None,3478000,None,None,None,None,9234000000,None,6331000000,1082043000,None,None,None,0.214,,3734297000,1441707000,523000000,2134000000,None,1720000000,None,,,,,2.38,8.1,3.635,,,,,,,,0.204,,1597000000,2025-10-29,quarterly,1.36,USD,pre-market,328191000,13943000000,0.0785,0.424,0.095,23.03,1822444000,10015000000,781000000,3723000000,80.87,85.78,2.2556,25986000000,7744000000,3559000000,17937000000,18242000000,14378000000,4552401000,8063000000,18.89,-21892000000,100.76,58.09
2025-12-28,EBAY,4.51,10714000000.0,18.89,None,1.341,10.39,,None,1782000000,1782000000,,,,,,,,,2000000,1078000000,None,818104000,818104000,260000000,None,749000000,626000000,None,None,378165000,,1.14,0.0135,,,,0.054,0.03,1441707000,1819872000,1.33,2017-09-30,14.29,4669000000,7676000000.0,3734297000,1549377000,467285000,78000000,78000000,None,3478000,None,0,None,None,9249000000,None,6302000000,1082043000,None,None,None,0.214,,3734297000,1441707000,1202000000,1964000000,None,64000000,None,,,,,2.38,8.1,3.635,,,,,,,,0.204,,1546000000,2025-10-29,quarterly,1.36,USD,pre-market,328191000,16544000000,0.0785,0.424,0.095,23.03,1822444000,9998000000,749000000,4248000000,80.87,85.78,2.2556,25943000000,7858000000,3190000000,14660000000,18085000000,11470000000,4552401000,11283000000,18.89,-20970000000,100.76,58.09
2025-12-28,EBAY,4.51,10714000000.0,18.89,None,1.341,10.39,,None,2657000000,2657000000,,,,,,,,,2000000,1091000000,None,818104000,818104000,284000000,None,11466000000,619000000,None,None,378165000,,1.14,0.0135,,,,0.054,0.03,1441707000,1819872000,1.33,2017-06-30,14.29,4665000000,7676000000.0,3734297000,1549377000,467285000,92000000,92000000,None,3478000,None,0,None,None,9251000000,None,4754000000,1082043000,None,None,None,0.214,,3734297000,1441707000,1270000000,1870000000,None,64000000,None,,,,,2.38,8.1,3.635,,,,,,,,0.204,,1538000000,2025-10-29,quarterly,1.36,USD,pre-market,328191000,16021000000,0.0785,0.424,0.095,23.03,1822444000,11466000000,2215000000,6360000000,80.87,85.78,2.2556,27483000000,10906000000,4596000000,16009000000,16577000000,11413000000,4552401000,11474000000,18.89,-20063000000,100.76,58.09
2025-12-28,EBAY,4.51,10714000000.0,18.89,None,1.341,10.39,,None,1999000000,1999000000,,,,,,,,,2000000,1102000000,None,818104000,818104000,296000000,None,2210000000,592000000,None,None,378165000,,1.14,0.0135,,,,0.054,0.03,1441707000,1819872000,1.33,2017-03-31,14.29,4648000000,7676000000.0,3734297000,1549377000,467285000,86000000,86000000,None,3478000,None,0,None,None,6756000000,None,4540000000,1082043000,None,None,None,0.214,,3734297000,1441707000,1147000000,1693000000,None,66000000,None,,,,,2.38,8.1,3.635,,,,,,,,0.204,,1496000000,2025-10-29,quarterly,1.36,USD,pre-market,328191000,15994000000,0.0785,0.424,0.095,23.03,1822444000,8966000000,2210000000,4755000000,80.87,85.78,2.2556,24808000000,8493000000,4433000000,13213000000,16315000000,8780000000,4552401000,11595000000,18.89,-19555000000,100.76,58.09
2025-12-28,EBAY,4.51,10714000000.0,18.89,None,1.341,10.39,,None,1835000000,1835000000,,,,,,,,,2000000,1119000000,None,818104000,818104000,283000000,None,1449000000,1182000000,None,None,378165000,,1.14,0.0135,,,,0.054,0.03,1441707000,1819872000,1.33,2016-12-31,14.29,4501000000,7676000000.0,3734297000,1549377000,467285000,102000000,102000000,None,3478000,None,0,None,None,7509000000,None,3969000000,1082043000,None,None,None,0.214,,3734297000,1441707000,544000000,1893000000,None,64000000,None,,,,,2.38,8.1,3.635,,,,,,,,0.204,,1516000000,2025-10-29,quarterly,1.36,USD,pre-market,328191000,14959000000,0.0785,0.424,0.095,23.03,1822444000,8960000000,1451000000,5314000000,80.87,85.78,2.2556,23847000000,8875000000,3847000000,13308000000,14972000000,9461000000,4552401000,10539000000,18.89,-19205000000,100.76,58.09
2025-12-28,EBAY,4.51,10714000000.0,18.89,None,1.341,10.39,,None,1777000000,1777000000,,,,,,,,,2000000,1139000000,None,818104000,818104000,278000000,None,1449000000,626000000,None,None,378165000,,1.14,0.0135,,,,0.054,0.03,1441707000,1819872000,1.33,2016-09-30,14.29,4727000000,7676000000.0,3734297000,1549377000,467285000,117000000,117000000,None,3478000,None,0,None,None,7582000000,None,3921000000,1082043000,None,None,None,0.214,,3734297000,1441707000,1112000000,1813000000,None,70000000,None,,,,,2.38,8.1,3.635,,,,,,,,0.204,,1526000000,2025-10-29,quarterly,1.36,USD,pre-market,328191000,9036000000,0.0785,0.424,0.095,23.03,1822444000,9031000000,1449000000,6268000000,80.87,85.78,2.2556,20502000000,9783000000,3763000000,13683000000,10719000000,9920000000,4552401000,6819000000,18.89,-18205000000,100.76,58.09
2025-12-28,EBAY,4.51,10714000000.0,18.89,None,1.341,10.39,,None,2001000000,2001000000,,,,,,,,,2000000,1149000000,None,818104000,818104000,304000000,None,1449000000,628000000,None,None,378165000,,1.14,0.0135,,,,0.054,0.03,1441707000,1819872000,1.33,2016-06-30,14.29,4487000000,7676000000.0,3734297000,1549377000,467285000,74000000,74000000,None,3478000,None,0,None,None,9054000000,None,3541000000,1082043000,None,None,None,0.214,,3734297000,1441707000,1200000000,1718000000,None,76000000,None,,,,,2.38,8.1,3.635,,,,,,,,0.204,,1502000000,2025-10-29,quarterly,1.36,USD,pre-market,328191000,8642000000,0.0785,0.424,0.095,23.03,1822444000,9122000000,68000000,6085000000,80.87,85.78,2.2556,19993000000,9914000000,2206000000,13540000000,10079000000,11334000000,4552401000,6453000000,18.89,-17704000000,100.76,58.09
2025-12-28,EBAY,4.51,10714000000.0,18.89,None,1.341,10.39,,None,2686000000,2686000000,,,,,,,,,2000000,1170000000,None,818104000,818104000,275000000,None,None,599000000,None,None,378165000,,1.14,0.0135,,,,0.054,0.03,1441707000,1819872000,1.33,2016-03-31,14.29,4519000000,7676000000.0,3734297000,1549377000,467285000,82000000,82000000,None,3478000,None,0,None,None,9030000000,None,3370000000,1082043000,None,None,None,0.214,,3734297000,1441707000,1091000000,1651000000,None,74000000,None,,,,,2.38,8.1,3.635,,,,,,,,0.204,,1497000000,2025-10-29,quarterly,1.36,USD,pre-market,328191000,8207000000,0.0785,0.424,0.095,23.03,1822444000,9036000000,6000000,5327000000,80.87,85.78,2.2556,19608000000,9703000000,2107000000,13291000000,9905000000,11184000000,4552401000,6317000000,18.89,-17204000000,100.76,58.09
2025-12-28,EBAY,4.51,10714000000.0,18.89,None,1.341,10.39,,None,1832000000,1832000000,,,,,,,,,2000000,1204000000,None,818104000,818104000,349000000,None,6749000000,619000000,None,None,378165000,,1.14,0.0135,,,,0.054,0.03,1441707000,1819872000,1.33,2015-12-31,14.29,4451000000,7676000000.0,3734297000,1549377000,467285000,90000000,90000000,None,3478000,None,0,None,None,6779000000,None,3391000000,1082043000,None,None,None,0.214,,3734297000,1441707000,1154000000,1736000000,None,75000000,None,,,,,2.38,8.1,3.635,,,,,,,,0.204,,1554000000,2025-10-29,quarterly,1.36,USD,pre-market,328191000,7713000000,0.0785,0.424,0.095,23.03,1822444000,6851000000,72000000,4299000000,80.87,85.78,2.2556,17785000000,7904000000,2263000000,11209000000,9881000000,8946000000,4552401000,6576000000,18.89,-16203000000,100.76,58.09
2025-12-28,EBAY,4.51,10714000000.0,18.89,None,1.341,10.39,,None,2387000000,2387000000,,,,,,,,,2000000,1223000000,None,818104000,818104000,175000000,None,None,595000000,None,None,378165000,,1.14,0.0135,,,,0.054,0.03,1441707000,1819872000,1.33,2015-09-30,14.29,4442000000,7676000000.0,3734297000,1549377000,467285000,90000000,90000000,None,3478000,None,1232000000,None,None,6814000000,None,3572000000,1082043000,None,None,None,0.214,,3734297000,1441707000,2384000000,3442000000,None,85000000,None,,,,,2.38,8.1,3.635,,,,,,,,0.204,,1535000000,2025-10-29,quarterly,1.36,USD,pre-market,328191000,7255000000,0.0785,0.424,0.095,23.03,1822444000,7439000000,625000000,2914000000,80.87,85.78,2.2556,18338000000,8280000000,4436000000,11846000000,10058000000,7410000000,4552401000,6338000000,18.89,-15653000000,100.76,58.09
2025-12-28,EBAY,4.51,10714000000.0,18.89,None,1.341,10.39,,None,4971000000,4971000000,,,,,,,,,2000000,1225000000,None,818104000,818104000,368000000,None,None,15166000000,None,None,378165000,,1.14,0.0135,,,,0.054,0.03,1441707000,1819872000,1.33,2015-06-30,14.29,7902000000,7676000000.0,3734297000,1549377000,467285000,283000000,283000000,None,3478000,None,1186000000,None,None,6757000000,None,5881000000,1082043000,None,None,None,0.214,,3734297000,1441707000,2829000000,15601000000,None,123000000,None,,,,,2.38,8.1,3.635,,,,,,,,0.204,,2781000000,2025-10-29,quarterly,1.36,USD,pre-market,328191000,19609000000,0.0785,0.424,0.095,23.03,1822444000,7622000000,865000000,5583000000,80.87,85.78,2.2556,45658000000,28549000000,17060000000,25853000000,17109000000,8793000000,4552401000,19805000000,18.89,-15054000000,100.76,58.09
2025-12-28,EBAY,4.51,10714000000.0,18.89,None,1.341,10.39,,None,5473000000,5473000000,,,,,,,,,2000000,1229000000,None,818104000,818104000,393000000,None,None,15172000000,None,None,378165000,,1.14,0.0135,,,,0.054,0.03,1441707000,1819872000,1.33,2015-03-31,14.29,8965000000,7676000000.0,3734297000,1549377000,467285000,481000000,481000000,None,3478000,None,0,None,None,6795000000,None,5647000000,1082043000,None,None,None,0.214,,3734297000,1441707000,1663000000,16036000000,None,129000000,None,,,,,2.38,8.1,3.635,,,,,,,,0.204,,2947000000,2025-10-29,quarterly,1.36,USD,pre-market,328191000,19526000000,0.0785,0.424,0.095,23.03,1822444000,7663000000,868000000,4206000000,80.87,85.78,2.2556,44841000000,26514000000,17611000000,25303000000,18327000000,7692000000,4552401000,19538000000,18.89,-15054000000,100.76,58.09
2025-12-28,EBAY,4.51,10714000000.0,18.89,None,1.341,10.39,,None,4105000000,4105000000,,,,,,,,,2000000,1241000000,None,818104000,818104000,107000000,None,850000000,600000000,None,None,378165000,,1.14,0.0135,,,,0.054,0.03,1441707000,1819872000,1.33,2014-12-31,14.29,4671000000,7676000000.0,3734297000,1549377000,467285000,133000000,133000000,None,3478000,None,0,None,None,6777000000,None,5777000000,1082043000,None,None,None,0.214,,3734297000,1441707000,18096000000,16341000000,None,126000000,None,,,,,2.38,8.1,3.635,,,,,,,,0.204,,2902000000,2025-10-29,quarterly,1.36,USD,pre-market,328191000,18900000000,0.0785,0.424,0.095,23.03,1822444000,7627000000,850000000,3730000000,80.87,85.78,2.2556,45132000000,26531000000,17531000000,25226000000,18601000000,7695000000,4552401000,19906000000,18.89,-14054000000,100.76,58.09
2025-12-28,EBAY,4.51,10714000000.0,18.89,None,1.341,10.39,,None,4790000000,4790000000,,,,,,,,,2000000,1251000000,None,818104000,818104000,339000000,None,None,13879000000,None,None,378165000,,1.14,0.0135,,,,0.054,0.03,1441707000,1819872000,1.33,2014-09-30,14.29,9220000000,7676000000.0,3734297000,1549377000,467285000,642000000,642000000,None,3478000,None,0,None,None,7346000000,None,5875000000,1082043000,None,None,None,0.214,,3734297000,1441707000,1422000000,15579000000,None,120000000,None,,,,,2.38,8.1,3.635,,,,,,,,0.204,,2825000000,2025-10-29,quarterly,1.36,USD,pre-market,328191000,17877000000,0.0785,0.424,0.095,23.03,1822444000,7596000000,250000000,5563000000,80.87,85.78,2.2556,44476000000,25654000000,16491000000,24666000000,18822000000,8175000000,4552401000,19810000000,18.89,-12872000000,100.76,58.09
2025-12-28,EBAY,4.51,10714000000.0,18.89,None,1.341,10.39,,None,3834000000,3834000000,,,,,,,,,2000000,1267000000,None,818104000,818104000,312000000,None,None,13741000000,None,None,378165000,,1.14,0.0135,,,,0.054,0.03,1441707000,1819872000,1.33,2014-06-30,14.29,9367000000,7676000000.0,3734297000,1549377000,467285000,714000000,714000000,None,3478000,None,0,None,None,4118000000,None,6217000000,1082043000,None,None,None,0.214,,3734297000,1441707000,1300000000,15730000000,None,240000000,None,,,,,2.38,8.1,3.635,,,,,,,,0.204,,2685000000,2025-10-29,quarterly,1.36,USD,pre-market,328191000,17204000000,0.0785,0.424,0.095,23.03,1822444000,5321000000,1203000000,3503000000,80.87,85.78,2.2556,41640000000,22378000000,17538000000,22670000000,19262000000,5132000000,4552401000,18970000000,18.89,-12864000000,100.76,58.09
2025-12-28,EBAY,4.51,10714000000.0,18.89,None,1.341,10.39,,None,4415000000,4415000000,,,,,,,,,2000000,1276000000,None,818104000,818104000,277000000,None,None,13202000000,None,None,378165000,,1.14,0.0135,,,,0.054,0.03,1441707000,1819872000,1.33,2014-03-31,14.29,9257000000,7676000000.0,3734297000,1549377000,467285000,805000000,805000000,None,3478000,None,0,None,None,4124000000,None,5211000000,1082043000,None,None,None,0.214,,3734297000,1441707000,1332000000,15171000000,None,243000000,None,,,,,2.38,8.1,3.635,,,,,,,,0.204,,2686000000,2025-10-29,quarterly,1.36,USD,pre-market,328191000,16528000000,0.0785,0.424,0.095,23.03,1822444000,4128000000,4000000,3410000000,80.87,85.78,2.2556,40545000000,22359000000,15741000000,20936000000,18186000000,5195000000,4552401000,19609000000,18.89,-11207000000,100.76,58.09
2025-12-28,EBAY,4.51,10714000000.0,18.89,None,1.341,10.39,,None,4511000000,4511000000,,,,,,,,,2000000,1310000000,None,818104000,818104000,309000000,None,None,12948000000,None,None,378165000,,1.14,0.0135,,,,0.054,0.03,1441707000,1819872000,1.33,2013-12-31,14.29,9267000000,7676000000.0,3734297000,1549377000,467285000,941000000,941000000,None,3478000,None,0,None,None,4117000000,None,4971000000,1082043000,None,None,None,0.214,,3734297000,1441707000,1310000000,12059000000,None,244000000,None,,,,,2.38,8.1,3.635,,,,,,,,0.204,,2760000000,2025-10-29,quarterly,1.36,USD,pre-market,328191000,18854000000,0.0785,0.424,0.095,23.03,1822444000,4123000000,6000000,4514000000,80.87,85.78,2.2556,41488000000,23283000000,12639000000,17841000000,18205000000,5202000000,4552401000,23647000000,18.89,-9396000000,100.76,58.09
2025-12-28,EBAY,4.51,10714000000.0,18.89,None,1.341,10.39,,None,5280000000,5280000000,,,,,,,,,2000000,1310000000,None,818104000,818104000,288000000,None,None,12279000000,None,None,378165000,,1.14,0.0135,,,,0.054,0.03,1441707000,1819872000,1.33,2013-09-30,14.29,8566000000,7676000000.0,3734297000,1549377000,467285000,863000000,863000000,None,3478000,None,0,None,None,4123000000,None,4138000000,1082043000,None,None,None,0.214,,3734297000,1441707000,940000000,11081000000,None,235000000,None,,,,,2.38,8.1,3.635,,,,,,,,0.204,,2763000000,2025-10-29,quarterly,1.36,USD,pre-market,328191000,18004000000,0.0785,0.424,0.095,23.03,1822444000,4531000000,408000000,4977000000,80.87,85.78,2.2556,40067000000,23476000000,12028000000,17300000000,16591000000,5272000000,4552401000,22767000000,18.89,-9141000000,100.76,58.09
2025-12-28,EBAY,4.51,10714000000.0,18.89,None,1.341,10.39,,None,6855000000,6855000000,,,,,,,,,2000000,1313000000,None,818104000,818104000,313000000,None,None,12028000000,None,None,378165000,,1.14,0.0135,,,,0.054,0.03,1441707000,1819872000,1.33,2013-06-30,14.29,8394000000,7676000000.0,3734297000,1549377000,467285000,926000000,926000000,None,3478000,None,0,None,None,4123000000,None,2506000000,1082043000,None,None,None,0.214,,3734297000,1441707000,994000000,10723000000,None,217000000,None,,,,,2.38,8.1,3.635,,,,,,,,0.204,,2697000000,2025-10-29,quarterly,1.36,USD,pre-market,328191000,17315000000,0.0785,0.424,0.095,23.03,1822444000,4533000000,410000000,3569000000,80.87,85.78,2.2556,38550000000,23446000000,11670000000,16899000000,15104000000,5229000000,4552401000,21651000000,18.89,-8995000000,100.76,58.09
2025-12-28,EBAY,4.51,10714000000.0,18.89,None,1.341,10.39,,None,6530000000,6530000000,,,,,,,,,2000000,1319000000,None,818104000,818104000,308000000,None,None,11790000000,None,None,378165000,,1.14,0.0135,,,,0.054,0.03,1441707000,1819872000,1.33,2013-03-31,14.29,8455000000,7676000000.0,3734297000,1549377000,467285000,1023000000,1023000000,None,3478000,None,0,None,None,4105000000,None,3172000000,1082043000,None,None,None,0.214,,3734297000,1441707000,1144000000,10782000000,None,231000000,None,,,,,2.38,8.1,3.635,,,,,,,,0.204,,2575000000,2025-10-29,quarterly,1.36,USD,pre-market,328191000,16675000000,0.0785,0.424,0.095,23.03,1822444000,4516000000,411000000,2872000000,80.87,85.78,2.2556,38000000000,22336000000,11720000000,16888000000,15664000000,5168000000,4552401000,21112000000,18.89,-8529000000,100.76,58.09
2025-12-28,EBAY,4.51,10714000000.0,18.89,None,1.341,10.39,,None,6817000000,6817000000,,,,,,,,,2000000,1318000000,None,818104000,818104000,301000000,None,None,11076000000,None,None,378165000,,1.14,0.0135,,,,0.054,0.03,1441707000,1819872000,1.33,2012-12-31,14.29,8537000000,7676000000.0,3734297000,1549377000,467285000,1128000000,1128000000,None,3478000,None,0,None,None,4106000000,None,3044000000,1082043000,None,None,None,0.214,,3734297000,1441707000,914000000,9999000000,None,207000000,None,,,,,2.38,8.1,3.635,,,,,,,,0.204,,2491000000,2025-10-29,quarterly,1.36,USD,pre-market,328191000,15998000000,0.0785,0.424,0.095,23.03,1822444000,4536000000,424000000,2591000000,80.87,85.78,2.2556,37074000000,21398000000,10924000000,16209000000,15676000000,5285000000,4552401000,20875000000,18.89,-8053000000,100.76,58.09
2025-12-28,EBAY,4.51,10714000000.0,18.89,None,1.341,10.39,,None,7331000000,7331000000,,,,,,,,,2000000,1314000000,None,818104000,818104000,271000000,None,None,7293000000,None,None,378165000,,1.14,0.0135,,,,0.054,0.03,1441707000,1819872000,1.33,2012-09-30,14.29,8492000000,7676000000.0,3734297000,1549377000,467285000,1234000000,1234000000,None,3478000,None,-982000000,None,None,4506000000,None,None,1082043000,None,None,None,0.214,,3734297000,1441707000,982000000,6583000000,None,None,None,,,,,2.38,8.1,3.635,,,,,,,,0.204,,2393000000,2025-10-29,quarterly,1.36,USD,pre-market,328191000,15248000000,0.0785,0.424,0.095,23.03,1822444000,4518000000,12000000,1804000000,80.87,85.78,2.2556,32502000000,17410000000,7061000000,12589000000,15092000000,5528000000,4552401000,19913000000,18.89,-7797000000,100.76,58.09
2025-12-28,EBAY,4.51,10714000000.0,18.89,None,1.341,10.39,,None,4038000000,4038000000,,,,,,,,,2000000,1309000000,None,818104000,818104000,257000000,None,None,7524000000,None,None,378165000,,1.14,0.0135,,,,0.054,0.03,1441707000,1819872000,1.33,2012-06-30,14.29,8417000000,7676000000.0,3734297000,1549377000,467285000,1272000000,1272000000,None,3478000,None,0,None,None,1518000000,None,None,1082043000,None,None,None,0.214,,3734297000,1441707000,960000000,5763000000,None,None,None,,,,,2.38,8.1,3.635,,,,,,,,0.204,,2238000000,2025-10-29,quarterly,1.36,USD,pre-market,328191000,14651000000,0.0785,0.424,0.095,23.03,1822444000,2082000000,564000000,1716000000,80.87,85.78,2.2556,28258000000,13278000000,6800000000,9346000000,14980000000,2546000000,4552401000,18912000000,18.89,-7750000000,100.76,58.09
2025-12-28,EBAY,4.51,10714000000.0,18.89,None,1.341,10.39,,None,4164000000,4164000000,,,,,,,,,2000000,1308000000,None,818104000,818104000,325000000,None,None,6490000000,None,None,378165000,,1.14,0.0135,,,,0.054,0.03,1441707000,1819872000,1.33,2012-03-31,14.29,8440000000,7676000000.0,3734297000,1549377000,467285000,1316000000,1316000000,None,3478000,None,0,None,None,1521000000,None,None,1082043000,None,None,None,0.214,,3734297000,1441707000,728000000,5870000000,None,None,None,,,,,2.38,8.1,3.635,,,,,,,,0.204,,2109000000,2025-10-29,quarterly,1.36,USD,pre-market,328191000,13959000000,0.0785,0.424,0.095,23.03,1822444000,2085000000,564000000,1707000000,80.87,85.78,2.2556,28207000000,13089000000,6965000000,9498000000,15118000000,2533000000,4552401000,18709000000,18.89,-7395000000,100.76,58.09
2025-12-28,EBAY,4.51,10714000000.0,18.89,None,1.341,10.39,,None,4691000000,4691000000,,,,,,,,,1535000,1308467000,None,818104000,818104000,282000000,None,None,6196000000,None,None,378165000,,1.14,0.0135,,,,0.054,0.03,1441707000,1819872000,1.33,2011-12-31,14.29,8365000000,7676000000.0,3734297000,1549377000,467285000,1406000000,1406000000,None,3478000,None,0,None,None,1525047000,None,None,1082043000,None,None,None,0.214,,3734297000,1441707000,536000000,5380000000,None,None,None,,,,,2.38,8.1,3.635,,,,,,,,0.204,,1986216000,2025-10-29,quarterly,1.36,USD,pre-market,328191000,13389465000,0.0785,0.424,0.095,23.03,1822444000,2090000000,565000000,1238000000,80.87,85.78,2.2556,27320000000,12661000000,6734000000,9390000000,14659000000,2656000000,4552401000,17929879000,18.89,-7155421000,100.76,58.09
2025-12-28,EBAY,4.51,10714000000.0,18.89,None,1.341,10.39,,None,2998950000,2998950000,,,,,,,,,1531000,1309000000,None,818104000,818104000,269031000,None,None,5077701000,None,None,378165000,,1.14,0.0135,,,,0.054,0.03,1441707000,1819872000,1.33,2011-09-30,14.29,8341910000,7676000000.0,3734297000,1549377000,467285000,1452723000,1452723000,None,3478000,None,0,None,None,1528158000,None,3018596000,1082043000,None,None,None,0.214,,3734297000,1441707000,671770000,4722821000,None,56169000,None,,,,,2.38,8.1,3.635,,,,,,,,0.204,,1859190000,2025-10-29,quarterly,1.36,USD,pre-market,328191000,11409853000,0.0785,0.424,0.095,23.03,1822444000,2543988000,1015830000,1013924000,80.87,85.78,2.2556,24900537000,9762345000,6145152000,8735211000,15138192000,2590059000,4552401000,16165326000,18.89,-6905567000,100.76,58.09
2025-12-28,EBAY,4.51,10714000000.0,18.89,None,1.341,10.39,,None,3265826000,3265826000,,,,,,,,,1528000,1315000000,None,818104000,818104000,246472000,None,None,5464166000,None,None,378165000,,1.14,0.0135,,,,0.054,0.03,1441707000,1819872000,1.33,2011-06-30,14.29,8263705000,7676000000.0,3734297000,1549377000,467285000,1443832000,1443832000,None,3478000,None,0,None,None,1530211000,None,3078398000,1082043000,None,None,None,0.214,,3734297000,1441707000,493210000,4728845000,None,55792000,None,,,,,2.38,8.1,3.635,,,,,,,,0.204,,1727081000,2025-10-29,quarterly,1.36,USD,pre-market,328191000,10919350000,0.0785,0.424,0.095,23.03,1822444000,2545695000,1015484000,1131100000,80.87,85.78,2.2556,24833954000,9861092000,6143272000,8624072000,14972862000,2480800000,4552401000,16209882000,18.89,-6872815000,100.76,58.09
2025-12-28,EBAY,4.51,10714000000.0,18.89,None,1.341,10.39,,None,5577411000,5577411000,,,,,,,,,1513000,1320000000,None,818104000,818104000,184963000,None,None,3961286000,None,None,378165000,,1.14,0.0135,,,,0.054,0.03,1441707000,1819872000,1.33,2011-03-31,14.29,6193163000,7676000000.0,3734297000,1549377000,467285000,540711000,540711000,None,3478000,None,0,None,None,1494482000,None,2715363000,1082043000,None,None,None,0.214,,3734297000,1441707000,481238000,3894619000,None,49819000,None,,,,,2.38,8.1,3.635,,,,,,,,0.204,,1547943000,2025-10-29,quarterly,1.36,USD,pre-market,328191000,10160078000,0.0785,0.424,0.095,23.03,1822444000,1794227000,300000000,1045403000,80.87,85.78,2.2556,22003762000,11065338000,4516514000,6701583000,10938424000,2185069000,4552401000,15944413000,18.89,-6447978000,100.76,58.09
2025-12-28,EBAY,4.51,10714000000.0,18.89,None,1.341,10.39,,None,5577411000,5577411000,,,,,,,,,1513000,1297278000,None,818104000,818104000,184963000,None,None,3961286000,None,None,378165000,,1.14,0.0135,,,,0.054,0.03,1441707000,1819872000,1.33,2010-12-31,14.29,6193163000,7676000000.0,3734297000,1549377000,467285000,540711000,540711000,None,3478000,None,0,None,None,1494227000,None,2492012000,1082043000,None,None,None,0.214,,3734297000,1441707000,481238000,3894619000,None,45385000,None,,,,,2.38,8.1,3.635,,,,,,,,0.204,,1523333000,2025-10-29,quarterly,1.36,USD,pre-market,328191000,10160078000,0.0785,0.424,0.095,23.03,1822444000,1794227000,300000000,1045403000,80.87,85.78,2.2556,22003762000,11065338000,4516514000,6701583000,10938424000,2185069000,4552401000,15302179000,18.89,-6091435000,100.76,58.09
2025-12-28,EBAY,4.51,10714000000.0,18.89,None,1.341,10.39,,None,4180907000,4180907000,,,,,,,,,1505000,1328415000,None,818104000,818104000,116114000,None,None,3628245000,None,None,378165000,,1.14,0.0135,,,,0.054,0.03,1441707000,1819872000,1.33,2010-09-30,14.29,6121481000,7676000000.0,3734297000,1549377000,467285000,586533000,586533000,None,3478000,None,0,None,None,0,None,None,1082043000,None,None,None,0.214,,3734297000,1441707000,463761000,3550137000,None,None,None,,,,,2.38,8.1,3.635,,,,,,,,0.204,,1466047000,2025-10-29,quarterly,1.36,USD,pre-market,328191000,9600891000,0.0785,0.424,0.095,23.03,1822444000,None,48550000,1181615000,80.87,85.78,2.2556,19948062000,9454528000,3808909000,4914110000,10493534000,1105201000,4552401000,15033952000,18.89,-5678028000,100.76,58.09
2025-12-28,EBAY,4.51,10714000000.0,18.89,None,1.341,10.39,,None,4037442000,4037442000,,,,,,,,,1500000,1329618000,None,818104000,818104000,191919000,None,None,3293226000,None,None,378165000,,1.14,0.0135,,,,0.054,0.03,1441707000,1819872000,1.33,2010-06-30,14.29,5921852000,7676000000.0,3734297000,1549377000,467285000,610224000,610224000,None,3478000,None,0,None,None,0,None,None,1082043000,None,None,None,0.214,,3734297000,1441707000,484205000,3234943000,None,None,None,,,,,2.38,8.1,3.635,,,,,,,,0.204,,1429210000,2025-10-29,quarterly,1.36,USD,pre-market,328191000,9168962000,0.0785,0.424,0.095,23.03,1822444000,None,44848000,860440000,80.87,85.78,2.2556,18747584000,8675313000,3564261000,4578293000,10072271000,1014032000,4552401000,14169291000,18.89,-5377618000,100.76,58.09
2025-12-28,EBAY,4.51,10714000000.0,18.89,None,1.341,10.39,,None,3593003000,3593003000,,,,,,,,,1495000,1326021000,None,818104000,818104000,144266000,None,None,3303842000,None,None,378165000,,1.14,0.0135,,,,0.054,0.03,1441707000,1819872000,1.33,2010-03-31,14.29,6130156000,7676000000.0,3734297000,1549377000,467285000,703153000,703153000,None,3478000,None,0,None,None,0,None,None,1082043000,None,None,None,0.214,,3734297000,1441707000,445695000,3286041000,None,None,None,,,,,2.38,8.1,3.635,,,,,,,,0.204,,1346850000,2025-10-29,quarterly,1.36,USD,pre-market,328191000,8756770000,0.0785,0.424,0.095,23.03,1822444000,None,58581000,934898000,80.87,85.78,2.2556,18690178000,8277438000,3587011000,4565069000,10412740000,978058000,4552401000,14125109000,18.89,-5377490000,100.76,58.09
2025-12-28,EBAY,4.51,10714000000.0,18.89,None,1.341,10.39,,None,3999818000,3999818000,,,,,,,,,1486000,1301248000,None,818104000,818104000,192412000,None,None,3188298000,None,None,378165000,,1.14,0.0135,,,,0.054,0.03,1441707000,1819872000,1.33,2009-12-31,14.29,6143086000,7676000000.0,3734297000,1549377000,467285000,767812000,767812000,None,3478000,None,0,None,None,0,None,None,1082043000,None,None,None,0.214,,3734297000,1441707000,328106000,3139729000,None,None,None,,,,,2.38,8.1,3.635,,,,,,,,0.204,,1314328000,2025-10-29,quarterly,1.36,USD,pre-market,328191000,8359117000,0.0785,0.424,0.095,23.03,1822444000,None,210522000,943986000,80.87,85.78,2.2556,18408320000,8460208000,3641968000,4620672000,9948112000,978704000,4552401000,13787648000,18.89,-5377258000,100.76,58.09
2025-12-28,EBAY,4.51,10714000000.0,18.89,None,1.341,10.39,,None,2557859000,2557859000,,,,,,,,,1481000,1311274000,None,818104000,818104000,209333000,None,None,2925085000,None,None,378165000,,1.14,0.0135,,,,0.054,0.03,1441707000,1819872000,1.33,2009-09-30,14.29,8016465000,7676000000.0,3734297000,1549377000,467285000,909401000,909401000,None,3478000,None,0,None,None,0,None,None,1082043000,None,None,None,0.214,,3734297000,1441707000,389200000,2955260000,None,None,None,,,,,2.38,8.1,3.635,,,,,,,,0.204,,1293775000,2025-10-29,quarterly,1.36,USD,pre-market,328191000,7004211000,0.0785,0.424,0.095,23.03,1822444000,200000000,200000000,601443000,80.87,85.78,2.2556,17356372000,6473587000,3646678000,4605205000,10882785000,958527000,4552401000,12751167000,18.89,-5377258000,100.76,58.09
2025-12-28,EBAY,4.51,10714000000.0,18.89,None,1.341,10.39,,None,2573617000,2573617000,,,,,,,,,1478000,1300434000,None,818104000,818104000,186491000,None,None,2835126000,None,None,378165000,,1.14,0.0135,,,,0.054,0.03,1441707000,1819872000,1.33,2009-06-30,14.29,7796090000,7676000000.0,3734297000,1549377000,467285000,954361000,954361000,None,3478000,None,0,None,None,0,None,None,1082043000,None,None,None,0.214,,3734297000,1441707000,399955000,2890043000,None,None,None,,,,,2.38,8.1,3.635,,,,,,,,0.204,,1254769000,2025-10-29,quarterly,1.36,USD,pre-market,328191000,6654475000,0.0785,0.424,0.095,23.03,1822444000,400000000,400000000,441202000,80.87,85.78,2.2556,16566289000,6249900000,3730364000,4644717000,10316389000,914353000,4552401000,11921572000,18.89,-5377090000,100.76,58.09
2025-12-28,EBAY,4.51,10714000000.0,18.89,None,1.341,10.39,,None,3057159000,3057159000,,,,,,,,,1475000,1287814000,None,818104000,818104000,160174000,None,None,2484376000,None,None,378165000,,1.14,0.0135,,,,0.054,0.03,1441707000,1819872000,1.33,2009-03-31,14.29,6783093000,7676000000.0,3734297000,1549377000,467285000,657487000,657487000,None,3478000,None,None,None,None,None,None,None,1082043000,None,None,None,0.214,,3734297000,1441707000,439214000,2376947000,None,None,None,,,,,2.38,8.1,3.635,,,,,,,,0.204,,1197420000,2025-10-29,quarterly,1.36,USD,pre-market,328191000,6327133000,0.0785,0.424,0.095,23.03,1822444000,400000000,400000000,180285000,80.87,85.78,2.2556,15127787000,6161034000,3159924000,4012080000,8966753000,852156000,4552401000,11115707000,18.89,-5377090000,100.76,58.09
2025-12-28,EBAY,4.51,10714000000.0,18.89,None,1.341,10.39,,None,3188928000,3188928000,,,,,,,,,1470000,1283810000,None,818104000,818104000,170332000,None,None,2473230000,None,None,378165000,,1.14,0.0135,,,,0.054,0.03,1441707000,1819872000,1.33,2008-12-31,14.29,7025398000,7676000000.0,3734297000,1549377000,467285000,736134000,736134000,None,3478000,None,290778000,None,None,None,None,None,1082043000,None,None,None,0.214,,3734297000,1441707000,460698000,2252736000,None,None,None,,,,,2.38,8.1,3.635,,,,,,,,0.204,,1198714000,2025-10-29,quarterly,1.36,USD,pre-market,328191000,5970020000,0.0785,0.424,0.095,23.03,1822444000,1000000000,1000000000,163734000,80.87,85.78,2.2556,15592439000,6286590000,3705087000,4508581000,9305849000,803494000,4552401000,11083858000,18.89,-5376970000,100.76,58.09
2025-12-28,EBAY,4.51,10714000000.0,18.89,None,1.341,10.39,,None,3342717000,3342717000,,,,,,,,,1465000,1297484000,None,818104000,818104000,217272000,None,None,1992291000,None,None,378165000,,1.14,0.0135,,,,0.054,0.03,1441707000,1819872000,1.33,2008-09-30,14.29,6172133000,7676000000.0,3734297000,1549377000,467285000,467610000,467610000,None,3478000,None,None,None,None,None,None,None,1082043000,None,None,None,0.214,,3734297000,1441707000,372202000,2456684000,None,None,None,,,,,2.38,8.1,3.635,,,,,,,,0.204,,1215469000,2025-10-29,quarterly,1.36,USD,pre-market,328191000,5602828000,0.0785,0.424,0.095,23.03,1822444000,None,804634000,301136000,80.87,85.78,2.2556,14240157000,6008346000,2854733000,3546462000,8231811000,691729000,4552401000,10693695000,18.89,-5377070000,100.76,58.09
2025-12-28,EBAY,4.51,10714000000.0,18.89,None,1.341,10.39,,None,3696028000,3696028000,,,,,,,,,1464000,1325136000,None,818104000,818104000,127844000,None,None,2163792000,None,None,378165000,,1.14,0.0135,,,,0.054,0.03,1441707000,1819872000,1.33,2008-06-30,14.29,6522767000,7676000000.0,3734297000,1549377000,467285000,554633000,554633000,None,3478000,None,None,None,None,None,None,None,1082043000,None,None,None,0.214,,3734297000,1441707000,305231000,2691907000,None,None,None,,,,,2.38,8.1,3.635,,,,,,,,0.204,,1124527000,2025-10-29,quarterly,1.36,USD,pre-market,328191000,5110609000,0.0785,0.424,0.095,23.03,1822444000,None,908001000,355336000,80.87,85.78,2.2556,15021625000,6520387000,3006234000,3649579000,8501238000,643345000,4552401000,11372046000,18.89,-4752548000,100.76,58.09
2025-12-28,EBAY,4.51,10714000000.0,18.89,None,1.341,10.39,,None,3565182000,3565182000,,,,,,,,,1460000,1343989000,None,818104000,818104000,169169000,None,None,2227840000,None,None,378165000,,1.14,0.0135,,,,0.054,0.03,1441707000,1819872000,1.33,2008-03-31,14.29,6544948000,7676000000.0,3734297000,1549377000,467285000,615253000,615253000,None,3478000,None,None,None,None,None,None,None,1082043000,None,None,None,0.214,,3734297000,1441707000,242276000,2728917000,None,None,None,,,,,2.38,8.1,3.635,,,,,,,,0.204,,1135765000,2025-10-29,quarterly,1.36,USD,pre-market,328191000,4650264000,0.0785,0.424,0.095,23.03,1822444000,None,863882000,422696000,80.87,85.78,2.2556,15046305000,6457994000,3080432000,3685103000,8588311000,604671000,4552401000,11361202000,18.89,-4185927000,100.76,58.09
2025-12-28,EBAY,4.51,10714000000.0,18.89,None,1.341,10.39,,None,4221191000,4221191000,,,,,,,,,1458000,1333791000,None,818104000,818104000,156613000,None,None,907894000,None,None,378165000,,1.14,0.0135,,,,0.054,0.03,1441707000,1819872000,1.33,2007-12-31,14.29,6257153000,7676000000.0,3734297000,1549377000,467285000,596038000,596038000,None,3478000,None,87599000,None,None,None,None,None,1082043000,None,None,None,0.214,,3734297000,1441707000,1334566000,2776471000,None,None,None,,,,,2.38,8.1,3.635,,,,,,,,0.204,,1120452000,2025-10-29,quarterly,1.36,USD,pre-market,328191000,4190546000,0.0785,0.424,0.095,23.03,1822444000,200000000,931806000,658854000,80.87,85.78,2.2556,15366037000,7122505000,3099579000,3661435000,8243532000,561856000,4552401000,11704602000,18.89,-3184981000,100.76,58.09
2025-12-28,EBAY,4.51,10714000000.0,18.89,None,1.341,10.39,,None,3912591000,3912591000,,,,,,,,,1451000,1354786000,None,818104000,818104000,98712000,None,None,976606000,None,None,378165000,,1.14,0.0135,,,,0.054,0.03,1441707000,1819872000,1.33,2007-09-30,14.29,6180413000,7676000000.0,3734297000,1549377000,467285000,642468000,642468000,None,3478000,None,281791000,None,None,None,None,None,1082043000,None,None,None,0.214,,3734297000,1441707000,1396446000,3017972000,None,None,None,,,,,2.38,8.1,3.635,,,,,,,,0.204,,1059607000,2025-10-29,quarterly,1.36,USD,pre-market,328191000,3659660000,0.0785,0.424,0.095,23.03,1822444000,None,1113508000,76108000,80.87,85.78,2.2556,14786812000,6361751000,3272867000,3914120000,8425061000,641253000,4552401000,10872692000,18.89,-2870283000,100.76,58.09
2025-12-28,EBAY,4.51,10714000000.0,18.89,None,1.341,10.39,,None,3418349000,3418349000,,,,,,,,,1441000,1378697000,None,818104000,818104000,94487000,None,None,881891000,None,None,378165000,,1.14,0.0135,,,,0.054,0.03,1441707000,1819872000,1.33,2007-06-30,14.29,6917265000,7676000000.0,3734297000,1549377000,467285000,681240000,681240000,None,3478000,None,147734000,None,None,None,None,None,1082043000,None,None,None,0.214,,3734297000,1441707000,998153000,2088920000,None,None,None,,,,,2.38,8.1,3.635,,,,,,,,0.204,,1032673000,2025-10-29,quarterly,1.36,USD,pre-market,328191000,4595295000,0.0785,0.424,0.095,23.03,1822444000,None,725969000,181983000,80.87,85.78,2.2556,14361157000,5480376000,2328643000,2821628000,8880781000,492985000,4552401000,11539529000,18.89,-2346935000,100.76,58.09
2025-12-28,EBAY,4.51,10714000000.0,18.89,None,1.341,10.39,,None,2967009000,2967009000,,,,,,,,,1436000,1384287000,None,818104000,818104000,122535000,None,None,805494000,None,None,378165000,,1.14,0.0135,,,,0.054,0.03,1441707000,1819872000,1.33,2007-03-31,14.29,6803103000,7676000000.0,3734297000,1549377000,467285000,717893000,717893000,None,3478000,None,170426000,None,None,None,None,None,1082043000,None,None,None,0.214,,3734297000,1441707000,1009831000,1984892000,None,None,None,,,,,2.38,8.1,3.635,,,,,,,,0.204,,1035714000,2025-10-29,quarterly,1.36,USD,pre-market,328191000,4219471000,0.0785,0.424,0.095,23.03,1822444000,None,690792000,317275000,80.87,85.78,2.2556,13920051000,5099609000,2250571000,2703864000,8820442000,453293000,4552401000,11216187000,18.89,-2003159000,100.76,58.09
2025-12-28,EBAY,4.51,10714000000.0,18.89,None,1.341,10.39,,None,2662792000,2662792000,,,,,,,,,1431000,1366915000,None,818104000,818104000,83392000,None,None,792492000,None,None,378165000,,1.14,0.0135,,,,0.054,0.03,1441707000,1819872000,1.33,2006-12-31,14.29,6544278000,7676000000.0,3734297000,1549377000,467285000,682977000,682977000,None,3478000,None,144620000,None,None,None,None,None,1082043000,None,None,None,0.214,,3734297000,1441707000,973199000,2306039000,None,None,None,,,,,2.38,8.1,3.635,,,,,,,,0.204,,998196000,2025-10-29,quarterly,1.36,USD,pre-market,328191000,3842150000,0.0785,0.424,0.095,23.03,1822444000,None,681669000,542103000,80.87,85.78,2.2556,13494011000,4970586000,2518395000,2589379000,8523425000,70984000,4552401000,10904632000,18.89,-1669428000,100.76,58.09
2025-12-28,EBAY,4.51,10714000000.0,18.89,None,1.341,10.39,,None,2482257000,2482257000,,,,,,,,,1426000,1426112000,None,818104000,818104000,1095828000,None,None,673785000,None,None,378165000,,1.14,0.0135,,,,0.054,0.03,1441707000,1819872000,1.33,2006-09-30,14.29,6407973000,7676000000.0,3734297000,1549377000,467285000,719302000,719302000,None,3478000,None,160465000,None,None,None,None,None,1082043000,None,None,None,0.214,,3734297000,1441707000,876986000,1007066000,None,None,None,,,,,2.38,8.1,3.635,,,,,,,,0.204,,999214000,2025-10-29,quarterly,1.36,USD,pre-market,328191000,3495683000,0.0785,0.424,0.095,23.03,1822444000,None,620078000,741655000,80.87,85.78,2.2556,13463118000,4774683000,2220685000,2360251000,8688435000,139566000,4552401000,11102867000,18.89,-666815000,100.76,58.09
2025-12-28,EBAY,4.51,10714000000.0,18.89,None,1.341,10.39,,None,2634381000,2634381000,,,,,,,,,1415000,1435757000,None,818104000,818104000,134193000,None,None,529903000,None,None,378165000,,1.14,0.0135,,,,0.054,0.03,1441707000,1819872000,1.33,2006-06-30,14.29,6355466000,7676000000.0,3734297000,1549377000,467285000,758521000,758521000,None,3478000,None,33420000,None,None,None,None,None,1082043000,None,None,None,0.214,,3734297000,1441707000,661830000,1479130000,None,None,None,,,,,2.38,8.1,3.635,,,,,,,,0.204,,942437000,2025-10-29,quarterly,1.36,USD,pre-market,328191000,3214787000,0.0785,0.424,0.095,23.03,1822444000,None,608370000,720115000,80.87,85.78,2.2556,13250251000,4546229000,1719405000,1966779000,8704022000,247374000,4552401000,11283472000,18.89,None,100.76,58.09
2025-12-28,EBAY,4.51,10714000000.0,18.89,None,1.341,10.39,,None,1876434000,1876434000,,,,,,,,,1409000,1437581000,None,818104000,818104000,101157000,None,None,544173000,None,None,378165000,,1.14,0.0135,,,,0.054,0.03,1441707000,1819872000,1.33,2006-03-31,14.29,6205075000,7676000000.0,3734297000,1549377000,467285000,6987063000,6987063000,None,3478000,None,30755000,None,None,None,None,None,1082043000,None,None,None,0.214,,3734297000,1441707000,651587000,1489386000,None,None,None,,,,,2.38,8.1,3.635,,,,,,,,0.204,,860493000,2025-10-29,quarterly,1.36,USD,pre-market,328191000,2964793000,0.0785,0.424,0.095,23.03,1822444000,None,589665000,828049000,80.87,85.78,2.2556,12568535000,3900243000,1681508000,1941735000,8668292000,260227000,4552401000,10626800000,18.89,None,100.76,58.09
2025-12-28,EBAY,4.51,10714000000.0,18.89,None,1.341,10.39,,None,1313580000,1313580000,,,,,,,,,1404000,1406309000,None,818104000,818104000,642343000,None,None,578070000,None,None,378165000,,1.14,0.0135,,,,0.054,0.03,1441707000,1819872000,1.33,2005-12-31,14.29,6120079000,7676000000.0,3734297000,1549377000,467285000,6943359000,6943359000,None,3478000,None,29702000,None,None,None,None,None,1082043000,None,None,None,0.214,,3734297000,1441707000,516937000,760652000,None,None,None,,,,,2.38,8.1,3.635,,,,,,,,0.204,,801602000,2025-10-29,quarterly,1.36,USD,pre-market,328191000,2716511000,0.0785,0.424,0.095,23.03,1822444000,None,578557000,774650000,80.87,85.78,2.2556,11788986000,3183237000,1484935000,1741005000,8605749000,256070000,4552401000,10047981000,18.89,None,100.76,58.09
2025-12-28,EBAY,4.51,10714000000.0,18.89,None,1.341,10.39,,None,2180598000,2180598000,,,,,,,,,1360000,1387038000,None,818104000,818104000,42726000,None,None,484831000,None,None,378165000,,1.14,0.0135,,,,0.054,0.03,1441707000,1819872000,1.33,2005-09-30,14.29,3529895000,7676000000.0,3734297000,1549377000,467285000,4020140000,4020140000,None,3478000,None,33256000,None,None,None,None,None,1082043000,None,None,None,0.214,,3734297000,1441707000,436781000,1179844000,None,None,None,,,,,2.38,8.1,3.635,,,,,,,,0.204,,762413000,2025-10-29,quarterly,1.36,USD,pre-market,328191000,2437290000,0.0785,0.424,0.095,23.03,1822444000,None,523584000,888783000,80.87,85.78,2.2556,9626043000,3990993000,1266792000,1598679000,5635050000,331887000,4552401000,8027364000,18.89,None,100.76,58.09
2025-12-28,EBAY,4.51,10714000000.0,18.89,None,1.341,10.39,,438000000,2759000000,2759000000,,,,,,,,,2000000,501000000,None,818104000,818104000,257000000,None,1673000000,947000000,None,None,378165000,,1.14,0.0135,,,,0.054,0.03,1441707000,1819872000,1.33,2024-12-31,14.29,4269000000,7676000000.0,3734297000,1549377000,467285000,119000000,119000000,None,3478000,None,None,None,None,5752000000,None,2439000000,1082043000,None,None,None,0.214,,3734297000,1441707000,404000000,2364000000,None,632000000,None,,,,,2.38,8.1,3.635,,,,,,,,0.204,,None,2025-10-29,annual,1.36,USD,pre-market,328191000,37951000000,0.0785,0.424,0.095,23.03,1822444000,7863000000,1791000000,3457000000,80.87,85.78,2.2556,19365000000,7567000000,6098000000,14207000000,11798000000,8109000000,4552401000,5158000000,18.89,None,100.76,58.09
2025-12-28,EBAY,4.51,10714000000.0,18.89,None,1.341,10.39,,505000000,2008000000,2008000000,,,,,,,,,2000000,533000000,None,818104000,818104000,267000000,None,750000000,1206000000,None,None,378165000,,1.14,0.0135,,,,0.054,0.03,1441707000,1819872000,1.33,2023-12-31,14.29,4267000000,7676000000.0,3734297000,1549377000,467285000,114000000,114000000,None,3478000,None,None,None,None,6973000000,None,1133000000,1082043000,None,None,None,0.214,,3734297000,1441707000,795000000,2659000000,None,936000000,None,,,,,2.38,8.1,3.635,,,,,,,,0.204,,None,2025-10-29,annual,1.36,USD,pre-market,328191000,36531000000,0.0785,0.424,0.095,23.03,1822444000,8228000000,868000000,7007000000,80.87,85.78,2.2556,21620000000,11016000000,4520000000,15224000000,10604000000,10704000000,4552401000,6396000000,18.89,None,100.76,58.09
2025-12-28,EBAY,4.51,10714000000.0,18.89,None,1.341,10.39,,418000000,2190000000,2190000000,,,,,,,,,2000000,558000000,None,818104000,818104000,261000000,None,1150000000,975000000,None,None,378165000,,1.14,0.0135,,,,0.054,0.03,1441707000,1819872000,1.33,2022-12-31,14.29,4262000000,7676000000.0,3734297000,1549377000,467285000,115000000,115000000,None,3478000,None,-2000000,None,None,7721000000,None,1797000000,1082043000,None,None,None,0.214,,3734297000,1441707000,808000000,2123000000,None,1042000000,None,,,,,2.38,8.1,3.635,,,,,,,,0.204,,1238000000,2025-10-29,annual,1.36,USD,pre-market,328191000,34315000000,0.0785,0.424,0.095,23.03,1822444000,9420000000,1281000000,5317000000,80.87,85.78,2.2556,20850000000,9290000000,4271000000,15697000000,11560000000,11426000000,4552401000,5153000000,18.89,-46702000000,100.76,58.09
2025-12-28,EBAY,4.51,10714000000.0,18.89,None,1.341,10.39,,200000000,1401000000,1401000000,,,,,,,,,2000000,652000000,None,818104000,818104000,262000000,None,1355000000,779000000,None,None,378165000,,1.14,0.0135,,,,0.054,0.03,1441707000,1819872000,1.33,2021-12-31,14.29,4178000000,7676000000.0,3734297000,1549377000,467285000,8000000,8000000,None,3478000,None,None,None,None,7727000000,None,7966000000,1082043000,None,None,None,0.214,,3734297000,1441707000,1009000000,2009000000,None,1183000000,None,,,,,2.38,8.1,3.635,,,,,,,,0.204,,1525000000,2025-10-29,annual,1.36,USD,pre-market,328191000,36090000000,0.0785,0.424,0.095,23.03,1822444000,9432000000,1505000000,5922000000,80.87,85.78,2.2556,26626000000,9111000000,4622000000,16848000000,17515000000,12226000000,4552401000,9778000000,18.89,-43371000000,100.76,58.09
2025-12-28,EBAY,4.51,10714000000.0,18.89,None,1.341,10.39,,380000000,1238000000,1238000000,,,,,,,,,2000000,718000000,None,818104000,818104000,278000000,None,18000000,652000000,None,None,378165000,,1.14,0.0135,,,,0.054,0.03,1441707000,1819872000,1.33,2020-12-31,14.29,4285000000,7676000000.0,3734297000,1549377000,467285000,12000000,12000000,None,3478000,None,1188000000,None,None,7745000000,None,833000000,1082043000,None,None,None,0.214,,3734297000,1441707000,3045000000,2977000000,None,1643000000,None,,,,,2.38,8.1,3.635,,,,,,,,0.204,,1358000000,2025-10-29,annual,1.36,USD,pre-market,328191000,22961000000,0.0785,0.424,0.095,23.03,1822444000,8215000000,159000000,2255000000,80.87,85.78,2.2556,19310000000,7190000000,4002000000,15749000000,12120000000,11747000000,4552401000,3561000000,18.89,-36515000000,100.76,58.09
2025-12-28,EBAY,4.51,10714000000.0,18.89,None,1.341,10.39,,492000000,922000000,922000000,,,,,,,,,2000000,856000000,None,818104000,818104000,229000000,None,1022000000,1180000000,None,None,378165000,,1.14,0.0135,,,,0.054,0.03,1441707000,1819872000,1.33,2019-12-31,14.29,4533000000,7676000000.0,3734297000,1549377000,467285000,39000000,39000000,None,3478000,None,None,None,None,6738000000,None,1316000000,1082043000,None,None,None,0.214,,3734297000,1441707000,775000000,2429000000,None,1362000000,None,,,,,2.38,8.1,3.635,,,,,,,,0.204,,2043000000,2025-10-29,annual,1.36,USD,pre-market,328191000,17754000000,0.0785,0.424,0.095,23.03,1822444000,8372000000,1020000000,1829000000,80.87,85.78,2.2556,18174000000,4706000000,4066000000,15304000000,13468000000,11238000000,4552401000,2870000000,18.89,-31396000000,100.76,58.09
2025-12-28,EBAY,4.51,10714000000.0,18.89,None,1.341,10.39,,None,2219000000,2219000000,,,,,,,,,2000000,991000000,None,818104000,818104000,286000000,None,1546000000,1382000000,None,None,378165000,,1.14,0.0135,,,,0.054,0.03,1441707000,1819872000,1.33,2018-12-31,14.29,5160000000,7676000000.0,3734297000,1549377000,467285000,92000000,92000000,None,3478000,None,None,None,None,7685000000,None,3778000000,1082043000,None,None,None,0.214,,3734297000,1441707000,829000000,2106000000,None,1474000000,None,,,,,2.38,8.1,3.635,,,,,,,,0.204,,1597000000,2025-10-29,annual,1.36,USD,pre-market,328191000,16459000000,0.0785,0.424,0.095,23.03,1822444000,9231000000,1546000000,2696000000,80.87,85.78,2.2556,22819000000,7126000000,4454000000,16538000000,15693000000,12084000000,4552401000,6281000000,18.89,-26394000000,100.76,58.09
2025-12-28,EBAY,4.51,10714000000.0,18.89,None,1.341,10.39,,None,2140000000,2140000000,,,,,,,,,2000000,1064000000,None,818104000,818104000,330000000,None,781000000,1358000000,None,None,378165000,,1.14,0.0135,,,,0.054,0.03,1441707000,1819872000,1.33,2017-12-31,14.29,4773000000,7676000000.0,3734297000,1549377000,467285000,69000000,69000000,None,3478000,None,None,None,None,9234000000,None,6331000000,1082043000,None,None,None,0.214,,3734297000,1441707000,523000000,2134000000,None,1720000000,None,,,,,2.38,8.1,3.635,,,,,,,,0.204,,1597000000,2025-10-29,annual,1.36,USD,pre-market,328191000,13943000000,0.0785,0.424,0.095,23.03,1822444000,10015000000,781000000,3723000000,80.87,85.78,2.2556,25986000000,7744000000,3559000000,17937000000,18242000000,14378000000,4552401000,8063000000,18.89,-21892000000,100.76,58.09
2025-12-28,EBAY,4.51,10714000000.0,18.89,None,1.341,10.39,,None,1835000000,1835000000,,,,,,,,,2000000,1144000000,None,818104000,818104000,283000000,None,1451000000,1182000000,None,None,378165000,,1.14,0.0135,,,,0.054,0.03,1441707000,1819872000,1.33,2016-12-31,14.29,4501000000,7676000000.0,3734297000,1549377000,467285000,102000000,102000000,None,3478000,None,0,None,None,7509000000,None,3969000000,1082043000,None,None,None,0.214,,3734297000,1441707000,544000000,1893000000,None,64000000,None,,,,,2.38,8.1,3.635,,,,,,,,0.204,,1516000000,2025-10-29,annual,1.36,USD,pre-market,328191000,14959000000,0.0785,0.424,0.095,23.03,1822444000,8960000000,1451000000,5314000000,80.87,85.78,2.2556,23847000000,8875000000,3847000000,13308000000,14972000000,9461000000,4552401000,10539000000,18.89,-19205000000,100.76,58.09
2025-12-28,EBAY,4.51,10714000000.0,18.89,None,1.341,10.39,,None,1832000000,1832000000,,,,,,,,,2000000,1220000000,None,818104000,818104000,349000000,None,6749000000,619000000,None,None,378165000,,1.14,0.0135,,,,0.054,0.03,1441707000,1819872000,1.33,2015-12-31,14.29,4451000000,7676000000.0,3734297000,1549377000,467285000,90000000,90000000,None,3478000,None,0,None,None,6779000000,None,3391000000,1082043000,None,None,None,0.214,,3734297000,1441707000,1154000000,1736000000,None,75000000,None,,,,,2.38,8.1,3.635,,,,,,,,0.204,,1554000000,2025-10-29,annual,1.36,USD,pre-market,328191000,7713000000,0.0785,0.424,0.095,23.03,1822444000,6851000000,72000000,4299000000,80.87,85.78,2.2556,17785000000,7904000000,2263000000,11209000000,9881000000,8946000000,4552401000,6576000000,18.89,-16203000000,100.76,58.09
2025-12-28,EBAY,4.51,10714000000.0,18.89,None,1.341,10.39,,None,4124000000,4124000000,,,,,,,,,2000000,1251000000,None,818104000,818104000,107000000,None,850000000,600000000,None,None,378165000,,1.14,0.0135,,,,0.054,0.03,1441707000,1819872000,1.33,2014-12-31,14.29,4671000000,7676000000.0,3734297000,1549377000,467285000,133000000,133000000,None,3478000,None,0,None,None,6777000000,None,5777000000,1082043000,None,None,None,0.214,,3734297000,1441707000,18096000000,16341000000,None,126000000,None,,,,,2.38,8.1,3.635,,,,,,,,0.204,,2902000000,2025-10-29,annual,1.36,USD,pre-market,328191000,18900000000,0.0785,0.424,0.095,23.03,1822444000,7627000000,850000000,3711000000,80.87,85.78,2.2556,45132000000,26531000000,17531000000,25226000000,18601000000,7695000000,4552401000,19906000000,18.89,-14054000000,100.76,58.09
2025-12-28,EBAY,4.51,10714000000.0,18.89,None,1.341,10.39,,None,4511000000,4511000000,,,,,,,,,2000000,1313000000,None,818104000,818104000,309000000,None,None,12948000000,None,None,378165000,,1.14,0.0135,,,,0.054,0.03,1441707000,1819872000,1.33,2013-12-31,14.29,9267000000,7676000000.0,3734297000,1549377000,467285000,941000000,941000000,None,3478000,None,0,None,None,4117000000,None,4971000000,1082043000,None,None,None,0.214,,3734297000,1441707000,1310000000,12059000000,None,244000000,None,,,,,2.38,8.1,3.635,,,,,,,,0.204,,2760000000,2025-10-29,annual,1.36,USD,pre-market,328191000,18854000000,0.0785,0.424,0.095,23.03,1822444000,4123000000,6000000,4514000000,80.87,85.78,2.2556,41488000000,23283000000,12639000000,17841000000,18205000000,5202000000,4552401000,23647000000,18.89,-9396000000,100.76,58.09
2025-12-28,EBAY,4.51,10714000000.0,18.89,None,1.341,10.39,,None,6832000000,6832000000,,,,,,,,,2000000,1313000000,None,818104000,818104000,301000000,None,None,11438000000,None,None,378165000,,1.14,0.0135,,,,0.054,0.03,1441707000,1819872000,1.33,2012-12-31,14.29,8537000000,7676000000.0,3734297000,1549377000,467285000,1128000000,1128000000,None,3478000,None,0,None,None,4106000000,None,3044000000,1082043000,None,None,None,0.214,,3734297000,1441707000,497000000,9999000000,None,207000000,None,,,,,2.38,8.1,3.635,,,,,,,,0.204,,2491000000,2025-10-29,annual,1.36,USD,pre-market,328191000,15998000000,0.0785,0.424,0.095,23.03,1822444000,4519000000,424000000,2631000000,80.87,85.78,2.2556,37074000000,21398000000,10924000000,16209000000,15676000000,5285000000,4552401000,20875000000,18.89,-8053000000,100.76,58.09
2025-12-28,EBAY,4.51,10714000000.0,18.89,None,1.341,10.39,,None,4710591000,4710591000,,,,,,,,,1535000,1313000000,None,818104000,818104000,282000000,None,None,6195280000,None,None,378165000,,1.14,0.0135,,,,0.054,0.03,1441707000,1819872000,1.33,2011-12-31,14.29,8365000000,7676000000.0,3734297000,1549377000,467285000,1406380000,1406380000,None,3478000,None,0,None,None,1525047000,None,None,1082043000,None,None,None,0.214,,3734297000,1441707000,425144000,5380000000,None,None,None,,,,,2.38,8.1,3.635,,,,,,,,0.204,,1986216000,2025-10-29,annual,1.36,USD,pre-market,328191000,13389465000,0.0785,0.424,0.095,23.03,1822444000,2089648000,565000000,1330439000,80.87,85.78,2.2556,27320000000,12661000000,6734000000,9390000000,14659000000,2656000000,4552401000,17929879000,18.89,-7155421000,100.76,58.09
2025-12-28,EBAY,4.51,10714000000.0,18.89,None,1.341,10.39,,None,5597762000,5597762000,,,,,,,,,1513000,1327000000,None,818104000,818104000,2735694000,None,None,4134154999,None,None,378165000,,1.14,0.0135,,,,0.054,0.03,1441707000,1819872000,1.33,2010-12-31,14.29,6193163000,7676000000.0,3734297000,1549377000,467285000,540711000,540711000,None,3478000,None,0,None,None,1494227000,None,2492012000,1082043000,None,None,None,0.214,,3734297000,1441707000,271173000,1343888000,None,45385000,None,,,,,2.38,8.1,3.635,,,,,,,,0.204,,1523333000,2025-10-29,annual,1.36,USD,pre-market,328191000,10160078000,0.0785,0.424,0.095,23.03,1822444000,1794227000,300000000,1062248000,80.87,85.78,2.2556,22003762000,11065338000,4516514000,6701583000,10938424000,2185069000,4552401000,15302179000,18.89,-6091435000,100.76,58.09
2025-12-28,EBAY,4.51,10714000000.0,18.89,None,1.341,10.39,,None,4028941000,4028941000,,,,,,,,,1486000,1304981000,None,818104000,818104000,2350357000,None,None,3188298000,None,None,378165000,,1.14,0.0135,,,,0.054,0.03,1441707000,1819872000,1.33,2009-12-31,14.29,6143086000,7676000000.0,3734297000,1549377000,467285000,767812000,767812000,None,3478000,None,0,None,None,0,None,None,1082043000,None,None,None,0.214,,3734297000,1441707000,327744000,981784000,None,None,None,,,,,2.38,8.1,3.635,,,,,,,,0.204,,1314328000,2025-10-29,annual,1.36,USD,pre-market,328191000,8359117000,0.0785,0.424,0.095,23.03,1822444000,None,210522000,915225000,80.87,85.78,2.2556,18408320000,8460208000,3641968000,4620672000,9948112000,978704000,4552401000,13787648000,18.89,-5377258000,100.76,58.09
2025-12-28,EBAY,4.51,10714000000.0,18.89,None,1.341,10.39,,None,3210186000,3210186000,,,,,,,,,1470000,1312608000,None,818104000,818104000,1638294000,None,None,2473230000,None,None,378165000,,1.14,0.0135,,,,0.054,0.03,1441707000,1819872000,1.33,2008-12-31,14.29,7025398000,7676000000.0,3734297000,1549377000,467285000,736134000,736134000,None,3478000,None,None,None,None,None,None,None,1082043000,None,None,None,0.214,,3734297000,1441707000,389549000,784774000,None,None,None,,,,,2.38,8.1,3.635,,,,,,,,0.204,,1198714000,2025-10-29,annual,1.36,USD,pre-market,328191000,5970020000,0.0785,0.424,0.095,23.03,1822444000,1000000000,1000000000,213625000,80.87,85.78,2.2556,15592439000,6286590000,3705087000,4508581000,9305849000,803494000,4552401000,11083858000,18.89,-5376970000,100.76,58.09
2025-12-28,EBAY,4.51,10714000000.0,18.89,None,1.341,10.39,,None,4221191000,4221191000,,,,,,,,,1458000,1376174000,None,818104000,818104000,156613000,None,None,907894000,None,None,378165000,,1.14,0.0135,,,,0.054,0.03,1441707000,1819872000,1.33,2007-12-31,14.29,6257153000,7676000000.0,3734297000,1549377000,467285000,596038000,596038000,None,3478000,None,87599000,None,None,None,None,None,1082043000,None,None,None,0.214,,3734297000,1441707000,1334566000,2776471000,None,None,None,,,,,2.38,8.1,3.635,,,,,,,,0.204,,1120452000,2025-10-29,annual,1.36,USD,pre-market,328191000,4190546000,0.0785,0.424,0.095,23.03,1822444000,200220000,931806000,658854000,80.87,85.78,2.2556,15366037000,7122505000,3099579000,3661435000,8243532000,561856000,4552401000,11704602000,18.89,-3184981000,100.76,58.09
2025-12-28,EBAY,4.51,10714000000.0,18.89,None,1.341,10.39,,None,2662792000,2662792000,,,,,,,,,1431000,1425472000,None,818104000,818104000,83392000,None,None,792492000,None,None,378165000,,1.14,0.0135,,,,0.054,0.03,1441707000,1819872000,1.33,2006-12-31,14.29,6544278000,7676000000.0,3734297000,1549377000,467285000,682977000,682977000,None,3478000,None,144620000,None,None,None,None,None,1082043000,None,None,None,0.214,,3734297000,1441707000,973199000,2306039000,None,None,None,,,,,2.38,8.1,3.635,,,,,,,,0.204,,998196000,2025-10-29,annual,1.36,USD,pre-market,328191000,3842150000,0.0785,0.424,0.095,23.03,1822444000,None,681669000,542103000,80.87,85.78,2.2556,13494011000,4970586000,2518395000,2589379000,8523425000,70984000,4552401000,10904632000,18.89,-1669428000,100.76,58.09
2025-12-28,EBAY,4.51,10714000000.0,18.89,None,1.341,10.39,,None,1343282000,1343282000,,,,,,,,,1404000,1393875000,None,818104000,818104000,642343000,None,None,578070000,None,None,378165000,,1.14,0.0135,,,,0.054,0.03,1441707000,1819872000,1.33,2005-12-31,14.29,6120079000,7676000000.0,3734297000,1549377000,467285000,823280000,823280000,None,3478000,None,29702000,None,None,None,None,None,1082043000,None,None,None,0.214,,3734297000,1441707000,487235000,760652000,None,None,None,,,,,2.38,8.1,3.635,,,,,,,,0.204,,801602000,2025-10-29,annual,1.36,USD,pre-market,328191000,2716511000,0.0785,0.424,0.095,23.03,1822444000,None,578557000,774650000,80.87,85.78,2.2556,11788986000,3183237000,1484935000,1741005000,8605749000,256070000,4552401000,10047981000,18.89,None,100.76,58.09
2025-12-28,EBAY,4.51,10714000000.0,18.89,None,1.341,10.39,131000000,None,1343282000,1343282000,-874000000,265000000,None,None,None,None,None,None,1404000,1393875000,None,818104000,818104000,642343000,None,None,578070000,None,None,378165000,106000000,1.14,0.0135,132000000,132000000,None,0.054,0.03,1441707000,1819872000,1.33,2025-09-30,14.29,6120079000,7676000000.0,3734297000,1549377000,467285000,823280000,823280000,None,3478000,None,29702000,None,None,None,None,None,597000000,None,None,None,0.214,896000000,3734297000,1441707000,487235000,760652000,None,None,None,None,None,None,None,2.38,8.1,3.635,None,None,None,None,None,-626000000,None,0.204,None,801602000,2025-10-29,quarterly,1.36,USD,pre-market,328191000,2716511000,0.0785,0.424,0.095,23.03,1822444000,None,578557000,774650000,80.87,85.78,2.2556,11788986000,3183237000,1484935000,1741005000,8605749000,256070000,4552401000,10047981000,18.89,None,100.76,58.09
2025-12-28,EBAY,4.51,10714000000.0,18.89,None,1.341,10.39,134000000,None,1343282000,1343282000,-716000000,67000000,None,None,None,None,None,None,1404000,1393875000,None,818104000,818104000,642343000,None,None,578070000,None,None,378165000,107000000,1.14,0.0135,134000000,134000000,None,0.054,0.03,1441707000,1819872000,1.33,2025-06-30,14.29,6120079000,7676000000.0,3734297000,1549377000,467285000,823280000,823280000,None,3478000,None,29702000,None,None,None,None,None,369000000,None,None,None,0.214,-307000000,3734297000,1441707000,487235000,760652000,None,None,None,None,None,None,None,2.38,8.1,3.635,None,None,None,None,None,-531000000,None,0.204,None,801602000,2025-10-29,quarterly,1.36,USD,pre-market,328191000,2716511000,0.0785,0.424,0.095,23.03,1822444000,None,578557000,774650000,80.87,85.78,2.2556,11788986000,3183237000,1484935000,1741005000,8605749000,256070000,4552401000,10047981000,18.89,None,100.76,58.09
2025-12-28,EBAY,4.51,10714000000.0,18.89,None,1.341,10.39,143000000,None,1343282000,1343282000,-1248000000,1312000000,None,None,None,None,None,None,1404000,1393875000,None,818104000,818104000,642343000,None,None,578070000,None,None,378165000,79000000,1.14,0.0135,134000000,134000000,None,0.054,0.03,1441707000,1819872000,1.33,2025-03-31,14.29,6120079000,7676000000.0,3734297000,1549377000,467285000,823280000,823280000,None,3478000,None,29702000,None,None,None,None,None,505000000,None,None,None,0.214,787000000,3734297000,1441707000,487235000,760652000,None,None,None,None,None,None,None,2.38,8.1,3.635,None,None,None,None,None,-615000000,None,0.204,None,801602000,2025-10-29,quarterly,1.36,USD,pre-market,328191000,2716511000,0.0785,0.424,0.095,23.03,1822444000,None,578557000,774650000,80.87,85.78,2.2556,11788986000,3183237000,1484935000,1741005000,8605749000,256070000,4552401000,10047981000,18.89,None,100.76,58.09
2025-12-28,EBAY,4.51,10714000000.0,18.89,None,1.341,10.39,117000000,None,1343282000,1343282000,-992000000,1262000000,None,None,None,None,None,None,1404000,1393875000,None,818104000,818104000,642343000,None,None,578070000,None,None,378165000,79000000,1.14,0.0135,128000000,128000000,None,0.054,0.03,1441707000,1819872000,1.33,2024-12-31,14.29,6120079000,7676000000.0,3734297000,1549377000,467285000,823280000,823280000,None,3478000,None,29702000,None,None,None,None,None,680000000,None,None,None,0.214,677000000,3734297000,1441707000,487235000,760652000,None,None,None,None,None,None,None,2.38,8.1,3.635,None,None,None,None,None,-911000000,None,0.204,None,801602000,2025-10-29,quarterly,1.36,USD,pre-market,328191000,2716511000,0.0785,0.424,0.095,23.03,1822444000,None,578557000,774650000,80.87,85.78,2.2556,11788986000,3183237000,1484935000,1741005000,8605749000,256070000,4552401000,10047981000,18.89,None,100.76,58.09
2025-12-28,EBAY,4.51,10714000000.0,18.89,None,1.341,10.39,109000000,None,1343282000,1343282000,-1009000000,49000000,None,None,None,None,None,None,1404000,1393875000,None,818104000,818104000,642343000,None,None,578070000,None,None,378165000,92000000,1.14,0.0135,131000000,131000000,None,0.054,0.03,1441707000,1819872000,1.33,2024-09-30,14.29,6120079000,7676000000.0,3734297000,1549377000,467285000,823280000,823280000,None,3478000,None,29702000,None,None,None,None,None,636000000,None,None,None,0.214,755000000,3734297000,1441707000,487235000,760652000,None,None,None,None,None,None,None,2.38,8.1,3.635,None,None,None,None,None,-755000000,None,0.204,None,801602000,2025-10-29,quarterly,1.36,USD,pre-market,328191000,2716511000,0.0785,0.424,0.095,23.03,1822444000,None,578557000,774650000,80.87,85.78,2.2556,11788986000,3183237000,1484935000,1741005000,8605749000,256070000,4552401000,10047981000,18.89,None,100.76,58.09
2025-12-28,EBAY,4.51,10714000000.0,18.89,None,1.341,10.39,89000000,None,1343282000,1343282000,-1119000000,652000000,None,None,None,None,None,None,1404000,1393875000,None,818104000,818104000,642343000,None,None,578070000,None,None,378165000,77000000,1.14,0.0135,135000000,135000000,None,0.054,0.03,1441707000,1819872000,1.33,2024-06-30,14.29,6120079000,7676000000.0,3734297000,1549377000,467285000,823280000,823280000,None,3478000,None,29702000,None,None,None,None,None,226000000,None,None,None,0.214,367000000,3734297000,1441707000,487235000,760652000,None,None,None,None,None,None,None,2.38,8.1,3.635,None,None,None,None,None,-1030000000,None,0.204,None,801602000,2025-10-29,quarterly,1.36,USD,pre-market,328191000,2716511000,0.0785,0.424,0.095,23.03,1822444000,None,578557000,774650000,80.87,85.78,2.2556,11788986000,3183237000,1484935000,1741005000,8605749000,256070000,4552401000,10047981000,18.89,None,100.76,58.09
2025-12-28,EBAY,4.51,10714000000.0,18.89,None,1.341,10.39,143000000,None,1343282000,1343282000,-686000000,250000000,None,None,None,None,None,None,1404000,1393875000,None,818104000,818104000,642343000,None,None,578070000,None,None,378165000,76000000,1.14,0.0135,139000000,139000000,None,0.054,0.03,1441707000,1819872000,1.33,2024-03-31,14.29,6120079000,7676000000.0,3734297000,1549377000,467285000,823280000,823280000,None,3478000,None,29702000,None,None,None,None,None,439000000,None,None,None,0.214,615000000,3734297000,1441707000,487235000,760652000,None,None,None,None,None,None,None,2.38,8.1,3.635,None,None,None,None,None,-453000000,None,0.204,None,801602000,2025-10-29,quarterly,1.36,USD,pre-market,328191000,2716511000,0.0785,0.424,0.095,23.03,1822444000,None,578557000,774650000,80.87,85.78,2.2556,11788986000,3183237000,1484935000,1741005000,8605749000,256070000,4552401000,10047981000,18.89,None,100.76,58.09
2025-12-28,EBAY,4.51,10714000000.0,18.89,None,1.341,10.39,126000000,None,1343282000,1343282000,-379000000,-280000000,None,None,None,None,None,None,1404000,1393875000,None,818104000,818104000,642343000,None,None,578070000,None,None,378165000,98000000,1.14,0.0135,129000000,129000000,None,0.054,0.03,1441707000,1819872000,1.33,2023-12-31,14.29,6120079000,7676000000.0,3734297000,1549377000,467285000,823280000,823280000,None,3478000,None,29702000,None,None,None,None,None,728000000,None,None,None,0.214,122000000,3734297000,1441707000,487235000,760652000,None,None,None,None,None,None,None,2.38,8.1,3.635,None,None,None,None,None,-283000000,None,0.204,None,801602000,2025-10-29,quarterly,1.36,USD,pre-market,328191000,2716511000,0.0785,0.424,0.095,23.03,1822444000,None,578557000,774650000,80.87,85.78,2.2556,11788986000,3183237000,1484935000,1741005000,8605749000,256070000,4552401000,10047981000,18.89,None,100.76,58.09
2025-12-28,EBAY,4.51,10714000000.0,18.89,None,1.341,10.39,85000000,None,1343282000,1343282000,-613000000,96000000,None,None,None,None,None,None,1404000,1393875000,None,818104000,818104000,642343000,None,None,578070000,None,None,378165000,97000000,1.14,0.0135,132000000,132000000,None,0.054,0.03,1441707000,1819872000,1.33,2023-09-30,14.29,6120079000,7676000000.0,3734297000,1549377000,467285000,823280000,823280000,None,3478000,None,29702000,None,None,None,None,None,1305000000,None,None,None,0.214,862000000,3734297000,1441707000,487235000,760652000,None,None,None,None,None,None,None,2.38,8.1,3.635,None,None,None,None,None,-626000000,None,0.204,None,801602000,2025-10-29,quarterly,1.36,USD,pre-market,328191000,2716511000,0.0785,0.424,0.095,23.03,1822444000,None,578557000,774650000,80.87,85.78,2.2556,11788986000,3183237000,1484935000,1741005000,8605749000,256070000,4552401000,10047981000,18.89,None,100.76,58.09
2025-12-28,EBAY,4.51,10714000000.0,18.89,None,1.341,10.39,113000000,None,1343282000,1343282000,-70000000,-277000000,254000000,None,None,None,None,None,1404000,1393875000,None,818104000,818104000,642343000,None,None,578070000,None,None,378165000,101000000,1.14,0.0135,133000000,133000000,None,0.054,0.03,1441707000,1819872000,1.33,2023-06-30,14.29,6120079000,7676000000.0,3734297000,1549377000,467285000,823280000,823280000,None,3478000,None,29702000,None,None,None,None,None,171000000,None,None,None,0.214,601000000,3734297000,1441707000,487235000,760652000,None,None,None,None,None,None,None,2.38,8.1,3.635,None,None,None,None,None,-250000000,None,0.204,None,801602000,2025-10-29,quarterly,1.36,USD,pre-market,328191000,2716511000,0.0785,0.424,0.095,23.03,1822444000,None,578557000,774650000,80.87,85.78,2.2556,11788986000,3183237000,1484935000,1741005000,8605749000,256070000,4552401000,10047981000,18.89,None,100.76,58.09
2025-12-28,EBAY,4.51,10714000000.0,18.89,None,1.341,10.39,132000000,None,1343282000,1343282000,-1388000000,701000000,154000000,None,None,None,None,None,1404000,1393875000,None,818104000,818104000,642343000,None,None,578070000,None,None,378165000,107000000,1.14,0.0135,134000000,134000000,None,0.054,0.03,1441707000,1819872000,1.33,2023-03-31,14.29,6120079000,7676000000.0,3734297000,1549377000,467285000,823280000,823280000,None,3478000,None,29702000,None,None,None,None,None,567000000,None,None,None,0.214,841000000,3734297000,1441707000,487235000,760652000,None,None,None,None,None,None,None,2.38,8.1,3.635,None,None,None,None,None,-242000000,None,0.204,None,801602000,2025-10-29,quarterly,1.36,USD,pre-market,328191000,2716511000,0.0785,0.424,0.095,23.03,1822444000,None,578557000,774650000,80.87,85.78,2.2556,11788986000,3183237000,1484935000,1741005000,8605749000,256070000,4552401000,10047981000,18.89,None,100.76,58.09
2025-12-28,EBAY,4.51,10714000000.0,18.89,None,1.341,10.39,153000000,None,1343282000,1343282000,744000000,-1294000000,134000000,None,None,None,None,None,1404000,1393875000,None,818104000,818104000,642343000,None,None,578070000,None,None,378165000,107000000,1.14,0.0135,119000000,119000000,None,0.054,0.03,1441707000,1819872000,1.33,2022-12-31,14.29,6120079000,7676000000.0,3734297000,1549377000,467285000,823280000,823280000,None,3478000,None,29702000,None,None,None,None,None,672000000,None,None,None,0.214,684000000,3734297000,1441707000,487235000,760652000,None,None,None,None,None,None,None,2.38,8.1,3.635,None,None,None,None,None,-315000000,None,0.204,None,801602000,2025-10-29,quarterly,1.36,USD,pre-market,328191000,2716511000,0.0785,0.424,0.095,23.03,1822444000,None,578557000,774650000,80.87,85.78,2.2556,11788986000,3183237000,1484935000,1741005000,8605749000,256070000,4552401000,10047981000,18.89,None,100.76,58.09
2025-12-28,EBAY,4.51,10714000000.0,18.89,None,1.341,10.39,102000000,None,1343282000,1343282000,-354000000,-9000000,366000000,None,None,None,None,None,1404000,1393875000,None,818104000,818104000,642343000,None,None,578070000,None,None,378165000,104000000,1.14,0.0135,120000000,120000000,None,0.054,0.03,1441707000,1819872000,1.33,2022-09-30,14.29,6120079000,7676000000.0,3734297000,1549377000,467285000,823280000,823280000,None,3478000,None,29702000,None,None,None,None,None,-69000000,None,None,None,0.214,729000000,3734297000,1441707000,487235000,760652000,None,None,None,None,None,None,None,2.38,8.1,3.635,None,None,None,None,None,-286000000,None,0.204,None,801602000,2025-10-29,quarterly,1.36,USD,pre-market,328191000,2716511000,0.0785,0.424,0.095,23.03,1822444000,None,578557000,774650000,80.87,85.78,2.2556,11788986000,3183237000,1484935000,1741005000,8605749000,256070000,4552401000,10047981000,18.89,None,100.76,58.09
2025-12-28,EBAY,4.51,10714000000.0,18.89,None,1.341,10.39,111000000,None,1343282000,1343282000,-2230000000,1992000000,-10000000,None,None,None,None,None,1404000,1393875000,None,818104000,818104000,642343000,None,None,578070000,None,None,378165000,113000000,1.14,0.0135,121000000,121000000,None,0.054,0.03,1441707000,1819872000,1.33,2022-06-30,14.29,6120079000,7676000000.0,3734297000,1549377000,467285000,823280000,823280000,None,3478000,None,29702000,None,None,None,None,None,-531000000,None,None,None,0.214,228000000,3734297000,1441707000,487235000,760652000,None,None,None,None,None,None,None,2.38,8.1,3.635,None,None,None,None,None,-1473000000,None,0.204,None,801602000,2025-10-29,quarterly,1.36,USD,pre-market,328191000,2716511000,0.0785,0.424,0.095,23.03,1822444000,None,578557000,774650000,80.87,85.78,2.2556,11788986000,3183237000,1484935000,1741005000,8605749000,256070000,4552401000,10047981000,18.89,None,100.76,58.09
2025-12-28,EBAY,4.51,10714000000.0,18.89,None,1.341,10.39,83000000,None,1343282000,1343282000,-1952000000,1772000000,433000000,None,None,None,None,None,1404000,1393875000,None,818104000,818104000,642343000,None,None,578070000,None,None,378165000,118000000,1.14,0.0135,129000000,129000000,None,0.054,0.03,1441707000,1819872000,1.33,2022-03-31,14.29,6120079000,7676000000.0,3734297000,1549377000,467285000,823280000,823280000,None,3478000,None,29702000,None,None,None,None,None,-1341000000,None,None,None,0.214,613000000,3734297000,1441707000,487235000,760652000,None,None,None,None,None,None,None,2.38,8.1,3.635,None,None,None,None,None,-1069000000,None,0.204,None,801602000,2025-10-29,quarterly,1.36,USD,pre-market,328191000,2716511000,0.0785,0.424,0.095,23.03,1822444000,None,578557000,774650000,80.87,85.78,2.2556,11788986000,3183237000,1484935000,1741005000,8605749000,256070000,4552401000,10047981000,18.89,None,100.76,58.09
2025-12-28,EBAY,4.51,10714000000.0,18.89,None,1.341,10.39,103000000,None,1343282000,1343282000,-3287000000,2785000000,-209000000,None,1329000000,None,None,195000000,1404000,1393875000,None,818104000,818104000,642343000,None,None,578070000,None,None,378165000,122000000,1.14,0.0135,107000000,107000000,None,0.054,0.03,1441707000,1819872000,1.33,2021-12-31,14.29,6120079000,7676000000.0,3734297000,1549377000,467285000,823280000,823280000,None,3478000,None,29702000,None,None,None,None,None,1969000000,None,None,None,0.214,293000000,3734297000,1441707000,487235000,760652000,None,None,None,None,None,None,None,2.38,8.1,3.635,None,None,None,None,None,-3089000000,None,0.204,None,801602000,2025-10-29,quarterly,1.36,USD,pre-market,328191000,2716511000,0.0785,0.424,0.095,23.03,1822444000,None,578557000,774650000,80.87,85.78,2.2556,11788986000,3183237000,1484935000,1741005000,8605749000,256070000,4552401000,10047981000,18.89,None,100.76,58.09
2025-12-28,EBAY,4.51,10714000000.0,18.89,None,1.341,10.39,159000000,None,1343282000,1343282000,-2498000000,1523000000,-720000000,None,None,None,None,None,1404000,1393875000,None,818104000,818104000,642343000,None,None,578070000,None,None,378165000,119000000,1.14,0.0135,116000000,116000000,None,0.054,0.03,1441707000,1819872000,1.33,2021-09-30,14.29,6120079000,7676000000.0,3734297000,1549377000,467285000,823280000,823280000,None,3478000,None,29702000,None,None,None,None,None,264000000,None,None,None,0.214,255000000,3734297000,1441707000,487235000,760652000,None,None,None,None,None,None,None,2.38,8.1,3.635,None,None,None,None,None,-2233000000,None,0.204,None,801602000,2025-10-29,quarterly,1.36,USD,pre-market,328191000,2716511000,0.0785,0.424,0.095,23.03,1822444000,None,578557000,774650000,80.87,85.78,2.2556,11788986000,3183237000,1484935000,1741005000,8605749000,256070000,4552401000,10047981000,18.89,None,100.76,58.09
2025-12-28,EBAY,4.51,10714000000.0,18.89,None,1.341,10.39,99000000,None,1343282000,1343282000,422000000,-910000000,579000000,None,None,None,None,None,1404000,1393875000,None,818104000,818104000,642343000,None,None,578070000,None,None,378165000,127000000,1.14,0.0135,121000000,121000000,None,0.054,0.03,1441707000,1819872000,1.33,2021-06-30,14.29,6120079000,7676000000.0,3734297000,1549377000,467285000,823280000,823280000,None,3478000,None,29702000,None,None,None,None,None,10734000000,None,None,None,0.214,1067000000,3734297000,1441707000,487235000,760652000,None,None,None,None,None,None,None,2.38,8.1,3.635,None,None,None,None,None,-1429000000,None,0.204,None,801602000,2025-10-29,quarterly,1.36,USD,pre-market,328191000,2716511000,0.0785,0.424,0.095,23.03,1822444000,None,578557000,774650000,80.87,85.78,2.2556,11788986000,3183237000,1484935000,1741005000,8605749000,256070000,4552401000,10047981000,18.89,None,100.76,58.09
2025-12-28,EBAY,4.51,10714000000.0,18.89,None,1.341,10.39,83000000,None,1343282000,1343282000,-1169000000,265000000,138000000,None,None,None,None,None,1404000,1393875000,None,818104000,818104000,642343000,None,None,578070000,None,None,378165000,140000000,1.14,0.0135,122000000,122000000,None,0.054,0.03,1441707000,1819872000,1.33,2021-03-31,14.29,6120079000,7676000000.0,3734297000,1549377000,467285000,823280000,823280000,None,3478000,None,29702000,None,None,None,None,None,641000000,None,None,None,0.214,1042000000,3734297000,1441707000,487235000,760652000,None,None,None,None,None,None,None,2.38,8.1,3.635,None,None,None,None,None,-304000000,None,0.204,None,801602000,2025-10-29,quarterly,1.36,USD,pre-market,328191000,2716511000,0.0785,0.424,0.095,23.03,1822444000,None,578557000,774650000,80.87,85.78,2.2556,11788986000,3183237000,1484935000,1741005000,8605749000,256070000,4552401000,10047981000,18.89,None,100.76,58.09
2025-12-28,EBAY,4.51,10714000000.0,18.89,None,1.341,10.39,168000000,None,1343282000,1343282000,-549000000,214000000,423000000,None,-3266000000,None,None,8000000,1404000,1393875000,None,818104000,818104000,642343000,None,None,578070000,None,None,378165000,138000000,1.14,0.0135,110000000,110000000,None,0.054,0.03,1441707000,1819872000,1.33,2020-12-31,14.29,6120079000,7676000000.0,3734297000,1549377000,467285000,823280000,823280000,None,3478000,None,29702000,None,None,None,None,None,845000000,None,None,None,0.214,758000000,3734297000,1441707000,487235000,760652000,None,None,None,None,None,None,None,2.38,8.1,3.635,None,None,None,None,None,-427000000,None,0.204,None,801602000,2025-10-29,quarterly,1.36,USD,pre-market,328191000,2716511000,0.0785,0.424,0.095,23.03,1822444000,None,578557000,774650000,80.87,85.78,2.2556,11788986000,3183237000,1484935000,1741005000,8605749000,256070000,4552401000,10047981000,18.89,None,100.76,58.09
2025-12-28,EBAY,4.51,10714000000.0,18.89,None,1.341,10.39,132000000,None,1343282000,1343282000,-1773000000,1711000000,43000000,None,None,None,None,None,1404000,1393875000,None,818104000,818104000,642343000,None,None,578070000,None,None,378165000,163000000,1.14,0.0135,111000000,111000000,None,0.054,0.03,1441707000,1819872000,1.33,2020-09-30,14.29,6120079000,7676000000.0,3734297000,1549377000,467285000,823280000,823280000,None,3478000,None,29702000,None,None,None,None,None,664000000,None,None,None,0.214,105000000,3734297000,1441707000,487235000,760652000,None,None,None,None,None,None,None,2.38,8.1,3.635,None,None,None,None,None,-680000000,None,0.204,None,801602000,2025-10-29,quarterly,1.36,USD,pre-market,328191000,2716511000,0.0785,0.424,0.095,23.03,1822444000,None,578557000,774650000,80.87,85.78,2.2556,11788986000,3183237000,1484935000,1741005000,8605749000,256070000,4552401000,10047981000,18.89,None,100.76,58.09
2025-12-28,EBAY,4.51,10714000000.0,18.89,None,1.341,10.39,98000000,None,1343282000,1343282000,-209000000,-637000000,118000000,None,None,None,None,None,1404000,1393875000,None,818104000,818104000,642343000,None,None,578070000,None,None,378165000,172000000,1.14,0.0135,112000000,112000000,None,0.054,0.03,1441707000,1819872000,1.33,2020-06-30,14.29,6120079000,7676000000.0,3734297000,1549377000,467285000,823280000,823280000,None,3478000,None,29702000,None,None,None,None,None,746000000,None,None,None,0.214,964000000,3734297000,1441707000,487235000,760652000,None,None,None,None,None,None,None,2.38,8.1,3.635,None,None,None,None,None,-33000000,None,0.204,None,801602000,2025-10-29,quarterly,1.36,USD,pre-market,328191000,2716511000,0.0785,0.424,0.095,23.03,1822444000,None,578557000,774650000,80.87,85.78,2.2556,11788986000,3183237000,1484935000,1741005000,8605749000,256070000,4552401000,10047981000,18.89,None,100.76,58.09
2025-12-28,EBAY,4.51,10714000000.0,18.89,None,1.341,10.39,98000000,None,1343282000,1343282000,-3161000000,2506000000,-63000000,None,None,None,None,None,1404000,1393875000,None,818104000,818104000,642343000,None,None,578070000,None,None,378165000,147000000,1.14,0.0135,114000000,114000000,None,0.054,0.03,1441707000,1819872000,1.33,2020-03-31,14.29,6120079000,7676000000.0,3734297000,1549377000,467285000,823280000,823280000,None,3478000,None,29702000,None,None,None,None,None,3412000000,None,None,None,0.214,592000000,3734297000,1441707000,487235000,760652000,None,None,None,None,None,None,None,2.38,8.1,3.635,None,None,None,None,None,-3997000000,None,0.204,None,801602000,2025-10-29,quarterly,1.36,USD,pre-market,328191000,2716511000,0.0785,0.424,0.095,23.03,1822444000,None,578557000,774650000,80.87,85.78,2.2556,11788986000,3183237000,1484935000,1741005000,8605749000,256070000,4552401000,10047981000,18.89,None,100.76,58.09
2025-12-28,EBAY,4.51,10714000000.0,18.89,None,1.341,10.39,137000000,None,1343282000,1343282000,-1108000000,358000000,None,None,-590000000,None,None,None,1404000,1393875000,None,818104000,818104000,642343000,None,None,578070000,None,None,378165000,161000000,1.14,0.0135,113000000,113000000,None,0.054,0.03,1441707000,1819872000,1.33,2019-12-31,14.29,6120079000,7676000000.0,3734297000,1549377000,467285000,823280000,823280000,None,3478000,None,29702000,None,None,None,None,None,556000000,None,None,None,0.214,811000000,3734297000,1441707000,487235000,760652000,None,None,None,None,None,None,None,2.38,8.1,3.635,None,None,None,None,None,-1002000000,None,0.204,None,801602000,2025-10-29,quarterly,1.36,USD,pre-market,328191000,2716511000,0.0785,0.424,0.095,23.03,1822444000,None,578557000,774650000,80.87,85.78,2.2556,11788986000,3183237000,1484935000,1741005000,8605749000,256070000,4552401000,10047981000,18.89,None,100.76,58.09
2025-12-28,EBAY,4.51,10714000000.0,18.89,None,1.341,10.39,96000000,None,1343282000,1343282000,-2725000000,1143000000,-573000000,None,None,None,None,None,1404000,1393875000,None,818104000,818104000,642343000,None,None,578070000,None,None,378165000,170000000,1.14,0.0135,115000000,115000000,None,0.054,0.03,1441707000,1819872000,1.33,2019-09-30,14.29,6120079000,7676000000.0,3734297000,1549377000,467285000,823280000,823280000,None,3478000,None,29702000,None,None,None,None,None,310000000,None,None,None,0.214,1009000000,3734297000,1441707000,487235000,760652000,None,None,None,None,None,None,None,2.38,8.1,3.635,None,None,None,None,None,-1022000000,None,0.204,None,801602000,2025-10-29,quarterly,1.36,USD,pre-market,328191000,2716511000,0.0785,0.424,0.095,23.03,1822444000,None,578557000,774650000,80.87,85.78,2.2556,11788986000,3183237000,1484935000,1741005000,8605749000,256070000,4552401000,10047981000,18.89,None,100.76,58.09
2025-12-28,EBAY,4.51,10714000000.0,18.89,None,1.341,10.39,137000000,None,1343282000,1343282000,-1653000000,728000000,-181000000,None,None,None,None,None,1404000,1393875000,None,818104000,818104000,642343000,None,None,578070000,None,None,378165000,175000000,1.14,0.0135,120000000,120000000,None,0.054,0.03,1441707000,1819872000,1.33,2019-06-30,14.29,6120079000,7676000000.0,3734297000,1549377000,467285000,823280000,823280000,None,3478000,None,29702000,None,None,None,None,None,402000000,None,None,None,0.214,744000000,3734297000,1441707000,487235000,760652000,None,None,None,None,None,None,None,2.38,8.1,3.635,None,None,None,None,None,-1518000000,None,0.204,None,801602000,2025-10-29,quarterly,1.36,USD,pre-market,328191000,2716511000,0.0785,0.424,0.095,23.03,1822444000,None,578557000,774650000,80.87,85.78,2.2556,11788986000,3183237000,1484935000,1741005000,8605749000,256070000,4552401000,10047981000,18.89,None,100.76,58.09
2025-12-28,EBAY,4.51,10714000000.0,18.89,None,1.341,10.39,182000000,None,1343282000,1343282000,-1605000000,558000000,-497000000,None,None,None,None,None,1404000,1393875000,None,818104000,818104000,642343000,None,None,578070000,None,None,378165000,169000000,1.14,0.0135,125000000,125000000,None,0.054,0.03,1441707000,1819872000,1.33,2019-03-31,14.29,6120079000,7676000000.0,3734297000,1549377000,467285000,823280000,823280000,None,3478000,None,29702000,None,None,None,None,None,518000000,None,None,None,0.214,550000000,3734297000,1441707000,487235000,760652000,None,None,None,None,None,None,None,2.38,8.1,3.635,None,None,None,None,None,-1431000000,None,0.204,None,801602000,2025-10-29,quarterly,1.36,USD,pre-market,328191000,2716511000,0.0785,0.424,0.095,23.03,1822444000,None,578557000,774650000,80.87,85.78,2.2556,11788986000,3183237000,1484935000,1741005000,8605749000,256070000,4552401000,10047981000,18.89,None,100.76,58.09
2025-12-28,EBAY,4.51,10714000000.0,18.89,None,1.341,10.39,130000000,None,1343282000,1343282000,-1511000000,421000000,193000000,None,-2347000000,None,None,-98000000,1404000,1393875000,None,818104000,818104000,642343000,None,None,578070000,None,None,378165000,172000000,1.14,0.0135,750000000,750000000,None,0.054,0.03,1441707000,1819872000,1.33,2018-12-31,14.29,6120079000,7676000000.0,3734297000,1549377000,467285000,823280000,823280000,None,3478000,None,29702000,None,None,None,None,None,760000000,None,None,None,0.214,1233000000,3734297000,1441707000,487235000,760652000,None,None,None,None,None,None,None,2.38,8.1,3.635,None,None,None,None,None,-1511000000,None,0.204,None,801602000,2025-10-29,quarterly,1.36,USD,pre-market,328191000,2716511000,0.0785,0.424,0.095,23.03,1822444000,None,578557000,774650000,80.87,85.78,2.2556,11788986000,3183237000,1484935000,1741005000,8605749000,256070000,4552401000,10047981000,18.89,None,100.76,58.09
2025-12-28,EBAY,4.51,10714000000.0,18.89,None,1.341,10.39,179000000,None,1343282000,1343282000,-1020000000,926000000,465000000,1000000,None,None,None,None,1404000,1393875000,None,818104000,818104000,642343000,None,None,578070000,None,None,378165000,175000000,1.14,0.0135,125000000,125000000,None,0.054,0.03,1441707000,1819872000,1.33,2018-09-30,14.29,6120079000,7676000000.0,3734297000,1549377000,467285000,823280000,823280000,None,3478000,None,29702000,None,None,None,None,None,721000000,None,None,None,0.214,558000000,3734297000,1441707000,487235000,760652000,None,None,None,None,None,None,None,2.38,8.1,3.635,None,None,None,None,None,-991000000,None,0.204,None,801602000,2025-10-29,quarterly,1.36,USD,pre-market,328191000,2716511000,0.0785,0.424,0.095,23.03,1822444000,None,578557000,774650000,80.87,85.78,2.2556,11788986000,3183237000,1484935000,1741005000,8605749000,256070000,4552401000,10047981000,18.89,None,100.76,58.09
2025-12-28,EBAY,4.51,10714000000.0,18.89,None,1.341,10.39,184000000,None,1343282000,1343282000,-1042000000,-151000000,-910000000,-89000000,None,None,None,None,1404000,1393875000,None,818104000,818104000,642343000,None,None,578070000,None,None,378165000,170000000,1.14,0.0135,125000000,125000000,None,0.054,0.03,1441707000,1819872000,1.33,2018-06-30,14.29,6120079000,7676000000.0,3734297000,1549377000,467285000,823280000,823280000,None,3478000,None,29702000,None,None,None,None,None,642000000,None,None,None,0.214,372000000,3734297000,1441707000,487235000,760652000,None,None,None,None,None,None,None,2.38,8.1,3.635,None,None,None,None,None,-991000000,None,0.204,None,801602000,2025-10-29,quarterly,1.36,USD,pre-market,328191000,2716511000,0.0785,0.424,0.095,23.03,1822444000,None,578557000,774650000,80.87,85.78,2.2556,11788986000,3183237000,1484935000,1741005000,8605749000,256070000,4552401000,10047981000,18.89,None,100.76,58.09
2025-12-28,EBAY,4.51,10714000000.0,18.89,None,1.341,10.39,158000000,None,1343282000,1343282000,-1825000000,1698000000,406000000,38000000,0,None,None,None,1404000,1393875000,None,818104000,818104000,642343000,None,None,578070000,None,None,378165000,179000000,1.14,0.0135,0,0,None,0.054,0.03,1441707000,1819872000,1.33,2018-03-31,14.29,6120079000,7676000000.0,3734297000,1549377000,467285000,823280000,823280000,None,3478000,None,29702000,None,None,None,None,None,407000000,None,None,None,0.214,495000000,3734297000,1441707000,487235000,760652000,None,None,None,None,None,None,None,2.38,8.1,3.635,None,None,None,None,None,-1009000000,None,0.204,None,801602000,2025-10-29,quarterly,1.36,USD,pre-market,328191000,2716511000,0.0785,0.424,0.095,23.03,1822444000,None,578557000,774650000,80.87,85.78,2.2556,11788986000,3183237000,1484935000,1741005000,8605749000,256070000,4552401000,10047981000,18.89,None,100.76,58.09
2025-12-28,EBAY,4.51,10714000000.0,18.89,None,1.341,10.39,192000000,None,1343282000,1343282000,-896000000,214000000,360000000,54000000,-2588000000,None,None,-195000000,1404000,1393875000,None,818104000,818104000,642343000,None,None,578070000,None,None,378165000,172000000,1.14,0.0135,None,None,None,0.054,0.03,1441707000,1819872000,1.33,2017-12-31,14.29,6120079000,7676000000.0,3734297000,1549377000,467285000,823280000,823280000,None,3478000,None,29702000,None,None,None,None,None,-2601000000,None,None,None,0.214,988000000,3734297000,1441707000,487235000,760652000,None,None,None,None,None,None,None,2.38,8.1,3.635,None,None,None,None,None,-922000000,None,0.204,None,801602000,2025-10-29,quarterly,1.36,USD,pre-market,328191000,2716511000,0.0785,0.424,0.095,23.03,1822444000,None,578557000,774650000,80.87,85.78,2.2556,11788986000,3183237000,1484935000,1741005000,8605749000,256070000,4552401000,10047981000,18.89,None,100.76,58.09
2025-12-28,EBAY,4.51,10714000000.0,18.89,None,1.341,10.39,157000000,None,1343282000,1343282000,-2402000000,616000000,-876000000,33000000,0,None,None,None,1404000,1393875000,None,818104000,818104000,642343000,None,None,578070000,None,None,378165000,173000000,1.14,0.0135,0,0,None,0.054,0.03,1441707000,1819872000,1.33,2017-09-30,14.29,6120079000,7676000000.0,3734297000,1549377000,467285000,823280000,823280000,None,3478000,None,29702000,None,None,None,None,None,523000000,None,None,None,0.214,877000000,3734297000,1441707000,487235000,760652000,None,None,None,None,None,None,None,2.38,8.1,3.635,None,None,None,None,None,-907000000,None,0.204,None,801602000,2025-10-29,quarterly,1.36,USD,pre-market,328191000,2716511000,0.0785,0.424,0.095,23.03,1822444000,None,578557000,774650000,80.87,85.78,2.2556,11788986000,3183237000,1484935000,1741005000,8605749000,256070000,4552401000,10047981000,18.89,None,100.76,58.09
2025-12-28,EBAY,4.51,10714000000.0,18.89,None,1.341,10.39,182000000,None,1343282000,1343282000,1932000000,-2011000000,657000000,37000000,0,None,None,None,1404000,1393875000,None,818104000,818104000,642343000,None,None,578070000,None,None,378165000,168000000,1.14,0.0135,0,0,None,0.054,0.03,1441707000,1819872000,1.33,2017-06-30,14.29,6120079000,7676000000.0,3734297000,1549377000,467285000,823280000,823280000,None,3478000,None,29702000,None,None,None,None,None,27000000,None,None,None,0.214,699000000,3734297000,1441707000,487235000,760652000,None,None,None,None,None,None,None,2.38,8.1,3.635,None,None,None,None,None,-507000000,None,0.204,None,801602000,2025-10-29,quarterly,1.36,USD,pre-market,328191000,2716511000,0.0785,0.424,0.095,23.03,1822444000,None,578557000,774650000,80.87,85.78,2.2556,11788986000,3183237000,1484935000,1741005000,8605749000,256070000,4552401000,10047981000,18.89,None,100.76,58.09
2025-12-28,EBAY,4.51,10714000000.0,18.89,None,1.341,10.39,135000000,None,1343282000,1343282000,-418000000,-115000000,163000000,114000000,0,None,None,None,1404000,1393875000,None,818104000,818104000,642343000,None,None,578070000,None,None,378165000,163000000,1.14,0.0135,0,0,None,0.054,0.03,1441707000,1819872000,1.33,2017-03-31,14.29,6120079000,7676000000.0,3734297000,1549377000,467285000,823280000,823280000,None,3478000,None,29702000,None,None,None,None,None,1035000000,None,None,None,0.214,582000000,3734297000,1441707000,487235000,760652000,None,None,None,None,None,None,None,2.38,8.1,3.635,None,None,None,None,None,-410000000,None,0.204,None,801602000,2025-10-29,quarterly,1.36,USD,pre-market,328191000,2716511000,0.0785,0.424,0.095,23.03,1822444000,None,578557000,774650000,80.87,85.78,2.2556,11788986000,3183237000,1484935000,1741005000,8605749000,256070000,4552401000,10047981000,18.89,None,100.76,58.09
2025-12-28,EBAY,4.51,10714000000.0,18.89,None,1.341,10.39,136000000,None,1343282000,1343282000,-926000000,560000000,None,None,-4931000000,None,None,None,1404000,1393875000,None,818104000,818104000,642343000,None,None,578070000,None,None,378165000,176000000,1.14,0.0135,0,0,None,0.054,0.03,1441707000,1819872000,1.33,2016-12-31,14.29,6120079000,7676000000.0,3734297000,1549377000,467285000,823280000,823280000,None,3478000,None,29702000,None,None,None,None,None,5936000000,None,None,None,0.214,620000000,3734297000,1441707000,487235000,760652000,None,None,None,None,None,None,None,2.38,8.1,3.635,None,None,None,None,None,-941000000,None,0.204,None,801602000,2025-10-29,quarterly,1.36,USD,pre-market,328191000,2716511000,0.0785,0.424,0.095,23.03,1822444000,None,578557000,774650000,80.87,85.78,2.2556,11788986000,3183237000,1484935000,1741005000,8605749000,256070000,4552401000,10047981000,18.89,None,100.76,58.09
2025-12-28,EBAY,4.51,10714000000.0,18.89,None,1.341,10.39,185000000,None,1343282000,1343282000,-503000000,-595000000,-248000000,48000000,0,None,None,None,1404000,1393875000,None,818104000,818104000,642343000,None,None,578070000,None,None,378165000,172000000,1.14,0.0135,0,0,None,0.054,0.03,1441707000,1819872000,1.33,2016-09-30,14.29,6120079000,7676000000.0,3734297000,1549377000,467285000,823280000,823280000,None,3478000,None,29702000,None,None,None,None,None,413000000,None,None,None,0.214,802000000,3734297000,1441707000,487235000,760652000,None,None,None,None,None,None,None,2.38,8.1,3.635,None,None,None,None,None,-501000000,None,0.204,None,801602000,2025-10-29,quarterly,1.36,USD,pre-market,328191000,2716511000,0.0785,0.424,0.095,23.03,1822444000,None,578557000,774650000,80.87,85.78,2.2556,11788986000,3183237000,1484935000,1741005000,8605749000,256070000,4552401000,10047981000,18.89,None,100.76,58.09
2025-12-28,EBAY,4.51,10714000000.0,18.89,None,1.341,10.39,147000000,None,1343282000,1343282000,-537000000,-898000000,-685000000,-13000000,0,None,None,None,1404000,1393875000,None,818104000,818104000,642343000,None,None,578070000,None,None,378165000,167000000,1.14,0.0135,0,0,None,0.054,0.03,1441707000,1819872000,1.33,2016-06-30,14.29,6120079000,7676000000.0,3734297000,1549377000,467285000,823280000,823280000,None,3478000,None,29702000,None,None,None,None,None,435000000,None,None,None,0.214,763000000,3734297000,1441707000,487235000,760652000,None,None,None,None,None,None,None,2.38,8.1,3.635,None,None,None,None,None,-500000000,None,0.204,None,801602000,2025-10-29,quarterly,1.36,USD,pre-market,328191000,2716511000,0.0785,0.424,0.095,23.03,1822444000,None,578557000,774650000,80.87,85.78,2.2556,11788986000,3183237000,1484935000,1741005000,8605749000,256070000,4552401000,10047981000,18.89,None,100.76,58.09
2025-12-28,EBAY,4.51,10714000000.0,18.89,None,1.341,10.39,158000000,None,1343282000,1343282000,1222000000,-1075000000,854000000,66000000,0,None,None,None,1404000,1393875000,None,818104000,818104000,642343000,None,None,578070000,None,None,378165000,167000000,1.14,0.0135,0,0,None,0.054,0.03,1441707000,1819872000,1.33,2016-03-31,14.29,6120079000,7676000000.0,3734297000,1549377000,467285000,823280000,823280000,None,3478000,None,29702000,None,None,None,None,None,482000000,None,None,None,0.214,641000000,3734297000,1441707000,487235000,760652000,None,None,None,None,None,None,None,2.38,8.1,3.635,None,None,None,None,None,-1001000000,None,0.204,None,801602000,2025-10-29,quarterly,1.36,USD,pre-market,328191000,2716511000,0.0785,0.424,0.095,23.03,1822444000,None,578557000,774650000,80.87,85.78,2.2556,11788986000,3183237000,1484935000,1741005000,8605749000,256070000,4552401000,10047981000,18.89,None,100.76,58.09
2025-12-28,EBAY,4.51,10714000000.0,18.89,None,1.341,10.39,129000000,None,1343282000,1343282000,-1222000000,-323000000,None,None,-5580000000,None,None,None,1404000,1393875000,None,818104000,818104000,642343000,None,None,578070000,None,None,378165000,171000000,1.14,0.0135,5000000,5000000,None,0.054,0.03,1441707000,1819872000,1.33,2015-12-31,14.29,6120079000,7676000000.0,3734297000,1549377000,467285000,823280000,823280000,None,3478000,None,29702000,None,None,None,None,None,477000000,None,None,None,0.214,1040000000,3734297000,1441707000,487235000,760652000,None,None,None,None,None,None,None,2.38,8.1,3.635,None,None,None,None,None,-637000000,None,0.204,None,801602000,2025-10-29,quarterly,1.36,USD,pre-market,328191000,2716511000,0.0785,0.424,0.095,23.03,1822444000,None,578557000,774650000,80.87,85.78,2.2556,11788986000,3183237000,1484935000,1741005000,8605749000,256070000,4552401000,10047981000,18.89,None,100.76,58.09
2025-12-28,EBAY,4.51,10714000000.0,18.89,None,1.341,10.39,242000000,None,1343282000,1343282000,-2354000000,-867000000,-2572000000,-36000000,0,None,None,None,1404000,1393875000,None,818104000,818104000,642343000,None,None,578070000,None,None,378165000,182000000,1.14,0.0135,1615000000,1615000000,None,0.054,0.03,1441707000,1819872000,1.33,2015-09-30,14.29,6120079000,7676000000.0,3734297000,1549377000,467285000,823280000,823280000,None,3478000,None,29702000,None,None,None,None,None,539000000,None,None,None,0.214,686000000,3734297000,1441707000,487235000,760652000,None,None,None,None,None,None,None,2.38,8.1,3.635,None,None,None,None,None,-512000000,None,0.204,None,801602000,2025-10-29,quarterly,1.36,USD,pre-market,328191000,2716511000,0.0785,0.424,0.095,23.03,1822444000,None,578557000,774650000,80.87,85.78,2.2556,11788986000,3183237000,1484935000,1741005000,8605749000,256070000,4552401000,10047981000,18.89,None,100.76,58.09
2025-12-28,EBAY,4.51,10714000000.0,18.89,None,1.341,10.39,421000000,None,1343282000,1343282000,7000000,-1697000000,-486000000,47000000,0,None,None,None,1404000,1393875000,None,818104000,818104000,642343000,None,None,578070000,None,None,378165000,324000000,1.14,0.0135,0,0,None,0.054,0.03,1441707000,1819872000,1.33,2015-06-30,14.29,6120079000,7676000000.0,3734297000,1549377000,467285000,823280000,823280000,None,3478000,None,29702000,None,None,None,None,None,83000000,None,None,None,0.214,1156000000,3734297000,1441707000,487235000,760652000,None,None,None,None,None,None,None,2.38,8.1,3.635,None,None,None,None,None,108000000,None,0.204,None,801602000,2025-10-29,quarterly,1.36,USD,pre-market,328191000,2716511000,0.0785,0.424,0.095,23.03,1822444000,None,578557000,774650000,80.87,85.78,2.2556,11788986000,3183237000,1484935000,1741005000,8605749000,256070000,4552401000,10047981000,18.89,None,100.76,58.09
2025-12-28,EBAY,4.51,10714000000.0,18.89,None,1.341,10.39,322000000,None,1343282000,1343282000,-985000000,-724000000,-855000000,-297000000,0,None,None,None,1404000,1393875000,None,818104000,818104000,642343000,None,None,578070000,None,None,378165000,381000000,1.14,0.0135,0,0,None,0.054,0.03,1441707000,1819872000,1.33,2015-03-31,14.29,6120079000,7676000000.0,3734297000,1549377000,467285000,823280000,823280000,None,3478000,None,29702000,None,None,None,None,None,626000000,None,None,None,0.214,1151000000,3734297000,1441707000,487235000,760652000,None,None,None,None,None,None,None,2.38,8.1,3.635,None,None,None,None,None,-1000000000,None,0.204,None,801602000,2025-10-29,quarterly,1.36,USD,pre-market,328191000,2716511000,0.0785,0.424,0.095,23.03,1822444000,None,578557000,774650000,80.87,85.78,2.2556,11788986000,3183237000,1484935000,1741005000,8605749000,256070000,4552401000,10047981000,18.89,None,100.76,58.09
2025-12-28,EBAY,4.51,10714000000.0,18.89,None,1.341,10.39,369000000,None,1343282000,1343282000,-1065000000,1072000000,1538000000,-110000000,-9127000000,None,None,16000000,1404000,1393875000,None,818104000,818104000,642343000,None,None,578070000,None,None,378165000,370000000,1.14,0.0135,0,0,None,0.054,0.03,1441707000,1819872000,1.33,2014-12-31,14.29,6120079000,7676000000.0,3734297000,1549377000,467285000,823280000,823280000,None,3478000,None,29702000,None,None,None,None,None,936000000,None,None,None,0.214,1641000000,3734297000,1441707000,487235000,760652000,None,None,None,None,None,None,None,2.38,8.1,3.635,None,None,None,None,None,-1182000000,None,0.204,None,801602000,2025-10-29,quarterly,1.36,USD,pre-market,328191000,2716511000,0.0785,0.424,0.095,23.03,1822444000,None,578557000,774650000,80.87,85.78,2.2556,11788986000,3183237000,1484935000,1741005000,8605749000,256070000,4552401000,10047981000,18.89,None,100.76,58.09
2025-12-28,EBAY,4.51,10714000000.0,18.89,None,1.341,10.39,427000000,None,1343282000,1343282000,2281000000,-2616000000,956000000,-77000000,0,None,None,None,1404000,1393875000,None,818104000,818104000,642343000,None,None,578070000,None,None,378165000,365000000,1.14,0.0135,0,0,None,0.054,0.03,1441707000,1819872000,1.33,2014-09-30,14.29,6120079000,7676000000.0,3734297000,1549377000,467285000,823280000,823280000,None,3478000,None,29702000,None,None,None,None,None,673000000,None,None,None,0.214,1368000000,3734297000,1441707000,487235000,760652000,None,None,None,None,None,None,None,2.38,8.1,3.635,None,None,None,None,None,-8000000,None,0.204,None,801602000,2025-10-29,quarterly,1.36,USD,pre-market,328191000,2716511000,0.0785,0.424,0.095,23.03,1822444000,None,578557000,774650000,80.87,85.78,2.2556,11788986000,3183237000,1484935000,1741005000,8605749000,256070000,4552401000,10047981000,18.89,None,100.76,58.09
2025-12-28,EBAY,4.51,10714000000.0,18.89,None,1.341,10.39,269000000,None,1343282000,1343282000,-445000000,-1661000000,-581000000,31000000,0,None,None,None,1404000,1393875000,None,818104000,818104000,642343000,None,None,578070000,None,None,378165000,373000000,1.14,0.0135,0,0,None,0.054,0.03,1441707000,1819872000,1.33,2014-06-30,14.29,6120079000,7676000000.0,3734297000,1549377000,467285000,823280000,823280000,None,3478000,None,29702000,None,None,None,None,None,676000000,None,None,None,0.214,1494000000,3734297000,1441707000,487235000,760652000,None,None,None,None,None,None,None,2.38,8.1,3.635,None,None,None,None,None,-1657000000,None,0.204,None,801602000,2025-10-29,quarterly,1.36,USD,pre-market,328191000,2716511000,0.0785,0.424,0.095,23.03,1822444000,None,578557000,774650000,80.87,85.78,2.2556,11788986000,3183237000,1484935000,1741005000,8605749000,256070000,4552401000,10047981000,18.89,None,100.76,58.09
2025-12-28,EBAY,4.51,10714000000.0,18.89,None,1.341,10.39,206000000,None,1343282000,1343282000,-1793000000,532000000,-79000000,8000000,0,None,None,None,1404000,1393875000,None,818104000,818104000,642343000,None,None,578070000,None,None,378165000,382000000,1.14,0.0135,0,0,None,0.054,0.03,1441707000,1819872000,1.33,2014-03-31,14.29,6120079000,7676000000.0,3734297000,1549377000,467285000,823280000,823280000,None,3478000,None,29702000,None,None,None,None,None,-2326000000,None,None,None,0.214,1174000000,3734297000,1441707000,487235000,760652000,None,None,None,None,None,None,None,2.38,8.1,3.635,None,None,None,None,None,-1811000000,None,0.204,None,801602000,2025-10-29,quarterly,1.36,USD,pre-market,328191000,2716511000,0.0785,0.424,0.095,23.03,1822444000,None,578557000,774650000,80.87,85.78,2.2556,11788986000,3183237000,1484935000,1741005000,8605749000,256070000,4552401000,10047981000,18.89,None,100.76,58.09
2025-12-28,EBAY,4.51,10714000000.0,18.89,None,1.341,10.39,281000000,None,1343282000,1343282000,-500000000,-2018000000,None,None,-10467000000,None,None,None,1404000,1393875000,None,818104000,818104000,642343000,None,None,578070000,None,None,378165000,367000000,1.14,0.0135,0,0,None,0.054,0.03,1441707000,1819872000,1.33,2013-12-31,14.29,6120079000,7676000000.0,3734297000,1549377000,467285000,823280000,823280000,None,3478000,None,29702000,None,None,None,None,None,850000000,None,None,None,0.214,1713000000,3734297000,1441707000,487235000,760652000,None,None,None,None,None,None,None,2.38,8.1,3.635,None,None,None,None,None,-255000000,None,0.204,None,801602000,2025-10-29,quarterly,1.36,USD,pre-market,328191000,2716511000,0.0785,0.424,0.095,23.03,1822444000,None,578557000,774650000,80.87,85.78,2.2556,11788986000,3183237000,1484935000,1741005000,8605749000,256070000,4552401000,10047981000,18.89,None,100.76,58.09
2025-12-28,EBAY,4.51,10714000000.0,18.89,None,1.341,10.39,317000000,None,1343282000,1343282000,-91000000,-2904000000,-1575000000,86000000,0,None,None,None,1404000,1393875000,None,818104000,818104000,642343000,None,None,578070000,None,None,378165000,357000000,1.14,0.0135,0,0,None,0.054,0.03,1441707000,1819872000,1.33,2013-09-30,14.29,6120079000,7676000000.0,3734297000,1549377000,467285000,823280000,823280000,None,3478000,None,29702000,None,None,None,None,None,689000000,None,None,None,0.214,1334000000,3734297000,1441707000,487235000,760652000,None,None,None,None,None,None,None,2.38,8.1,3.635,None,None,None,None,None,-146000000,None,0.204,None,801602000,2025-10-29,quarterly,1.36,USD,pre-market,328191000,2716511000,0.0785,0.424,0.095,23.03,1822444000,None,578557000,774650000,80.87,85.78,2.2556,11788986000,3183237000,1484935000,1741005000,8605749000,256070000,4552401000,10047981000,18.89,None,100.76,58.09
2025-12-28,EBAY,4.51,10714000000.0,18.89,None,1.341,10.39,353000000,None,1343282000,1343282000,-352000000,-371000000,325000000,37000000,0,None,None,None,1404000,1393875000,None,818104000,818104000,642343000,None,None,578070000,None,None,378165000,347000000,1.14,0.0135,0,0,None,0.054,0.03,1441707000,1819872000,1.33,2013-06-30,14.29,6120079000,7676000000.0,3734297000,1549377000,467285000,823280000,823280000,None,3478000,None,29702000,None,None,None,None,None,640000000,None,None,None,0.214,1011000000,3734297000,1441707000,487235000,760652000,None,None,None,None,None,None,None,2.38,8.1,3.635,None,None,None,None,None,-466000000,None,0.204,None,801602000,2025-10-29,quarterly,1.36,USD,pre-market,328191000,2716511000,0.0785,0.424,0.095,23.03,1822444000,None,578557000,774650000,80.87,85.78,2.2556,11788986000,3183237000,1484935000,1741005000,8605749000,256070000,4552401000,10047981000,18.89,None,100.76,58.09
2025-12-28,EBAY,4.51,10714000000.0,18.89,None,1.341,10.39,299000000,None,1343282000,1343282000,-411000000,-719000000,-287000000,-94000000,0,None,None,None,1404000,1393875000,None,818104000,818104000,642343000,None,None,578070000,None,None,378165000,329000000,1.14,0.0135,0,0,None,0.054,0.03,1441707000,1819872000,1.33,2013-03-31,14.29,6120079000,7676000000.0,3734297000,1549377000,467285000,823280000,823280000,None,3478000,None,29702000,None,None,None,None,None,677000000,None,None,None,0.214,937000000,3734297000,1441707000,487235000,760652000,None,None,None,None,None,None,None,2.38,8.1,3.635,None,None,None,None,None,-476000000,None,0.204,None,801602000,2025-10-29,quarterly,1.36,USD,pre-market,328191000,2716511000,0.0785,0.424,0.095,23.03,1822444000,None,578557000,774650000,80.87,85.78,2.2556,11788986000,3183237000,1484935000,1741005000,8605749000,256070000,4552401000,10047981000,18.89,None,100.76,58.09
2025-12-28,EBAY,4.51,10714000000.0,18.89,None,1.341,10.39,296000000,None,1343282000,1343282000,-131000000,-1859000000,None,None,-10239000000,None,None,None,1404000,1393875000,None,818104000,818104000,642343000,None,None,578070000,None,None,378165000,319000000,1.14,0.0135,550000000,550000000,None,0.054,0.03,1441707000,1819872000,1.33,2012-12-31,14.29,6120079000,7676000000.0,3734297000,1549377000,467285000,823280000,823280000,None,3478000,None,29702000,None,None,None,None,None,751000000,None,None,None,0.214,1386000000,3734297000,1441707000,487235000,760652000,None,None,None,None,None,None,None,2.38,8.1,3.635,None,None,None,None,None,-256000000,None,0.204,None,801602000,2025-10-29,quarterly,1.36,USD,pre-market,328191000,2716511000,0.0785,0.424,0.095,23.03,1822444000,None,578557000,774650000,80.87,85.78,2.2556,11788986000,3183237000,1484935000,1741005000,8605749000,256070000,4552401000,10047981000,18.89,None,100.76,58.09
2025-12-28,EBAY,4.51,10714000000.0,18.89,None,1.341,10.39,362000000,None,1343282000,1343282000,2516000000,-430000000,None,None,0,None,None,None,1404000,1393875000,None,818104000,818104000,642343000,None,None,578070000,None,None,378165000,311000000,1.14,0.0135,2937000000,2937000000,None,0.054,0.03,1441707000,1819872000,1.33,2012-09-30,14.29,6120079000,7676000000.0,3734297000,1549377000,467285000,823280000,823280000,None,3478000,None,29702000,None,None,None,None,None,597000000,None,None,None,0.214,1154000000,3734297000,1441707000,487235000,760652000,None,None,None,None,None,None,None,2.38,8.1,3.635,None,None,None,None,None,-47000000,None,0.204,None,801602000,2025-10-29,quarterly,1.36,USD,pre-market,328191000,2716511000,0.0785,0.424,0.095,23.03,1822444000,None,578557000,774650000,80.87,85.78,2.2556,11788986000,3183237000,1484935000,1741005000,8605749000,256070000,4552401000,10047981000,18.89,None,100.76,58.09
2025-12-28,EBAY,4.51,10714000000.0,18.89,None,1.341,10.39,357000000,None,1343282000,1343282000,-215000000,-581000000,None,None,0,None,None,None,1404000,1393875000,None,818104000,818104000,642343000,None,None,578070000,None,None,378165000,290000000,1.14,0.0135,90000000,90000000,None,0.054,0.03,1441707000,1819872000,1.33,2012-06-30,14.29,6120079000,7676000000.0,3734297000,1549377000,467285000,823280000,823280000,None,3478000,None,29702000,None,None,None,None,None,692000000,None,None,None,0.214,768000000,3734297000,1441707000,487235000,760652000,None,None,None,None,None,None,None,2.38,8.1,3.635,None,None,None,None,None,-355000000,None,0.204,None,801602000,2025-10-29,quarterly,1.36,USD,pre-market,328191000,2716511000,0.0785,0.424,0.095,23.03,1822444000,None,578557000,774650000,80.87,85.78,2.2556,11788986000,3183237000,1484935000,1741005000,8605749000,256070000,4552401000,10047981000,18.89,None,100.76,58.09
2025-12-28,EBAY,4.51,10714000000.0,18.89,None,1.341,10.39,242000000,None,1343282000,1343282000,-219000000,-893000000,None,None,0,None,None,None,1404000,1393875000,None,818104000,818104000,642343000,None,None,578070000,None,None,378165000,281000000,1.14,0.0135,746000000,746000000,None,0.054,0.03,1441707000,1819872000,1.33,2012-03-31,14.29,6120079000,7676000000.0,3734297000,1549377000,467285000,823280000,823280000,None,3478000,None,29702000,None,None,None,None,None,570000000,None,None,None,0.214,531000000,3734297000,1441707000,487235000,760652000,None,None,None,None,None,None,None,2.38,8.1,3.635,None,None,None,None,None,-240000000,None,0.204,None,801602000,2025-10-29,quarterly,1.36,USD,pre-market,328191000,2716511000,0.0785,0.424,0.095,23.03,1822444000,None,578557000,774650000,80.87,85.78,2.2556,11788986000,3183237000,1484935000,1741005000,8605749000,256070000,4552401000,10047981000,18.89,None,100.76,58.09
2025-12-28,EBAY,4.51,10714000000.0,18.89,None,1.341,10.39,291647000,None,1343282000,1343282000,-648011000,1462033000,None,None,-5523398000,None,None,None,1404000,1393875000,None,818104000,818104000,642343000,None,None,578070000,None,None,378165000,272553000,1.14,0.0135,722556000,722556000,None,0.054,0.03,1441707000,1819872000,1.33,2011-12-31,14.29,6120079000,7676000000.0,3734297000,1549377000,467285000,823280000,823280000,None,3478000,None,29702000,None,None,None,None,None,1979612000,None,None,None,0.214,982260000,3734297000,1441707000,487235000,760652000,None,None,None,None,None,None,None,2.38,8.1,3.635,None,None,None,None,None,-249854000,None,0.204,None,801602000,2025-10-29,quarterly,1.36,USD,pre-market,328191000,2716511000,0.0785,0.424,0.095,23.03,1822444000,None,578557000,774650000,80.87,85.78,2.2556,11788986000,3183237000,1484935000,1741005000,8605749000,256070000,4552401000,10047981000,18.89,None,100.76,58.09
2025-12-28,EBAY,4.51,10714000000.0,18.89,None,1.341,10.39,283500000,None,1343282000,1343282000,-24145000,-963260000,-266876000,-88539000,0,None,None,None,1404000,1393875000,None,818104000,818104000,642343000,None,None,578070000,None,None,378165000,266716000,1.14,0.0135,67093000,67093000,None,0.054,0.03,1441707000,1819872000,1.33,2011-09-30,14.29,6120079000,7676000000.0,3734297000,1549377000,467285000,823280000,823280000,None,3478000,None,29702000,None,None,None,None,None,490503000,None,None,None,0.214,809068000,3734297000,1441707000,487235000,760652000,None,None,None,None,None,None,None,2.38,8.1,3.635,None,None,None,None,None,-32752000,None,0.204,None,801602000,2025-10-29,quarterly,1.36,USD,pre-market,328191000,2716511000,0.0785,0.424,0.095,23.03,1822444000,None,578557000,774650000,80.87,85.78,2.2556,11788986000,3183237000,1484935000,1741005000,8605749000,256070000,4552401000,10047981000,18.89,None,100.76,58.09
2025-12-28,EBAY,4.51,10714000000.0,18.89,None,1.341,10.39,239783000,None,1343282000,1343282000,172252000,-3209062000,-2198756000,55318000,0,None,None,None,1404000,1393875000,None,818104000,818104000,642343000,None,None,578070000,None,None,378165000,207595000,1.14,0.0135,0,0,None,0.054,0.03,1441707000,1819872000,1.33,2011-06-30,14.29,6120079000,7676000000.0,3734297000,1549377000,467285000,823280000,823280000,None,3478000,None,29702000,None,None,None,None,None,283407000,None,None,None,0.214,782736000,3734297000,1441707000,487235000,760652000,None,None,None,None,None,None,None,2.38,8.1,3.635,None,None,None,None,None,-424000000,None,0.204,None,801602000,2025-10-29,quarterly,1.36,USD,pre-market,328191000,2716511000,0.0785,0.424,0.095,23.03,1822444000,None,578557000,774650000,80.87,85.78,2.2556,11788986000,3183237000,1484935000,1741005000,8605749000,256070000,4552401000,10047981000,18.89,None,100.76,58.09
2025-12-28,EBAY,4.51,10714000000.0,18.89,None,1.341,10.39,148568000,None,1343282000,1343282000,-338592000,-596573000,-112829000,122726000,0,None,None,None,1404000,1393875000,None,818104000,818104000,642343000,None,None,578070000,None,None,378165000,193089000,1.14,0.0135,0,0,None,0.054,0.03,1441707000,1819872000,1.33,2011-03-31,14.29,6120079000,7676000000.0,3734297000,1549377000,467285000,823280000,823280000,None,3478000,None,29702000,None,None,None,None,None,475865000,None,None,None,0.214,699610000,3734297000,1441707000,487235000,760652000,None,None,None,None,None,None,None,2.38,8.1,3.635,None,None,None,None,None,-357000000,None,0.204,None,801602000,2025-10-29,quarterly,1.36,USD,pre-market,328191000,2716511000,0.0785,0.424,0.095,23.03,1822444000,None,578557000,774650000,80.87,85.78,2.2556,11788986000,3183237000,1484935000,1741005000,8605749000,256070000,4552401000,10047981000,18.89,None,100.76,58.09
2025-12-28,EBAY,4.51,10714000000.0,18.89,None,1.341,10.39,197467000,None,1343282000,1343282000,1493492000,-891738000,None,None,-6819144000,None,None,None,1404000,1393875000,None,818104000,818104000,642343000,None,None,578070000,None,None,378165000,192288000,1.14,0.0135,0,0,None,0.054,0.03,1441707000,1819872000,1.33,2010-12-31,14.29,6120079000,7676000000.0,3734297000,1549377000,467285000,823280000,823280000,None,3478000,None,29702000,None,None,None,None,None,559187000,None,None,None,0.214,854005000,3734297000,1441707000,487235000,760652000,None,None,None,None,None,None,None,2.38,8.1,3.635,None,None,None,None,None,-413406000,None,0.204,None,801602000,2025-10-29,quarterly,1.36,USD,pre-market,328191000,2716511000,0.0785,0.424,0.095,23.03,1822444000,None,578557000,774650000,80.87,85.78,2.2556,11788986000,3183237000,1484935000,1741005000,8605749000,256070000,4552401000,10047981000,18.89,None,100.76,58.09
2025-12-28,EBAY,4.51,10714000000.0,18.89,None,1.341,10.39,166988000,None,1343282000,1343282000,-309449000,-555097000,None,None,0,None,None,None,1404000,1393875000,None,818104000,818104000,642343000,None,None,578070000,None,None,378165000,194338000,1.14,0.0135,0,0,None,0.054,0.03,1441707000,1819872000,1.33,2010-09-30,14.29,6120079000,7676000000.0,3734297000,1549377000,467285000,823280000,823280000,None,3478000,None,29702000,None,None,None,None,None,431929000,None,None,None,0.214,747114000,3734297000,1441707000,487235000,760652000,None,None,None,None,None,None,None,2.38,8.1,3.635,None,None,None,None,None,-297662000,None,0.204,None,801602000,2025-10-29,quarterly,1.36,USD,pre-market,328191000,2716511000,0.0785,0.424,0.095,23.03,1822444000,None,578557000,774650000,80.87,85.78,2.2556,11788986000,3183237000,1484935000,1741005000,8605749000,256070000,4552401000,10047981000,18.89,None,100.76,58.09
2025-12-28,EBAY,4.51,10714000000.0,18.89,None,1.341,10.39,207201000,None,1343282000,1343282000,57753000,-134666000,None,None,0,None,None,None,1404000,1393875000,None,818104000,818104000,642343000,None,None,578070000,None,None,378165000,187817000,1.14,0.0135,0,0,None,0.054,0.03,1441707000,1819872000,1.33,2010-06-30,14.29,6120079000,7676000000.0,3734297000,1549377000,467285000,823280000,823280000,None,3478000,None,29702000,None,None,None,None,None,412192000,None,None,None,0.214,726379000,3734297000,1441707000,487235000,760652000,None,None,None,None,None,None,None,2.38,8.1,3.635,None,None,None,None,None,0,None,0.204,None,801602000,2025-10-29,quarterly,1.36,USD,pre-market,328191000,2716511000,0.0785,0.424,0.095,23.03,1822444000,None,578557000,774650000,80.87,85.78,2.2556,11788986000,3183237000,1484935000,1741005000,8605749000,256070000,4552401000,10047981000,18.89,None,100.76,58.09
2025-12-28,EBAY,4.51,10714000000.0,18.89,None,1.341,10.39,152256000,None,1343282000,1343282000,-7390000,-700969000,None,None,0,None,None,None,1404000,1393875000,None,818104000,818104000,642343000,None,None,578070000,None,None,378165000,188022000,1.14,0.0135,0,0,None,0.054,0.03,1441707000,1819872000,1.33,2010-03-31,14.29,6120079000,7676000000.0,3734297000,1549377000,467285000,823280000,823280000,None,3478000,None,29702000,None,None,None,None,None,397653000,None,None,None,0.214,418262000,3734297000,1441707000,487235000,760652000,None,None,None,None,None,None,None,2.38,8.1,3.635,None,None,None,None,None,0,None,0.204,None,801602000,2025-10-29,quarterly,1.36,USD,pre-market,328191000,2716511000,0.0785,0.424,0.095,23.03,1822444000,None,578557000,774650000,80.87,85.78,2.2556,11788986000,3183237000,1484935000,1741005000,8605749000,256070000,4552401000,10047981000,18.89,None,100.76,58.09
2025-12-28,EBAY,4.51,10714000000.0,18.89,None,1.341,10.39,172938000,None,1343282000,1343282000,-163613000,882200000,None,None,-4465525000,None,None,None,1404000,1393875000,None,818104000,818104000,642343000,None,None,578070000,None,None,378165000,200784000,1.14,0.0135,2177942000,2177942000,None,0.054,0.03,1441707000,1819872000,1.33,2009-12-31,14.29,6120079000,7676000000.0,3734297000,1549377000,467285000,823280000,823280000,None,3478000,None,29702000,None,None,None,None,None,1354906000,None,None,None,0.214,770600000,3734297000,1441707000,487235000,760652000,None,None,None,None,None,None,None,2.38,8.1,3.635,None,None,None,None,None,-2177942000,None,0.204,None,801602000,2025-10-29,quarterly,1.36,USD,pre-market,328191000,2716511000,0.0785,0.424,0.095,23.03,1822444000,None,578557000,774650000,80.87,85.78,2.2556,11788986000,3183237000,1484935000,1741005000,8605749000,256070000,4552401000,10047981000,18.89,None,100.76,58.09
2025-12-28,EBAY,4.51,10714000000.0,18.89,None,1.341,10.39,174768000,None,1343282000,1343282000,-198382000,-603399000,None,None,0,None,None,None,1404000,1393875000,None,818104000,818104000,642343000,None,None,578070000,None,None,378165000,215068000,1.14,0.0135,0,0,None,0.054,0.03,1441707000,1819872000,1.33,2009-09-30,14.29,6120079000,7676000000.0,3734297000,1549377000,467285000,823280000,823280000,None,3478000,None,29702000,None,None,None,None,None,349736000,None,None,None,0.214,738241000,3734297000,1441707000,487235000,760652000,None,None,None,None,None,None,None,2.38,8.1,3.635,None,None,None,None,None,0,None,0.204,None,801602000,2025-10-29,quarterly,1.36,USD,pre-market,328191000,2716511000,0.0785,0.424,0.095,23.03,1822444000,None,578557000,774650000,80.87,85.78,2.2556,11788986000,3183237000,1484935000,1741005000,8605749000,256070000,4552401000,10047981000,18.89,None,100.76,58.09
2025-12-28,EBAY,4.51,10714000000.0,18.89,None,1.341,10.39,128454000,None,1343282000,1343282000,30859000,-1376125000,None,None,0,None,None,None,1404000,1393875000,None,818104000,818104000,642343000,None,None,578070000,None,None,378165000,197805000,1.14,0.0135,0,0,None,0.054,0.03,1441707000,1819872000,1.33,2009-06-30,14.29,6120079000,7676000000.0,3734297000,1549377000,467285000,823280000,823280000,None,3478000,None,29702000,None,None,None,None,None,327342000,None,None,None,0.214,730718000,3734297000,1441707000,487235000,760652000,None,None,None,None,None,None,None,2.38,8.1,3.635,None,None,None,None,None,0,None,0.204,None,801602000,2025-10-29,quarterly,1.36,USD,pre-market,328191000,2716511000,0.0785,0.424,0.095,23.03,1822444000,None,578557000,774650000,80.87,85.78,2.2556,11788986000,3183237000,1484935000,1741005000,8605749000,256070000,4552401000,10047981000,18.89,None,100.76,58.09
2025-12-28,EBAY,4.51,10714000000.0,18.89,None,1.341,10.39,90934000,None,1343282000,1343282000,-614520000,-52059000,None,None,None,None,None,None,1404000,1393875000,None,818104000,818104000,642343000,None,None,578070000,None,None,378165000,197289000,1.14,0.0135,None,None,None,0.054,0.03,1441707000,1819872000,1.33,2009-03-31,14.29,6120079000,7676000000.0,3734297000,1549377000,467285000,823280000,823280000,None,3478000,None,29702000,None,None,None,None,None,357113000,None,None,None,0.214,668527000,3734297000,1441707000,487235000,760652000,None,None,None,None,None,None,None,2.38,8.1,3.635,None,None,None,None,None,None,None,0.204,None,801602000,2025-10-29,quarterly,1.36,USD,pre-market,328191000,2716511000,0.0785,0.424,0.095,23.03,1822444000,None,578557000,774650000,80.87,85.78,2.2556,11788986000,3183237000,1484935000,1741005000,8605749000,256070000,4552401000,10047981000,18.89,None,100.76,58.09
2025-12-28,EBAY,4.51,10714000000.0,18.89,None,1.341,10.39,159151000,None,1343282000,1343282000,602524000,-1374432000,None,None,100981000,None,None,None,1404000,1393875000,None,818104000,818104000,642343000,None,None,578070000,None,None,378165000,201897000,1.14,0.0135,None,None,None,0.054,0.03,1441707000,1819872000,1.33,2008-12-31,14.29,6120079000,7676000000.0,3734297000,1549377000,467285000,823280000,823280000,None,3478000,None,29702000,None,None,None,None,None,367192000,None,None,None,0.214,683723000,3734297000,1441707000,487235000,760652000,None,None,None,None,None,None,None,2.38,8.1,3.635,None,None,None,None,None,-160000,None,0.204,None,801602000,2025-10-29,quarterly,1.36,USD,pre-market,328191000,2716511000,0.0785,0.424,0.095,23.03,1822444000,None,578557000,774650000,80.87,85.78,2.2556,11788986000,3183237000,1484935000,1741005000,8605749000,256070000,4552401000,10047981000,18.89,None,100.76,58.09
2025-12-28,EBAY,4.51,10714000000.0,18.89,None,1.341,10.39,150412000,None,1343282000,1343282000,-610060000,-225098000,None,None,None,None,None,None,1404000,1393875000,None,818104000,818104000,642343000,None,None,578070000,None,None,378165000,178578000,1.14,0.0135,None,None,None,0.054,0.03,1441707000,1819872000,1.33,2008-09-30,14.29,6120079000,7676000000.0,3734297000,1549377000,467285000,823280000,823280000,None,3478000,None,29702000,None,None,None,None,None,492219000,None,None,None,0.214,693403000,3734297000,1441707000,487235000,760652000,None,None,None,None,None,None,None,2.38,8.1,3.635,None,None,None,None,None,-622652000,None,0.204,None,801602000,2025-10-29,quarterly,1.36,USD,pre-market,328191000,2716511000,0.0785,0.424,0.095,23.03,1822444000,None,578557000,774650000,80.87,85.78,2.2556,11788986000,3183237000,1484935000,1741005000,8605749000,256070000,4552401000,10047981000,18.89,None,100.76,58.09
2025-12-28,EBAY,4.51,10714000000.0,18.89,None,1.341,10.39,121683000,None,1343282000,1343282000,-483215000,-123645000,None,None,None,None,None,None,1404000,1393875000,None,818104000,818104000,642343000,None,None,578070000,None,None,378165000,173359000,1.14,0.0135,None,None,None,0.054,0.03,1441707000,1819872000,1.33,2008-06-30,14.29,6120079000,7676000000.0,3734297000,1549377000,467285000,823280000,823280000,None,3478000,None,29702000,None,None,None,None,None,460345000,None,None,None,0.214,738599000,3734297000,1441707000,487235000,760652000,None,None,None,None,None,None,None,2.38,8.1,3.635,None,None,None,None,None,-562729000,None,0.204,None,801602000,2025-10-29,quarterly,1.36,USD,pre-market,328191000,2716511000,0.0785,0.424,0.095,23.03,1822444000,None,578557000,774650000,80.87,85.78,2.2556,11788986000,3183237000,1484935000,1741005000,8605749000,256070000,4552401000,10047981000,18.89,None,100.76,58.09
2025-12-28,EBAY,4.51,10714000000.0,18.89,None,1.341,10.39,134644000,None,1343282000,1343282000,-1183100000,-334171000,None,None,-23575000,None,None,None,1404000,1393875000,None,818104000,818104000,642343000,None,None,578070000,None,None,378165000,165980000,1.14,0.0135,None,None,None,0.054,0.03,1441707000,1819872000,1.33,2008-03-31,14.29,6120079000,7676000000.0,3734297000,1549377000,467285000,823280000,823280000,None,3478000,None,29702000,None,None,None,None,None,459718000,None,None,None,0.214,766270000,3734297000,1441707000,487235000,760652000,None,None,None,None,None,None,None,2.38,8.1,3.635,None,None,None,None,None,-992561000,None,0.204,None,801602000,2025-10-29,quarterly,1.36,USD,pre-market,328191000,2716511000,0.0785,0.424,0.095,23.03,1822444000,None,578557000,774650000,80.87,85.78,2.2556,11788986000,3183237000,1484935000,1741005000,8605749000,256070000,4552401000,10047981000,18.89,None,100.76,58.09
2025-12-28,EBAY,4.51,10714000000.0,18.89,None,1.341,10.39,127932000,None,1343282000,1343282000,43082000,-630957000,None,None,279222000,None,None,None,1404000,1393875000,None,818104000,818104000,642343000,None,None,578070000,None,None,378165000,159816000,1.14,0.0135,None,None,None,0.054,0.03,1441707000,1819872000,1.33,2007-12-31,14.29,6120079000,7676000000.0,3734297000,1549377000,467285000,823280000,823280000,None,3478000,None,29702000,None,None,None,None,None,530886000,None,None,None,0.214,792546000,3734297000,1441707000,487235000,760652000,None,None,None,None,None,None,None,2.38,8.1,3.635,None,None,None,None,None,-314698000,None,0.204,None,801602000,2025-10-29,quarterly,1.36,USD,pre-market,328191000,2716511000,0.0785,0.424,0.095,23.03,1822444000,None,578557000,774650000,80.87,85.78,2.2556,11788986000,3183237000,1484935000,1741005000,8605749000,256070000,4552401000,10047981000,18.89,None,100.76,58.09
2025-12-28,EBAY,4.51,10714000000.0,18.89,None,1.341,10.39,119294000,None,1343282000,1343282000,-275828000,-2489000,None,None,None,None,None,None,1404000,1393875000,None,818104000,818104000,642343000,None,None,578070000,None,None,378165000,151720000,1.14,0.0135,None,None,None,0.054,0.03,1441707000,1819872000,1.33,2007-09-30,14.29,6120079000,7676000000.0,3734297000,1549377000,467285000,823280000,823280000,None,3478000,None,29702000,None,None,None,None,None,-935635000,None,None,None,0.214,629486000,3734297000,1441707000,487235000,760652000,None,None,None,None,None,None,None,2.38,8.1,3.635,None,None,None,None,None,-495838000,None,0.204,None,801602000,2025-10-29,quarterly,1.36,USD,pre-market,328191000,2716511000,0.0785,0.424,0.095,23.03,1822444000,None,578557000,774650000,80.87,85.78,2.2556,11788986000,3183237000,1484935000,1741005000,8605749000,256070000,4552401000,10047981000,18.89,None,100.76,58.09
2025-12-28,EBAY,4.51,10714000000.0,18.89,None,1.341,10.39,121328000,None,1343282000,1343282000,-235489000,2950000,None,None,None,None,None,None,1404000,1393875000,None,818104000,818104000,642343000,None,None,578070000,None,None,378165000,146722000,1.14,0.0135,None,None,None,0.054,0.03,1441707000,1819872000,1.33,2007-06-30,14.29,6120079000,7676000000.0,3734297000,1549377000,467285000,823280000,823280000,None,3478000,None,29702000,None,None,None,None,None,375824000,None,None,None,0.214,654585000,3734297000,1441707000,487235000,760652000,None,None,None,None,None,None,None,2.38,8.1,3.635,None,None,None,None,None,-343776000,None,0.204,None,801602000,2025-10-29,quarterly,1.36,USD,pre-market,328191000,2716511000,0.0785,0.424,0.095,23.03,1822444000,None,578557000,774650000,80.87,85.78,2.2556,11788986000,3183237000,1484935000,1741005000,8605749000,256070000,4552401000,10047981000,18.89,None,100.76,58.09
2025-12-28,EBAY,4.51,10714000000.0,18.89,None,1.341,10.39,85413000,None,1343282000,1343282000,-225157000,-62650000,None,None,-29372000,None,None,None,1404000,1393875000,None,818104000,818104000,642343000,None,None,578070000,None,None,378165000,143449000,1.14,0.0135,None,None,None,0.054,0.03,1441707000,1819872000,1.33,2007-03-31,14.29,6120079000,7676000000.0,3734297000,1549377000,467285000,823280000,823280000,None,3478000,None,29702000,None,None,None,None,None,377176000,None,None,None,0.214,564492000,3734297000,1441707000,487235000,760652000,None,None,None,None,None,None,None,2.38,8.1,3.635,None,None,None,None,None,-331085000,None,0.204,None,801602000,2025-10-29,quarterly,1.36,USD,pre-market,328191000,2716511000,0.0785,0.424,0.095,23.03,1822444000,None,578557000,774650000,80.87,85.78,2.2556,11788986000,3183237000,1484935000,1741005000,8605749000,256070000,4552401000,10047981000,18.89,None,100.76,58.09
2025-12-28,EBAY,4.51,10714000000.0,18.89,None,1.341,10.39,96573000,None,1343282000,1343282000,-880484000,367163000,None,None,213831000,None,None,None,1404000,1393875000,None,818104000,818104000,642343000,None,None,578070000,None,None,378165000,-99129000,1.14,0.0135,None,None,None,0.054,0.03,1441707000,1819872000,1.33,2006-12-31,14.29,6120079000,7676000000.0,3734297000,1549377000,467285000,823280000,823280000,None,3478000,None,29702000,None,None,None,None,None,346467000,None,None,None,0.214,625961000,3734297000,1441707000,487235000,760652000,None,None,None,None,None,None,None,2.38,8.1,3.635,None,None,None,None,None,-999999000,None,0.204,None,801602000,2025-10-29,quarterly,1.36,USD,pre-market,328191000,2716511000,0.0785,0.424,0.095,23.03,1822444000,None,578557000,774650000,80.87,85.78,2.2556,11788986000,3183237000,1484935000,1741005000,8605749000,256070000,4552401000,10047981000,18.89,None,100.76,58.09
2025-12-28,EBAY,4.51,10714000000.0,18.89,None,1.341,10.39,136867000,None,1343282000,1343282000,-616177000,-79487000,None,None,None,None,None,None,1404000,1393875000,None,818104000,818104000,642343000,None,None,578070000,None,None,378165000,377969000,1.14,0.0135,None,None,None,0.054,0.03,1441707000,1819872000,1.33,2006-09-30,14.29,6120079000,7676000000.0,3734297000,1549377000,467285000,823280000,823280000,None,3478000,None,29702000,None,None,None,None,None,280896000,None,None,None,0.214,522113000,3734297000,1441707000,487235000,760652000,None,None,None,None,None,None,None,2.38,8.1,3.635,None,None,None,None,None,None,None,0.204,None,801602000,2025-10-29,quarterly,1.36,USD,pre-market,328191000,2716511000,0.0785,0.424,0.095,23.03,1822444000,None,578557000,774650000,80.87,85.78,2.2556,11788986000,3183237000,1484935000,1741005000,8605749000,256070000,4552401000,10047981000,18.89,None,100.76,58.09
2025-12-28,EBAY,4.51,10714000000.0,18.89,None,1.341,10.39,148432000,None,1343282000,1343282000,131996000,87063000,None,None,None,None,None,None,1404000,1393875000,None,818104000,818104000,642343000,None,None,578070000,None,None,378165000,142426000,1.14,0.0135,None,None,None,0.054,0.03,1441707000,1819872000,1.33,2006-06-30,14.29,6120079000,7676000000.0,3734297000,1549377000,467285000,823280000,823280000,None,3478000,None,29702000,None,None,None,None,None,249994000,None,None,None,0.214,515513000,3734297000,1441707000,487235000,760652000,None,None,None,None,None,None,None,2.38,8.1,3.635,None,None,None,None,None,None,None,0.204,None,801602000,2025-10-29,quarterly,1.36,USD,pre-market,328191000,2716511000,0.0785,0.424,0.095,23.03,1822444000,None,578557000,774650000,80.87,85.78,2.2556,11788986000,3183237000,1484935000,1741005000,8605749000,256070000,4552401000,10047981000,18.89,None,100.76,58.09
2025-12-28,EBAY,4.51,10714000000.0,18.89,None,1.341,10.39,133576000,None,1343282000,1343282000,103978000,-145886000,None,None,-2178217000,None,None,None,1404000,1393875000,None,818104000,818104000,642343000,None,None,578070000,None,None,378165000,123286000,1.14,0.0135,None,None,None,0.054,0.03,1441707000,1819872000,1.33,2006-03-31,14.29,6120079000,7676000000.0,3734297000,1549377000,467285000,823280000,823280000,None,3478000,None,29702000,None,None,None,None,None,248282000,None,None,None,0.214,584204000,3734297000,1441707000,487235000,760652000,None,None,None,None,None,None,None,2.38,8.1,3.635,None,None,None,None,None,None,None,0.204,None,801602000,2025-10-29,quarterly,1.36,USD,pre-market,328191000,2716511000,0.0785,0.424,0.095,23.03,1822444000,None,578557000,774650000,80.87,85.78,2.2556,11788986000,3183237000,1484935000,1741005000,8605749000,256070000,4552401000,10047981000,18.89,None,100.76,58.09
2025-12-28,EBAY,4.51,10714000000.0,18.89,None,1.341,10.39,97747000,None,1343282000,1343282000,215461000,-1604445000,None,None,-1563426000,None,None,None,1404000,1393875000,None,818104000,818104000,642343000,None,None,578070000,None,None,378165000,144099000,1.14,0.0135,None,None,None,0.054,0.03,1441707000,1819872000,1.33,2005-12-31,14.29,6120079000,7676000000.0,3734297000,1549377000,467285000,823280000,823280000,None,3478000,None,29702000,None,None,None,None,None,279221000,None,None,None,0.214,526237000,3734297000,1441707000,487235000,760652000,None,None,None,None,None,None,None,2.38,8.1,3.635,None,None,None,None,None,None,None,0.204,None,801602000,2025-10-29,quarterly,1.36,USD,pre-market,328191000,2716511000,0.0785,0.424,0.095,23.03,1822444000,None,578557000,774650000,80.87,85.78,2.2556,11788986000,3183237000,1484935000,1741005000,8605749000,256070000,4552401000,10047981000,18.89,None,100.76,58.09
2025-12-28,EBAY,4.51,10714000000.0,18.89,None,1.341,10.39,70471000,None,1343282000,1343282000,124718000,-288675000,None,None,None,None,None,None,1404000,1393875000,None,818104000,818104000,642343000,None,None,578070000,None,None,378165000,97227000,1.14,0.0135,None,None,None,0.054,0.03,1441707000,1819872000,1.33,2005-09-30,14.29,6120079000,7676000000.0,3734297000,1549377000,467285000,823280000,823280000,None,3478000,None,29702000,None,None,None,None,None,254971000,None,None,None,0.214,491703000,3734297000,1441707000,487235000,760652000,None,None,None,None,None,None,None,2.38,8.1,3.635,None,None,None,None,None,None,None,0.204,None,801602000,2025-10-29,quarterly,1.36,USD,pre-market,328191000,2716511000,0.0785,0.424,0.095,23.03,1822444000,None,578557000,774650000,80.87,85.78,2.2556,11788986000,3183237000,1484935000,1741005000,8605749000,256070000,4552401000,10047981000,18.89,None,100.76,58.09
2025-12-28,EBAY,4.51,10714000000.0,18.89,None,1.341,10.39,458000000,None,1343282000,1343282000,-3806000000,2213000000,None,None,None,None,None,None,1404000,1393875000,None,818104000,818104000,642343000,None,None,578070000,None,None,378165000,324000000,1.14,0.0135,533000000,533000000,None,0.054,0.03,1441707000,1819872000,1.33,2024-12-31,14.29,6120079000,7676000000.0,3734297000,1549377000,467285000,823280000,823280000,None,3478000,None,29702000,None,None,None,None,None,1981000000,None,None,None,0.214,2414000000,3734297000,1441707000,487235000,760652000,None,None,None,None,None,None,None,2.38,8.1,3.635,None,None,None,None,None,-3149000000,None,0.204,None,801602000,2025-10-29,annual,1.36,USD,pre-market,328191000,2716511000,0.0785,0.424,0.095,23.03,1822444000,None,578557000,774650000,80.87,85.78,2.2556,11788986000,3183237000,1484935000,1741005000,8605749000,256070000,4552401000,10047981000,18.89,None,100.76,58.09
2025-12-28,EBAY,4.51,10714000000.0,18.89,None,1.341,10.39,456000000,None,1343282000,1343282000,-2450000000,240000000,None,None,None,None,None,None,1404000,1393875000,None,818104000,818104000,642343000,None,None,578070000,None,None,378165000,403000000,1.14,0.0135,528000000,528000000,None,0.054,0.03,1441707000,1819872000,1.33,2023-12-31,14.29,6120079000,7676000000.0,3734297000,1549377000,467285000,823280000,823280000,None,3478000,None,29702000,None,None,None,None,None,2775000000,None,None,None,0.214,2426000000,3734297000,1441707000,487235000,760652000,None,None,None,None,None,None,None,2.38,8.1,3.635,None,None,None,None,None,-1401000000,None,0.204,None,801602000,2025-10-29,annual,1.36,USD,pre-market,328191000,2716511000,0.0785,0.424,0.095,23.03,1822444000,None,578557000,774650000,80.87,85.78,2.2556,11788986000,3183237000,1484935000,1741005000,8605749000,256070000,4552401000,10047981000,18.89,None,100.76,58.09
2025-12-28,EBAY,4.51,10714000000.0,18.89,None,1.341,10.39,449000000,None,1343282000,1343282000,-3792000000,2461000000,923000000,None,None,None,None,None,1404000,1393875000,None,818104000,818104000,642343000,None,None,578070000,None,None,378165000,442000000,1.14,0.0135,489000000,489000000,None,0.054,0.03,1441707000,1819872000,1.33,2022-12-31,14.29,6120079000,7676000000.0,3734297000,1549377000,467285000,823280000,823280000,None,3478000,None,29702000,None,None,None,None,None,-1269000000,None,None,None,0.214,2254000000,3734297000,1441707000,487235000,760652000,None,None,None,None,None,None,None,2.38,8.1,3.635,None,None,None,None,None,-3143000000,None,0.204,None,801602000,2025-10-29,annual,1.36,USD,pre-market,328191000,2716511000,0.0785,0.424,0.095,23.03,1822444000,None,578557000,774650000,80.87,85.78,2.2556,11788986000,3183237000,1484935000,1741005000,8605749000,256070000,4552401000,10047981000,18.89,None,100.76,58.09
2025-12-28,EBAY,4.51,10714000000.0,18.89,None,1.341,10.39,444000000,None,1343282000,1343282000,-6532000000,3663000000,-212000000,None,-509000000,None,None,195000000,1404000,1393875000,None,818104000,818104000,642343000,None,None,578070000,None,None,378165000,502000000,1.14,0.0135,466000000,466000000,None,0.054,0.03,1441707000,1819872000,1.33,2021-12-31,14.29,6120079000,7676000000.0,3734297000,1549377000,467285000,823280000,823280000,None,3478000,None,29702000,None,None,None,None,None,13608000000,None,None,None,0.214,2657000000,3734297000,1441707000,487235000,760652000,None,None,None,None,None,None,None,2.38,8.1,3.635,None,None,None,None,None,-7055000000,None,0.204,None,801602000,2025-10-29,annual,1.36,USD,pre-market,328191000,2716511000,0.0785,0.424,0.095,23.03,1822444000,None,578557000,774650000,80.87,85.78,2.2556,11788986000,3183237000,1484935000,1741005000,8605749000,256070000,4552401000,10047981000,18.89,None,100.76,58.09
2025-12-28,EBAY,4.51,10714000000.0,18.89,None,1.341,10.39,494000000,None,1343282000,1343282000,-5692000000,3794000000,521000000,None,-423000000,None,None,8000000,1404000,1393875000,None,818104000,818104000,642343000,None,None,578070000,None,None,378165000,609000000,1.14,0.0135,447000000,447000000,None,0.054,0.03,1441707000,1819872000,1.33,2020-12-31,14.29,6120079000,7676000000.0,3734297000,1549377000,467285000,823280000,823280000,None,3478000,None,29702000,None,None,None,None,None,5667000000,None,None,None,0.214,2419000000,3734297000,1441707000,487235000,760652000,None,None,None,None,None,None,None,2.38,8.1,3.635,None,None,None,None,None,-5137000000,None,0.204,None,801602000,2025-10-29,annual,1.36,USD,pre-market,328191000,2716511000,0.0785,0.424,0.095,23.03,1822444000,None,578557000,774650000,80.87,85.78,2.2556,11788986000,3183237000,1484935000,1741005000,8605749000,256070000,4552401000,10047981000,18.89,None,100.76,58.09
2025-12-28,EBAY,4.51,10714000000.0,18.89,None,1.341,10.39,552000000,None,1343282000,1343282000,-7091000000,2787000000,None,None,-292000000,None,None,None,1404000,1393875000,None,818104000,818104000,642343000,None,None,578070000,None,None,378165000,675000000,1.14,0.0135,473000000,473000000,None,0.054,0.03,1441707000,1819872000,1.33,2019-12-31,14.29,6120079000,7676000000.0,3734297000,1549377000,467285000,823280000,823280000,None,3478000,None,29702000,None,None,None,None,None,1786000000,None,None,None,0.214,3114000000,3734297000,1441707000,487235000,760652000,None,None,None,None,None,None,None,2.38,8.1,3.635,None,None,None,None,None,-4973000000,None,0.204,None,801602000,2025-10-29,annual,1.36,USD,pre-market,328191000,2716511000,0.0785,0.424,0.095,23.03,1822444000,None,578557000,774650000,80.87,85.78,2.2556,11788986000,3183237000,1484935000,1741005000,8605749000,256070000,4552401000,10047981000,18.89,None,100.76,58.09
2025-12-28,EBAY,4.51,10714000000.0,18.89,None,1.341,10.39,651000000,None,1343282000,1343282000,-5398000000,2894000000,154000000,None,-573000000,None,None,-98000000,1404000,1393875000,None,818104000,818104000,642343000,None,None,578070000,None,None,378165000,696000000,1.14,0.0135,473000000,473000000,None,0.054,0.03,1441707000,1819872000,1.33,2018-12-31,14.29,6120079000,7676000000.0,3734297000,1549377000,467285000,823280000,823280000,None,3478000,None,29702000,None,None,None,None,None,2530000000,None,None,None,0.214,2658000000,3734297000,1441707000,487235000,760652000,None,None,None,None,None,None,None,2.38,8.1,3.635,None,None,None,None,None,-4502000000,None,0.204,None,801602000,2025-10-29,annual,1.36,USD,pre-market,328191000,2716511000,0.0785,0.424,0.095,23.03,1822444000,None,578557000,774650000,80.87,85.78,2.2556,11788986000,3183237000,1484935000,1741005000,8605749000,256070000,4552401000,10047981000,18.89,None,100.76,58.09
2025-12-28,EBAY,4.51,10714000000.0,18.89,None,1.341,10.39,666000000,None,1343282000,1343282000,-1784000000,-1296000000,304000000,238000000,1316000000,None,None,-195000000,1404000,1393875000,None,818104000,818104000,642343000,None,None,578070000,None,None,378165000,676000000,1.14,0.0135,2484000000,2484000000,None,0.054,0.03,1441707000,1819872000,1.33,2017-12-31,14.29,6120079000,7676000000.0,3734297000,1549377000,467285000,823280000,823280000,None,3478000,None,29702000,None,None,None,None,None,-1016000000,None,None,None,0.214,3146000000,3734297000,1441707000,487235000,760652000,None,None,None,None,None,None,None,2.38,8.1,3.635,None,None,None,None,None,-2746000000,None,0.204,None,801602000,2025-10-29,annual,1.36,USD,pre-market,328191000,2716511000,0.0785,0.424,0.095,23.03,1822444000,None,578557000,774650000,80.87,85.78,2.2556,11788986000,3183237000,1484935000,1741005000,8605749000,256070000,4552401000,10047981000,18.89,None,100.76,58.09
2025-12-28,EBAY,4.51,10714000000.0,18.89,None,1.341,10.39,626000000,None,1343282000,1343282000,-744000000,-2008000000,-16000000,-90000000,-17000000,None,None,-48000000,1404000,1393875000,None,818104000,818104000,642343000,None,None,578070000,None,None,378165000,682000000,1.14,0.0135,2216000000,2216000000,None,0.054,0.03,1441707000,1819872000,1.33,2016-12-31,14.29,6120079000,7676000000.0,3734297000,1549377000,467285000,823280000,823280000,None,3478000,None,29702000,None,None,None,None,None,7266000000,None,None,None,0.214,2826000000,3734297000,1441707000,487235000,760652000,None,None,None,None,None,None,None,2.38,8.1,3.635,None,None,None,None,None,-2943000000,None,0.204,None,801602000,2025-10-29,annual,1.36,USD,pre-market,328191000,2716511000,0.0785,0.424,0.095,23.03,1822444000,None,578557000,774650000,80.87,85.78,2.2556,11788986000,3183237000,1484935000,1741005000,8605749000,256070000,4552401000,10047981000,18.89,None,100.76,58.09
2025-12-28,EBAY,4.51,10714000000.0,18.89,None,1.341,10.39,668000000,None,1343282000,1343282000,-4554000000,-3611000000,-4496000000,-364000000,-453000000,None,None,-105000000,1404000,1393875000,None,818104000,818104000,642343000,None,None,578070000,None,None,378165000,687000000,1.14,0.0135,1594000000,1594000000,None,0.054,0.03,1441707000,1819872000,1.33,2015-12-31,14.29,6120079000,7676000000.0,3734297000,1549377000,467285000,823280000,823280000,None,3478000,None,29702000,None,None,None,None,None,1725000000,None,None,None,0.214,4033000000,3734297000,1441707000,487235000,760652000,None,None,None,None,None,None,None,2.38,8.1,3.635,None,None,None,None,None,-2149000000,None,0.204,None,801602000,2025-10-29,annual,1.36,USD,pre-market,328191000,2716511000,0.0785,0.424,0.095,23.03,1822444000,None,578557000,774650000,80.87,85.78,2.2556,11788986000,3183237000,1484935000,1741005000,8605749000,256070000,4552401000,10047981000,18.89,None,100.76,58.09
2025-12-28,EBAY,4.51,10714000000.0,18.89,None,1.341,10.39,1271000000,None,1343282000,1343282000,-1022000000,-2673000000,1834000000,-148000000,-447000000,None,None,16000000,1404000,1393875000,None,818104000,818104000,642343000,None,None,578070000,None,None,378165000,1490000000,1.14,0.0135,0,0,None,0.054,0.03,1441707000,1819872000,1.33,2014-12-31,14.29,6120079000,7676000000.0,3734297000,1549377000,467285000,823280000,823280000,None,3478000,None,29702000,None,None,None,None,None,-41000000,None,None,None,0.214,5677000000,3734297000,1441707000,487235000,760652000,None,None,None,None,None,None,None,2.38,8.1,3.635,None,None,None,None,None,-4658000000,None,0.204,None,801602000,2025-10-29,annual,1.36,USD,pre-market,328191000,2716511000,0.0785,0.424,0.095,23.03,1822444000,None,578557000,774650000,80.87,85.78,2.2556,11788986000,3183237000,1484935000,1741005000,8605749000,256070000,4552401000,10047981000,18.89,None,100.76,58.09
2025-12-28,EBAY,4.51,10714000000.0,18.89,None,1.341,10.39,1250000000,None,1343282000,1343282000,-1354000000,-6012000000,-2323000000,48000000,-382000000,None,None,-123000000,1404000,1393875000,None,818104000,818104000,642343000,None,None,578070000,None,None,378165000,1400000000,1.14,0.0135,0,0,None,0.054,0.03,1441707000,1819872000,1.33,2013-12-31,14.29,6120079000,7676000000.0,3734297000,1549377000,467285000,823280000,823280000,None,3478000,None,29702000,None,None,None,None,None,2856000000,None,None,None,0.214,4995000000,3734297000,1441707000,487235000,760652000,None,None,None,None,None,None,None,2.38,8.1,3.635,None,None,None,None,None,-1343000000,None,0.204,None,801602000,2025-10-29,annual,1.36,USD,pre-market,328191000,2716511000,0.0785,0.424,0.095,23.03,1822444000,None,578557000,774650000,80.87,85.78,2.2556,11788986000,3183237000,1484935000,1741005000,8605749000,256070000,4552401000,10047981000,18.89,None,100.76,58.09
2025-12-28,EBAY,4.51,10714000000.0,18.89,None,1.341,10.39,1257000000,None,1343282000,1343282000,1951000000,-3763000000,2126000000,100000000,-667000000,None,None,-207000000,1404000,1393875000,None,818104000,818104000,642343000,None,None,578070000,None,None,378165000,1200000000,1.14,0.0135,2976000000,2976000000,None,0.054,0.03,1441707000,1819872000,1.33,2012-12-31,14.29,6120079000,7676000000.0,3734297000,1549377000,467285000,823280000,823280000,None,3478000,None,29702000,None,None,None,None,None,2609000000,None,None,None,0.214,3838000000,3734297000,1441707000,487235000,760652000,None,None,None,None,None,None,None,2.38,8.1,3.635,None,None,None,None,None,-898000000,None,0.204,None,801602000,2025-10-29,annual,1.36,USD,pre-market,328191000,2716511000,0.0785,0.424,0.095,23.03,1822444000,None,578557000,774650000,80.87,85.78,2.2556,11788986000,3183237000,1484935000,1741005000,8605749000,256070000,4552401000,10047981000,18.89,None,100.76,58.09
2025-12-28,EBAY,4.51,10714000000.0,18.89,None,1.341,10.39,963498000,None,1343282000,1343282000,-838496000,-3306862000,None,None,-116070000,None,None,None,1404000,1393875000,None,818104000,818104000,642343000,None,None,578070000,None,None,378165000,939953000,1.14,0.0135,1368501000,1368501000,None,0.054,0.03,1441707000,1819872000,1.33,2011-12-31,14.29,6120079000,7676000000.0,3734297000,1549377000,467285000,823280000,823280000,None,3478000,None,29702000,None,None,None,None,None,3229387000,None,None,None,0.214,3273674000,3734297000,1441707000,487235000,760652000,None,None,None,None,None,None,None,2.38,8.1,3.635,None,None,None,None,None,-1063986000,None,0.204,None,801602000,2025-10-29,annual,1.36,USD,pre-market,328191000,2716511000,0.0785,0.424,0.095,23.03,1822444000,None,578557000,774650000,80.87,85.78,2.2556,11788986000,3183237000,1484935000,1741005000,8605749000,256070000,4552401000,10047981000,18.89,None,100.76,58.09
2025-12-28,EBAY,4.51,10714000000.0,18.89,None,1.341,10.39,723912000,None,1343282000,1343282000,1234406000,-2282470000,1577593000,-120103000,-544499000,None,None,-111614000,1404000,1393875000,None,818104000,818104000,642343000,None,None,578070000,None,None,378165000,762465000,1.14,0.0135,2181488000,2181488000,None,0.054,0.03,1441707000,1819872000,1.33,2010-12-31,14.29,6120079000,7676000000.0,3734297000,1549377000,467285000,823280000,823280000,None,3478000,None,29702000,None,None,None,None,None,1800961000,None,None,None,0.214,2745760000,3734297000,1441707000,487235000,760652000,None,None,None,None,None,None,None,2.38,8.1,3.635,None,None,None,None,None,-711068000,None,0.204,None,801602000,2025-10-29,annual,1.36,USD,pre-market,328191000,2716511000,0.0785,0.424,0.095,23.03,1822444000,None,578557000,774650000,80.87,85.78,2.2556,11788986000,3183237000,1484935000,1741005000,8605749000,256070000,4552401000,10047981000,18.89,None,100.76,58.09
2025-12-28,EBAY,4.51,10714000000.0,18.89,None,1.341,10.39,567094000,None,1343282000,1343282000,-945656000,-1149383000,None,None,193033000,None,None,None,1404000,1393875000,None,818104000,818104000,642343000,None,None,578070000,None,None,378165000,810946000,1.14,0.0135,0,0,None,0.054,0.03,1441707000,1819872000,1.33,2009-12-31,14.29,6120079000,7676000000.0,3734297000,1549377000,467285000,823280000,823280000,None,3478000,None,29702000,None,None,None,None,None,2389097000,None,None,None,0.214,2908086000,3734297000,1441707000,487235000,760652000,None,None,None,None,None,None,None,2.38,8.1,3.635,None,None,None,None,None,0,None,0.204,None,801602000,2025-10-29,annual,1.36,USD,pre-market,328191000,2716511000,0.0785,0.424,0.095,23.03,1822444000,None,578557000,774650000,80.87,85.78,2.2556,11788986000,3183237000,1484935000,1741005000,8605749000,256070000,4552401000,10047981000,18.89,None,100.76,58.09
2025-12-28,EBAY,4.51,10714000000.0,18.89,None,1.341,10.39,565890000,None,1343282000,1343282000,-1673851000,-2057346000,None,None,-170912000,None,None,None,1404000,1393875000,None,818104000,818104000,642343000,None,None,578070000,None,None,378165000,719814000,1.14,0.0135,1233981000,1233981000,None,0.054,0.03,1441707000,1819872000,1.33,2008-12-31,14.29,6120079000,7676000000.0,3734297000,1549377000,467285000,823280000,823280000,None,3478000,None,29702000,None,None,None,None,None,1779474000,None,None,None,0.214,2881995000,3734297000,1441707000,487235000,760652000,None,None,None,None,None,None,None,2.38,8.1,3.635,None,None,None,None,None,-2179712000,None,0.204,None,801602000,2025-10-29,annual,1.36,USD,pre-market,328191000,2716511000,0.0785,0.424,0.095,23.03,1822444000,None,578557000,774650000,80.87,85.78,2.2556,11788986000,3183237000,1484935000,1741005000,8605749000,256070000,4552401000,10047981000,18.89,None,100.76,58.09
2025-12-28,EBAY,4.51,10714000000.0,18.89,None,1.341,10.39,453967000,None,1343282000,1343282000,-693392000,-693146000,None,None,65061000,None,None,None,1404000,1393875000,None,818104000,818104000,642343000,None,None,578070000,None,None,378165000,601707000,1.14,0.0135,None,None,None,0.054,0.03,1441707000,1819872000,1.33,2007-12-31,14.29,6120079000,7676000000.0,3734297000,1549377000,467285000,823280000,823280000,None,3478000,None,29702000,None,None,None,None,None,348251000,None,None,None,0.214,2641109000,3734297000,1441707000,487235000,760652000,None,None,None,None,None,None,None,2.38,8.1,3.635,None,None,None,None,None,-1485397000,None,0.204,None,801602000,2025-10-29,annual,1.36,USD,pre-market,328191000,2716511000,0.0785,0.424,0.095,23.03,1822444000,None,578557000,774650000,80.87,85.78,2.2556,11788986000,3183237000,1484935000,1741005000,8605749000,256070000,4552401000,10047981000,18.89,None,100.76,58.09
2025-12-28,EBAY,4.51,10714000000.0,18.89,None,1.341,10.39,515448000,None,1343282000,1343282000,-1260687000,228853000,None,None,331312000,None,None,None,1404000,1393875000,None,818104000,818104000,642343000,None,None,578070000,None,None,378165000,544552000,1.14,0.0135,None,None,None,0.054,0.03,1441707000,1819872000,1.33,2006-12-31,14.29,6120079000,7676000000.0,3734297000,1549377000,467285000,823280000,823280000,None,3478000,None,29702000,None,None,None,None,None,1125639000,None,None,None,0.214,2247791000,3734297000,1441707000,487235000,760652000,None,None,None,None,None,None,None,2.38,8.1,3.635,None,None,None,None,None,-1666540000,None,0.204,None,801602000,2025-10-29,annual,1.36,USD,pre-market,328191000,2716511000,0.0785,0.424,0.095,23.03,1822444000,None,578557000,774650000,80.87,85.78,2.2556,11788986000,3183237000,1484935000,1741005000,8605749000,256070000,4552401000,10047981000,18.89,None,100.76,58.09
2025-12-28,EBAY,4.51,10714000000.0,18.89,None,1.341,10.39,338281000,None,1343282000,1343282000,471606000,-2452731000,None,None,-2305004000,None,None,None,1404000,1393875000,None,818104000,818104000,642343000,None,None,578070000,None,None,378165000,409937000,1.14,0.0135,None,None,None,0.054,0.03,1441707000,1819872000,1.33,2005-12-31,14.29,6120079000,7676000000.0,3734297000,1549377000,467285000,823280000,823280000,None,3478000,None,29702000,None,None,None,None,None,1082043000,None,None,None,0.214,2009891000,3734297000,1441707000,487235000,760652000,None,None,None,None,None,None,None,2.38,8.1,3.635,None,None,None,None,None,None,None,0.204,None,801602000,2025-10-29,annual,1.36,USD,pre-market,328191000,2716511000,0.0785,0.424,0.095,23.03,1822444000,None,578557000,774650000,80.87,85.78,2.2556,11788986000,3183237000,1484935000,1741005000,8605749000,256070000,4552401000,10047981000,18.89,None,100.76,58.09
