date,symbol,eps,revenue_ttm,pe_ratio,accumulateddepreciationamortizationppe,beta,book_value,capitalexpenditures,capitalleaseobligations,cashandcashequivalentsatcarryingvalue,cashandshortterminvestments,cashflowfromfinancing,cashflowfrominvestment,changeincashandcashequivalents,changeinexchangerate,changeininventory,changeinoperatingassets,changeinoperatingliabilities,changeinreceivables,commonstock,commonstocksharesoutstanding,comprehensiveincomenetoftax,costofgoodsandservicessold,costofrevenue,currentaccountspayable,currentdebt,currentlongtermdebt,currentnetreceivables,deferredrevenue,depreciation,depreciationandamortization,depreciationdepletionandamortization,dividend_per_share,dividend_yield,dividendpayout,dividendpayoutcommonstock,dividendpayoutpreferredstock,earnings_growth_yoy,earnings_surprise,ebit,ebitda,estimated_eps,fiscaldateending,forward_pe,goodwill,gross_profit_ttm,grossprofit,incomebeforetax,incometaxexpense,intangibleassets,intangibleassetsexcludinggoodwill,interestanddebtexpense,interestexpense,interestincome,inventory,investmentincomenet,investments,longtermdebt,longtermdebtnoncurrent,longterminvestments,netincome,netincomefromcontinuingoperations,netinterestincome,noninterestincome,operating_margin_ttm,operatingcashflow,operatingexpenses,operatingincome,othercurrentassets,othercurrentliabilities,othernoncurrentassets,othernoncurrentliabilities,othernonoperatingincome,paymentsforoperatingactivities,paymentsforrepurchaseofcommonstock,paymentsforrepurchaseofequity,paymentsforrepurchaseofpreferredstock,peg_ratio,price_to_book,price_to_sales_ttm,proceedsfromissuanceofcommonstock,proceedsfromissuanceoflongtermdebtandcapitalsecuritiesnet,proceedsfromissuanceofpreferredstock,proceedsfromoperatingactivities,proceedsfromrepaymentsofshorttermdebt,proceedsfromrepurchaseofequity,proceedsfromsaleoftreasurystock,profit_margin,profitloss,propertyplantequipment,report_date,report_type,reported_eps,reportedcurrency,reporttime,researchanddevelopment,retainedearnings,return_on_assets_ttm,return_on_equity_ttm,revenue_growth_yoy,revenue_per_share_ttm,sellinggeneralandadministrative,shortlongtermdebttotal,shorttermdebt,shortterminvestments,sma_200,sma_50,surprise_pct,totalassets,totalcurrentassets,totalcurrentliabilities,totalliabilities,totalnoncurrentassets,totalnoncurrentliabilities,totalrevenue,totalshareholderequity,trailing_pe,treasurystock,week_52_high,week_52_low
1996-03-31,ECL,,,,,,,,,,,,,,,,,,,,,,,,,,,,,,,,,,,,,,0.01,,,0.07,,,,,,,,,,,,,,,,,,,,,,,,,,,,,,,,,,,,,,,,,,,,,,,,,1996-04-18,,0.08,,pre-market,,,,,,,,,,,,,14.2857,,,,,,,,,,,,
1996-06-30,ECL,,,,,,,,,,,,,,,,,,,,,,,,,,,,,,,,,,,,,,0.0,,,0.11,,,,,,,,,,,,,,,,,,,,,,,,,,,,,,,,,,,,,,,,,,,,,,,,,1996-07-18,,0.11,,pre-market,,,,,,,,,,,,,0.0,,,,,,,,,,,,
1996-09-30,ECL,,,,,,,,,,,,,,,,,,,,,,,,,,,,,,,,,,,,,,0.01,,,0.13,,,,,,,,,,,,,,,,,,,,,,,,,,,,,,,,,,,,,,,,,,,,,,,,,1996-10-22,,0.14,,pre-market,,,,,,,,,,,,,7.6923,,,,,,,,,,,,
1996-12-31,ECL,,,,,,,,,,,,,,,,,,,,,,,,,,,,,,,,,,,,,,0.0,,,0.12,,,,,,,,,,,,,,,,,,,,,,,,,,,,,,,,,,,,,,,,,,,,,,,,,1997-02-24,,0.12,,pre-market,,,,,,,,,,,,,0.0,,,,,,,,,,,,
1997-03-31,ECL,,,,,,,,,,,,,,,,,,,,,,,,,,,,,,,,,,,,,,0.01,,,0.09,,,,,,,,,,,,,,,,,,,,,,,,,,,,,,,,,,,,,,,,,,,,,,,,,1997-04-21,,0.1,,pre-market,,,,,,,,,,,,,11.1111,,,,,,,,,,,,
1997-06-30,ECL,,,,,,,,,,,,,,,,,,,,,,,,,,,,,,,,,,,,,,-0.01,,,0.13,,,,,,,,,,,,,,,,,,,,,,,,,,,,,,,,,,,,,,,,,,,,,,,,,1997-07-22,,0.12,,pre-market,,,,,,,,,,,,,-7.6923,,,,,,,,,,,,
1997-09-30,ECL,,,,,,,,,,,,,,,,,,,,,,,,,,,,,,,,,,,,,,0.0,,,0.15,,,,,,,,,,,,,,,,,,,,,,,,,,,,,,,,,,,,,,,,,,,,,,,,,1997-10-21,,0.15,,pre-market,,,,,,,,,,,,,0.0,,,,,,,,,,,,
1997-12-31,ECL,,,,,,,,,,,,,,,,,,,,,,,,,,,,,,,,,,,,,,0.0,,,0.13,,,,,,,,,,,,,,,,,,,,,,,,,,,,,,,,,,,,,,,,,,,,,,,,,1998-02-23,,0.13,,pre-market,,,,,,,,,,,,,0.0,,,,,,,,,,,,
1998-03-31,ECL,,,,,,,,,,,,,,,,,,,,,,,,,,,,,,,,,,,,,,0.01,,,0.11,,,,,,,,,,,,,,,,,,,,,,,,,,,,,,,,,,,,,,,,,,,,,,,,,1998-04-24,,0.12,,pre-market,,,,,,,,,,,,,9.0909,,,,,,,,,,,,
1998-06-30,ECL,,,,,,,,,,,,,,,,,,,,,,,,,,,,,,,,,,,,,,0.0,,,0.14,,,,,,,,,,,,,,,,,,,,,,,,,,,,,,,,,,,,,,,,,,,,,,,,,1998-07-21,,0.14,,pre-market,,,,,,,,,,,,,0.0,,,,,,,,,,,,
1998-09-30,ECL,,,,,,,,,,,,,,,,,,,,,,,,,,,,,,,,,,,,,,0.01,,,0.17,,,,,,,,,,,,,,,,,,,,,,,,,,,,,,,,,,,,,,,,,,,,,,,,,1998-10-20,,0.18,,pre-market,,,,,,,,,,,,,5.8824,,,,,,,,,,,,
1998-12-31,ECL,,,,,,,,,,,,,,,,,,,,,,,,,,,,,,,,,,,,,,-0.01,,,0.15,,,,,,,,,,,,,,,,,,,,,,,,,,,,,,,,,,,,,,,,,,,,,,,,,1999-02-22,,0.14,,pre-market,,,,,,,,,,,,,-6.6667,,,,,,,,,,,,
1999-03-31,ECL,,,,,,,,,,,,,,,,,,,,,,,,,,,,,,,,,,,,,,0.01,,,0.13,,,,,,,,,,,,,,,,,,,,,,,,,,,,,,,,,,,,,,,,,,,,,,,,,1999-04-22,,0.14,,pre-market,,,,,,,,,,,,,7.6923,,,,,,,,,,,,
1999-06-30,ECL,,,,,,,,,,,,,,,,,,,,,,,,,,,,,,,,,,,,,,0.0,,,0.16,,,,,,,,,,,,,,,,,,,,,,,,,,,,,,,,,,,,,,,,,,,,,,,,,1999-07-22,,0.16,,pre-market,,,,,,,,,,,,,0.0,,,,,,,,,,,,
1999-09-30,ECL,,,,,,,,,,,,,,,,,,,,,,,,,,,,,,,,,,,,,,0.0,,,0.2,,,,,,,,,,,,,,,,,,,,,,,,,,,,,,,,,,,,,,,,,,,,,,,,,1999-10-21,,0.2,,pre-market,,,,,,,,,,,,,0.0,,,,,,,,,,,,
1999-12-31,ECL,,,,,,,,,,,,,,,,,,,,,,,,,,,,,,,,,,,,,,0.0,,,0.16,,,,,,,,,,,,,,,,,,,,,,,,,,,,,,,,,,,,,,,,,,,,,,,,,2000-02-02,,0.16,,pre-market,,,,,,,,,,,,,0.0,,,,,,,,,,,,
2000-03-31,ECL,,,,,,,,,,,,,,,,,,,,,,,,,,,,,,,,,,,,,,0.01,,,0.15,,,,,,,,,,,,,,,,,,,,,,,,,,,,,,,,,,,,,,,,,,,,,,,,,2000-04-20,,0.16,,pre-market,,,,,,,,,,,,,6.6667,,,,,,,,,,,,
2000-06-30,ECL,,,,,,,,,,,,,,,,,,,,,,,,,,,,,,,,,,,,,,0.0,,,0.18,,,,,,,,,,,,,,,,,,,,,,,,,,,,,,,,,,,,,,,,,,,,,,,,,2000-07-26,,0.18,,pre-market,,,,,,,,,,,,,0.0,,,,,,,,,,,,
2000-09-30,ECL,,,,,,,,,,,,,,,,,,,,,,,,,,,,,,,,,,,,,,0.0,,,0.23,,,,,,,,,,,,,,,,,,,,,,,,,,,,,,,,,,,,,,,,,,,,,,,,,2000-10-19,,0.23,,pre-market,,,,,,,,,,,,,0.0,,,,,,,,,,,,
2000-12-31,ECL,,,,,,,,,,,,,,,,,,,,,,,,,,,,,,,,,,,,,,0.0,,,0.18,,,,,,,,,,,,,,,,,,,,,,,,,,,,,,,,,,,,,,,,,,,,,,,,,2001-02-14,,0.18,,pre-market,,,,,,,,,,,,,0.0,,,,,,,,,,,,
2001-03-31,ECL,,,,,,,,,,,,,,,,,,,,,,,,,,,,,,,,,,,,,,0.0,,,0.17,,,,,,,,,,,,,,,,,,,,,,,,,,,,,,,,,,,,,,,,,,,,,,,,,2001-04-19,,0.17,,pre-market,,,,,,,,,,,,,0.0,,,,,,,,,,,,
2001-06-30,ECL,,,,,,,,,,,,,,,,,,,,,,,,,,,,,,,,,,,,,,0.0,,,0.19,,,,,,,,,,,,,,,,,,,,,,,,,,,,,,,,,,,,,,,,,,,,,,,,,2001-07-19,,0.19,,pre-market,,,,,,,,,,,,,0.0,,,,,,,,,,,,
2001-09-30,ECL,,,,,,,,,,,,,,,,,,,,,,,,,,,,,,,,,,,,,,0.0,,,0.22,,,,,,,,,,,,,,,,,,,,,,,,,,,,,,,,,,,,,,,,,,,,,,,,,2001-10-18,,0.22,,pre-market,,,,,,,,,,,,,0.0,,,,,,,,,,,,
2001-12-31,ECL,,,,,,,,,,,,,,,,,,,,,,,,,,,,,,,,,,,,,,0.0,,,0.15,,,,,,,,,,,,,,,,,,,,,,,,,,,,,,,,,,,,,,,,,,,,,,,,,2002-02-14,,0.15,,pre-market,,,,,,,,,,,,,0.0,,,,,,,,,,,,
2002-03-31,ECL,,,,,,,,,,,,,,,,,,,,,,,,,,,,,,,,,,,,,,0.01,,,0.18,,,,,,,,,,,,,,,,,,,,,,,,,,,,,,,,,,,,,,,,,,,,,,,,,2002-04-23,,0.19,,pre-market,,,,,,,,,,,,,5.5556,,,,,,,,,,,,
2002-06-30,ECL,,,,,,,,,,,,,,,,,,,,,,,,,,,,,,,,,,,,,,0.02,,,0.21,,,,,,,,,,,,,,,,,,,,,,,,,,,,,,,,,,,,,,,,,,,,,,,,,2002-07-23,,0.23,,pre-market,,,,,,,,,,,,,9.5238,,,,,,,,,,,,
2002-09-30,ECL,,,,,,,,,,,,,,,,,,,,,,,,,,,,,,,,,,,,,,0.01,,,0.27,,,,,,,,,,,,,,,,,,,,,,,,,,,,,,,,,,,,,,,,,,,,,,,,,2002-10-22,,0.28,,pre-market,,,,,,,,,,,,,3.7037,,,,,,,,,,,,
2002-12-31,ECL,,,,,,,,,,,,,,,,,,,,,,,,,,,,,,,,,,,,,,0.01,,,0.22,,,,,,,,,,,,,,,,,,,,,,,,,,,,,,,,,,,,,,,,,,,,,,,,,2003-02-18,,0.23,,pre-market,,,,,,,,,,,,,4.5455,,,,,,,,,,,,
2003-03-31,ECL,,,,,,,,,,,,,,,,,,,,,,,,,,,,,,,,,,,,,,0.0,,,0.21,,,,,,,,,,,,,,,,,,,,,,,,,,,,,,,,,,,,,,,,,,,,,,,,,2003-04-22,,0.21,,pre-market,,,,,,,,,,,,,0.0,,,,,,,,,,,,
2003-06-30,ECL,,,,,,,,,,,,,,,,,,,,,,,,,,,,,,,,,,,,,,0.0,,,0.25,,,,,,,,,,,,,,,,,,,,,,,,,,,,,,,,,,,,,,,,,,,,,,,,,2003-07-22,,0.25,,pre-market,,,,,,,,,,,,,0.0,,,,,,,,,,,,
2003-09-30,ECL,,,,,,,,,,,,,,,,,,,,,,,,,,,,,,,,,,,,,,0.01,,,0.31,,,,,,,,,,,,,,,,,,,,,,,,,,,,,,,,,,,,,,,,,,,,,,,,,2003-10-21,,0.32,,pre-market,,,,,,,,,,,,,3.2258,,,,,,,,,,,,
2003-12-31,ECL,,,,,,,,,,,,,,,,,,,,,,,,,,,,,,,,,,,,,,0.02,,,0.24,,,,,,,,,,,,,,,,,,,,,,,,,,,,,,,,,,,,,,,,,,,,,,,,,2004-02-06,,0.26,,pre-market,,,,,,,,,,,,,8.3333,,,,,,,,,,,,
2004-03-31,ECL,,,,,,,,,,,,,,,,,,,,,,,,,,,,,,,,,,,,,,0.02,,,0.24,,,,,,,,,,,,,,,,,,,,,,,,,,,,,,,,,,,,,,,,,,,,,,,,,2004-04-22,,0.26,,pre-market,,,,,,,,,,,,,8.3333,,,,,,,,,,,,
2004-06-30,ECL,,,,,,,,,,,,,,,,,,,,,,,,,,,,,,,,,,,,,,0.01,,,0.29,,,,,,,,,,,,,,,,,,,,,,,,,,,,,,,,,,,,,,,,,,,,,,,,,2004-07-22,,0.3,,pre-market,,,,,,,,,,,,,3.4483,,,,,,,,,,,,
2004-09-30,ECL,,,,,,,,,,,,,,,,,,,,,,,,,,,,,,,,,,,,,,0.01,,,0.35,,,,,,,,,,,,,,,,,,,,,,,,,,,,,,,,,,,,,,,,,,,,,,,,,2004-10-21,,0.36,,pre-market,,,,,,,,,,,,,2.8571,,,,,,,,,,,,
2004-12-31,ECL,,,,,,,,,,,,,,,,,,,,,,,,,,,,,,,,,,,,,,-0.01,,,0.28,,,,,,,,,,,,,,,,,,,,,,,,,,,,,,,,,,,,,,,,,,,,,,,,,2005-02-03,,0.27,,pre-market,,,,,,,,,,,,,-3.5714,,,,,,,,,,,,
2005-03-31,ECL,,,,,,,,,,,,,,,,,,,,,,,,,,,,,,,,,,,,,,0.01,,,0.28,,,,,,,,,,,,,,,,,,,,,,,,,,,,,,,,,,,,,,,,,,,,,,,,,2005-04-21,,0.29,,pre-market,,,,,,,,,,,,,3.5714,,,,,,,,,,,,
2005-06-30,ECL,,,,,,,,,,,,,,,,,,,,,,,,,,,,,,,,,,,,,,0.0,,,0.33,,,,,,,,,,,,,,,,,,,,,,,,,,,,,,,,,,,,,,,,,,,,,,,,,2005-07-25,,0.33,,pre-market,,,,,,,,,,,,,0.0,,,,,,,,,,,,
2005-09-30,ECL,,,,,,,,,,,,,,,,,,,,,,,,,,,,,,,,,,,,,,0.0,,,0.4,,,,,,,,,,,,,,,,,,,,,,,,,,,,,,,,,,,,,,,,,,,,,,,,,2005-10-21,,0.4,,pre-market,,,,,,,,,,,,,0.0,,,,,,,,,,,,
2005-12-31,ECL,,,,,,,,,,,,,,,,,,,,,,,,,,,,,,,,,,,,,,0.0,,,0.32,,,,,,,,,,,,,,,,,,,,,,,,,,,,,,,,,,,,,,,,,,,,,,,,,2006-02-10,,0.32,,pre-market,,,,,,,,,,,,,0.0,,,,,,,,,,,,
2006-03-31,ECL,,,,,,,,,,,,,,,,,,,,,,,,,,,,,,,,,,,,,,0.0,,,0.3,,,,,,,,,,,,,,,,,,,,,,,,,,,,,,,,,,,,,,,,,,,,,,,,,2006-04-21,,0.3,,pre-market,,,,,,,,,,,,,0.0,,,,,,,,,,,,
2006-06-30,ECL,,,,,,,,,,,,,,,,,,,,,,,,,,,,,,,,,,,,,,0.0,,,0.36,,,,,,,,,,,,,,,,,,,,,,,,,,,,,,,,,,,,,,,,,,,,,,,,,2006-07-25,,0.36,,pre-market,,,,,,,,,,,,,0.0,,,,,,,,,,,,
2006-09-30,ECL,,,,,,,,,,,,,,,,,,,,,,,,,,,,,,,,,,,,,,0.0,,,0.43,,,,,,,,,,,,,,,,,,,,,,,,,,,,,,,,,,,,,,,,,,,,,,,,,2006-10-20,,0.43,,pre-market,,,,,,,,,,,,,0.0,,,,,,,,,,,,
2006-12-31,ECL,,,,,,,,,,,,,,,,,,,,,,,,,,,,,,,,,,,,,,0.0,,,0.34,,,,,,,,,,,,,,,,,,,,,,,,,,,,,,,,,,,,,,,,,,,,,,,,,2007-02-12,,0.34,,pre-market,,,,,,,,,,,,,0.0,,,,,,,,,,,,
2007-03-31,ECL,,,,,,,,,,,,,,,,,,,,,,,,,,,,,,,,,,,,,,0.0,,,0.35,,,,,,,,,,,,,,,,,,,,,,,,,,,,,,,,,,,,,,,,,,,,,,,,,2007-04-24,,0.35,,pre-market,,,,,,,,,,,,,0.0,,,,,,,,,,,,
2007-06-30,ECL,,,,,,,,,,,,,,,,,,,,,,,,,,,,,,,,,,,,,,0.01,,,0.41,,,,,,,,,,,,,,,,,,,,,,,,,,,,,,,,,,,,,,,,,,,,,,,,,2007-07-24,,0.42,,pre-market,,,,,,,,,,,,,2.439,,,,,,,,,,,,
2007-09-30,ECL,,,,,,,,,,,,,,,,,,,,,,,,,,,,,,,,,,,,,,0.0,,,0.49,,,,,,,,,,,,,,,,,,,,,,,,,,,,,,,,,,,,,,,,,,,,,,,,,2007-10-22,,0.49,,pre-market,,,,,,,,,,,,,0.0,,,,,,,,,,,,
2007-12-31,ECL,,,,,,,,,,,,,,,,,,,,,,,,,,,,,,,,,,,,,,0.0,,,0.4,,,,,,,,,,,,,,,,,,,,,,,,,,,,,,,,,,,,,,,,,,,,,,,,,2008-02-12,,0.4,,pre-market,,,,,,,,,,,,,0.0,,,,,,,,,,,,
2008-03-31,ECL,,,,,,,,,,,,,,,,,,,,,,,,,,,,,,,,,,,,,,0.0,,,0.39,,,,,,,,,,,,,,,,,,,,,,,,,,,,,,,,,,,,,,,,,,,,,,,,,2008-04-24,,0.39,,pre-market,,,,,,,,,,,,,0.0,,,,,,,,,,,,
2008-06-30,ECL,,,,,,,,,,,,,,,,,,,,,,,,,,,,,,,,,,,,,,0.0,,,0.47,,,,,,,,,,,,,,,,,,,,,,,,,,,,,,,,,,,,,,,,,,,,,,,,,2008-07-24,,0.47,,pre-market,,,,,,,,,,,,,0.0,,,,,,,,,,,,
2008-09-30,ECL,,,,,,,,,,,,,,,,,,,,,,,,,,,,,,,,,,,,,,0.0,,,0.55,,,,,,,,,,,,,,,,,,,,,,,,,,,,,,,,,,,,,,,,,,,,,,,,,2008-10-23,,0.55,,pre-market,,,,,,,,,,,,,0.0,,,,,,,,,,,,
2008-12-31,ECL,,,,,,,,,,,,,,,,,,,,,,,,,,,,,,,,,,,,,,0.0,,,0.45,,,,,,,,,,,,,,,,,,,,,,,,,,,,,,,,,,,,,,,,,,,,,,,,,2009-02-12,,0.45,,pre-market,,,,,,,,,,,,,0.0,,,,,,,,,,,,
2009-03-31,ECL,,,,,,,,,,,,,,,,,,,,,,,,,,,,,,,,,,,,,,0.0,,,0.33,,,,,,,,,,,,,,,,,,,,,,,,,,,,,,,,,,,,,,,,,,,,,,,,,2009-04-28,,0.33,,pre-market,,,,,,,,,,,,,0.0,,,,,,,,,,,,
2009-06-30,ECL,,,,,,,,,,,,,,,,,,,,,,,,,,,,,,,,,,,,,,0.02,,,0.48,,,,,,,,,,,,,,,,,,,,,,,,,,,,,,,,,,,,,,,,,,,,,,,,,2009-07-28,,0.5,,pre-market,,,,,,,,,,,,,4.1667,,,,,,,,,,,,
2009-09-30,ECL,,,,,,,,,,,,,,,,,,,,,,,,,,,,,,,,,,,,,,0.01,,,0.6,,,,,,,,,,,,,,,,,,,,,,,,,,,,,,,,,,,,,,,,,,,,,,,,,2009-10-27,,0.61,,pre-market,,,,,,,,,,,,,1.6667,,,,,,,,,,,,
2009-12-31,ECL,,,,,,,,,,,,,,,,,,,,,,,,,,,,,,,,,,,,,,-0.01,,,0.56,,,,,,,,,,,,,,,,,,,,,,,,,,,,,,,,,,,,,,,,,,,,,,,,,2010-02-11,,0.55,,pre-market,,,,,,,,,,,,,-1.7857,,,,,,,,,,,,
2010-03-31,ECL,,,,,,,,,,,,,,,,,,,,,,,,,,,,,,,,,,,,,,0.02,,,0.39,,,,,,,,,,,,,,,,,,,,,,,,,,,,,,,,,,,,,,,,,,,,,,,,,2010-04-27,,0.41,,pre-market,,,,,,,,,,,,,5.1282,,,,,,,,,,,,
2010-06-30,ECL,,,,,,,,,,,,,,,,,,,,,,,,,,,,,,,,,,,,,,0.0,,,0.56,,,,,,,,,,,,,,,,,,,,,,,,,,,,,,,,,,,,,,,,,,,,,,,,,2010-07-27,,0.56,,pre-market,,,,,,,,,,,,,0.0,,,,,,,,,,,,
2010-09-30,ECL,,,,,,,,,,,,,,,,,,,,,,,,,,,,,,,,,,,,,,0.01,,,0.65,,,,,,,,,,,,,,,,,,,,,,,,,,,,,,,,,,,,,,,,,,,,,,,,,2010-10-26,,0.66,,pre-market,,,,,,,,,,,,,1.5385,,,,,,,,,,,,
2010-12-31,ECL,,,,,,,,,,,,,,,,,,,,,,,,,,,,,,,,,,,,,,-0.01,,,0.61,,,,,,,,,,,,,,,,,,,,,,,,,,,,,,,,,,,,,,,,,,,,,,,,,2011-02-17,,0.6,,pre-market,,,,,,,,,,,,,-1.6393,,,,,,,,,,,,
2011-03-31,ECL,,,,,,,,,,,,,,,,,,,,,,,,,,,,,,,,,,,,,,0.01,,,0.44,,,,,,,,,,,,,,,,,,,,,,,,,,,,,,,,,,,,,,,,,,,,,,,,,2011-04-26,,0.45,,pre-market,,,,,,,,,,,,,2.2727,,,,,,,,,,,,
2011-06-30,ECL,,,,,,,,,,,,,,,,,,,,,,,,,,,,,,,,,,,,,,0.0,,,0.64,,,,,,,,,,,,,,,,,,,,,,,,,,,,,,,,,,,,,,,,,,,,,,,,,2011-07-27,,0.64,,pre-market,,,,,,,,,,,,,0.0,,,,,,,,,,,,
2011-09-30,ECL,,,,,,,,,,,,,,,,,,,,,,,,,,,,,,,,,,,,,,0.0,,,0.75,,,,,,,,,,,,,,,,,,,,,,,,,,,,,,,,,,,,,,,,,,,,,,,,,2011-10-25,,0.75,,pre-market,,,,,,,,,,,,,0.0,,,,,,,,,,,,
2011-12-31,ECL,,,,,,,,,,,,,,,,,,,,,,,,,,,,,,,,,,,,,,0.0,,,0.7,,,,,,,,,,,,,,,,,,,,,,,,,,,,,,,,,,,,,,,,,,,,,,,,,2012-02-28,,0.7,,pre-market,,,,,,,,,,,,,0.0,,,,,,,,,,,,
2012-03-31,ECL,,,,,,,,,,,,,,,,,,,,,,,,,,,,,,,,,,,,,,0.02,,,0.48,,,,,,,,,,,,,,,,,,,,,,,,,,,,,,,,,,,,,,,,,,,,,,,,,2012-05-01,,0.5,,pre-market,,,,,,,,,,,,,4.1667,,,,,,,,,,,,
2012-06-30,ECL,,,,,,,,,,,,,,,,,,,,,,,,,,,,,,,,,,,,,,0.0,,,0.72,,,,,,,,,,,,,,,,,,,,,,,,,,,,,,,,,,,,,,,,,,,,,,,,,2012-07-31,,0.72,,pre-market,,,,,,,,,,,,,0.0,,,,,,,,,,,,
2012-09-30,ECL,,,,,,,,,,,,,,,,,,,,,,,,,,,,,,,,,,,,,,0.0,,,0.87,,,,,,,,,,,,,,,,,,,,,,,,,,,,,,,,,,,,,,,,,,,,,,,,,2012-10-30,,0.87,,pre-market,,,,,,,,,,,,,0.0,,,,,,,,,,,,
2012-12-31,ECL,,,,,,,,,,,,,,,,,,,,,,,,,,,,,,,,,,,,,,0.0,,,0.89,,,,,,,,,,,,,,,,,,,,,,,,,,,,,,,,,,,,,,,,,,,,,,,,,2013-02-26,,0.89,,pre-market,,,,,,,,,,,,,0.0,,,,,,,,,,,,
2013-03-31,ECL,,,,,,,,,,,,,,,,,,,,,,,,,,,,,,,,,,,,,,0.01,,,0.59,,,,,,,,,,,,,,,,,,,,,,,,,,,,,,,,,,,,,,,,,,,,,,,,,2013-04-30,,0.6,,pre-market,,,,,,,,,,,,,1.6949,,,,,,,,,,,,
2013-06-30,ECL,,,,,,,,,,,,,,,,,,,,,,,,,,,,,,,,,,,,,,0.02,,,0.84,,,,,,,,,,,,,,,,,,,,,,,,,,,,,,,,,,,,,,,,,,,,,,,,,2013-07-30,,0.86,,pre-market,,,,,,,,,,,,,2.381,,,,,,,,,,,,
2013-09-30,ECL,,,,,,,,,,,,,,,,,,,,,,,,,,,,,,,,,,,,,,0.01,,,1.03,,,,,,,,,,,,,,,,,,,,,,,,,,,,,,,,,,,,,,,,,,,,,,,,,2013-10-29,,1.04,,pre-market,,,,,,,,,,,,,0.9709,,,,,,,,,,,,
2013-12-31,ECL,,,,,,,,,,,,,,,,,,,,,,,,,,,,,,,,,,,,,,-0.01,,,1.05,,,,,,,,,,,,,,,,,,,,,,,,,,,,,,,,,,,,,,,,,,,,,,,,,2014-02-21,,1.04,,pre-market,,,,,,,,,,,,,-0.9524,,,,,,,,,,,,
2014-03-31,ECL,,,,,,,,,,,,,,,,,,,,,,,,,,,,,,,,,,,,,,0.0,,,0.74,,,,,,,,,,,,,,,,,,,,,,,,,,,,,,,,,,,,,,,,,,,,,,,,,2014-04-28,,0.74,,pre-market,,,,,,,,,,,,,0.0,,,,,,,,,,,,
2014-06-30,ECL,,,,,,,,,,,,,,,,,,,,,,,,,,,,,,,,,,,,,,0.01,,,1.02,,,,,,,,,,,,,,,,,,,,,,,,,,,,,,,,,,,,,,,,,,,,,,,,,2014-07-29,,1.03,,pre-market,,,,,,,,,,,,,0.9804,,,,,,,,,,,,
2014-09-30,ECL,,,,,,,,,,,,,,,,,,,,,,,,,,,,,,,,,,,,,,0.01,,,1.2,,,,,,,,,,,,,,,,,,,,,,,,,,,,,,,,,,,,,,,,,,,,,,,,,2014-10-28,,1.21,,pre-market,,,,,,,,,,,,,0.8333,,,,,,,,,,,,
2014-12-31,ECL,,,,,,,,,,,,,,,,,,,,,,,,,,,,,,,,,,,,,,0.0,,,1.2,,,,,,,,,,,,,,,,,,,,,,,,,,,,,,,,,,,,,,,,,,,,,,,,,2015-02-24,,1.2,,pre-market,,,,,,,,,,,,,0.0,,,,,,,,,,,,
2015-03-31,ECL,,,,,,,,,,,,,,,,,,,,,,,,,,,,,,,,,,,,,,-0.01,,,0.81,,,,,,,,,,,,,,,,,,,,,,,,,,,,,,,,,,,,,,,,,,,,,,,,,2015-04-28,,0.8,,pre-market,,,,,,,,,,,,,-1.2346,,,,,,,,,,,,
2015-06-30,ECL,,,,,,,,,,,,,,,,,,,,,,,,,,,,,,,,,,,,,,0.0,,,1.08,,,,,,,,,,,,,,,,,,,,,,,,,,,,,,,,,,,,,,,,,,,,,,,,,2015-07-28,,1.08,,pre-market,,,,,,,,,,,,,0.0,,,,,,,,,,,,
2015-09-30,ECL,,,,,,,,,,,,,,,,,,,,,,,,,,,,,,,,,,,,,,0.0,,,1.28,,,,,,,,,,,,,,,,,,,,,,,,,,,,,,,,,,,,,,,,,,,,,,,,,2015-11-02,,1.28,,pre-market,,,,,,,,,,,,,0.0,,,,,,,,,,,,
2015-12-31,ECL,,,,,,,,,,,,,,,,,,,,,,,,,,,,,,,,,,,,,,-0.02,,,1.24,,,,,,,,,,,,,,,,,,,,,,,,,,,,,,,,,,,,,,,,,,,,,,,,,2016-02-23,,1.22,,pre-market,,,,,,,,,,,,,-1.6129,,,,,,,,,,,,
2016-03-31,ECL,,,,,,,,,,,,,,,,,,,,,,,,,,,,,,,,,,,,,,0.01,,,0.76,,,,,,,,,,,,,,,,,,,,,,,,,,,,,,,,,,,,,,,,,,,,,,,,,2016-05-03,,0.77,,pre-market,,,,,,,,,,,,,1.3158,,,,,,,,,,,,
2016-06-30,ECL,,,,,,,,,,,,,,,,,,,,,,,,,,,,,,,,,,,,,,0.0,,,1.08,,,,,,,,,,,,,,,,,,,,,,,,,,,,,,,,,,,,,,,,,,,,,,,,,2016-08-02,,1.08,,pre-market,,,,,,,,,,,,,0.0,,,,,,,,,,,,
2016-09-30,ECL,,,,,,,,,,,,,,,,,,,,,,,,,,,,,,,,,,,,,,0.0,,,1.28,,,,,,,,,,,,,,,,,,,,,,,,,,,,,,,,,,,,,,,,,,,,,,,,,2016-11-01,,1.28,,pre-market,,,,,,,,,,,,,0.0,,,,,,,,,,,,
2016-12-31,ECL,,,,,,,,,,,,,,,,,,,,,,,,,,,,,,,,,,,,,,-0.02,,,1.27,,,,,,,,,,,,,,,,,,,,,,,,,,,,,,,,,,,,,,,,,,,,,,,,,2017-02-21,,1.25,,pre-market,,,,,,,,,,,,,-1.5748,,,,,,,,,,,,
2017-03-31,ECL,,,,,,,,,,,,,,,,,,,,,,,,,,,,,,,,,,,,,,-0.01,,,0.81,,,,,,,,,,,,,,,,,,,,,,,,,,,,,,,,,,,,,,,,,,,,,,,,,2017-05-02,,0.8,,pre-market,,,,,,,,,,,,,-1.2346,,,,,,,,,,,,
2017-06-30,ECL,,,,,,,,,,,,,,,,,,,,,,,,,,,,,,,,,,,,,,0.0,,,1.13,,,,,,,,,,,,,,,,,,,,,,,,,,,,,,,,,,,,,,,,,,,,,,,,,2017-08-01,,1.13,,pre-market,,,,,,,,,,,,,0.0,,,,,,,,,,,,
2017-09-30,ECL,,,,,,,,,,,,,,,,,,,,,,,,,,,,,,,,,,,,,,0.01,,,1.36,,,,,,,,,,,,,,,,,,,,,,,,,,,,,,,,,,,,,,,,,,,,,,,,,2017-10-31,,1.37,,pre-market,,,,,,,,,,,,,0.7353,,,,,,,,,,,,
2017-12-31,ECL,,,,,,,,,,,,,,,,,,,,,,,,,,,,,,,,,,,,,,0.0,,,1.39,,,,,,,,,,,,,,,,,,,,,,,,,,,,,,,,,,,,,,,,,,,,,,,,,2018-02-20,,1.39,,pre-market,,,,,,,,,,,,,0.0,,,,,,,,,,,,
2018-03-31,ECL,,,,,,,,,,,,,,,,,,,,,,,,,,,,,,,,,,,,,,0.02,,,0.89,,,,,,,,,,,,,,,,,,,,,,,,,,,,,,,,,,,,,,,,,,,,,,,,,2018-05-01,,0.91,,pre-market,,,,,,,,,,,,,2.2472,,,,,,,,,,,,
2018-06-30,ECL,,,,,,,,,,,,,,,,,,,,,,,,,,,,,,,,,,,,,,0.0,,,1.27,,,,,,,,,,,,,,,,,,,,,,,,,,,,,,,,,,,,,,,,,,,,,,,,,2018-07-31,,1.27,,pre-market,,,,,,,,,,,,,0.0,,,,,,,,,,,,
2018-09-30,ECL,,,,,,,,,,,,,,,,,,,,,,,,,,,,,,,,,,,,,,-0.01,,,1.54,,,,,,,,,,,,,,,,,,,,,,,,,,,,,,,,,,,,,,,,,,,,,,,,,2018-10-30,,1.53,,pre-market,,,,,,,,,,,,,-0.6494,,,,,,,,,,,,
2018-12-31,ECL,,,,,,,,,,,,,,,,,,,,,,,,,,,,,,,,,,,,,,0.0,,,1.54,,,,,,,,,,,,,,,,,,,,,,,,,,,,,,,,,,,,,,,,,,,,,,,,,2019-02-19,,1.54,,pre-market,,,,,,,,,,,,,0.0,,,,,,,,,,,,
2019-03-31,ECL,,,,,,,,,,,,,,,,,,,,,,,,,,,,,,,,,,,,,,0.01,,,1.02,,,,,,,,,,,,,,,,,,,,,,,,,,,,,,,,,,,,,,,,,,,,,,,,,2019-04-30,,1.03,,pre-market,,,,,,,,,,,,,0.9804,,,,,,,,,,,,
2019-06-30,ECL,,,,,,,,,,,,,,,,,,,,,,,,,,,,,,,,,,,,,,0.01,,,1.41,,,,,,,,,,,,,,,,,,,,,,,,,,,,,,,,,,,,,,,,,,,,,,,,,2019-07-30,,1.42,,pre-market,,,,,,,,,,,,,0.7092,,,,,,,,,,,,
2019-09-30,ECL,,,,,,,,,,,,,,,,,,,,,,,,,,,,,,,,,,,,,,0.0,,,1.71,,,,,,,,,,,,,,,,,,,,,,,,,,,,,,,,,,,,,,,,,,,,,,,,,2019-10-29,,1.71,,pre-market,,,,,,,,,,,,,0.0,,,,,,,,,,,,
2019-12-31,ECL,,,,,,,,,,,,,,,,,,,,,,,,,,,,,,,,,,,,,,-0.03,,,1.69,,,,,,,,,,,,,,,,,,,,,,,,,,,,,,,,,,,,,,,,,,,,,,,,,2020-02-18,,1.66,,pre-market,,,,,,,,,,,,,-1.7751,,,,,,,,,,,,
2020-03-31,ECL,,,,,,,,,,,,,,,,,,,,,,,,,,,,,,,,,,,,,,0.07,,,1.06,,,,,,,,,,,,,,,,,,,,,,,,,,,,,,,,,,,,,,,,,,,,,,,,,2020-04-28,,1.13,,pre-market,,,,,,,,,,,,,6.6038,,,,,,,,,,,,
2020-06-30,ECL,,,,,,,,,,,,,,,,,,,,,,,,,,,,,,,,,,,,,,-0.2,,,0.85,,,,,,,,,,,,,,,,,,,,,,,,,,,,,,,,,,,,,,,,,,,,,,,,,2020-07-28,,0.65,,pre-market,,,,,,,,,,,,,-23.5294,,,,,,,,,,,,
2020-09-30,ECL,,,,,,,,,,,,,,,,,,,,,,,,,,,,,,,,,,,,,,0.03,,,1.12,,,,,,,,,,,,,,,,,,,,,,,,,,,,,,,,,,,,,,,,,,,,,,,,,2020-10-27,,1.15,,pre-market,,,,,,,,,,,,,2.6786,,,,,,,,,,,,
2020-12-31,ECL,,,,,,,,,,,,,,,,,,,,,,,,,,,,,,,,,,,,,,-0.02,,,1.25,,,,,,,,,,,,,,,,,,,,,,,,,,,,,,,,,,,,,,,,,,,,,,,,,2021-02-16,,1.23,,pre-market,,,,,,,,,,,,,-1.6,,,,,,,,,,,,
2021-03-31,ECL,,,,,,,,,,,,,,,,,,,,,,,,,,,,,,,,,,,,,,0.1,,,0.81,,,,,,,,,,,,,,,,,,,,,,,,,,,,,,,,,,,,,,,,,,,,,,,,,2021-04-27,,0.91,,pre-market,,,,,,,,,,,,,12.3457,,,,,,,,,,,,
2021-06-30,ECL,,,,,,,,,,,,,,,,,,,,,,,,,,,,,,,,,,,,,,0.01,,,1.21,,,,,,,,,,,,,,,,,,,,,,,,,,,,,,,,,,,,,,,,,,,,,,,,,2021-07-27,,1.22,,pre-market,,,,,,,,,,,,,0.8264,,,,,,,,,,,,
2021-09-30,ECL,,,,,,,,,,,,,,,,,,,,,,,,,,,,,,,,,,,,,,0.11,,,1.3,,,,,,,,,,,,,,,,,,,,,,,,,,,,,,,,,,,,,,,,,,,,,,,,,2021-10-26,,1.41,,pre-market,,,,,,,,,,,,,8.4615,,,,,,,,,,,,
2021-12-31,ECL,,,,,,,,,,,,,,,,,,,,,,,,,,,,,,,,,,,,,,-0.03,,,1.31,,,,,,,,,,,,,,,,,,,,,,,,,,,,,,,,,,,,,,,,,,,,,,,,,2022-02-15,,1.28,,pre-market,,,,,,,,,,,,,-2.2901,,,,,,,,,,,,
2022-03-31,ECL,,,,,,,,,,,,,,,,,,,,,,,,,,,,,,,,,,,,,,0.0,,,0.82,,,,,,,,,,,,,,,,,,,,,,,,,,,,,,,,,,,,,,,,,,,,,,,,,2022-04-26,,0.82,,pre-market,,,,,,,,,,,,,0.0,,,,,,,,,,,,
2022-06-30,ECL,,,,,,,,,,,,,,,,,,,,,,,,,,,,,,,,,,,,,,0.01,,,1.09,,,,,,,,,,,,,,,,,,,,,,,,,,,,,,,,,,,,,,,,,,,,,,,,,2022-07-26,,1.1,,pre-market,,,,,,,,,,,,,0.9174,,,,,,,,,,,,
2022-09-30,ECL,,,,,,,,,,,,,,,,,,,,,,,,,,,,,,,,,,,,,,-0.01,,,1.31,,,,,,,,,,,,,,,,,,,,,,,,,,,,,,,,,,,,,,,,,,,,,,,,,2022-11-01,,1.3,,pre-market,,,,,,,,,,,,,-0.7634,,,,,,,,,,,,
2022-12-31,ECL,,,,,,,,,,,,,,,,,,,,,,,,,,,,,,,,,,,,,,0.02,,,1.25,,,,,,,,,,,,,,,,,,,,,,,,,,,,,,,,,,,,,,,,,,,,,,,,,2023-02-14,,1.27,,pre-market,,,,,,,,,,,,,1.6,,,,,,,,,,,,
2023-03-31,ECL,,,,,,,,,,,,,,,,,,,,,,,,,,,,,,,,,,,,,,0.02,,,0.86,,,,,,,,,,,,,,,,,,,,,,,,,,,,,,,,,,,,,,,,,,,,,,,,,2023-05-02,,0.88,,pre-market,,,,,,,,,,,,,2.3256,,,,,,,,,,,,
2023-06-30,ECL,,,,,,,,,,,,,,,,,,,,,,,,,,,,,,,,,,,,,,0.03,,,1.21,,,,,,,,,,,,,,,,,,,,,,,,,,,,,,,,,,,,,,,,,,,,,,,,,2023-08-01,,1.24,,pre-market,,,,,,,,,,,,,2.4793,,,,,,,,,,,,
2023-09-30,ECL,,,,,,,,,,,,,,,,,,,,,,,,,,,,,,,,,,,,,,0.02,,,1.52,,,,,,,,,,,,,,,,,,,,,,,,,,,,,,,,,,,,,,,,,,,,,,,,,2023-10-31,,1.54,,pre-market,,,,,,,,,,,,,1.3158,,,,,,,,,,,,
2023-12-31,ECL,,,,,,,,,,,,,,,,,,,,,,,,,,,,,,,,,,,,,,0.01,,,1.54,,,,,,,,,,,,,,,,,,,,,,,,,,,,,,,,,,,,,,,,,,,,,,,,,2024-02-13,,1.55,,pre-market,,,,,,,,,,,,,0.6494,,,,,,,,,,,,
2024-03-31,ECL,,,,,,,,,,,,,,,,,,,,,,,,,,,,,,,,,,,,,,0.0,,,1.34,,,,,,,,,,,,,,,,,,,,,,,,,,,,,,,,,,,,,,,,,,,,,,,,,2024-04-30,,1.34,,pre-market,,,,,,,,,,,,,0.0,,,,,,,,,,,,
2024-06-30,ECL,,,,,,,,,,,,,,,,,,,,,,,,,,,,,,,,,,,,,,0.01,,,1.67,,,,,,,,,,,,,,,,,,,,,,,,,,,,,,,,,,,,,,,,,,,,,,,,,2024-07-30,,1.68,,pre-market,,,,,,,,,,,,,0.5988,,,,,,,,,,,,
2024-09-30,ECL,,,,,,,,,,,,,,,,,,,,,,,,,,,,,,,,,,,,,,0.01,,,1.82,,,,,,,,,,,,,,,,,,,,,,,,,,,,,,,,,,,,,,,,,,,,,,,,,2024-10-29,,1.83,,pre-market,,,,,,,,,,,,,0.5495,,,,,,,,,,,,
2024-12-31,ECL,,,,,,,,,,,,,,,,,,,,,,,,,,,,,,,,,,,,,,0.01,,,1.8,,,,,,,,,,,,,,,,,,,,,,,,,,,,,,,,,,,,,,,,,,,,,,,,,2025-02-11,,1.81,,pre-market,,,,,,,,,,,,,0.5556,,,,,,,,,,,,
2025-03-31,ECL,,,,,,,,,,,,,,,,,,,,,,,,,,,,,,,,,,,,,,0.0,,,1.5,,,,,,,,,,,,,,,,,,,,,,,,,,,,,,,,,,,,,,,,,,,,,,,,,2025-04-29,,1.5,,pre-market,,,,,,,,,,,,,0.0,,,,,,,,,,,,
2025-06-30,ECL,,,,,,,,,,,,,,,,,,,,,,,,,,,,,,,,,,,,,,-0.01,,,1.9,,,,,,,,,,,,,,,,,,,,,,,,,,,,,,,,,,,,,,,,,,,,,,,,,2025-07-29,,1.89,,pre-market,,,,,,,,,,,,,-0.5263,,,,,,,,,,,,
2025-09-30,ECL,,,,,,,,,,,,,,,,,,,,,,,,,,,,,,,,,,,,,,0.0,,,2.07,,,,,,,,,,,,,,,,,,,,,,,,,,,,,,,,,,,,,,,,,,,,,,,,,2025-10-28,,2.07,,pre-market,,,,,,,,,,,,,0.0,,,,,,,,,,,,
2025-12-28,ECL,6.96,15890400000.0,38.18,,0.982,23.46,,,,,,,,,,,,,,,,,,,,,,,,,,2.6,0.0098,,,,0.065,0.0,,,2.07,,31.35,,7048600000.0,,,,,,,,,,,,,,,,,,,0.147,,,,,,,,,,,,,2.847,7.74,4.743,,,,,,,,0.125,,,2025-10-28,,2.07,,pre-market,,,0.0775,0.219,0.178,56.06,,,,,263.31,264.77,0.0,,,,,,,,,38.18,,284.56,219.93
2025-12-28,ECL,6.96,15890400000.0,38.18,,0.982,23.46,,,,,,,,,,,,,,,None,2299400000,2299400000,,,,,,None,16000000,,2.6,0.0098,,,,0.065,0.0,773000000,789000000,2.07,2025-09-30,31.35,,7048600000.0,1865600000,717700000,128000000,,,None,55300000,19300000,,None,,,,,585000000,589700000,-55300000,None,0.147,,1105400000,760200000,,,,,None,,,,,2.847,7.74,4.743,,,,,,,,0.125,,,2025-10-28,quarterly,2.07,USD,pre-market,None,,0.0775,0.219,0.178,56.06,1079200000,,,,263.31,264.77,0.0,,,,,,,4165000000,,38.18,,284.56,219.93
2025-12-28,ECL,6.96,15890400000.0,38.18,,0.982,23.46,,,,,,,,,,,,,,,None,2222800000,2222800000,,,,,,None,241700000,,2.6,0.0098,,,,0.065,0.0,736100000,977800000,2.07,2025-06-30,31.35,,7048600000.0,1802400000,659900000,131400000,,,None,76200000,63200000,,None,,,,,524200000,528500000,-63200000,None,0.147,,1092300000,710100000,,,,,None,,,,,2.847,7.74,4.743,,,,,,,,0.125,,,2025-10-28,quarterly,2.07,USD,pre-market,None,,0.0775,0.219,0.178,56.06,1067700000,,,,263.31,264.77,0.0,,,,,,,4025200000,,38.18,,284.56,219.93
2025-12-28,ECL,6.96,15890400000.0,38.18,,0.982,23.46,,,,,,,,,,,,,,,None,2057500000,2057500000,,,,,,None,236100000,,2.6,0.0098,,,,0.065,0.0,582100000,818200000,2.07,2025-03-31,31.35,,7048600000.0,1637500000,510000000,103500000,,,None,72100000,14300000,,None,,,,,402500000,406500000,-58300000,None,0.147,,1050700000,586800000,,,,,None,,,,,2.847,7.74,4.743,,,,,,,,0.125,,,2025-10-28,quarterly,2.07,USD,pre-market,None,,0.0775,0.219,0.178,56.06,1050000000,,,,263.31,264.77,0.0,,,,,,,3695000000,,38.18,,284.56,219.93
2025-12-28,ECL,6.96,15890400000.0,38.18,,0.982,23.46,,,,,,,,,,,,,,,None,2267300000,2267300000,,,,,,None,235500000,,2.6,0.0098,,,,0.065,0.0,613000000,848500000,2.07,2024-12-31,31.35,,7048600000.0,1737900000,534299999,54800000,,,None,78700000,17500000,,None,,,,,472900000,479500000,-61700000,None,0.147,,1052000000,685900000,,,,,None,,,,,2.847,7.74,4.743,,,,,,,,0.125,,,2025-10-28,quarterly,2.07,USD,pre-market,207000000,,0.0775,0.219,0.178,56.06,1050000000,,,,263.31,264.77,0.0,,,,,,,4005200000,,38.18,,284.56,219.93
2025-12-28,ECL,6.96,15890400000.0,38.18,,0.982,23.46,,,,,,,,,,,,,,,None,2263100000,2263100000,,,,,,None,230100000,,2.6,0.0098,,,,0.065,0.0,1073200000,1303300000,2.07,2024-09-30,31.35,,7048600000.0,1735400000,987300000,246500000,,,None,85900000,16000000,,None,,,,,736500000,740800000,-70400000,None,0.147,,1028200000,707200000,,,,,None,,,,,2.847,7.74,4.743,,,,,,,,0.125,,,2025-10-28,quarterly,2.07,USD,pre-market,None,,0.0775,0.219,0.178,56.06,1024800000,,,,263.31,264.77,0.0,,,,,,,3998500000,,38.18,,284.56,219.93
2025-12-28,ECL,6.96,15890400000.0,38.18,,0.982,23.46,,,,,,,,,,,,,,,None,2241500000,2241500000,,,,,,None,235000000,,2.6,0.0098,,,,0.065,0.0,670500000,905500000,2.07,2024-06-30,31.35,,7048600000.0,1744300000,590700000,95700000,,,None,79800000,1400000,,None,,,,,490900000,495000000,-78800000,None,0.147,,1071599999,672700000,,,,,None,,,,,2.847,7.74,4.743,,,,,,,,0.125,,,2025-10-28,quarterly,2.07,USD,pre-market,None,,0.0775,0.219,0.178,56.06,1075700000,,,,263.31,264.77,0.0,,,,,,,3985800000,,38.18,,284.56,219.93
2025-12-28,ECL,6.96,15890400000.0,38.18,,0.982,23.46,,,,,,,,,,,,,,,None,2126500000,2126500000,,,,,,None,234800000,,2.6,0.0098,,,,0.065,0.0,552900000,787700000,2.07,2024-03-31,31.35,,7048600000.0,1625400000,458900000,42300000,,,None,94000000,22900000,,None,,,,,412100000,416600000,-71600000,None,0.147,,1078800000,546600000,,,,,None,,,,,2.847,7.74,4.743,,,,,,,,0.125,,,2025-10-28,quarterly,2.07,USD,pre-market,None,,0.0775,0.219,0.178,56.06,1077700000,,,,263.31,264.77,0.0,,,,,,,3751900000,,38.18,,284.56,219.93
2025-12-28,ECL,6.96,15890400000.0,38.18,,0.982,23.46,,,,,,,,,,,,,,,None,2280100000,2280100000,,,,,,None,230500000,,2.6,0.0098,,,,0.065,0.0,633500000,864000000,2.07,2023-12-31,31.35,,7048600000.0,1658300000,537500000,126700000,,,None,96000000,24400000,,None,,,,,405200000,410800000,-70400000,None,0.147,,1044800000,613500000,,,,,None,,,,,2.847,7.74,4.743,,,,,,,,0.125,,,2025-10-28,quarterly,2.07,USD,pre-market,192000000,,0.0775,0.219,0.178,56.06,1034800000,,,,263.31,264.77,0.0,,,,,,,3938400000,,38.18,,284.56,219.93
2025-12-28,ECL,6.96,15890400000.0,38.18,,0.982,23.46,,,,,,,,,,,,,,,None,2326100000,2326100000,,,,,,None,229400000,,2.6,0.0098,,,,0.065,0.0,598900000,828300000,2.07,2023-09-30,31.35,,7048600000.0,1632000000,506200000,96800000,,,None,92700000,74300000,,None,,,,,404000000,409400000,-74300000,None,0.147,,1008300000,623700000,,,,,None,,,,,2.847,7.74,4.743,,,,,,,,0.125,,,2025-10-28,quarterly,2.07,USD,pre-market,None,,0.0775,0.219,0.178,56.06,1024900000,,,,263.31,264.77,0.0,,,,,,,3958100000,,38.18,,284.56,219.93
2025-12-28,ECL,6.96,15890400000.0,38.18,,0.982,23.46,,,,,,,,,,,,,,,None,2329500000,2329500000,,,,,,None,229400000,,2.6,0.0098,,,,0.065,0.0,505700000,735100000,2.07,2023-06-30,31.35,,7048600000.0,1522600000,421300000,86600000,,,None,84400000,77800000,,None,,,,,329700000,334700000,-77800000,None,0.147,,1003700000,518900000,,,,,14400000,,,,,2.847,7.74,4.743,,,,,,,,0.125,,,2025-10-28,quarterly,2.07,USD,pre-market,None,,0.0775,0.219,0.178,56.06,1011600000,,,,263.31,264.77,0.0,,,,,,,3852100000,,38.18,,284.56,219.93
2025-12-28,ECL,6.96,15890400000.0,38.18,,0.982,23.46,,,,,,,,,,,,,,,None,2207300000,2207300000,,,,,,None,234300000,,2.6,0.0098,,,,0.065,0.0,372100000,606400000,2.07,2023-03-31,31.35,,7048600000.0,1364300000,290500000,52400000,,,None,81600000,74200000,,None,,,,,233400000,238100000,-74200000,None,0.147,,959700000,404600000,,,,,13100000,,,,,2.847,7.74,4.743,,,,,,,,0.125,,,2025-10-28,quarterly,2.07,USD,pre-market,None,,0.0775,0.219,0.178,56.06,990300000,,,,263.31,264.77,0.0,,,,,,,3571600000,,38.18,,284.56,219.93
2025-12-28,ECL,6.96,15890400000.0,38.18,,0.982,23.46,,,,,,,,,,,,,,,None,2249600000,2249600000,,,,,,None,236500000,,2.6,0.0098,,,,0.065,0.0,397000000,633500000,2.07,2022-12-31,31.35,,7048600000.0,1421600000,321600000,52100000,,,None,75400000,69500000,,None,,,,,264399999,269500000,-69500000,None,0.147,,876300000,545300000,,,,,-8100000,,,,,2.847,7.74,4.743,,,,,,,,0.125,,,2025-10-28,quarterly,2.07,USD,pre-market,190000000,,0.0775,0.219,0.178,56.06,922100000,,,,263.31,264.77,0.0,,,,,,,3671200000,,38.18,,284.56,219.93
2025-12-28,ECL,6.96,15890400000.0,38.18,,0.982,23.46,,,,,,,,,,,,,,,None,2287200000,2287200000,,,,,,None,232800000,,2.6,0.0098,,,,0.065,0.0,484900000,717700000,2.07,2022-09-30,31.35,,7048600000.0,1382100000,412200000,60200000,,,None,72700000,65100000,,None,,,,,347100000,352000000,-65100000,None,0.147,,979200000,402900000,,,,,-5700000,,,,,2.847,7.74,4.743,,,,,,,,0.125,,,2025-10-28,quarterly,2.07,USD,pre-market,None,,0.0775,0.219,0.178,56.06,876900000,,,,263.31,264.77,0.0,,,,,,,3669300000,,38.18,,284.56,219.93
2025-12-28,ECL,6.96,15890400000.0,38.18,,0.982,23.46,,,,,,,,,,,,,,,None,2210200000,2210200000,,,,,,None,234700000,,2.6,0.0098,,,,0.065,0.0,449900000,684600000,2.07,2022-06-30,31.35,,7048600000.0,1370400000,389300000,76600000,,,None,60600000,1300000,,None,,,,,308300000,312700000,-56000000,None,0.147,,1012500000,357900000,,,,,19500000,,,,,2.847,7.74,4.743,,,,,,,,0.125,,,2025-10-28,quarterly,2.07,USD,pre-market,None,,0.0775,0.219,0.178,56.06,940100000,,,,263.31,264.77,0.0,,,,,,,3580600000,,38.18,,284.56,219.93
2025-12-28,ECL,6.96,15890400000.0,38.18,,0.982,23.46,,,,,,,,,,,,,,,None,2020500000,2020500000,,,,,,None,234700000,,2.6,0.0098,,,,0.065,0.0,278600000,513300000,2.07,2022-03-31,31.35,,7048600000.0,1246200000,220300000,45600000,,,None,58300000,2100000,,None,,,,,171900000,174700000,-53000000,None,0.147,,942800000,303400000,,,,,18800000,,,,,2.847,7.74,4.743,,,,,,,,0.125,,,2025-10-28,quarterly,2.07,USD,pre-market,None,,0.0775,0.219,0.178,56.06,914700000,,,,263.31,264.77,0.0,,,,,,,3266700000,,38.18,,284.56,219.93
2025-12-28,ECL,6.96,15890400000.0,38.18,,0.982,23.46,,,,,,,,,,,,,,,None,2023600000,2023600000,,,,,,None,215600000,,2.6,0.0098,,,,0.065,0.0,396900000,612500000,2.07,2021-12-31,31.35,,7048600000.0,1341000000,349500000,44200000,,,None,1400000,43800000,,None,,,,,301000000,305300000,-44600000,None,0.147,,955900000,385100000,,,,,6400000,,,,,2.847,7.74,4.743,,,,,,,,0.125,,,2025-10-28,quarterly,2.07,USD,pre-market,186000000,,0.0775,0.219,0.178,56.06,867900000,,,,263.31,264.77,0.0,,,,,,,3364600000,,38.18,,284.56,219.93
2025-12-28,ECL,6.96,15890400000.0,38.18,,0.982,23.46,,,,,,,,,,,,,,,None,1959200000,1959200000,,,,,,None,206900000,,2.6,0.0098,,,,0.065,0.0,490300000,697200000,2.07,2021-09-30,31.35,,7048600000.0,1361600000,402400000,73800000,,,None,87900000,44100000,,None,,,,,324500000,328600000,-76400000,None,0.147,,896900000,464700000,,,,,13000000,,,,,2.847,7.74,4.743,,,,,,,,0.125,,,2025-10-28,quarterly,2.07,USD,pre-market,None,,0.0775,0.219,0.178,56.06,832000000,,,,263.31,264.77,0.0,,,,,,,3320800000,,38.18,,284.56,219.93
2025-12-28,ECL,6.96,15890400000.0,38.18,,0.982,23.46,,,,,,,,,,,,,,,None,1843900000,1843900000,,,,,,None,205400000,,2.6,0.0098,,,,0.065,0.0,462200000,667600000,2.07,2021-06-30,31.35,,7048600000.0,1318800000,399700000,86100000,,,None,62500000,45600000,,None,,,,,310800000,313600000,-45600000,None,0.147,,837600000,481200000,,,,,-2500000,,,,,2.847,7.74,4.743,,,,,,,,0.125,,,2025-10-28,quarterly,2.07,USD,pre-market,None,,0.0775,0.219,0.178,56.06,853300000,,,,263.31,264.77,0.0,,,,,,,3162700000,,38.18,,284.56,219.93
2025-12-28,ECL,6.96,15890400000.0,38.18,,0.982,23.46,,,,,,,,,,,,,,,None,1691400000,1691400000,,,,,,None,215200000,,2.6,0.0098,,,,0.065,0.0,327000000,542200000,2.07,2021-03-31,31.35,,7048600000.0,1193600000,262600000,66099999,,,None,64400000,51700000,,None,,,,,193600000,196500000,-51700000,None,0.147,,847000000,346600000,,,,,17000000,,,,,2.847,7.74,4.743,,,,,,,,0.125,,,2025-10-28,quarterly,2.07,USD,pre-market,None,,0.0775,0.219,0.178,56.06,862900000,,,,263.31,264.77,0.0,,,,,,,2885000000,,38.18,,284.56,219.93
2025-12-28,ECL,6.96,15890400000.0,38.18,,0.982,23.46,,,,,,,,,,,,,,,None,1778700000,1778700000,,,,,,None,207500000,,2.6,0.0098,,,,0.065,0.0,446600000,654100000,2.07,2020-12-31,31.35,,7048600000.0,1286600000,378000000,73100000,,,None,68600000,48400000,,None,,,,,300300000,311000000,-48400000,None,0.147,,809600000,477000000,,,,,10500000,,,,,2.847,7.74,4.743,,,,,,,,0.125,,,2025-10-28,quarterly,2.07,USD,pre-market,185000000,,0.0775,0.219,0.178,56.06,809600000,,,,263.31,264.77,0.0,,,,,,,3065300000,,38.18,,284.56,219.93
2025-12-28,ECL,6.96,15890400000.0,38.18,,0.982,23.46,,,,,,,,,,,,,,,None,1763200000,1763200000,,,,,,None,209000000,,2.6,0.0098,,,,0.065,0.0,353800000,562800000,2.07,2020-09-30,31.35,,7048600000.0,1255400000,291700000,42400000,,,None,62100000,51700000,,None,,,,,246200000,249300000,-134800000,None,0.147,,670900000,584500000,,,,,15100000,,,,,2.847,7.74,4.743,,,,,,,,0.125,,,2025-10-28,quarterly,2.07,USD,pre-market,None,,0.0775,0.219,0.178,56.06,802600000,,,,263.31,264.77,0.0,,,,,,,3018600000,,38.18,,284.56,219.93
2025-12-28,ECL,6.96,15890400000.0,38.18,,0.982,23.46,,,,,,,,,,,,,,,None,1612500000,1612500000,,,,,,None,146600000,,2.6,0.0098,,,,0.065,0.0,216100000,362700000,2.07,2020-06-30,31.35,,7048600000.0,1073200000,148400000,14100000,,,None,67700000,3100000,,None,,,,,-2035000000,134300000,-58700000,None,0.147,,783100000,290100000,,,,,15100000,,,,,2.847,7.74,4.743,,,,,,,,0.125,,,2025-10-28,quarterly,2.07,USD,pre-market,None,,0.0775,0.219,0.178,56.06,788600000,,,,263.31,264.77,0.0,,,,,,,2685700000,,38.18,,284.56,219.93
2025-12-28,ECL,6.96,15890400000.0,38.18,,0.982,23.46,,,,,,,,,,,,,,,None,1713300000,1713300000,,,,,,None,198700000,,2.6,0.0098,,,,0.065,0.0,406400000,605100000,2.07,2020-03-31,31.35,,7048600000.0,1307300000,343300000,47000000,,,None,63100000,4600000,,None,,,,,283400000,290200000,-48100000,None,0.147,,924400000,382900000,,,,,15200000,,,,,2.847,7.74,4.743,,,,,,,,0.125,,,2025-10-28,quarterly,2.07,USD,pre-market,None,,0.0775,0.219,0.178,56.06,1015000000,,,,263.31,264.77,0.0,,,,,,,3020600000,,38.18,,284.56,219.93
2025-12-28,ECL,6.96,15890400000.0,38.18,,0.982,23.46,,,,,,,,,,,,,,,None,1795800000,1795800000,,,,,,None,196300000,,2.6,0.0098,,,,0.065,0.0,557200000,753500000,2.07,2019-12-31,31.35,,7048600000.0,1448400000,486200000,86500000,,,None,71000000,5000000,,None,,,,,429600000,434300000,-46200000,None,0.147,,907500000,540900000,,,,,13400000,,,,,2.847,7.74,4.743,,,,,,,,0.125,,,2025-10-28,quarterly,2.07,USD,pre-market,190000000,,0.0775,0.219,0.178,56.06,984000000,,,,263.31,264.77,0.0,,,,,,,3244200000,,38.18,,284.56,219.93
2025-12-28,ECL,6.96,15890400000.0,38.18,,0.982,23.46,,,,,,,,,,,,,,,None,1773400000,1773400000,,,,,,None,194300000,,2.6,0.0098,,,,0.065,0.0,569800000,764100000,2.07,2019-09-30,31.35,,7048600000.0,1450600000,523700000,83400000,,,None,46100000,6900000,,None,,,,,464200000,469300000,-46100000,None,0.147,,883200000,567400000,,,,,20800000,,,,,2.847,7.74,4.743,,,,,,,,0.125,,,2025-10-28,quarterly,2.07,USD,pre-market,None,,0.0775,0.219,0.178,56.06,962500000,,,,263.31,264.77,0.0,,,,,,,3224000000,,38.18,,284.56,219.93
2025-12-28,ECL,6.96,15890400000.0,38.18,,0.982,23.46,,,,,,,,,,,,,,,None,1777200000,1777200000,,,,,,None,145900000,,2.6,0.0098,,,,0.065,0.0,497600000,643500000,2.07,2019-06-30,31.35,,7048600000.0,1391900000,436100000,88800000,,,None,61500000,5400000,,None,,,,,368600000,372200000,-49500000,None,0.147,,934500000,457400000,,,,,20900000,,,,,2.847,7.74,4.743,,,,,,,,0.125,,,2025-10-28,quarterly,2.07,USD,pre-market,None,,0.0775,0.219,0.178,56.06,1002700000,,,,263.31,264.77,0.0,,,,,,,3169100000,,38.18,,284.56,219.93
2025-12-28,ECL,6.96,15890400000.0,38.18,,0.982,23.46,,,,,,,,,,,,,,,None,2097500000,2097500000,,,,,,None,238800000,,2.6,0.0098,,,,0.065,0.0,401700000,640500000,2.07,2019-03-31,31.35,,7048600000.0,1407900000,339000000,38600000,,,None,62700000,6700000,,None,,,,,296500000,300400000,-49400000,None,0.147,,1000200000,407700000,,,,,21200000,,,,,2.847,7.74,4.743,,,,,,,,0.125,,,2025-10-28,quarterly,2.07,USD,pre-market,None,,0.0775,0.219,0.178,56.06,1001200000,,,,263.31,264.77,0.0,,,,,,,3505400000,,38.18,,284.56,219.93
2025-12-28,ECL,6.96,15890400000.0,38.18,,0.982,23.46,,,,,,,,,,,,,,,None,2212000000,2212000000,,,,,,None,237900000,,2.6,0.0098,,,,0.065,0.0,615500000,853400000,2.07,2018-12-31,31.35,,7048600000.0,1548500000,547900000,147700000,,,None,67600000,None,,None,,,,,395100000,400200000,None,None,0.147,,1013700000,534799999,,,,,19900000,,,,,2.847,7.74,4.743,,,,,,,,0.125,,,2025-10-28,quarterly,2.07,USD,pre-market,216000000,,0.0775,0.219,0.178,56.06,978100000,,,,263.31,264.77,0.0,,,,,,,3760500000,,38.18,,284.56,219.93
2025-12-28,ECL,6.96,15890400000.0,38.18,,0.982,23.46,,,,,,,,,,,,,,,None,2185100000,2185100000,,,,,,None,234600000,,2.6,0.0098,,,,0.065,0.0,559300000,793900000,2.07,2018-09-30,31.35,,7048600000.0,1562100000,481500000,43200000,,,None,77800000,None,,None,,,,,435400000,438300000,None,None,0.147,,984200000,577900000,,,,,21000000,,,,,2.847,7.74,4.743,,,,,,,,0.125,,,2025-10-28,quarterly,2.07,USD,pre-market,0,,0.0775,0.219,0.178,56.06,955200000,,,,263.31,264.77,0.0,,,,,,,3747200000,,38.18,,284.56,219.93
2025-12-28,ECL,6.96,15890400000.0,38.18,,0.982,23.46,,,,,,,,,,,,,,,None,2141400000,2141400000,,,,,,None,234700000,,2.6,0.0098,,,,0.065,0.0,533500000,768200000,2.07,2018-06-30,31.35,,7048600000.0,1548200000,457900000,104300000,,,None,75600000,None,,None,,,,,351300000,353600000,None,None,0.147,,1127600000,420600000,,,,,19600000,,,,,2.847,7.74,4.743,,,,,,,,0.125,,,2025-10-28,quarterly,2.07,USD,pre-market,0,,0.0775,0.219,0.178,56.06,1026800000,,,,263.31,264.77,0.0,,,,,,,3689600000,,38.18,,284.56,219.93
2025-12-28,ECL,6.96,15890400000.0,38.18,,0.982,23.46,,,,,,,,,,,,,,,None,2070400000,2070400000,,,,,,None,231100000,,2.6,0.0098,,,,0.065,0.0,386400000,617500000,2.07,2018-03-31,31.35,,7048600000.0,1400500000,317300000,69100000,,,None,69100000,None,,None,,,,,247300000,248200000,None,None,0.147,,952300000,448200000,,,,,19400000,,,,,2.847,7.74,4.743,,,,,,,,0.125,,,2025-10-28,quarterly,2.07,USD,pre-market,0,,0.0775,0.219,0.178,56.06,1008500000,,,,263.31,264.77,0.0,,,,,,,3470900000,,38.18,,284.56,219.93
2025-12-28,ECL,6.96,15890400000.0,38.18,,0.982,23.46,,,,,,,,,,,,,,,None,2109199999,2109199999,,,,,,None,227800000,,2.6,0.0098,,,,0.065,0.0,617000000,844800000,2.07,2017-12-31,31.35,,7048600000.0,1539800000,548200000,-20200000,,,None,68800000,None,,None,,,,,562600000,571700000,None,None,0.147,,886200000,653600000,,,,,None,,,,,2.847,7.74,4.743,,,,,,,,0.125,,,2025-10-28,quarterly,2.07,USD,pre-market,201000000,,0.0775,0.219,0.178,56.06,1123900000,,,,263.31,264.77,0.0,,,,,,,3649000000,,38.18,,284.56,219.93
2025-12-28,ECL,6.96,15890400000.0,38.18,,0.982,23.46,,,,,,,,,,,,,,,None,2063400000,2063400000,,,,,,None,228300000,,2.6,0.0098,,,,0.065,0.0,592000000,820300000,2.07,2017-09-30,31.35,,7048600000.0,1501100000,525900000,129300000,,,None,66099999,None,,None,,,,,393200000,395800000,None,None,0.147,,802000000,699100000,,,,,None,,,,,2.847,7.74,4.743,,,,,,,,0.125,,,2025-10-28,quarterly,2.07,USD,pre-market,0,,0.0775,0.219,0.178,56.06,1087300000,,,,263.31,264.77,0.0,,,,,,,3564500000,,38.18,,284.56,219.93
2025-12-28,ECL,6.96,15890400000.0,38.18,,0.982,23.46,,,,,,,,,,,,,,,None,2012700000,2012700000,,,,,,None,221200000,,2.6,0.0098,,,,0.065,0.0,442600000,663800000,2.07,2017-06-30,31.35,,7048600000.0,1447300000,376800000,80500000,,,None,61700000,None,,None,,,,,294800000,298100000,None,None,0.147,,884100000,563200000,,,,,None,,,,,2.847,7.74,4.743,,,,,,,,0.125,,,2025-10-28,quarterly,2.07,USD,pre-market,0,,0.0775,0.219,0.178,56.06,1115300000,,,,263.31,264.77,0.0,,,,,,,3460000000,,38.18,,284.56,219.93
2025-12-28,ECL,6.96,15890400000.0,38.18,,0.982,23.46,,,,,,,,,,,,,,,None,1687500000,1687500000,,,,,,None,216000000,,2.6,0.0098,,,,0.065,0.0,377100000,593100000,2.07,2017-03-31,31.35,,7048600000.0,1474100000,310800000,54000000,,,None,66300000,None,,None,,,,,253500000,256800000,None,None,0.147,,1098200000,375900000,,,,,None,,,,,2.847,7.74,4.743,,,,,,,,0.125,,,2025-10-28,quarterly,2.07,USD,pre-market,0,,0.0775,0.219,0.178,56.06,1090600000,,,,263.31,264.77,0.0,,,,,,,3161600000,,38.18,,284.56,219.93
2025-12-28,ECL,6.96,15890400000.0,38.18,,0.982,23.46,,,,,,,,,,,,,,,None,1731200000,1731200000,,,,,,None,212600000,,2.6,0.0098,,,,0.065,0.0,559400000,772000000,2.07,2016-12-31,31.35,,7048600000.0,1620900000,488600000,116600000,,,None,70800000,None,,None,,,,,366300000,372000000,None,None,0.147,,1087800000,533100000,,,,,None,,,,,2.847,7.74,4.743,,,,,,,,0.125,,,2025-10-28,quarterly,2.07,USD,pre-market,189000000,,0.0775,0.219,0.178,56.06,1046300000,,,,263.31,264.77,0.0,,,,,,,3352100000,,38.18,,284.56,219.93
2025-12-28,ECL,6.96,15890400000.0,38.18,,0.982,23.46,,,,,,,,,,,,,,,None,1742200000,1742200000,,,,,,None,216800000,,2.6,0.0098,,,,0.065,0.0,577600000,794400000,2.07,2016-09-30,31.35,,7048600000.0,1643900000,509200000,129699999,,,None,68400000,None,,None,,,,,374100000,379500000,None,None,0.147,,1060000000,583900000,,,,,None,,,,,2.847,7.74,4.743,,,,,,,,0.125,,,2025-10-28,quarterly,2.07,USD,pre-market,0,,0.0775,0.219,0.178,56.06,1071600000,,,,263.31,264.77,0.0,,,,,,,3386100000,,38.18,,284.56,219.93
2025-12-28,ECL,6.96,15890400000.0,38.18,,0.982,23.46,,,,,,,,,,,,,,,None,1785200000,1785200000,,,,,,None,209100000,,2.6,0.0098,,,,0.065,0.0,500600000,709700000,2.07,2016-06-30,31.35,,7048600000.0,1532000000,347200000,83600000,,,None,65300000,None,,None,,,,,258400000,263600000,None,None,0.147,,1093300000,412500000,,,,,None,,,,,2.847,7.74,4.743,,,,,,,,0.125,,,2025-10-28,quarterly,2.07,USD,pre-market,0,,0.0775,0.219,0.178,56.06,1093300000,,,,263.31,264.77,0.0,,,,,,,3317200000,,38.18,,284.56,219.93
2025-12-28,ECL,6.96,15890400000.0,38.18,,0.982,23.46,,,,,,,,,,,,,,,None,1631400000,1631400000,,,,,,None,212200000,,2.6,0.0098,,,,0.065,0.0,377800000,590000000,2.07,2016-03-31,31.35,,7048600000.0,1466000000,305400000,73400000,,,None,66100000,None,,None,,,,,230800000,232000000,None,None,0.147,,1088200000,371500000,,,,,None,,,,,2.847,7.74,4.743,,,,,,,,0.125,,,2025-10-28,quarterly,2.07,USD,pre-market,0,,0.0775,0.219,0.178,56.06,1088200000,,,,263.31,264.77,0.0,,,,,,,3097400000,,38.18,,284.56,219.93
2025-12-28,ECL,6.96,15890400000.0,38.18,,0.982,23.46,,,,,,,,,,,,,,,None,1831700000,1831700000,,,,,,None,212400000,,2.6,0.0098,,,,0.065,0.0,566700000,779100000,2.07,2015-12-31,31.35,,7048600000.0,1580300000,260500000,37600000,,,None,62300000,None,,None,,,,,208900000,222900000,None,None,0.147,,1058800000,322800000,,,,,None,,,,,2.847,7.74,4.743,,,,,,,,0.125,,,2025-10-28,quarterly,2.07,USD,pre-market,191000000,,0.0775,0.219,0.178,56.06,1058800000,,,,263.31,264.77,0.0,,,,,,,3412000000,,38.18,,284.56,219.93
2025-12-28,ECL,6.96,15890400000.0,38.18,,0.982,23.46,,,,,,,,,,,,,,,None,1820000000,1820000000,,,,,,None,211400000,,2.6,0.0098,,,,0.065,0.0,579500000,790900000,2.07,2015-09-30,31.35,,7048600000.0,1626400000,355400000,105300000,,,None,61600000,None,,None,,,,,257800000,250100000,None,None,0.147,,1070700000,413000000,,,,,None,,,,,2.847,7.74,4.743,,,,,,,,0.125,,,2025-10-28,quarterly,2.07,USD,pre-market,0,,0.0775,0.219,0.178,56.06,1070700000,,,,263.31,264.77,0.0,,,,,,,3446400000,,38.18,,284.56,219.93
2025-12-28,ECL,6.96,15890400000.0,38.18,,0.982,23.46,,,,,,,,,,,,,,,None,1806500000,1806500000,,,,,,None,218500000,,2.6,0.0098,,,,0.065,0.0,514400000,732900000,2.07,2015-06-30,31.35,,7048600000.0,1582600000,376600000,67800000,,,None,61200000,None,,None,,,,,302000000,308800000,None,None,0.147,,1079200000,437800000,,,,,None,,,,,2.847,7.74,4.743,,,,,,,,0.125,,,2025-10-28,quarterly,2.07,USD,pre-market,0,,0.0775,0.219,0.178,56.06,1079200000,,,,263.31,264.77,0.0,,,,,,,3389100000,,38.18,,284.56,219.93
2025-12-28,ECL,6.96,15890400000.0,38.18,,0.982,23.46,,,,,,,,,,,,,,,None,1765300000,1765300000,,,,,,None,217200000,,2.6,0.0098,,,,0.065,0.0,396100000,613300000,2.07,2015-03-31,31.35,,7048600000.0,1532300000,325200000,89800000,,,None,62500000,None,,None,,,,,233400000,235400000,None,None,0.147,,1136800000,387700000,,,,,None,,,,,2.847,7.74,4.743,,,,,,,,0.125,,,2025-10-28,quarterly,2.07,USD,pre-market,0,,0.0775,0.219,0.178,56.06,1136800000,,,,263.31,264.77,0.0,,,,,,,3297600000,,38.18,,284.56,219.93
2025-12-28,ECL,6.96,15890400000.0,38.18,,0.982,23.46,,,,,,,,,,,,,,,None,1979900000,1979900000,,,,,,None,218000000,,2.6,0.0098,,,,0.065,0.0,565200000,783200000,2.07,2014-12-31,31.35,,7048600000.0,1700900000,458500000,115200000,,,None,62000000,None,,None,,,,,335500000,343300000,None,None,0.147,,1142100000,520500000,,,,,None,,,,,2.847,7.74,4.743,,,,,,,,0.125,,,2025-10-28,quarterly,2.07,USD,pre-market,197000000,,0.0775,0.219,0.178,56.06,1142100000,,,,263.31,264.77,0.0,,,,,,,3680800000,,38.18,,284.56,219.93
2025-12-28,ECL,6.96,15890400000.0,38.18,,0.982,23.46,,,,,,,,,,,,,,,None,1970600000,1970600000,,,,,,None,218600000,,2.6,0.0098,,,,0.065,0.0,579200000,797800000,2.07,2014-09-30,31.35,,7048600000.0,1724300000,508100000,138700000,,,None,63300000,None,,None,,,,,364900000,369400000,None,None,0.147,,1145900000,571400000,,,,,None,,,,,2.847,7.74,4.743,,,,,,,,0.125,,,2025-10-28,quarterly,2.07,USD,pre-market,0,,0.0775,0.219,0.178,56.06,1145900000,,,,263.31,264.77,0.0,,,,,,,3694900000,,38.18,,284.56,219.93
2025-12-28,ECL,6.96,15890400000.0,38.18,,0.982,23.46,,,,,,,,,,,,,,,None,1909400000,1909400000,,,,,,None,218600000,,2.6,0.0098,,,,0.065,0.0,507200000,725800000,2.07,2014-06-30,31.35,,7048600000.0,1658800000,446000000,131000000,,,None,66200000,None,,None,,,,,311400000,315000000,None,None,0.147,,1152700000,512200000,,,,,None,,,,,2.847,7.74,4.743,,,,,,,,0.125,,,2025-10-28,quarterly,2.07,USD,pre-market,0,,0.0775,0.219,0.178,56.06,1152700000,,,,263.31,264.77,0.0,,,,,,,3568200000,,38.18,,284.56,219.93
2025-12-28,ECL,6.96,15890400000.0,38.18,,0.982,23.46,,,,,,,,,,,,,,,None,1819200000,1819200000,,,,,,None,216800000,,2.6,0.0098,,,,0.065,0.0,386500000,603300000,2.07,2014-03-31,31.35,,7048600000.0,1517400000,285800000,91300000,,,None,65100000,None,,None,,,,,191000000,194500000,None,None,0.147,,1136900000,350900000,,,,,None,,,,,2.847,7.74,4.743,,,,,,,,0.125,,,2025-10-28,quarterly,2.07,USD,pre-market,0,,0.0775,0.219,0.178,56.06,1136900000,,,,263.31,264.77,0.0,,,,,,,3336600000,,38.18,,284.56,219.93
2025-12-28,ECL,6.96,15890400000.0,38.18,,0.982,23.46,,,,,,,,,,,,,,,None,1963800000,1963800000,,,,,,None,214400000,,2.6,0.0098,,,,0.065,0.0,510500000,724900000,2.07,2013-12-31,31.35,,7048600000.0,1595700000,403000000,113400000,,,None,67600000,None,,None,,,,,287100000,594800000,None,None,0.147,,1104900000,470600000,,,,,None,,,,,2.847,7.74,4.743,,,,,,,,0.125,,,2025-10-28,quarterly,2.07,USD,pre-market,188000000,,0.0775,0.219,0.178,56.06,1104900000,,,,263.31,264.77,0.0,,,,,,,3559500000,,38.18,,284.56,219.93
2025-12-28,ECL,6.96,15890400000.0,38.18,,0.982,23.46,,,,,,,,,,,,,,,None,1882800000,1882800000,,,,,,None,211900000,,2.6,0.0098,,,,0.065,0.0,510100000,722000000,2.07,2013-09-30,31.35,,7048600000.0,1601200000,409000000,101800000,,,None,67000000,None,,None,,,,,308000000,510800000,None,None,0.147,,1097400000,476000000,,,,,None,,,,,2.847,7.74,4.743,,,,,,,,0.125,,,2025-10-28,quarterly,2.07,USD,pre-market,0,,0.0775,0.219,0.178,56.06,1097400000,,,,263.31,264.77,0.0,,,,,,,3484000000,,38.18,,284.56,219.93
2025-12-28,ECL,6.96,15890400000.0,38.18,,0.982,23.46,,,,,,,,,,,,,,,None,1828600000,1828600000,,,,,,None,204600000,,2.6,0.0098,,,,0.065,0.0,354900000,559500000,2.07,2013-06-30,31.35,,7048600000.0,1509200000,286100000,70300000,,,None,66200000,None,,None,,,,,213100000,356400000,None,None,0.147,,1083300000,352300000,,,,,None,,,,,2.847,7.74,4.743,,,,,,,,0.125,,,2025-10-28,quarterly,2.07,USD,pre-market,0,,0.0775,0.219,0.178,56.06,1083300000,,,,263.31,264.77,0.0,,,,,,,3337800000,,38.18,,284.56,219.93
2025-12-28,ECL,6.96,15890400000.0,38.18,,0.982,23.46,,,,,,,,,,,,,,,None,1564900000,1564900000,,,,,,None,185300000,,2.6,0.0098,,,,0.065,0.0,265200000,450500000,2.07,2013-03-31,31.35,,7048600000.0,1307200000,200200000,39200000,,,None,61500000,None,,None,,,,,159600000,161000000,None,None,0.147,,995800000,261700000,,,,,None,,,,,2.847,7.74,4.743,,,,,,,,0.125,,,2025-10-28,quarterly,2.07,USD,pre-market,0,,0.0775,0.219,0.178,56.06,995800000,,,,263.31,264.77,0.0,,,,,,,2872100000,,38.18,,284.56,219.93
2025-12-28,ECL,6.96,15890400000.0,38.18,,0.982,23.46,,,,,,,,,,,,,,,None,1644200000,1644200000,,,,,,None,366000000,,2.6,0.0098,,,,0.065,0.0,397300000,763300000,2.07,2012-12-31,31.35,,7048600000.0,1401600000,333300000,98800000,,,None,62500000,None,,None,,,,,231400000,234500000,None,None,0.147,,971100000,395800000,,,,,None,,,,,2.847,7.74,4.743,,,,,,,,0.125,,,2025-10-28,quarterly,2.07,USD,pre-market,183000000,,0.0775,0.219,0.178,56.06,971100000,,,,263.31,264.77,0.0,,,,,,,3045800000,,38.18,,284.56,219.93
2025-12-28,ECL,6.96,15890400000.0,38.18,,0.982,23.46,,,,,,,,,,,,,,,None,1616400000,1616400000,,,,,,None,116700000,,2.6,0.0098,,,,0.065,0.0,465100000,581800000,2.07,2012-09-30,31.35,,7048600000.0,1406900000,337000000,97700000,,,None,64200000,None,,None,,,,,238000000,239300000,None,None,0.147,,977700000,401200000,,,,,None,,,,,2.847,7.74,4.743,,,,,,,,0.125,,,2025-10-28,quarterly,2.07,USD,pre-market,0,,0.0775,0.219,0.178,56.06,977700000,,,,263.31,264.77,0.0,,,,,,,3023300000,,38.18,,284.56,219.93
2025-12-28,ECL,6.96,15890400000.0,38.18,,0.982,23.46,,,,,,,,,,,,,,,None,1608900000,1608900000,,,,,,None,116300000,,2.6,0.0098,,,,0.065,0.0,390800000,507100000,2.07,2012-06-30,31.35,,7048600000.0,1349800000,262600000,79200000,,,None,63900000,None,,None,,,,,184500000,183400000,None,None,0.147,,981700000,326500000,,,,,None,,,,,2.847,7.74,4.743,,,,,,,,0.125,,,2025-10-28,quarterly,2.07,USD,pre-market,0,,0.0775,0.219,0.178,56.06,981700000,,,,263.31,264.77,0.0,,,,,,,2958700000,,38.18,,284.56,219.93
2025-12-28,ECL,6.96,15890400000.0,38.18,,0.982,23.46,,,,,,,,,,,,,,,None,1614000000,1614000000,,,,,,None,115500000,,2.6,0.0098,,,,0.065,0.0,230100000,345600000,2.07,2012-03-31,31.35,,7048600000.0,1196900000,79700000,35600000,,,None,86100000,None,,None,,,,,49700000,44100000,None,None,0.147,,989700000,165800000,,,,,None,,,,,2.847,7.74,4.743,,,,,,,,0.125,,,2025-10-28,quarterly,2.07,USD,pre-market,0,,0.0775,0.219,0.178,56.06,989700000,,,,263.31,264.77,0.0,,,,,,,2810900000,,38.18,,284.56,219.93
2025-12-28,ECL,6.96,15890400000.0,38.18,,0.982,23.46,,,,,,,,,,,,,,,None,966500000,966500000,,,,,,None,110700000,,2.6,0.0098,,,,0.065,0.0,166200000,276900000,2.07,2011-12-31,31.35,,7048600000.0,878800000,129800000,41000000,,,None,36400000,None,,None,,,,,88700000,88800000,None,None,0.147,,651600000,164200000,,,,,None,,,,,2.847,7.74,4.743,,,,,,,,0.125,,,2025-10-28,quarterly,2.07,USD,pre-market,96000000,,0.0775,0.219,0.178,56.06,651600000,,,,263.31,264.77,0.0,,,,,,,1845300000,,38.18,,284.56,219.93
2025-12-28,ECL,6.96,15890400000.0,38.18,,0.982,23.46,,,,,,,,,,,,,,,None,877900000,877900000,,,,,,None,97100000,,2.6,0.0098,,,,0.065,0.0,228100000,325200000,2.07,2011-09-30,31.35,,7048600000.0,858200000,226400000,71900000,,,None,15900000,None,,None,,,,,154300000,154500000,None,None,0.147,,595300000,239600000,,,,,None,,,,,2.847,7.74,4.743,,,,,,,,0.125,,,2025-10-28,quarterly,2.07,USD,pre-market,0,,0.0775,0.219,0.178,56.06,595300000,,,,263.31,264.77,0.0,,,,,,,1736100000,,38.18,,284.56,219.93
2025-12-28,ECL,6.96,15890400000.0,38.18,,0.982,23.46,,,,,,,,,,,,,,,None,860800000,860800000,,,,,,None,96700000,,2.6,0.0098,,,,0.065,0.0,186100000,282800000,2.07,2011-06-30,31.35,,7048600000.0,838000000,185200000,59000000,,,None,14800000,None,,None,,,,,125900000,126200000,None,None,0.147,,609600000,198300000,,,,,None,,,,,2.847,7.74,4.743,,,,,,,,0.125,,,2025-10-28,quarterly,2.07,USD,pre-market,0,,0.0775,0.219,0.178,56.06,609600000,,,,263.31,264.77,0.0,,,,,,,1698800000,,38.18,,284.56,219.93
2025-12-28,ECL,6.96,15890400000.0,38.18,,0.982,23.46,,,,,,,,,,,,,,,None,770400000,770400000,,,,,,None,91200000,,2.6,0.0098,,,,0.065,0.0,141600000,232800000,2.07,2011-03-31,31.35,,7048600000.0,747900000,138200000,44400000,,,None,15000000,None,,None,,,,,93600000,93800000,None,None,0.147,,581600000,151700000,,,,,None,,,,,2.847,7.74,4.743,,,,,,,,0.125,,,2025-10-28,quarterly,2.07,USD,pre-market,0,,0.0775,0.219,0.178,56.06,581600000,,,,263.31,264.77,0.0,,,,,,,1518300000,,38.18,,284.56,219.93
2025-12-28,ECL,6.96,15890400000.0,38.18,,0.982,23.46,,,,,,,,,,,,,,,None,783700000,783700000,,,,,,None,88400000,,2.6,0.0098,,,,0.065,0.0,206300000,294700000,2.07,2010-12-31,31.35,,7048600000.0,791800000,189400000,57800000,,,None,16900000,None,,None,,,,,131300000,131600000,None,None,0.147,,579700000,203600000,,,,,None,,,,,2.847,7.74,4.743,,,,,,,,0.125,,,2025-10-28,quarterly,2.07,USD,pre-market,88000000,,0.0775,0.219,0.178,56.06,579700000,,,,263.31,264.77,0.0,,,,,,,1575500000,,38.18,,284.56,219.93
2025-12-28,ECL,6.96,15890400000.0,38.18,,0.982,23.46,,,,,,,,,,,,,,,None,763400000,763400000,,,,,,None,81500000,,2.6,0.0098,,,,0.065,0.0,246500000,328000000,2.07,2010-09-30,31.35,,7048600000.0,798500000,230200000,55900000,,,None,14900000,None,,None,,,,,174200000,174300000,None,None,0.147,,558500000,245100000,,,,,None,,,,,2.847,7.74,4.743,,,,,,,,0.125,,,2025-10-28,quarterly,2.07,USD,pre-market,0,,0.0775,0.219,0.178,56.06,558500000,,,,263.31,264.77,0.0,,,,,,,1561900000,,38.18,,284.56,219.93
2025-12-28,ECL,6.96,15890400000.0,38.18,,0.982,23.46,,,,,,,,,,,,,,,None,750000000,750000000,,,,,,None,91800000,,2.6,0.0098,,,,0.065,0.0,205400000,297200000,2.07,2010-06-30,31.35,,7048600000.0,770200000,189300000,59800000,,,None,15000000,None,,None,,,,,129300000,129500000,None,None,0.147,,565300000,204300000,,,,,None,,,,,2.847,7.74,4.743,,,,,,,,0.125,,,2025-10-28,quarterly,2.07,USD,pre-market,0,,0.0775,0.219,0.178,56.06,565300000,,,,263.31,264.77,0.0,,,,,,,1520200000,,38.18,,284.56,219.93
2025-12-28,ECL,6.96,15890400000.0,38.18,,0.982,23.46,,,,,,,,,,,,,,,None,716700000,716700000,,,,,,None,86200000,,2.6,0.0098,,,,0.065,0.0,155100000,241300000,2.07,2010-03-31,31.35,,7048600000.0,715400000,138800000,43100000,,,None,15000000,None,,None,,,,,95500000,95700000,None,None,0.147,,558100000,153800000,,,,,None,,,,,2.847,7.74,4.743,,,,,,,,0.125,,,2025-10-28,quarterly,2.07,USD,pre-market,0,,0.0775,0.219,0.178,56.06,558100000,,,,263.31,264.77,0.0,,,,,,,1432100000,,38.18,,284.56,219.93
2025-12-28,ECL,6.96,15890400000.0,38.18,,0.982,23.46,,,,,,,,,,,,,,,None,781100000,781100000,,,,,,None,85700000,,2.6,0.0098,,,,0.065,0.0,197100000,282800000,2.07,2009-12-31,31.35,,7048600000.0,783400000,180700000,64400000,,,None,16400000,None,,None,,,,,115800000,0,None,None,0.147,,577400000,195800000,,,,,None,,,,,2.847,7.74,4.743,,,,,,,,0.125,,,2025-10-28,quarterly,2.07,USD,pre-market,86000000,,0.0775,0.219,0.178,56.06,577400000,,,,263.31,264.77,0.0,,,,,,,1564500000,,38.18,,284.56,219.93
2025-12-28,ECL,6.96,15890400000.0,38.18,,0.982,23.46,,,,,,,,,,,,,,,None,763900000,763900000,,,,,,None,83600000,,2.6,0.0098,,,,0.065,0.0,224300000,307900000,2.07,2009-09-30,31.35,,7048600000.0,782500000,207900000,62700000,,,None,15100000,None,,None,,,,,145000000,145200000,None,None,0.147,,554100000,223000000,,,,,None,,,,,2.847,7.74,4.743,,,,,,,,0.125,,,2025-10-28,quarterly,2.07,USD,pre-market,0,,0.0775,0.219,0.178,56.06,554100000,,,,263.31,264.77,0.0,,,,,,,1546400000,,38.18,,284.56,219.93
2025-12-28,ECL,6.96,15890400000.0,38.18,,0.982,23.46,,,,,,,,,,,,,,,None,725100000,725100000,,,,,,None,84600000,,2.6,0.0098,,,,0.065,0.0,166700000,251300000,2.07,2009-06-30,31.35,,7048600000.0,716400000,149800000,50300000,,,None,15200000,None,,None,,,,,99100000,99500000,None,None,0.147,,526400000,165000000,,,,,None,,,,,2.847,7.74,4.743,,,,,,,,0.125,,,2025-10-28,quarterly,2.07,USD,pre-market,0,,0.0775,0.219,0.178,56.06,526400000,,,,263.31,264.77,0.0,,,,,,,1441500000,,38.18,,284.56,219.93
2025-12-28,ECL,6.96,15890400000.0,38.18,,0.982,23.46,,,,,,,,,,,,,,,None,707900000,707900000,,,,,,None,80400000,,2.6,0.0098,,,,0.065,0.0,99500000,179900000,2.07,2009-03-31,31.35,,7048600000.0,640300000,81700000,24000000,,,None,17800000,None,,None,,,,,57400000,0,None,None,0.147,,516300000,97500000,,,,,None,,,,,2.847,7.74,4.743,,,,,,,,0.125,,,2025-10-28,quarterly,2.07,USD,pre-market,0,,0.0775,0.219,0.178,56.06,516300000,,,,263.31,264.77,0.0,,,,,,,1348200000,,38.18,,284.56,219.93
2025-12-28,ECL,6.96,15890400000.0,38.18,,0.982,23.46,,,,,,,,,,,,,,,None,770200000,770200000,,,,,,None,79500000,,2.6,0.0098,,,,0.065,0.0,139800000,219300000,2.07,2008-12-31,31.35,,7048600000.0,713100000,124300000,44300000,,,None,47000000,None,,None,,,,,80000000,0,None,None,0.147,,573300000,139800000,,,,,None,,,,,2.847,7.74,4.743,,,,,,,,0.125,,,2025-10-28,quarterly,2.07,USD,pre-market,86000000,,0.0775,0.219,0.178,56.06,541800000,,,,263.31,264.77,0.0,,,,,,,1483300000,,38.18,,284.56,219.93
2025-12-28,ECL,6.96,15890400000.0,38.18,,0.982,23.46,,,,,,,,,,,,,,,None,834300000,834300000,,,,,,None,85200000,,2.6,0.0098,,,,0.065,0.0,203300000,288500000,2.07,2008-09-30,31.35,,7048600000.0,792000000,185700000,59500000,,,None,27800000,None,,None,,,,,126200000,0,None,None,0.147,,590300000,201700000,,,,,None,,,,,2.847,7.74,4.743,,,,,,,,0.125,,,2025-10-28,quarterly,2.07,USD,pre-market,0,,0.0775,0.219,0.178,56.06,578500000,,,,263.31,264.77,0.0,,,,,,,1626300000,,38.18,,284.56,219.93
2025-12-28,ECL,6.96,15890400000.0,38.18,,0.982,23.46,,,,,,,,,,,,,,,None,798800000,798800000,,,,,,None,85100000,,2.6,0.0098,,,,0.065,0.0,213000000,298100000,2.07,2008-06-30,31.35,,7048600000.0,771200000,195200000,56200000,,,None,17800000,None,,None,,,,,139000000,0,None,None,0.147,,560700000,210500000,,,,,None,,,,,2.847,7.74,4.743,,,,,,,,0.125,,,2025-10-28,quarterly,2.07,USD,pre-market,0,,0.0775,0.219,0.178,56.06,580000000,,,,263.31,264.77,0.0,,,,,,,1570000000,,38.18,,284.56,219.93
2025-12-28,ECL,6.96,15890400000.0,38.18,,0.982,23.46,,,,,,,,,,,,,,,None,738300000,738300000,,,,,,None,84900000,,2.6,0.0098,,,,0.065,0.0,163200000,248100000,2.07,2008-03-31,31.35,,7048600000.0,719600000,145700000,42800000,,,None,16700000,None,,None,,,,,102900000,0,None,None,0.147,,559100000,160500000,,,,,None,,,,,2.847,7.74,4.743,,,,,,,,0.125,,,2025-10-28,quarterly,2.07,USD,pre-market,0,,0.0775,0.219,0.178,56.06,557200000,,,,263.31,264.77,0.0,,,,,,,1457900000,,38.18,,284.56,219.93
2025-12-28,ECL,6.96,15890400000.0,38.18,,0.982,23.46,,,,,,,,,,,,,,,None,716400000,716400000,,,,,,None,76200000,,2.6,0.0098,,,,0.065,0.0,174300000,250500000,2.07,2007-12-31,31.35,,7048600000.0,723400000,161200000,47800000,,,None,5000000,None,,None,,,,,113400000,0,None,None,0.147,,549100000,174300000,,,,,None,,,,,2.847,7.74,4.743,,,,,,,,0.125,,,2025-10-28,quarterly,2.07,USD,pre-market,82600000,,0.0775,0.219,0.178,56.06,557200000,,,,263.31,264.77,0.0,,,,,,,1439800000,,38.18,,284.56,219.93
2025-12-28,ECL,6.96,15890400000.0,38.18,,0.982,23.46,,,,,,,,,,,,,,,None,690100000,690100000,,,,,,None,73200000,,2.6,0.0098,,,,0.065,0.0,98400000,171600000,2.07,2007-09-30,31.35,,7048600000.0,723100000,158800000,44800000,,,None,40600000,None,,None,,,,,114000000,0,None,None,0.147,,551500000,171600000,,,,,None,,,,,2.847,7.74,4.743,,,,,,,,0.125,,,2025-10-28,quarterly,2.07,USD,pre-market,0,,0.0775,0.219,0.178,56.06,523700000,,,,263.31,264.77,0.0,,,,,,,1413200000,,38.18,,284.56,219.93
2025-12-28,ECL,6.96,15890400000.0,38.18,,0.982,23.46,,,,,,,,,,,,,,,None,669500000,669500000,,,,,,None,72300000,,2.6,0.0098,,,,0.065,0.0,100700000,173000000,2.07,2007-06-30,31.35,,7048600000.0,692900000,159600000,49300000,,,None,13400000,None,,None,,,,,110300000,0,None,None,0.147,,519900000,173000000,,,,,None,,,,,2.847,7.74,4.743,,,,,,,,0.125,,,2025-10-28,quarterly,2.07,USD,pre-market,0,,0.0775,0.219,0.178,56.06,519900000,,,,263.31,264.77,0.0,,,,,,,1362400000,,38.18,,284.56,219.93
2025-12-28,ECL,6.96,15890400000.0,38.18,,0.982,23.46,,,,,,,,,,,,,,,None,615700000,615700000,,,,,,None,70200000,,2.6,0.0098,,,,0.065,0.0,78200000,148400000,2.07,2007-03-31,31.35,,7048600000.0,638500000,136700000,47200000,,,None,11700000,None,,None,,,,,89500000,0,None,None,0.147,,490100000,148400000,,,,,None,,,,,2.847,7.74,4.743,,,,,,,,0.125,,,2025-10-28,quarterly,2.07,USD,pre-market,0,,0.0775,0.219,0.178,56.06,490100000,,,,263.31,264.77,0.0,,,,,,,1254200000,,38.18,,284.56,219.93
2025-12-28,ECL,6.96,15890400000.0,38.18,,0.982,23.46,,,,,,,,,,,,,,,None,630010000,630010000,,,,,,None,66689000,,2.6,0.0098,,,,0.065,0.0,145694000,212383000,2.07,2006-12-31,31.35,,7048600000.0,640990000,133837000,46646000,,,None,11857000,None,,None,,,,,87191000,0,None,None,0.147,,495296000,145694000,,,,,None,,,,,2.847,7.74,4.743,,,,,,,,0.125,,,2025-10-28,quarterly,2.07,USD,pre-market,73300000,,0.0775,0.219,0.178,56.06,495296000,,,,263.31,264.77,0.0,,,,,,,1271000000,,38.18,,284.56,219.93
2025-12-28,ECL,6.96,15890400000.0,38.18,,0.982,23.46,,,,,,,,,,,,,,,None,625554000,625554000,,,,,,None,68553000,,2.6,0.0098,,,,0.065,0.0,181364000,249917000,2.07,2006-09-30,31.35,,7048600000.0,653301000,170145000,59786000,,,None,11219000,None,,None,,,,,110300000,0,None,None,0.147,,471937000,181364000,,,,,None,,,,,2.847,7.74,4.743,,,,,,,,0.125,,,2025-10-28,quarterly,2.07,USD,pre-market,0,,0.0775,0.219,0.178,56.06,471937000,,,,263.31,264.77,0.0,,,,,,,1278855000,,38.18,,284.56,219.93
2025-12-28,ECL,6.96,15890400000.0,38.18,,0.982,23.46,,,,,,,,,,,,,,,None,608003000,608003000,,,,,,None,67970000,,2.6,0.0098,,,,0.065,0.0,85157000,153127000,2.07,2006-06-30,31.35,,7048600000.0,617881000,142113000,48934000,,,None,11014000,None,,None,,,,,93179000,0,None,None,0.147,,464754000,153127000,,,,,None,,,,,2.847,7.74,4.743,,,,,,,,0.125,,,2025-10-28,quarterly,2.07,USD,pre-market,0,,0.0775,0.219,0.178,56.06,464754000,,,,263.31,264.77,0.0,,,,,,,1225884000,,38.18,,284.56,219.93
2025-12-28,ECL,6.96,15890400000.0,38.18,,0.982,23.46,,,,,,,,,,,,,,,None,552491000,552491000,,,,,,None,65357000,,2.6,0.0098,,,,0.065,0.0,131457000,196814000,2.07,2006-03-31,31.35,,7048600000.0,567584000,121129000,43243000,,,None,10328000,None,,None,,,,,77900000,0,None,None,0.147,,436127000,131457000,,,,,None,,,,,2.847,7.74,4.743,,,,,,,,0.125,,,2025-10-28,quarterly,2.07,USD,pre-market,0,,0.0775,0.219,0.178,56.06,436127000,,,,263.31,264.77,0.0,,,,,,,1120075000,,38.18,,284.56,219.93
2025-12-28,ECL,6.96,15890400000.0,38.18,,0.982,23.46,,,,,,,,,,,,,,,None,579210000,579210000,,,,,,None,62024000,,2.6,0.0098,,,,0.065,0.0,98096000,160120000,2.07,2005-12-31,31.35,,7048600000.0,562305000,88761000,34247000,,,None,9335000,None,,None,,,,,54514000,0,None,None,0.147,,464209000,98096000,,,,,None,,,,,2.847,7.74,4.743,,,,,,,,0.125,,,2025-10-28,quarterly,2.07,USD,pre-market,68372000,,0.0775,0.219,0.178,56.06,464209000,,,,263.31,264.77,0.0,,,,,,,1141515000,,38.18,,284.56,219.93
2025-12-28,ECL,6.96,15890400000.0,38.18,,0.982,23.46,,,,,,,,,,,,,,,None,572406000,572406000,,,,,,None,64588000,,2.6,0.0098,,,,0.065,0.0,171576000,236164000,2.07,2005-09-30,31.35,,7048600000.0,592367000,160047000,56305000,,,None,11529000,None,,None,,,,,97958000,0,None,None,0.147,,420791000,171576000,,,,,None,,,,,2.847,7.74,4.743,,,,,,,,0.125,,,2025-10-28,quarterly,2.07,USD,pre-market,0,,0.0775,0.219,0.178,56.06,420791000,,,,263.31,264.77,0.0,,,,,,,1164773000,,38.18,,284.56,219.93
2025-12-28,ECL,6.96,15890400000.0,38.18,,0.982,23.46,,,,,,,,,,,,,,,None,8898400000,8898400000,,,,,,None,935400000,,2.6,0.0098,,,,0.065,0.0,2909600000,3845000000,2.07,2024-12-31,31.35,,7048600000.0,6843000000,2571200000,439300000,,,None,338400000,57800000,,None,,,,,2112400000,2131900000,-282500000,None,0.147,,4230600000,2612400000,,,,,None,,,,,2.847,7.74,4.743,,,,,,,,0.125,,,2025-10-28,annual,2.07,USD,pre-market,207000000,,0.0775,0.219,0.178,56.06,4228200000,,,,263.31,264.77,0.0,,,,,,,15741400000,,38.18,,284.56,219.93
2025-12-28,ECL,6.96,15890400000.0,38.18,,0.982,23.46,,,,,,,,,,,,,,,None,9143000000,9143000000,,,,,,None,923600000,,2.6,0.0098,,,,0.065,0.0,2110200000,3033800000,2.07,2023-12-31,31.35,,7048600000.0,6177200000,1755500000,362500000,,,None,354700000,31300000,,None,,,,,1372300000,1251700000,-295800000,None,0.147,,4016500000,2160700000,,,,,None,,,,,2.847,7.74,4.743,,,,,,,,0.125,,,2025-10-28,annual,2.07,USD,pre-market,192000000,,0.0775,0.219,0.178,56.06,3948900000,,,,263.31,264.77,0.0,,,,,,,15320200000,,38.18,,284.56,219.93
2025-12-28,ECL,6.96,15890400000.0,38.18,,0.982,23.46,,,,,,,,,,,,,,,None,8767500000,8767500000,,,,,,None,938700000,,2.6,0.0098,,,,0.065,0.0,1607100000,2545800000,2.07,2022-12-31,31.35,,7048600000.0,5420300000,1343400000,234500000,,,None,263700000,243600000,,None,,,,,1091700000,1108900000,-243600000,None,0.147,,3810800000,1609500000,,,,,24500000,,,,,2.847,7.74,4.743,,,,,,,,0.125,,,2025-10-28,annual,2.07,USD,pre-market,190000000,,0.0775,0.219,0.178,56.06,3653800000,,,,263.31,264.77,0.0,,,,,,,14187800000,,38.18,,284.56,219.93
2025-12-28,ECL,6.96,15890400000.0,38.18,,0.982,23.46,,,,,,,,,,,,,,,None,7511200000,7511200000,,,,,,None,843100000,,2.6,0.0098,,,,0.065,0.0,1630400000,2473500000,2.07,2021-12-31,31.35,,7048600000.0,5221900000,1414200000,270200000,,,None,216200000,185200000,,None,,,,,1129900000,1144000000,-218300000,None,0.147,,3537400000,1684500000,,,,,33900000,,,,,2.847,7.74,4.743,,,,,,,,0.125,,,2025-10-28,annual,2.07,USD,pre-market,186000000,,0.0775,0.219,0.178,56.06,3416100000,,,,263.31,264.77,0.0,,,,,,,12733100000,,38.18,,284.56,219.93
2025-12-28,ECL,6.96,15890400000.0,38.18,,0.982,23.46,,,,,,,,,,,,,,,None,6892100000,6892100000,,,,,,None,812700000,,2.6,0.0098,,,,0.065,0.0,1407500000,2220200000,2.07,2020-12-31,31.35,,7048600000.0,4898100000,1161400000,176600000,,,None,246100000,290200000,,None,,,,,-1205100000,984800000,-290200000,None,0.147,,3188500000,1709600000,,,,,55900000,,,,,2.847,7.74,4.743,,,,,,,,0.125,,,2025-10-28,annual,2.07,USD,pre-market,185000000,,0.0775,0.219,0.178,56.06,3309100000,,,,263.31,264.77,0.0,,,,,,,11790200000,,38.18,,284.56,219.93
2025-12-28,ECL,6.96,15890400000.0,38.18,,0.982,23.46,,,,,,,,,,,,,,,None,7033200000,7033200000,,,,,,None,775300000,,2.6,0.0098,,,,0.065,0.0,1973400000,2748700000,2.07,2019-12-31,31.35,,7048600000.0,5528800000,1731500000,288600000,,,None,241900000,24100000,,None,,,,,1558900000,1576200000,-191200000,None,0.147,,3620300000,1908500000,,,,,76300000,,,,,2.847,7.74,4.743,,,,,,,,0.125,,,2025-10-28,annual,2.07,USD,pre-market,190000000,,0.0775,0.219,0.178,56.06,3957500000,,,,263.31,264.77,0.0,,,,,,,12562000000,,38.18,,284.56,219.93
2025-12-28,ECL,6.96,15890400000.0,38.18,,0.982,23.46,,,,,,,,,,,,,,,None,8608900000,8608900000,,,,,,None,938300000,,2.6,0.0098,,,,0.065,0.0,2078700000,3017000000,2.07,2018-12-31,31.35,,7048600000.0,6059300000,1804600000,364300000,,,None,274100000,14900000,,None,,,,,1429100000,1440300000,-222300000,None,0.147,,4077800000,1981500000,,,,,79900000,,,,,2.847,7.74,4.743,,,,,,,,0.125,,,2025-10-28,annual,2.07,USD,pre-market,216000000,,0.0775,0.219,0.178,56.06,3968600000,,,,263.31,264.77,0.0,,,,,,,14668200000,,38.18,,284.56,219.93
2025-12-28,ECL,6.96,15890400000.0,38.18,,0.982,23.46,,,,,,,,,,,,,,,None,8006500000,8006500000,,,,,,None,893300000,,2.6,0.0098,,,,0.065,0.0,2029400000,2922700000,2.07,2017-12-31,31.35,,7048600000.0,5829400000,1762400000,243800000,,,None,267000000,19600000,,None,,,,,1504600000,1522400000,-255000000,None,0.147,,3629900000,2199500000,,,,,None,,,,,2.847,7.74,4.743,,,,,,,,0.125,,,2025-10-28,annual,2.07,USD,pre-market,201000000,,0.0775,0.219,0.178,56.06,4417100000,,,,263.31,264.77,0.0,,,,,,,13835900000,,38.18,,284.56,219.93
2025-12-28,ECL,6.96,15890400000.0,38.18,,0.982,23.46,,,,,,,,,,,,,,,None,6849700000,6849700000,,,,,,None,850700000,,2.6,0.0098,,,,0.065,0.0,1926600000,2777300000,2.07,2016-12-31,31.35,,7048600000.0,6303100000,1650400000,403300000,,,None,276200000,20800000,,None,,,,,1229600000,1247100000,-264600000,None,0.147,,4295700000,2007400000,,,,,None,,,,,2.847,7.74,4.743,,,,,,,,0.125,,,2025-10-28,annual,2.07,USD,pre-market,189000000,,0.0775,0.219,0.178,56.06,4299400000,,,,263.31,264.77,0.0,,,,,,,13152800000,,38.18,,284.56,219.93
2025-12-28,ECL,6.96,15890400000.0,38.18,,0.982,23.46,,,,,,,,,,,,,,,None,7179900000,7179900000,,,,,,None,859500000,,2.6,0.0098,,,,0.065,0.0,1560200000,2419700000,2.07,2015-12-31,31.35,,7048600000.0,6365200000,1317700000,300500000,,,None,242500000,243600000,,None,,,,,1002100000,1017200000,None,None,0.147,,4382300000,1982900000,,,,,None,,,,,2.847,7.74,4.743,,,,,,,,0.125,,,2025-10-28,annual,2.07,USD,pre-market,191000000,,0.0775,0.219,0.178,56.06,4345500000,,,,263.31,264.77,0.0,,,,,,,13545100000,,38.18,,284.56,219.93
2025-12-28,ECL,6.96,15890400000.0,38.18,,0.982,23.46,,,,,,,,,,,,,,,None,7670900000,7670900000,,,,,,None,872000000,,2.6,0.0098,,,,0.065,0.0,1953300000,2825300000,2.07,2014-12-31,31.35,,7048600000.0,6609600000,1698400000,476200000,,,None,254900000,None,,None,,,,,1202800000,1222200000,None,None,0.147,,4588100000,2021500000,,,,,None,,,,,2.847,7.74,4.743,,,,,,,,0.125,,,2025-10-28,annual,2.07,USD,pre-market,197000000,,0.0775,0.219,0.178,56.06,4577600000,,,,263.31,264.77,0.0,,,,,,,14280500000,,38.18,,284.56,219.93
2025-12-28,ECL,6.96,15890400000.0,38.18,,0.982,23.46,,,,,,,,,,,,,,,None,7196100000,7196100000,,,,,,None,816200000,,2.6,0.0098,,,,0.065,0.0,1557900000,2374100000,2.07,2013-12-31,31.35,,7048600000.0,6057300000,1298300000,324700000,,,None,259600000,None,,None,,,,,967800000,1623000000,None,None,0.147,,4279600000,1777700000,,,,,None,,,,,2.847,7.74,4.743,,,,,,,,0.125,,,2025-10-28,annual,2.07,USD,pre-market,188000000,,0.0775,0.219,0.178,56.06,4281400000,,,,263.31,264.77,0.0,,,,,,,13253400000,,38.18,,284.56,219.93
2025-12-28,ECL,6.96,15890400000.0,38.18,,0.982,23.46,,,,,,,,,,,,,,,None,6391600000,6391600000,,,,,,None,714500000,,2.6,0.0098,,,,0.065,0.0,1269200000,1983700000,2.07,2012-12-31,31.35,,7048600000.0,5447200000,1012600000,311300000,,,None,256600000,None,,None,,,,,703600000,701300000,None,None,0.147,,3921400000,1525800000,,,,,None,,,,,2.847,7.74,4.743,,,,,,,,0.125,,,2025-10-28,annual,2.07,USD,pre-market,183000000,,0.0775,0.219,0.178,56.06,3920200000,,,,263.31,264.77,0.0,,,,,,,11838800000,,38.18,,284.56,219.93
2025-12-28,ECL,6.96,15890400000.0,38.18,,0.982,23.46,,,,,,,,,,,,,,,None,3462000000,3462000000,,,,,,None,395700000,,2.6,0.0098,,,,0.065,0.0,754000000,1149700000,2.07,2011-12-31,31.35,,7048600000.0,3366400000,679600000,216300000,,,None,74400000,None,,None,,,,,462500000,463300000,None,None,0.147,,2438700000,927700000,,,,,None,,,,,2.847,7.74,4.743,,,,,,,,0.125,,,2025-10-28,annual,2.07,USD,pre-market,96000000,,0.0775,0.219,0.178,56.06,2438100000,,,,263.31,264.77,0.0,,,,,,,6828400000,,38.18,,284.56,219.93
2025-12-28,ECL,6.96,15890400000.0,38.18,,0.982,23.46,,,,,,,,,,,,,,,None,3009700000,3009700000,,,,,,None,347900000,,2.6,0.0098,,,,0.065,0.0,819200000,1167100000,2.07,2010-12-31,31.35,,7048600000.0,3080000000,747700000,216600000,,,None,71500000,None,,None,,,,,530299999,531100000,None,None,0.147,,2256700000,823300000,,,,,None,,,,,2.847,7.74,4.743,,,,,,,,0.125,,,2025-10-28,annual,2.07,USD,pre-market,88000000,,0.0775,0.219,0.178,56.06,2261600000,,,,263.31,264.77,0.0,,,,,,,6089700000,,38.18,,284.56,219.93
2025-12-28,ECL,6.96,15890400000.0,38.18,,0.982,23.46,,,,,,,,,,,,,,,None,2970800000,2970800000,,,,,,None,334300000,,2.6,0.0098,,,,0.065,0.0,678900000,1013200000,2.07,2009-12-31,31.35,,7048600000.0,2929000000,620100000,201400000,,,None,58800000,None,,None,,,,,417300000,418700000,None,None,0.147,,2178600000,750400000,,,,,None,,,,,2.847,7.74,4.743,,,,,,,,0.125,,,2025-10-28,annual,2.07,USD,pre-market,86000000,,0.0775,0.219,0.178,56.06,2174200000,,,,263.31,264.77,0.0,,,,,,,5899800000,,38.18,,284.56,219.93
2025-12-28,ECL,6.96,15890400000.0,38.18,,0.982,23.46,,,,,,,,,,,,,,,None,3141600000,3141600000,,,,,,None,334700000,,2.6,0.0098,,,,0.065,0.0,721700000,1056400000,2.07,2008-12-31,31.35,,7048600000.0,2995900000,650900000,202800000,,,None,70800000,None,,None,,,,,448100000,None,None,None,0.147,,2257500000,738400000,,,,,None,,,,,2.847,7.74,4.743,,,,,,,,0.125,,,2025-10-28,annual,2.07,USD,pre-market,86000000,,0.0775,0.219,0.178,56.06,2257500000,,,,263.31,264.77,0.0,,,,,,,6137500000,,38.18,,284.56,219.93
2025-12-28,ECL,6.96,15890400000.0,38.18,,0.982,23.46,,,,,,,,,,,,,,,None,2691700000,2691700000,,,,,,None,291900000,,2.6,0.0098,,,,0.065,0.0,673100000,965000000,2.07,2007-12-31,31.35,,7048600000.0,2777900000,616300000,189100000,,,None,56800000,None,,None,,,,,427200000,None,None,None,0.147,,2090900000,687000000,,,,,None,,,,,2.847,7.74,4.743,,,,,,,,0.125,,,2025-10-28,annual,2.07,USD,pre-market,82600000,,0.0775,0.219,0.178,56.06,2090900000,,,,263.31,264.77,0.0,,,,,,,5469600000,,38.18,,284.56,219.93
2025-12-28,ECL,6.96,15890400000.0,38.18,,0.982,23.46,,,,,,,,,,,,,,,None,2416058000,2416058000,,,,,,None,268569000,,2.6,0.0098,,,,0.065,0.0,618542000,887111000,2.07,2006-12-31,31.35,,7048600000.0,2479756000,567224000,198609000,,,None,51318000,None,,None,,,,,368615000,None,None,None,0.147,,1868114000,611642000,,,,,None,,,,,2.847,7.74,4.743,,,,,,,,0.125,,,2025-10-28,annual,2.07,USD,pre-market,73300000,,0.0775,0.219,0.178,56.06,1868114000,,,,263.31,264.77,0.0,,,,,,,4895814000,,38.18,,284.56,219.93
2025-12-28,ECL,6.96,15890400000.0,38.18,,0.982,23.46,,,,,,,,,,,,,,,None,2248831000,2248831000,,,,,,None,256935000,,2.6,0.0098,,,,0.065,0.0,547978000,804913000,2.07,2005-12-31,31.35,,7048600000.0,2286001000,498182000,178701000,,,None,49796000,None,,None,,,,,319481000,None,None,None,0.147,,1743581000,542420000,,,,,None,,,,,2.847,7.74,4.743,,,,,,,,0.125,,,2025-10-28,annual,2.07,USD,pre-market,68372000,,0.0775,0.219,0.178,56.06,1743581000,,,,263.31,264.77,0.0,,,,,,,4534832000,,38.18,,284.56,219.93
2025-12-28,ECL,6.96,15890400000.0,38.18,None,0.982,23.46,,761100000,1955800000,1955800000,,,,,,,,,369100000,285400000,None,2248831000,2248831000,1868400000,None,16200000,3319000000,None,None,256935000,,2.6,0.0098,,,,0.065,0.0,547978000,804913000,2.07,2025-09-30,31.35,8113000000,7048600000.0,2286001000,498182000,178701000,3135500000,3135500000,None,49796000,None,1534900000,None,None,8052700000,None,None,319481000,None,None,None,0.147,,1743581000,542420000,297000000,2027300000,None,527300000,None,,,,,2.847,7.74,4.743,,,,,,,,0.125,,4830300000,2025-10-28,quarterly,2.07,USD,pre-market,68372000,12475900000,0.0775,0.219,0.178,56.06,1743581000,8830000000,176500000,None,263.31,264.77,0.0,23897600000,7106700000,4188200000,14143700000,16790899999,9955500000,4534832000,9719000000,38.18,None,284.56,219.93
2025-12-28,ECL,6.96,15890400000.0,38.18,None,0.982,23.46,,756700000,1920900000,1920900000,,,,,,,,,368800000,285400000,None,2248831000,2248831000,1883500000,None,688500000,3238600000,None,None,256935000,,2.6,0.0098,,,,0.065,0.0,547978000,804913000,2.07,2025-06-30,31.35,8047200000,7048600000.0,2286001000,498182000,178701000,3197100000,3197100000,None,49796000,None,1569400000,None,None,7522200000,None,None,319481000,None,None,None,0.147,,1743581000,542420000,346900000,2058500000,None,557200000,None,,,,,2.847,7.74,4.743,,,,,,,,0.125,,4701600000,2025-10-28,quarterly,2.07,USD,pre-market,68372000,12075100000,0.0775,0.219,0.178,56.06,1743581000,8967400000,844600000,None,263.31,264.77,0.0,23736000000,7075800000,4908500000,14385400000,16660200000,9476900000,4534832000,9320300000,38.18,None,284.56,219.93
2025-12-28,ECL,6.96,15890400000.0,38.18,None,0.982,23.46,,746100000,1162600000,1162600000,,,,,,,,,368600000,285300000,None,2248831000,2248831000,1765600000,None,614200000,3022300000,None,None,256935000,,2.6,0.0098,,,,0.065,0.0,547978000,804913000,2.07,2025-03-31,31.35,7864500000,7048600000.0,2286001000,498182000,178701000,3228700000,3228700000,None,49796000,None,1547200000,None,None,6997600000,None,None,319481000,None,None,None,0.147,,1743581000,542420000,349000000,1971500000,None,417500000,None,,,,,2.847,7.74,4.743,,,,,,,,0.125,,4526500000,2025-10-28,quarterly,2.07,USD,pre-market,68372000,11735200000,0.0775,0.219,0.178,56.06,1743581000,8357900000,761500000,None,263.31,264.77,0.0,22366400000,6081100000,4609200000,13462700000,16285300000,8853500000,4534832000,8875800000,38.18,None,284.56,219.93
2025-12-28,ECL,6.96,15890400000.0,38.18,None,0.982,23.46,,717800000,1162600000,1162600000,,,,,,,,,368600000,285700000,None,2248831000,2248831000,1765600000,None,615700000,3022300000,None,None,256935000,,2.6,0.0098,,,,0.065,0.0,547978000,804913000,2.07,2024-12-31,31.35,7864500000,7048600000.0,2286001000,498182000,178701000,3228700000,3228700000,None,49796000,None,1547200000,None,None,6949200000,None,None,319481000,None,None,None,0.147,,1743581000,542420000,349000000,1971500000,None,366200000,None,,,,,2.847,7.74,4.743,,,,,,,,0.125,,4475600000,2025-10-28,quarterly,2.07,USD,pre-market,68372000,11735200000,0.0775,0.219,0.178,56.06,1743581000,8357900000,761500000,None,263.31,264.77,0.0,22366400000,6081100000,4609200000,13462700000,16285300000,8853500000,4534832000,8875800000,38.18,None,284.56,219.93
2025-12-28,ECL,6.96,15890400000.0,38.18,None,0.982,23.46,,688100000,1261100000,1261100000,,,,,,,,,367600000,286000000,None,2248831000,2248831000,1812300000,None,643000000,3031000000,None,None,256935000,,2.6,0.0098,,,,0.065,0.0,547978000,804913000,2.07,2024-09-30,31.35,7898700000,7048600000.0,2286001000,498182000,178701000,3282100000,3282100000,None,49796000,None,1572400000,None,None,6974500000,None,None,319481000,None,None,None,0.147,,1743581000,542420000,253800000,1778100000,None,401500000,None,,,,,2.847,7.74,4.743,,,,,,,,0.125,,4233700000,2025-10-28,quarterly,2.07,USD,pre-market,68372000,11228400000,0.0775,0.219,0.178,56.06,1743581000,8305600000,779700000,None,263.31,264.77,0.0,22101600000,6118300000,4709100000,13526100000,15983300000,8817000000,4534832000,8547800000,38.18,None,284.56,219.93
2025-12-28,ECL,6.96,15890400000.0,38.18,None,0.982,23.46,,570600000,384000000,384000000,,,,,,,,,367100000,287000000,None,2248831000,2248831000,1690700000,None,5900000,3042400000,None,None,256935000,,2.6,0.0098,,,,0.065,0.0,547978000,804913000,2.07,2024-06-30,31.35,7821900000,7048600000.0,2286001000,498182000,178701000,3334000000,3334000000,None,49796000,None,1505900000,None,None,7538800000,None,None,319481000,None,None,None,0.147,,1743581000,542420000,820000000,1775700000,None,411100000,None,,,,,2.847,7.74,4.743,,,,,,,,0.125,,None,2025-10-28,quarterly,2.07,USD,pre-market,68372000,10653300000,0.0775,0.219,0.178,56.06,1743581000,8115300000,137900000,None,263.31,264.77,0.0,21461800000,5752300000,3847600000,13153900000,15709500000,9306300000,4534832000,8287400000,38.18,None,284.56,219.93
2025-12-28,ECL,6.96,15890400000.0,38.18,None,0.982,23.46,,564100000,479900000,479900000,,,,,,,,,366800000,287800000,None,2248831000,2248831000,1607100000,None,11300000,2955900000,None,None,256935000,,2.6,0.0098,,,,0.065,0.0,547978000,804913000,2.07,2024-03-31,31.35,8111400000,7048600000.0,2286001000,498182000,178701000,3413600000,3413600000,None,49796000,None,1565900000,None,None,7528600000,None,None,319481000,None,None,None,0.147,,1743581000,542420000,210000000,1633000000,None,416800000,None,,,,,2.847,7.74,4.743,,,,,,,,0.125,,None,2025-10-28,quarterly,2.07,USD,pre-market,68372000,10324500000,0.0775,0.219,0.178,56.06,1743581000,8104000000,141400000,None,263.31,264.77,0.0,21298500000,5211700000,3701100000,13072900000,16086800000,9371800000,4534832000,8205600000,38.18,None,284.56,219.93
2025-12-28,ECL,6.96,15890400000.0,38.18,None,0.982,23.46,,551600000,919500000,919500000,,,,,,,,,365700000,287100000,None,2248831000,2248831000,1566300000,None,630400000,3021100000,None,None,256935000,,2.6,0.0098,,,,0.065,0.0,547978000,804913000,2.07,2023-12-31,31.35,8148200000,7048600000.0,2286001000,498182000,178701000,3493500000,3493500000,None,49796000,None,1497200000,None,None,7551400000,None,None,319481000,None,None,None,0.147,,1743581000,542420000,206300000,1753400000,None,381800000,None,,,,,2.847,7.74,4.743,,,,,,,,0.125,,None,2025-10-28,quarterly,2.07,USD,pre-market,68372000,10075400000,0.0775,0.219,0.178,56.06,1743581000,8733400000,756500000,None,263.31,264.77,0.0,21846600000,5644100000,4345800000,13774400000,16202500000,9428600000,4534832000,8044700000,38.18,None,284.56,219.93
2025-12-28,ECL,6.96,15890400000.0,38.18,None,0.982,23.46,,415000000,1001300000,1001300000,,,,,,,,,365400000,286900000,None,2248831000,2248831000,1498800000,None,1129100000,3018100000,None,None,256935000,,2.6,0.0098,,,,0.065,0.0,547978000,804913000,2.07,2023-09-30,31.35,8098400000,7048600000.0,2286001000,498182000,178701000,3528600000,3528600000,None,49796000,None,1536000000,None,None,7487100000,None,None,319481000,None,None,None,0.147,,1743581000,542420000,234000000,1613700000,None,455000000,None,,,,,2.847,7.74,4.743,,,,,,,,0.125,,3868800000,2025-10-28,quarterly,2.07,USD,pre-market,68372000,9832800000,0.0775,0.219,0.178,56.06,1743581000,9150300000,1248200000,None,263.31,264.77,0.0,21858100000,5789400000,4600500000,14035600000,16068700000,9435100000,4534832000,7795800000,38.18,None,284.56,219.93
2025-12-28,ECL,6.96,15890400000.0,38.18,None,0.982,23.46,,335400000,554200000,554200000,,,,,,,,,365300000,286300000,None,2248831000,2248831000,1476800000,None,1121900000,2780100000,None,None,256935000,,2.6,0.0098,,,,0.065,0.0,547978000,804913000,2.07,2023-06-30,31.35,8101300000,7048600000.0,2286001000,498182000,178701000,3603600000,3603600000,None,49796000,None,1646200000,None,None,7499600000,None,None,319481000,None,None,None,0.147,,1743581000,542420000,456000000,1534000000,None,438300000,None,,,,,2.847,7.74,4.743,,,,,,,,0.125,,3773300000,2025-10-28,quarterly,2.07,USD,pre-market,68372000,9580000000,0.0775,0.219,0.178,56.06,1743581000,9067000000,1232000000,None,263.31,264.77,0.0,21456200000,5436500000,4467500000,13875700000,16019700000,9408200000,4534832000,7556700000,38.18,None,284.56,219.93
2025-12-28,ECL,6.96,15890400000.0,38.18,None,0.982,23.46,,323400000,419400000,419400000,,,,,,,,,365000000,285900000,None,2248831000,2248831000,1469900000,None,1118100000,2667800000,None,None,256935000,,2.6,0.0098,,,,0.065,0.0,547978000,804913000,2.07,2023-03-31,31.35,8062200000,7048600000.0,2286001000,498182000,178701000,3616800000,3616800000,None,49796000,None,1727300000,None,None,7521700000,None,None,319481000,None,None,None,0.147,,1743581000,542420000,458300000,1519000000,None,1379100000,None,,,,,2.847,7.74,4.743,,,,,,,,0.125,,3743300000,2025-10-28,quarterly,2.07,USD,pre-market,68372000,9401300000,0.0775,0.219,0.178,56.06,1743581000,9066700000,1221600000,None,263.31,264.77,0.0,21251500000,5272800000,4489600000,13886500000,15978700000,9396900000,4534832000,7344200000,38.18,None,284.56,219.93
2025-12-28,ECL,6.96,15890400000.0,38.18,None,0.982,23.46,,337800000,598600000,598600000,,,,,,,,,364700000,285800000,None,2248831000,2248831000,1728200000,None,505100000,2882200000,None,None,256935000,,2.6,0.0098,,,,0.065,0.0,547978000,804913000,2.07,2022-12-31,31.35,8012700000,7048600000.0,2286001000,498182000,178701000,3680700000,3680700000,None,49796000,None,1792800000,None,None,8075300000,None,None,319481000,None,None,None,0.147,,1743581000,542420000,220600000,1391800000,None,406300000,None,,,,,2.847,7.74,4.743,,,,,,,,0.125,,3741600000,2025-10-28,quarterly,2.07,USD,pre-market,68372000,9318800000,0.0775,0.219,0.178,56.06,1743581000,9026500000,613400000,None,263.31,264.77,0.0,21464300000,5494200000,4210400000,14205700000,15970100000,9995300000,4534832000,7236100000,38.18,-7301000000,284.56,219.93
2025-12-28,ECL,6.96,15890400000.0,38.18,None,0.982,23.46,,317500000,112900000,112900000,,,,,,,,,364600000,286300000,None,2248831000,2248831000,1584400000,None,497900000,2714300000,None,None,256935000,,2.6,0.0098,,,,0.065,0.0,547978000,804913000,2.07,2022-09-30,31.35,7741400000,7048600000.0,2286001000,498182000,178701000,3915000000,3915000000,None,49796000,None,1802700000,None,None,8026700000,None,None,319481000,None,None,None,0.147,,1743581000,542420000,469400000,1361900000,None,1571000000,None,,,,,2.847,7.74,4.743,,,,,,,,0.125,,3260900000,2025-10-28,quarterly,2.07,USD,pre-market,68372000,9205100000,0.0775,0.219,0.178,56.06,1743581000,8950700000,606500000,None,263.31,264.77,0.0,21037000000,5099300000,3772300000,13947100000,15937700000,10174800000,4534832000,7062600000,38.18,None,284.56,219.93
2025-12-28,ECL,6.96,15890400000.0,38.18,None,0.982,23.46,,291800000,124900000,124900000,,,,,,,,,364500000,286600000,None,2248831000,2248831000,1524800000,None,618300000,2668000000,None,None,256935000,,2.6,0.0098,,,,0.065,0.0,547978000,804913000,2.07,2022-06-30,31.35,7935900000,7048600000.0,2286001000,498182000,178701000,4030600000,4030600000,None,49796000,None,1720700000,None,None,8167800000,None,None,319481000,None,None,None,0.147,,1743581000,542420000,391400000,1380900000,None,311200000,None,,,,,2.847,7.74,4.743,,,,,,,,0.125,,3664800000,2025-10-28,quarterly,2.07,USD,pre-market,68372000,9003300000,0.0775,0.219,0.178,56.06,1743581000,9187200000,727600000,None,263.31,264.77,0.0,21163600000,4905000000,3806000000,14045200000,16258600000,10239200000,4534832000,7093400000,38.18,None,284.56,219.93
2025-12-28,ECL,6.96,15890400000.0,38.18,None,0.982,23.46,,275200000,99400000,99400000,,,,,,,,,364500000,288100000,None,2248831000,2248831000,1423900000,None,493100000,2508200000,None,None,256935000,,2.6,0.0098,,,,0.065,0.0,547978000,804913000,2.07,2022-03-31,31.35,8081000000,7048600000.0,2286001000,498182000,178701000,4138300000,4138300000,None,49796000,None,1589900000,None,None,8267200000,None,None,319481000,None,None,None,0.147,,1743581000,542420000,407000000,1397700000,None,1444400000,None,,,,,2.847,7.74,4.743,,,,,,,,0.125,,3285700000,2025-10-28,quarterly,2.07,USD,pre-market,68372000,8840400000,0.0775,0.219,0.178,56.06,1743581000,9146700000,604300000,None,263.31,264.77,0.0,21067200000,4604500000,3631300000,13962100000,16462700000,10330800000,4534832000,7081600000,38.18,None,284.56,219.93
2025-12-28,ECL,6.96,15890400000.0,38.18,None,0.982,23.46,,282600000,359900000,359900000,,,,,,,,,364100000,289500000,None,2248831000,2248831000,1384200000,None,411000000,2478400000,None,None,256935000,,2.6,0.0098,,,,0.065,0.0,547978000,804913000,2.07,2021-12-31,31.35,8063900000,7048600000.0,2286001000,498182000,178701000,4224100000,4224100000,None,49796000,None,1491800000,None,None,8347200000,None,None,319481000,None,None,None,0.147,,1743581000,542420000,357000000,1446900000,None,254100000,None,,,,,2.847,7.74,4.743,,,,,,,,0.125,,3685300000,2025-10-28,quarterly,2.07,USD,pre-market,68372000,8814500000,0.0775,0.219,0.178,56.06,1743581000,9155900000,526100000,None,263.31,264.77,0.0,21206400000,4687100000,3553200000,13953300000,16519300000,10400100000,4534832000,7224200000,38.18,-6784200000,284.56,219.93
2025-12-28,ECL,6.96,15890400000.0,38.18,None,0.982,23.46,,263000000,897900000,897900000,,,,,,,,,363700000,289200000,None,2248831000,2248831000,1237100000,None,18700000,2384100000,None,None,256935000,,2.6,0.0098,,,,0.065,0.0,547978000,804913000,2.07,2021-09-30,31.35,6125600000,7048600000.0,2286001000,498182000,178701000,2889700000,2889700000,None,49796000,None,1378200000,None,None,5931800000,None,None,319481000,None,None,None,0.147,,1743581000,542420000,326600000,1368300000,None,289100000,None,,,,,2.847,7.74,4.743,,,,,,,,0.125,,3447000000,2025-10-28,quarterly,2.07,USD,pre-market,68372000,8659800000,0.0775,0.219,0.178,56.06,1743581000,6329200000,134400000,None,263.31,264.77,0.0,17926200000,4986800000,2894500000,10964400000,12939400000,8069900000,4534832000,6933500000,38.18,-6756300000,284.56,219.93
2025-12-28,ECL,6.96,15890400000.0,38.18,None,0.982,23.46,,273800000,1402400000,1402400000,,,,,,,,,363200000,288800000,None,2248831000,2248831000,1213300000,None,17300000,2331000000,None,None,256935000,,2.6,0.0098,,,,0.065,0.0,547978000,804913000,2.07,2021-06-30,31.35,6172400000,7048600000.0,2286001000,498182000,178701000,2925400000,2925400000,None,49796000,None,1418500000,None,None,6708900000,None,None,319481000,None,None,None,0.147,,1743581000,542420000,335500000,1393500000,None,320500000,None,,,,,2.847,7.74,4.743,,,,,,,,0.125,,3469400000,2025-10-28,quarterly,2.07,USD,pre-market,68372000,8472800000,0.0775,0.219,0.178,56.06,1743581000,7119400000,136700000,None,263.31,264.77,0.0,18533700000,5487400000,2880300000,11797400000,13046300000,8917100000,4534832000,6709100000,38.18,-6749600000,284.56,219.93
2025-12-28,ECL,6.96,15890400000.0,38.18,None,0.982,23.46,,291200000,1189500000,1189500000,,,,,,,,,363000000,288800000,None,2248831000,2248831000,1128200000,None,24300000,2272000000,None,None,256935000,,2.6,0.0098,,,,0.065,0.0,547978000,804913000,2.07,2021-03-31,31.35,6119500000,7048600000.0,2286001000,498182000,178701000,2966800000,2966800000,None,49796000,None,1347000000,None,None,6685800000,None,None,319481000,None,None,None,0.147,,1743581000,542420000,341500000,1435000000,None,1823200000,None,,,,,2.847,7.74,4.743,,,,,,,,0.125,,3078700000,2025-10-28,quarterly,2.07,USD,pre-market,68372000,8299300000,0.0775,0.219,0.178,56.06,1743581000,7124000000,147000000,None,263.31,264.77,0.0,18208100000,5150000000,2852200000,11888000000,13058100000,9035800000,4534832000,6292300000,38.18,-6741200000,284.56,219.93
2025-12-28,ECL,6.96,15890400000.0,38.18,None,0.982,23.46,,300500000,1260200000,1260200000,,,,,,,,,362600000,288700000,None,2248831000,2248831000,1160600000,None,17300000,2273800000,None,None,256935000,,2.6,0.0098,,,,0.065,0.0,547978000,804913000,2.07,2020-12-31,31.35,6006900000,7048600000.0,2286001000,498182000,178701000,2977000000,2977000000,None,49796000,None,1285200000,None,None,6669300000,None,None,319481000,None,None,None,0.147,,1743581000,542420000,298200000,1452200000,None,1839100000,None,,,,,2.847,7.74,4.743,,,,,,,,0.125,,3124900000,2025-10-28,quarterly,2.07,USD,pre-market,68372000,8243000000,0.0775,0.219,0.178,56.06,1743581000,7112700000,142900000,None,263.31,264.77,0.0,18126000000,5117400000,2932200000,11924500000,13008600000,8992300000,4534832000,6166500000,38.18,-6679700000,284.56,219.93
2025-12-28,ECL,6.96,15890400000.0,38.18,None,0.982,23.46,,435100000,1034700000,1034700000,,,,,,,,,362100000,288400000,None,2248831000,2248831000,1108400000,None,247300000,2320700000,None,None,256935000,,2.6,0.0098,,,,0.065,0.0,547978000,804913000,2.07,2020-09-30,31.35,5958000000,7048600000.0,2286001000,498182000,178701000,3023400000,3023400000,None,49796000,None,1287800000,None,None,6667700000,None,None,319481000,None,None,None,0.147,,1743581000,542420000,348800000,1488400000,None,1693000000,None,,,,,2.847,7.74,4.743,,,,,,,,0.125,,3146200000,2025-10-28,quarterly,2.07,USD,pre-market,68372000,8079900000,0.0775,0.219,0.178,56.06,1743581000,7350100000,371700000,None,263.31,264.77,0.0,18097100000,4992000000,3106400000,12047700000,13105100000,8941300000,4534832000,6014700000,38.18,-6658700000,284.56,219.93
2025-12-28,ECL,6.96,15890400000.0,38.18,None,0.982,23.46,,442200000,1369000000,1369000000,,,,,,,,,362000000,291500000,None,2248831000,2248831000,1087700000,None,534900000,2255500000,None,None,256935000,,2.6,0.0098,,,,0.065,0.0,547978000,804913000,2.07,2020-06-30,31.35,5759900000,7048600000.0,2286001000,498182000,178701000,3019200000,3019200000,None,49796000,None,1228700000,None,None,6752000000,None,None,319481000,None,None,None,0.147,,1743581000,542420000,313000000,1298400000,None,1635300000,None,,,,,2.847,7.74,4.743,,,,,,,,0.125,,3138900000,2025-10-28,quarterly,2.07,USD,pre-market,68372000,7967800000,0.0775,0.219,0.178,56.06,1743581000,7729100000,657700000,None,263.31,264.77,0.0,18082400000,5166200000,3227700000,12192200000,12916200000,8964500000,4534832000,5855200000,38.18,-6639900000,284.56,219.93
2025-12-28,ECL,6.96,15890400000.0,38.18,None,0.982,23.46,,559400000,1661900000,1661900000,,,,,,,,,360800000,292600000,None,2248831000,2248831000,1279500000,None,1038300000,2855900000,None,None,256935000,,2.6,0.0098,,,,0.065,0.0,547978000,804913000,2.07,2020-03-31,31.35,7231500000,7048600000.0,2286001000,498182000,178701000,3591900000,3591900000,None,49796000,None,1529700000,None,None,6744000000,None,None,319481000,None,None,None,0.147,,1743581000,542420000,389600000,1558000000,None,1740200000,None,,,,,2.847,7.74,4.743,,,,,,,,0.125,,3920700000,2025-10-28,quarterly,2.07,USD,pre-market,68372000,10136900000,0.0775,0.219,0.178,56.06,1743581000,8341700000,1190800000,None,263.31,264.77,0.0,22339600000,6437100000,4257400000,13479000000,15902500000,9221600000,4534832000,8822100000,38.18,-5580000000,284.56,219.93
2025-12-28,ECL,6.96,15890400000.0,38.18,None,0.982,23.46,,578400000,118800000,118800000,,,,,,,,,359600000,292600000,None,2248831000,2248831000,1075300000,None,380600000,2382000000,None,None,256935000,,2.6,0.0098,,,,0.065,0.0,547978000,804913000,2.07,2019-12-31,31.35,5569100000,7048600000.0,2286001000,498182000,178701000,2927500000,2927500000,None,49796000,None,1081600000,None,None,5973500000,None,None,319481000,None,None,None,0.147,,1743581000,542420000,1246000000,1736100000,None,1798800000,None,,,,,2.847,7.74,4.743,,,,,,,,0.125,,3954900000,2025-10-28,quarterly,2.07,USD,pre-market,68372000,9993700000,0.0775,0.219,0.178,56.06,1743581000,6821800000,502700000,None,263.31,264.77,0.0,20869100000,4828400000,3630600000,12143300000,16040700000,8512700000,4534832000,8685300000,38.18,-5485400000,284.56,219.93
2025-12-28,ECL,6.96,15890400000.0,38.18,None,0.982,23.46,,570600000,135900000,135900000,,,,,,,,,359400000,292800000,None,2248831000,2248831000,1269400000,None,779100000,2722500000,None,None,256935000,,2.6,0.0098,,,,0.065,0.0,547978000,804913000,2.07,2019-09-30,31.35,7220600000,7048600000.0,2286001000,498182000,178701000,3728300000,3728300000,None,49796000,None,1586700000,None,None,5966900000,None,None,319481000,None,None,None,0.147,,1743581000,542420000,425000000,1560700000,None,1515200000,None,,,,,2.847,7.74,4.743,,,,,,,,0.125,,3861500000,2025-10-28,quarterly,2.07,USD,pre-market,68372000,9699700000,0.0775,0.219,0.178,56.06,1743581000,7316600000,930800000,None,263.31,264.77,0.0,20835600000,4870100000,3919500000,12223200000,15965500000,8303700000,4534832000,8567700000,38.18,-5480800000,284.56,219.93
2025-12-28,ECL,6.96,15890400000.0,38.18,None,0.982,23.46,,549900000,85700000,85700000,,,,,,,,,358900000,292100000,None,2248831000,2248831000,1297900000,None,1069400000,2747100000,None,None,256935000,,2.6,0.0098,,,,0.065,0.0,547978000,804913000,2.07,2019-06-30,31.35,7234100000,7048600000.0,2286001000,498182000,178701000,3776200000,3776200000,None,49796000,None,1625300000,None,None,5987100000,None,None,319481000,None,None,None,0.147,,1743581000,542420000,395400000,1444400000,None,1652200000,None,,,,,2.847,7.74,4.743,,,,,,,,0.125,,3866900000,2025-10-28,quarterly,2.07,USD,pre-market,68372000,9368000000,0.0775,0.219,0.178,56.06,1743581000,7606400000,1220700000,None,263.31,264.77,0.0,20827600000,4853500000,4127700000,12558200000,15974100000,8430500000,4534832000,8225400000,38.18,-5480800000,284.56,219.93
2025-12-28,ECL,6.96,15890400000.0,38.18,None,0.982,23.46,,571300000,79000000,79000000,,,,,,,,,358200000,292300000,None,2248831000,2248831000,1237700000,None,1132300000,2691600000,None,None,256935000,,2.6,0.0098,,,,0.065,0.0,547978000,804913000,2.07,2019-03-31,31.35,7324200000,7048600000.0,2286001000,498182000,178701000,3877300000,3877300000,None,49796000,None,1645600000,None,None,6008200000,None,None,319481000,None,None,None,0.147,,1743581000,542420000,334800000,1451900000,None,1704200000,None,,,,,2.847,7.74,4.743,,,,,,,,0.125,,3878600000,2025-10-28,quarterly,2.07,USD,pre-market,68372000,9131800000,0.0775,0.219,0.178,56.06,1743581000,7711800000,1291400000,None,263.31,264.77,0.0,20927600000,4751000000,4156000000,12660700000,16176600000,8504700000,4534832000,8220700000,38.18,-5265400000,284.56,219.93
2025-12-28,ECL,6.96,15890400000.0,38.18,None,0.982,23.46,,None,114700000,114700000,,,,,,,,,357000000,292200000,None,2248831000,2248831000,1255600000,None,400400000,2662500000,None,None,256935000,,2.6,0.0098,,,,0.065,0.0,547978000,804913000,2.07,2018-12-31,31.35,7078000000,7048600000.0,2286001000,498182000,178701000,3797700000,3797700000,None,49796000,None,1546400000,None,None,6300600000,None,None,319481000,None,None,None,0.147,,1743581000,542420000,354100000,1510000000,None,1269100000,None,,,,,2.847,7.74,4.743,,,,,,,,0.125,,3836000000,2025-10-28,quarterly,2.07,USD,pre-market,68372000,8909500000,0.0775,0.219,0.178,56.06,1743581000,7045200000,743600000,None,263.31,264.77,0.0,20074500000,4677700000,3685600000,12020900000,15396800000,8335300000,4534832000,8003200000,38.18,-5134800000,284.56,219.93
2025-12-28,ECL,6.96,15890400000.0,38.18,None,0.982,23.46,,None,203600000,203600000,,,,,,,,,356500000,293400000,None,2248831000,2248831000,1195300000,None,649700000,2652700000,None,None,256935000,,2.6,0.0098,,,,0.065,0.0,547978000,804913000,2.07,2018-09-30,31.35,7078400000,7048600000.0,2286001000,498182000,178701000,3820400000,3820400000,None,49796000,None,1587900000,None,None,6334800000,None,None,319481000,None,None,None,0.147,,1743581000,542420000,378100000,1728900000,None,1343200000,None,,,,,2.847,7.74,4.743,,,,,,,,0.125,,3778000000,2025-10-28,quarterly,2.07,USD,pre-market,68372000,8646900000,0.0775,0.219,0.178,56.06,1743581000,7104200000,769400000,0,263.31,264.77,0.0,19962600000,4822300000,3589800000,11979600000,15140300000,8389800000,4534832000,7929400000,38.18,-4894600000,284.56,219.93
2025-12-28,ECL,6.96,15890400000.0,38.18,None,0.982,23.46,,None,54200000,54200000,,,,,,,,,355900000,293300000,None,2248831000,2248831000,1242100000,None,647500000,2635400000,None,None,256935000,,2.6,0.0098,,,,0.065,0.0,547978000,804913000,2.07,2018-06-30,31.35,7190900000,7048600000.0,2286001000,498182000,178701000,3909800000,3909800000,None,49796000,None,1557600000,None,None,6343100000,None,None,319481000,None,None,None,0.147,,1743581000,542420000,360700000,1572700000,None,1387900000,None,,,,,2.847,7.74,4.743,,,,,,,,0.125,,3758700000,2025-10-28,quarterly,2.07,USD,pre-market,68372000,8329900000,0.0775,0.219,0.178,56.06,1743581000,7217600000,874500000,0,263.31,264.77,0.0,19951600000,4607900000,3623800000,12043100000,15343700000,8419300000,4534832000,7849500000,38.18,-4789200000,284.56,219.93
2025-12-28,ECL,6.96,15890400000.0,38.18,None,0.982,23.46,,None,175500000,175500000,,,,,,,,,355500000,292700000,None,2248831000,2248831000,1229100000,None,645700000,2574300000,None,None,256935000,,2.6,0.0098,,,,0.065,0.0,547978000,804913000,2.07,2018-03-31,31.35,7303000000,7048600000.0,2286001000,498182000,178701000,4012200000,4012200000,None,49796000,None,1541800000,None,None,6397700000,None,None,319481000,None,None,None,0.147,,1743581000,542420000,305200000,1675300000,None,1481100000,None,,,,,2.847,7.74,4.743,,,,,,,,0.125,,3779900000,2025-10-28,quarterly,2.07,USD,pre-market,68372000,8097000000,0.0775,0.219,0.178,56.06,1743581000,7415500000,1017800000,0,263.31,264.77,0.0,20184300000,4596800000,3982800000,12514400000,15587500000,8531600000,4534832000,7601000000,38.18,-4789700000,284.56,219.93
2025-12-28,ECL,6.96,15890400000.0,38.18,None,0.982,23.46,,None,211400000,211400000,,,,,,,,,354700000,293600000,None,2248831000,2248831000,1177100000,None,548700000,2574100000,None,None,256935000,,2.6,0.0098,,,,0.065,0.0,547978000,804913000,2.07,2017-12-31,31.35,7167100000,7048600000.0,2286001000,498182000,178701000,4017600000,4017600000,None,49796000,None,1445900000,None,None,6758300000,None,None,319481000,None,None,None,0.147,,1743581000,542420000,365000000,1297800000,None,1440800000,None,,,,,2.847,7.74,4.743,,,,,,,,0.125,,3707100000,2025-10-28,quarterly,2.07,USD,pre-market,68372000,8045400000,0.0775,0.219,0.178,56.06,1743581000,7322700000,564400000,0,263.31,264.77,0.0,19962400000,4596400000,3431800000,12273700000,15366000000,8834500000,4534832000,7618500000,38.18,-4575000000,284.56,219.93
2025-12-28,ECL,6.96,15890400000.0,38.18,None,0.982,23.46,,None,209100000,209100000,,,,,,,,,354200000,293400000,None,2248831000,2248831000,1115900000,None,810800000,2533200000,None,None,256935000,,2.6,0.0098,,,,0.065,0.0,547978000,804913000,2.07,2017-09-30,31.35,7154400000,7048600000.0,2286001000,498182000,178701000,4039600000,4039600000,None,49796000,None,1509000000,None,None,6484500000,None,None,319481000,None,None,None,0.147,,1743581000,542420000,363200000,1516000000,None,1286200000,None,,,,,2.847,7.74,4.743,,,,,,,,0.125,,3617200000,2025-10-28,quarterly,2.07,USD,pre-market,68372000,7598000000,0.0775,0.219,0.178,56.06,1743581000,7557500000,1073000000,0,263.31,264.77,0.0,19856700000,4614500000,3756600000,12557500000,15242200000,8800900000,4534832000,7222300000,38.18,-4563100000,284.56,219.93
2025-12-28,ECL,6.96,15890400000.0,38.18,None,0.982,23.46,,None,260700000,260700000,,,,,,,,,354100000,294100000,None,2248831000,2248831000,1123600000,None,7679900000,2446800000,None,None,256935000,,2.6,0.0098,,,,0.065,0.0,547978000,804913000,2.07,2017-06-30,31.35,7003800000,7048600000.0,2286001000,498182000,178701000,4061600000,4061600000,None,49796000,None,1469800000,None,None,5909300000,None,None,319481000,None,None,None,0.147,,1743581000,542420000,354800000,1371200000,None,1278300000,None,,,,,2.847,7.74,4.743,,,,,,,,0.125,,3497400000,2025-10-28,quarterly,2.07,USD,pre-market,68372000,7312600000,0.0775,0.219,0.178,56.06,1743581000,7679900000,1770600000,0,263.31,264.77,0.0,19523400000,4532100000,4318400000,12534700000,14991300000,8216300000,4534832000,6919700000,38.18,-4478600000,284.56,219.93
2025-12-28,ECL,6.96,15890400000.0,38.18,None,0.982,23.46,,None,212100000,212100000,,,,,,,,,353500000,295000000,None,2248831000,2248831000,1039300000,None,1699400000,2358000000,None,None,256935000,,2.6,0.0098,,,,0.065,0.0,547978000,804913000,2.07,2017-03-31,31.35,6947800000,7048600000.0,2286001000,498182000,178701000,4086000000,4086000000,None,49796000,None,1428300000,None,None,5841600000,None,None,319481000,None,None,None,0.147,,1743581000,542420000,308900000,1371400000,None,1221400000,None,,,,,2.847,7.74,4.743,,,,,,,,0.125,,3424900000,2025-10-28,quarterly,2.07,USD,pre-market,68372000,7123100000,0.0775,0.219,0.178,56.06,1743581000,7541000000,1699400000,0,263.31,264.77,0.0,19223000000,4307300000,4205300000,12344500000,14915700000,8139200000,4534832000,6809400000,38.18,-4315400000,284.56,219.93
2025-12-28,ECL,6.96,15890400000.0,38.18,None,0.982,23.46,,None,327400000,327400000,,,,,,,,,352600000,295500000,None,2248831000,2248831000,983200000,None,511400000,2446200000,None,None,256935000,,2.6,0.0098,,,,0.065,0.0,547978000,804913000,2.07,2016-12-31,31.35,6383000000,7048600000.0,2286001000,498182000,178701000,3817800000,3817800000,None,49796000,None,1319400000,None,None,6145700000,None,None,319481000,None,None,None,0.147,,1743581000,542420000,186400000,1407500000,None,1224000000,None,,,,,2.847,7.74,4.743,,,,,,,,0.125,,3365000000,2025-10-28,quarterly,2.07,USD,pre-market,68372000,6975000000,0.0775,0.219,0.178,56.06,1743581000,6687000000,541300000,0,263.31,264.77,0.0,18330200000,4279400000,3019400000,11359300000,14050800000,8339900000,4534832000,6901100000,38.18,-3984400000,284.56,219.93
2025-12-28,ECL,6.96,15890400000.0,38.18,None,0.982,23.46,,None,180600000,180600000,,,,,,,,,352300000,295700000,None,2248831000,2248831000,1022700000,None,1571200000,2349600000,None,None,256935000,,2.6,0.0098,,,,0.065,0.0,547978000,804913000,2.07,2016-09-30,31.35,6515500000,7048600000.0,2286001000,498182000,178701000,3914300000,3914300000,None,49796000,None,1342400000,None,None,5091400000,None,None,319481000,None,None,None,0.147,,1743581000,542420000,299400000,1496800000,None,1140900000,None,,,,,2.847,7.74,4.743,,,,,,,,0.125,,3292900000,2025-10-28,quarterly,2.07,USD,pre-market,68372000,6716700000,0.0775,0.219,0.178,56.06,1743581000,6662600000,1571200000,0,263.31,264.77,0.0,18378800000,4172000000,4174000000,11437000000,14206800000,7263000000,4534832000,6869600000,38.18,-3983200000,284.56,219.93
2025-12-28,ECL,6.96,15890400000.0,38.18,None,0.982,23.46,,None,167400000,167400000,,,,,,,,,351600000,296500000,None,2248831000,2248831000,977800000,None,1749900000,2318000000,None,None,256935000,,2.6,0.0098,,,,0.065,0.0,547978000,804913000,2.07,2016-06-30,31.35,6504400000,7048600000.0,2286001000,498182000,178701000,3978300000,3978300000,None,49796000,None,1331700000,None,None,5097000000,None,None,319481000,None,None,None,0.147,,1743581000,542420000,278300000,1424100000,None,1196200000,None,,,,,2.847,7.74,4.743,,,,,,,,0.125,,3257300000,2025-10-28,quarterly,2.07,USD,pre-market,68372000,6444600000,0.0775,0.219,0.178,56.06,1743581000,6846900000,1749900000,0,263.31,264.77,0.0,18224600000,4095400000,4238400000,11555000000,14129200000,7316600000,4534832000,6600500000,38.18,-3884100000,284.56,219.93
2025-12-28,ECL,6.96,15890400000.0,38.18,None,0.982,23.46,,None,268500000,268500000,,,,,,,,,351000000,298300000,None,2248831000,2248831000,986100000,None,1756600000,2248800000,None,None,256935000,,2.6,0.0098,,,,0.065,0.0,547978000,804913000,2.07,2016-03-31,31.35,6474900000,7048600000.0,2286001000,498182000,178701000,4031100000,4031100000,None,49796000,None,1386100000,None,None,5082800000,None,None,319481000,None,None,None,0.147,,1743581000,542420000,291500000,1358300000,None,1341000000,None,,,,,2.847,7.74,4.743,,,,,,,,0.125,,3227000000,2025-10-28,quarterly,2.07,USD,pre-market,68372000,6288300000,0.0775,0.219,0.178,56.06,1743581000,6839400000,1756600000,0,263.31,264.77,0.0,18341800000,4194900000,4159500000,11689700000,14146900000,7530200000,4534832000,6581400000,38.18,-3609800000,284.56,219.93
2025-12-28,ECL,6.96,15890400000.0,38.18,None,0.982,23.46,,None,92800000,92800000,,,,,,,,,350300000,300600000,None,2248831000,2248831000,1049600000,None,1569400000,2390200000,None,None,256935000,,2.6,0.0098,,,,0.065,0.0,547978000,804913000,2.07,2015-12-31,31.35,6490800000,7048600000.0,2286001000,498182000,178701000,4109200000,4109200000,None,49796000,None,1388200000,None,None,4260200000,None,None,319481000,None,None,None,0.147,,1743581000,542420000,576300000,1457300000,None,2636700000,None,,,,,2.847,7.74,4.743,,,,,,,,0.125,,3228300000,2025-10-28,quarterly,2.07,USD,pre-market,68372000,6160300000,0.0775,0.219,0.178,56.06,1743581000,6465500000,2205300000,0,263.31,264.77,0.0,18641700000,4447500000,4764400000,11661300000,14194200000,6896900000,4534832000,6909900000,38.18,-3263500000,284.56,219.93
2025-12-28,ECL,6.96,15890400000.0,38.18,None,0.982,23.46,,None,184800000,184800000,,,,,,,,,349500000,300000000,None,2248831000,2248831000,1034500000,None,None,2450000000,None,None,256935000,,2.6,0.0098,,,,0.065,0.0,547978000,804913000,2.07,2015-09-30,31.35,6499200000,7048600000.0,2286001000,498182000,178701000,4172400000,4172400000,None,49796000,None,1439200000,None,None,5753700000,None,None,319481000,None,None,None,0.147,,1743581000,542420000,568400000,1301900000,None,2730400000,None,,,,,2.847,7.74,4.743,,,,,,,,0.125,,3212200000,2025-10-28,quarterly,2.07,USD,pre-market,68372000,6055000000,0.0775,0.219,0.178,56.06,1743581000,6762800000,1009100000,0,263.31,264.77,0.0,18883300000,4642400000,3556600000,12040700000,14240900000,8484100000,4534832000,6783200000,38.18,-3239500000,284.56,219.93
2025-12-28,ECL,6.96,15890400000.0,38.18,None,0.982,23.46,,None,310600000,310600000,,,,,,,,,349300000,301100000,None,2248831000,2248831000,961000000,None,None,2494800000,None,None,256935000,,2.6,0.0098,,,,0.065,0.0,547978000,804913000,2.07,2015-06-30,31.35,6513400000,7048600000.0,2286001000,498182000,178701000,4231000000,4231000000,None,49796000,None,1462700000,None,None,5124200000,None,None,319481000,None,None,None,0.147,,1743581000,542420000,703000000,1254000000,None,2767500000,None,,,,,2.847,7.74,4.743,,,,,,,,0.125,,3123400000,2025-10-28,quarterly,2.07,USD,pre-market,68372000,5894700000,0.0775,0.219,0.178,56.06,1743581000,7309500000,2185300000,0,263.31,264.77,0.0,19217300000,4971100000,4446100000,12337800000,14246200000,7891700000,4534832000,6811600000,38.18,-3238900000,284.56,219.93
2025-12-28,ECL,6.96,15890400000.0,38.18,None,0.982,23.46,,None,237900000,237900000,,,,,,,,,348700000,303200000,None,2248831000,2248831000,950600000,None,None,2546900000,None,None,256935000,,2.6,0.0098,,,,0.065,0.0,547978000,804913000,2.07,2015-03-31,31.35,6529000000,7048600000.0,2286001000,498182000,178701000,4326700000,4326700000,None,49796000,None,1503000000,None,None,5408700000,None,None,319481000,None,None,None,0.147,,1743581000,542420000,634000000,1302400000,None,2786300000,None,,,,,2.847,7.74,4.743,,,,,,,,0.125,,3115100000,2025-10-28,quarterly,2.07,USD,pre-market,68372000,5690400000,0.0775,0.219,0.178,56.06,1743581000,7206200000,1797500000,0,263.31,264.77,0.0,19252000000,4921800000,4121000000,12316000000,14330200000,8195000000,4534832000,6871000000,38.18,-2862000000,284.56,219.93
2025-12-28,ECL,6.96,15890400000.0,38.18,None,0.982,23.46,,None,209600000,209600000,,,,,,,,,347700000,305600000,None,2248831000,2248831000,1162400000,None,754900000,2626700000,None,None,256935000,,2.6,0.0098,,,,0.065,0.0,547978000,804913000,2.07,2014-12-31,31.35,6717000000,7048600000.0,2286001000,498182000,178701000,4456800000,4456800000,None,49796000,None,1466900000,None,None,4864000000,None,None,319481000,None,None,None,0.147,,1743581000,542420000,549800000,1430200000,None,2834000000,None,,,,,2.847,7.74,4.743,,,,,,,,0.125,,3050600000,2025-10-28,quarterly,2.07,USD,pre-market,68372000,5555100000,0.0775,0.219,0.178,56.06,1743581000,6548200000,1705400000,0,263.31,264.77,0.0,19466700000,4871100000,4386600000,12084600000,14595600000,7698000000,4534832000,7315900000,38.18,-2509500000,284.56,219.93
2025-12-28,ECL,6.96,15890400000.0,38.18,None,0.982,23.46,,None,197800000,197800000,,,,,,,,,347200000,305700000,None,2248831000,2248831000,1047300000,None,None,2694400000,None,None,256935000,,2.6,0.0098,,,,0.065,0.0,547978000,804913000,2.07,2014-09-30,31.35,6849100000,7048600000.0,2286001000,498182000,178701000,4583100000,4583100000,None,49796000,None,1464400000,None,None,4874000000,None,None,319481000,None,None,None,0.147,,1743581000,542420000,515200000,1398600000,None,2590500000,None,,,,,2.847,7.74,4.743,,,,,,,,0.125,,2978500000,2025-10-28,quarterly,2.07,USD,pre-market,68372000,5318700000,0.0775,0.219,0.178,56.06,1743581000,6796800000,1927200000,500000,263.31,264.77,0.0,19685800000,4871800000,4455000000,11919500000,14814000000,7464500000,4534832000,7697900000,38.18,-2423300000,284.56,219.93
2025-12-28,ECL,6.96,15890400000.0,38.18,None,0.982,23.46,,None,187000000,187000000,,,,,,,,,346700000,305200000,None,2248831000,2248831000,1004500000,None,None,2637300000,None,None,256935000,,2.6,0.0098,,,,0.065,0.0,547978000,804913000,2.07,2014-06-30,31.35,6862900000,7048600000.0,2286001000,498182000,178701000,4635900000,4635900000,None,49796000,None,1414300000,None,None,5539100000,None,None,319481000,None,None,None,0.147,,1743581000,542420000,533500000,1328300000,None,2647700000,None,,,,,2.847,7.74,4.743,,,,,,,,0.125,,2938900000,2025-10-28,quarterly,2.07,USD,pre-market,68372000,5036300000,0.0775,0.219,0.178,56.06,1743581000,7128800000,1590700000,0,263.31,264.77,0.0,19613800000,4772100000,3966900000,12153700000,14841700000,8186800000,4534832000,7402900000,38.18,-2420700000,284.56,219.93
2025-12-28,ECL,6.96,15890400000.0,38.18,None,0.982,23.46,,None,300300000,300300000,,,,,,,,,346400000,306500000,None,2248831000,2248831000,951200000,None,None,2519600000,None,None,256935000,,2.6,0.0098,,,,0.065,0.0,547978000,804913000,2.07,2014-03-31,31.35,6856600000,7048600000.0,2286001000,498182000,178701000,4701300000,4701300000,None,49796000,None,1367100000,None,None,5696600000,None,None,319481000,None,None,None,0.147,,1743581000,542420000,516000000,1356500000,None,2689300000,None,,,,,2.847,7.74,4.743,,,,,,,,0.125,,2889000000,2025-10-28,quarterly,2.07,USD,pre-market,68372000,4807200000,0.0775,0.219,0.178,56.06,1743581000,7204000000,1257600000,0,263.31,264.77,0.0,19563400000,4703000000,3654600000,12290300000,14860400000,8635700000,4534832000,7210500000,38.18,-2326800000,284.56,219.93
2025-12-28,ECL,6.96,15890400000.0,38.18,None,0.982,23.46,,None,339200000,339200000,,,,,,,,,345100000,307500000,None,2248831000,2248831000,1021900000,None,None,2568000000,None,None,256935000,,2.6,0.0098,,,,0.065,0.0,547978000,804913000,2.07,2013-12-31,31.35,6862900000,7048600000.0,2286001000,498182000,178701000,4785300000,4785300000,None,49796000,None,1321900000,None,None,6043500000,None,None,319481000,None,None,None,0.147,,1743581000,542420000,469300000,1524900000,None,2694900000,None,,,,,2.847,7.74,4.743,,,,,,,,0.125,,2882000000,2025-10-28,quarterly,2.07,USD,pre-market,68372000,4699000000,0.0775,0.219,0.178,56.06,1743581000,6904500000,861000000,0,263.31,264.77,0.0,19636500000,4698400000,3488700000,12227100000,14938100000,8738400000,4534832000,7344300000,38.18,-2086600000,284.56,219.93
2025-12-28,ECL,6.96,15890400000.0,38.18,None,0.982,23.46,,None,394400000,394400000,,,,,,,,,344600000,307200000,None,2248831000,2248831000,926600000,None,None,2488900000,None,None,256935000,,2.6,0.0098,,,,0.065,0.0,547978000,804913000,2.07,2013-09-30,31.35,6812800000,7048600000.0,2286001000,498182000,178701000,4851100000,4851100000,None,49796000,None,1378100000,None,None,6537300000,None,None,319481000,None,None,None,0.147,,1743581000,542420000,534600000,1492200000,None,3029800000,None,,,,,2.847,7.74,4.743,,,,,,,,0.125,,2786100000,2025-10-28,quarterly,2.07,USD,pre-market,68372000,4494700000,0.0775,0.219,0.178,56.06,1743581000,7250500000,713200000,0,263.31,264.77,0.0,19613600000,4796000000,3200600000,12767700000,14817600000,9567100000,4534832000,6776400000,38.18,-2009700000,284.56,219.93
2025-12-28,ECL,6.96,15890400000.0,38.18,None,0.982,23.46,,None,375200000,375200000,,,,,,,,,344100000,307400000,None,2248831000,2248831000,912000000,None,None,2436300000,None,None,256935000,,2.6,0.0098,,,,0.065,0.0,547978000,804913000,2.07,2013-06-30,31.35,6862300000,7048600000.0,2286001000,498182000,178701000,4945000000,4945000000,None,49796000,None,1373300000,None,None,6635300000,None,None,319481000,None,None,None,0.147,,1743581000,542420000,513400000,1387700000,None,3034800000,None,,,,,2.847,7.74,4.743,,,,,,,,0.125,,2779100000,2025-10-28,quarterly,2.07,USD,pre-market,68372000,4255900000,0.0775,0.219,0.178,56.06,1743581000,7508200000,872900000,0,263.31,264.77,0.0,19654300000,4698200000,3245500000,12915600000,14956100000,9670100000,4534832000,6667500000,38.18,-1960400000,284.56,219.93
2025-12-28,ECL,6.96,15890400000.0,38.18,None,0.982,23.46,,None,824300000,824300000,,,,,,,,,343600000,300900000,None,2248831000,2248831000,845000000,None,None,2182100000,None,None,256935000,,2.6,0.0098,,,,0.065,0.0,547978000,804913000,2.07,2013-03-31,31.35,5908500000,7048600000.0,2286001000,498182000,178701000,4022500000,4022500000,None,49796000,None,1145300000,None,None,5737100000,None,None,319481000,None,None,None,0.147,,1743581000,542420000,451700000,1234000000,None,2642400000,None,,,,,2.847,7.74,4.743,,,,,,,,0.125,,2415500000,2025-10-28,quarterly,2.07,USD,pre-market,68372000,4112300000,0.0775,0.219,0.178,56.06,1743581000,6234200000,497100000,0,263.31,264.77,0.0,17296200000,4603400000,2684200000,11063700000,12692800000,8379500000,4534832000,6161700000,38.18,-2094700000,284.56,219.93
2025-12-28,ECL,6.96,15890400000.0,38.18,None,0.982,23.46,,None,1157800000,1157800000,,,,,,,,,342100000,299900000,None,2248831000,2248831000,879700000,None,None,2225100000,None,None,256935000,,2.6,0.0098,,,,0.065,0.0,547978000,804913000,2.07,2012-12-31,31.35,5920500000,7048600000.0,2286001000,498182000,178701000,4044100000,4044100000,None,49796000,None,1088100000,None,None,5736100000,None,None,319481000,None,None,None,0.147,,1743581000,542420000,421000000,1289800000,None,2623400000,None,,,,,2.847,7.74,4.743,,,,,,,,0.125,,2409100000,2025-10-28,quarterly,2.07,USD,pre-market,68372000,4020600000,0.0775,0.219,0.178,56.06,1743581000,6541900000,805800000,0,263.31,264.77,0.0,17572300000,4892000000,3052700000,11412200000,12680300000,8359500000,4534832000,6077000000,38.18,-2075100000,284.56,219.93
2025-12-28,ECL,6.96,15890400000.0,38.18,None,0.982,23.46,,None,324000000,324000000,,,,,,,,,340100000,298600000,None,2248831000,2248831000,858600000,None,None,2199000000,None,None,256935000,,2.6,0.0098,,,,0.065,0.0,547978000,804913000,2.07,2012-09-30,31.35,5893700000,7048600000.0,2286001000,498182000,178701000,4103300000,4103300000,None,49796000,None,1103800000,None,None,5386700000,None,None,319481000,None,None,None,0.147,,1743581000,542420000,446100000,1256100000,None,2491200000,None,,,,,2.847,7.74,4.743,,,,,,,,0.125,,2334200000,2025-10-28,quarterly,2.07,USD,pre-market,68372000,3856900000,0.0775,0.219,0.178,56.06,1743581000,6017700000,631000000,0,263.31,264.77,0.0,16722800000,4072900000,2818700000,10696600000,12649900000,7877900000,4534832000,5945400000,38.18,-2060500000,284.56,219.93
2025-12-28,ECL,6.96,15890400000.0,38.18,None,0.982,23.46,,None,304900000,304900000,,,,,,,,,339700000,298200000,None,2248831000,2248831000,785100000,None,None,2076900000,None,None,256935000,,2.6,0.0098,,,,0.065,0.0,547978000,804913000,2.07,2012-06-30,31.35,5821800000,7048600000.0,2286001000,498182000,178701000,4140900000,4140900000,None,49796000,None,1071700000,None,None,4879200000,None,None,319481000,None,None,None,0.147,,1743581000,542420000,455000000,1162200000,None,2433300000,None,,,,,2.847,7.74,4.743,,,,,,,,0.125,,2285100000,2025-10-28,quarterly,2.07,USD,pre-market,68372000,3677500000,0.0775,0.219,0.178,56.06,1743581000,6324500000,1445300000,0,263.31,264.77,0.0,16465400000,3908500000,3450700000,10763200000,12556900000,7312500000,4534832000,5621800000,38.18,-2059100000,284.56,219.93
2025-12-28,ECL,6.96,15890400000.0,38.18,None,0.982,23.46,,None,354000000,354000000,,,,,,,,,337500000,297900000,None,2248831000,2248831000,805100000,None,None,2049000000,None,None,256935000,,2.6,0.0098,,,,0.065,0.0,547978000,804913000,2.07,2012-03-31,31.35,5946800000,7048600000.0,2286001000,498182000,178701000,4237800000,4237800000,None,49796000,None,1087400000,None,None,4911000000,None,None,319481000,None,None,None,0.147,,1743581000,542420000,469400000,1218500000,None,2639000000,None,,,,,2.847,7.74,4.743,,,,,,,,0.125,,2331600000,2025-10-28,quarterly,2.07,USD,pre-market,68372000,3551300000,0.0775,0.219,0.178,56.06,1743581000,6257900000,1346900000,0,263.31,264.77,0.0,16861700000,3959800000,3506600000,11056600000,12901900000,7550000000,4534832000,5733200000,38.18,-1955600000,284.56,219.93
2025-12-28,ECL,6.96,15890400000.0,38.18,None,0.982,23.46,,None,1843600000,1843600000,,,,,,,,,336100000,291500000,None,2248831000,2248831000,815700000,None,None,2095300000,None,None,256935000,,2.6,0.0098,,,,0.065,0.0,547978000,804913000,2.07,2011-12-31,31.35,5855300000,7048600000.0,2286001000,498182000,178701000,4275200000,4275200000,None,49796000,None,1069600000,None,None,6613200000,None,None,319481000,None,None,None,0.147,,1743581000,542420000,387500000,1171800000,None,2720200000,None,,,,,2.847,7.74,4.743,,,,,,,,0.125,,2295400000,2025-10-28,quarterly,2.07,USD,pre-market,68372000,3559900000,0.0775,0.219,0.178,56.06,1743581000,7636200000,1023000000,0,263.31,264.77,0.0,18240800000,5396000000,3166300000,12499700000,12844800000,9333400000,4534832000,5666700000,38.18,-1865200000,284.56,219.93
2025-12-28,ECL,6.96,15890400000.0,38.18,None,0.982,23.46,,None,207300000,207300000,,,,,,,,,335100000,236100000,None,2248831000,2248831000,413400000,None,None,1143100000,None,None,256935000,,2.6,0.0098,,,,0.065,0.0,547978000,804913000,2.07,2011-09-30,31.35,1504000000,7048600000.0,2286001000,498182000,178701000,418800000,418800000,None,49796000,None,504900000,None,None,700200000,None,None,319481000,None,None,None,0.147,,1743581000,542420000,235700000,831000000,None,716800000,None,,,,,2.847,7.74,4.743,,,,,,,,0.125,,1218200000,2025-10-28,quarterly,2.07,USD,pre-market,68372000,3531200000,0.0775,0.219,0.178,56.06,1743581000,1037000000,336800000,0,263.31,264.77,0.0,5505600000,2091000000,1617700000,3034700000,3414600000,1417000000,4534832000,2467000000,38.18,-2643400000,284.56,219.93
2025-12-28,ECL,6.96,15890400000.0,38.18,None,0.982,23.46,,None,163200000,163200000,,,,,,,,,334900000,236100000,None,2248831000,2248831000,400500000,None,None,1106700000,None,None,256935000,,2.6,0.0098,,,,0.065,0.0,547978000,804913000,2.07,2011-06-30,31.35,1503300000,7048600000.0,2286001000,498182000,178701000,429800000,429800000,None,49796000,None,495500000,None,None,703300000,None,None,319481000,None,None,None,0.147,,1743581000,542420000,228800000,798700000,None,722100000,None,,,,,2.847,7.74,4.743,,,,,,,,0.125,,1212700000,2025-10-28,quarterly,2.07,USD,pre-market,68372000,3417500000,0.0775,0.219,0.178,56.06,1743581000,1106800000,403500000,0,263.31,264.77,0.0,5407400000,1994200000,1639600000,3065000000,3413200000,1425400000,4534832000,2338200000,38.18,-2643200000,284.56,219.93
2025-12-28,ECL,6.96,15890400000.0,38.18,None,0.982,23.46,,None,151400000,151400000,,,,,,,,,333700000,235900000,None,2248831000,2248831000,359700000,None,None,1042600000,None,None,256935000,,2.6,0.0098,,,,0.065,0.0,547978000,804913000,2.07,2011-03-31,31.35,1465100000,7048600000.0,2286001000,498182000,178701000,439700000,439700000,None,49796000,None,480200000,None,None,683700000,None,None,319481000,None,None,None,0.147,,1743581000,542420000,214700000,725300000,None,713700000,None,,,,,2.847,7.74,4.743,,,,,,,,0.125,,1192500000,2025-10-28,quarterly,2.07,USD,pre-market,68372000,3332100000,0.0775,0.219,0.178,56.06,1743581000,1190100000,506400000,0,263.31,264.77,0.0,5262300000,1888900000,1650200000,3047600000,3373400000,1397400000,4534832000,2210600000,38.18,-2591500000,284.56,219.93
2025-12-28,ECL,6.96,15890400000.0,38.18,None,0.982,23.46,,None,242300000,242300000,,,,,,,,,333100000,232000000,None,2248831000,2248831000,349300000,None,None,999600000,None,None,256935000,,2.6,0.0098,,,,0.065,0.0,547978000,804913000,2.07,2010-12-31,31.35,1329300000,7048600000.0,2286001000,498182000,178701000,282500000,282500000,None,49796000,None,447600000,None,None,656400000,None,None,319481000,None,None,None,0.147,,1743581000,542420000,180400000,700400000,None,758000000,None,,,,,2.847,7.74,4.743,,,,,,,,0.125,,1148300000,2025-10-28,quarterly,2.07,USD,pre-market,68372000,3279100000,0.0775,0.219,0.178,56.06,1743581000,845600000,189200000,0,263.31,264.77,0.0,4872200000,1869900000,1324800000,2739200000,3002300000,1414400000,4534832000,2129200000,38.18,-2521300000,284.56,219.93
2025-12-28,ECL,6.96,15890400000.0,38.18,None,0.982,23.46,,None,168400000,168400000,,,,,,,,,332500000,237000000,None,2248831000,2248831000,346900000,None,None,1019800000,None,None,256935000,,2.6,0.0098,,,,0.065,0.0,547978000,804913000,2.07,2010-09-30,31.35,1313800000,7048600000.0,2286001000,498182000,178701000,291200000,291200000,None,49796000,None,456500000,None,None,647300000,None,None,319481000,None,None,None,0.147,,1743581000,542420000,209800000,430400000,None,807800000,None,,,,,2.847,7.74,4.743,,,,,,,,0.125,,1137300000,2025-10-28,quarterly,2.07,USD,pre-market,68372000,3188400000,0.0775,0.219,0.178,56.06,1743581000,990900000,343600000,0,263.31,264.77,0.0,4861500000,1854500000,1438600000,2893700000,3007000000,1455100000,4534832000,1964200000,38.18,-2517800000,284.56,219.93
2025-12-28,ECL,6.96,15890400000.0,38.18,None,0.982,23.46,,None,121300000,121300000,,,,,,,,,331200000,237400000,None,2248831000,2248831000,324000000,None,None,950100000,None,None,256935000,,2.6,0.0098,,,,0.065,0.0,547978000,804913000,2.07,2010-06-30,31.35,1272100000,7048600000.0,2286001000,498182000,178701000,277800000,277800000,None,49796000,None,441300000,None,None,637000000,None,None,319481000,None,None,None,0.147,,1743581000,542420000,222600000,666700000,None,825300000,None,,,,,2.847,7.74,4.743,,,,,,,,0.125,,1124000000,2025-10-28,quarterly,2.07,USD,pre-market,68372000,3050100000,0.0775,0.219,0.178,56.06,1743581000,963700000,326700000,0,263.31,264.77,0.0,4663800000,1735300000,1339900000,2802200000,2928500000,1462300000,4534832000,1858300000,38.18,-2375100000,284.56,219.93
2025-12-28,ECL,6.96,15890400000.0,38.18,None,0.982,23.46,,None,85300000,85300000,,,,,,,,,330300000,239000000,None,2248831000,2248831000,316000000,None,None,950200000,None,None,256935000,,2.6,0.0098,,,,0.065,0.0,547978000,804913000,2.07,2010-03-31,31.35,1342200000,7048600000.0,2286001000,498182000,178701000,295600000,295600000,None,49796000,None,468900000,None,None,677900000,None,None,319481000,None,None,None,0.147,,1743581000,542420000,213900000,662000000,None,852800000,None,,,,,2.847,7.74,4.743,,,,,,,,0.125,,1141800000,2025-10-28,quarterly,2.07,USD,pre-market,68372000,2957100000,0.0775,0.219,0.178,56.06,1743581000,1039000000,361100000,0,263.31,264.77,0.0,4769200000,1718300000,1370000000,2900700000,3050900000,1530700000,4534832000,1860700000,38.18,-2317900000,284.56,219.93
2025-12-28,ECL,6.96,15890400000.0,38.18,None,0.982,23.46,,None,73600000,73600000,,,,,,,,,329800000,235400000,None,2248831000,2248831000,360900000,None,None,1016100000,None,None,256935000,,2.6,0.0098,,,,0.065,0.0,547978000,804913000,2.07,2009-12-31,31.35,1414100000,7048600000.0,2286001000,498182000,178701000,312500000,312500000,None,49796000,None,493400000,None,None,868800000,None,None,319481000,None,None,None,0.147,,1743581000,542420000,231100000,769000000,None,892300000,None,,,,,2.847,7.74,4.743,,,,,,,,0.125,,1176200000,2025-10-28,quarterly,2.07,USD,pre-market,68372000,2898100000,0.0775,0.219,0.178,56.06,1743581000,967300000,98500000,0,263.31,264.77,0.0,5020900000,1814200000,1250200000,3011300000,3206700000,1761100000,4534832000,2000900000,38.18,-2173400000,284.56,219.93
2025-12-28,ECL,6.96,15890400000.0,38.18,None,0.982,23.46,,None,107500000,107500000,,,,,,,,,329500000,240600000,None,2248831000,2248831000,367300000,None,None,1013000000,None,None,256935000,,2.6,0.0098,,,,0.065,0.0,547978000,804913000,2.07,2009-09-30,31.35,1369800000,7048600000.0,2286001000,498182000,178701000,312200000,312200000,None,49796000,None,474800000,None,None,850000000,None,None,319481000,None,None,None,0.147,,1743581000,542420000,220700000,773600000,None,875900000,None,,,,,2.847,7.74,4.743,,,,,,,,0.125,,1149100000,2025-10-28,quarterly,2.07,USD,pre-market,68372000,2819200000,0.0775,0.219,0.178,56.06,1743581000,971000000,121000000,0,263.31,264.77,0.0,4988800000,1816000000,1292900000,3018800000,3172800000,1725900000,4534832000,1961800000,38.18,-2116300000,284.56,219.93
2025-12-28,ECL,6.96,15890400000.0,38.18,None,0.982,23.46,,None,82700000,82700000,,,,,,,,,328400000,239500000,None,2248831000,2248831000,343700000,None,None,970600000,None,None,256935000,,2.6,0.0098,,,,0.065,0.0,547978000,804913000,2.07,2009-06-30,31.35,1356400000,7048600000.0,2286001000,498182000,178701000,319300000,319300000,None,49796000,None,476700000,None,None,842800000,None,None,319481000,None,None,None,0.147,,1743581000,542420000,219900000,717200000,None,None,None,,,,,2.847,7.74,4.743,,,,,,,,0.125,,1142900000,2025-10-28,quarterly,2.07,USD,pre-market,68372000,2707400000,0.0775,0.219,0.178,56.06,1743581000,1084600000,241800000,0,263.31,264.77,0.0,4928300000,1749900000,1339900000,3116200000,3178400000,1776300000,4534832000,1804100000,38.18,-2105200000,284.56,219.93
2025-12-28,ECL,6.96,15890400000.0,38.18,None,0.982,23.46,,None,79500000,79500000,,,,,,,,,328000000,238100000,None,2248831000,2248831000,308900000,None,None,913300000,None,None,256935000,,2.6,0.0098,,,,0.065,0.0,547978000,804913000,2.07,2009-03-31,31.35,1260800000,7048600000.0,2286001000,498182000,178701000,317600000,317600000,None,49796000,None,467600000,None,None,797800000,None,None,319481000,None,None,None,0.147,,1743581000,542420000,222700000,659600000,None,None,None,,,,,2.847,7.74,4.743,,,,,,,,0.125,,1114000000,2025-10-28,quarterly,2.07,USD,pre-market,68372000,2641400000,0.0775,0.219,0.178,56.06,1743581000,1218400000,420600000,None,263.31,264.77,0.0,4703800000,1683100000,1421400000,3111700000,3020700000,1690300000,4534832000,1584900000,38.18,-2105000000,284.56,219.93
2025-12-28,ECL,6.96,15890400000.0,38.18,None,0.982,23.46,,None,66700000,66700000,,,,,,,,,328000000,236100000,None,2248831000,2248831000,359600000,None,None,971000000,None,None,256935000,,2.6,0.0098,,,,0.065,0.0,547978000,804913000,2.07,2008-12-31,31.35,1267700000,7048600000.0,2286001000,498182000,178701000,326700000,326700000,None,49796000,None,467200000,None,None,799300000,None,None,319481000,None,None,None,0.147,,1743581000,542420000,186200000,743400000,None,None,None,,,,,2.847,7.74,4.743,,,,,,,,0.125,,1135200000,2025-10-28,quarterly,2.07,USD,pre-market,68372000,2617000000,0.0775,0.219,0.178,56.06,1743581000,1138200000,338900000,None,263.31,264.77,0.0,4756900000,1691100000,1441900000,3185300000,3065800000,1743400000,4534832000,1571600000,38.18,-2104800000,284.56,219.93
2025-12-28,ECL,6.96,15890400000.0,38.18,None,0.982,23.46,,None,102100000,102100000,,,,,,,,,327900000,251800000,None,2248831000,2248831000,394900000,None,None,1100800000,None,None,256935000,,2.6,0.0098,,,,0.065,0.0,547978000,804913000,2.07,2008-09-30,31.35,1391900000,7048600000.0,2286001000,498182000,178701000,355900000,355900000,None,49796000,None,500200000,None,None,859400000,None,None,319481000,None,None,None,0.147,,1743581000,542420000,191100000,764100000,None,None,None,,,,,2.847,7.74,4.743,,,,,,,,0.125,,1161300000,2025-10-28,quarterly,2.07,USD,pre-market,68372000,2570100000,0.0775,0.219,0.178,56.06,1743581000,1038400000,179000000,None,263.31,264.77,0.0,5113900000,1894200000,1338000000,2880600000,3219700000,1542600000,4534832000,2233300000,38.18,-1788600000,284.56,219.93
2025-12-28,ECL,6.96,15890400000.0,38.18,None,0.982,23.46,,None,222000000,222000000,,,,,,,,,327400000,251400000,None,2248831000,2248831000,399100000,None,None,1082100000,None,None,256935000,,2.6,0.0098,,,,0.065,0.0,547978000,804913000,2.07,2008-06-30,31.35,1439600000,7048600000.0,2286001000,498182000,178701000,374800000,374800000,None,49796000,None,499100000,None,None,876000000,None,None,319481000,None,None,None,0.147,,1743581000,542420000,189300000,755300000,None,None,None,,,,,2.847,7.74,4.743,,,,,,,,0.125,,1157300000,2025-10-28,quarterly,2.07,USD,pre-market,68372000,2476100000,0.0775,0.219,0.178,56.06,1743581000,1252100000,376100000,None,263.31,264.77,0.0,5355500000,1992500000,1561700000,3156800000,3363000000,1595100000,4534832000,2198700000,38.18,-1787600000,284.56,219.93
2025-12-28,ECL,6.96,15890400000.0,38.18,None,0.982,23.46,,None,219500000,219500000,,,,,,,,,327100000,251500000,None,2248831000,2248831000,387400000,None,None,1026200000,None,None,256935000,,2.6,0.0098,,,,0.065,0.0,547978000,804913000,2.07,2008-03-31,31.35,1422400000,7048600000.0,2286001000,498182000,178701000,385200000,385200000,None,49796000,None,475700000,None,None,864900000,None,None,319481000,None,None,None,0.147,,1743581000,542420000,169600000,726700000,None,None,None,,,,,2.847,7.74,4.743,,,,,,,,0.125,,1131800000,2025-10-28,quarterly,2.07,USD,pre-market,68372000,2369200000,0.0775,0.219,0.178,56.06,1743581000,1308900000,444000000,None,263.31,264.77,0.0,5234300000,1891000000,1604200000,3174900000,3343300000,1570700000,4534832000,2059400000,38.18,-1786000000,284.56,219.93
2025-12-28,ECL,6.96,15890400000.0,38.18,None,0.982,23.46,,None,137400000,137400000,,,,,,,,,326500000,247000000,None,2248831000,2248831000,343700000,None,None,974000000,None,None,256935000,,2.6,0.0098,,,,0.065,0.0,547978000,804913000,2.07,2007-12-31,31.35,1279200000,7048600000.0,2286001000,498182000,178701000,328900000,328900000,None,49796000,None,450800000,None,None,599900000,None,None,319481000,None,None,None,0.147,,1743581000,542420000,155100000,771100000,None,None,None,,,,,2.847,7.74,4.743,,,,,,,,0.125,,1083400000,2025-10-28,quarterly,2.07,USD,pre-market,68372000,2298400000,0.0775,0.219,0.178,56.06,1743581000,1003400000,403500000,None,263.31,264.77,0.0,4722800000,1717300000,1518300000,2787100000,3005500000,1268800000,4534832000,1935700000,38.18,-1767500000,284.56,219.93
2025-12-28,ECL,6.96,15890400000.0,38.18,None,0.982,23.46,,None,106800000,106800000,,,,,,,,,325200000,249700000,None,2248831000,2248831000,316000000,None,None,969400000,None,None,256935000,,2.6,0.0098,,,,0.065,0.0,547978000,804913000,2.07,2007-09-30,31.35,1086300000,7048600000.0,2286001000,498182000,178701000,229700000,229700000,None,49796000,None,396000000,None,None,569900000,None,None,319481000,None,None,None,0.147,,1743581000,542420000,132800000,708100000,None,None,None,,,,,2.847,7.74,4.743,,,,,,,,0.125,,1019800000,2025-10-28,quarterly,2.07,USD,pre-market,68372000,2217100000,0.0775,0.219,0.178,56.06,1743581000,835200000,265300000,None,263.31,264.77,0.0,4263200000,1605000000,1322000000,2561800000,2658200000,1239800000,4534832000,1701400000,38.18,-1760800000,284.56,219.93
2025-12-28,ECL,6.96,15890400000.0,38.18,None,0.982,23.46,,None,72200000,72200000,,,,,,,,,324400000,250700000,None,2248831000,2248831000,338100000,None,None,930800000,None,None,256935000,,2.6,0.0098,,,,0.065,0.0,547978000,804913000,2.07,2007-06-30,31.35,1064000000,7048600000.0,2286001000,498182000,178701000,229400000,229400000,None,49796000,None,387900000,None,None,563900000,None,None,319481000,None,None,None,0.147,,1743581000,542420000,148700000,634700000,None,None,None,,,,,2.847,7.74,4.743,,,,,,,,0.125,,987500000,2025-10-28,quarterly,2.07,USD,pre-market,68372000,2131300000,0.0775,0.219,0.178,56.06,1743581000,859100000,295200000,None,263.31,264.77,0.0,4140400000,1539600000,1287500000,2550700000,2600800000,1263200000,4534832000,1589700000,38.18,-1738600000,284.56,219.93
2025-12-28,ECL,6.96,15890400000.0,38.18,None,0.982,23.46,,None,54200000,54200000,,,,,,,,,323600000,254500000,None,2248831000,2248831000,327100000,None,None,882300000,None,None,256935000,,2.6,0.0098,,,,0.065,0.0,547978000,804913000,2.07,2007-03-31,31.35,1036800000,7048600000.0,2286001000,498182000,178701000,228700000,228700000,None,49796000,None,368900000,None,None,557300000,None,None,319481000,None,None,None,0.147,,1743581000,542420000,151800000,588300000,None,None,None,,,,,2.847,7.74,4.743,,,,,,,,0.125,,955800000,2025-10-28,quarterly,2.07,USD,pre-market,68372000,2049300000,0.0775,0.219,0.178,56.06,1743581000,791700000,234400000,None,263.31,264.77,0.0,3993400000,1457200000,1149800000,2392000000,2536200000,1242200000,4534832000,1601400000,38.18,-1584900000,284.56,219.93
2025-12-28,ECL,6.96,15890400000.0,38.18,None,0.982,23.46,,None,484029000,484029000,,,,,,,,,322578000,249700000,None,2248831000,2248831000,330900000,None,None,867600000,None,None,256935000,,2.6,0.0098,,,,0.065,0.0,547978000,804913000,2.07,2006-12-31,31.35,1035929000,7048600000.0,2286001000,498182000,178701000,223787000,223787000,None,49796000,None,364886000,None,None,557058000,None,None,319481000,None,None,None,0.147,,1743581000,542420000,137028000,662852000,None,None,None,,,,,2.847,7.74,4.743,,,,,,,,0.125,,951569000,2025-10-28,quarterly,2.07,USD,pre-market,68372000,1983272000,0.0775,0.219,0.178,56.06,1743581000,1066100000,508978000,None,263.31,264.77,0.0,4419365000,1853557000,1502730000,2739135000,2565808000,1236405000,4534832000,1680230000,38.18,-1397281000,284.56,219.93
2025-12-28,ECL,6.96,15890400000.0,38.18,None,0.982,23.46,,None,54192000,54192000,,,,,,,,,321860000,256700000,None,2248831000,2248831000,310597000,None,None,866214000,None,None,256935000,,2.6,0.0098,,,,0.065,0.0,547978000,804913000,2.07,2006-09-30,31.35,1022119000,7048600000.0,2286001000,498182000,178701000,222749000,222749000,None,49796000,None,354225000,None,None,542948000,None,None,319481000,None,None,None,0.147,,1743581000,542420000,131660000,645366000,None,None,None,,,,,2.847,7.74,4.743,,,,,,,,0.125,,874793000,2025-10-28,quarterly,2.07,USD,pre-market,68372000,1924982000,0.0775,0.219,0.178,56.06,1743581000,732956000,190008000,None,263.31,264.77,0.0,4006876000,1406291000,1145971000,2243757000,2600585000,1097786000,4534832000,1763119000,38.18,-1367823000,284.56,219.93
2025-12-28,ECL,6.96,15890400000.0,38.18,None,0.982,23.46,,None,105885000,105885000,,,,,,,,,320831000,256692000,None,2248831000,2248831000,274803000,None,None,831762000,None,None,256935000,,2.6,0.0098,,,,0.065,0.0,547978000,804913000,2.07,2006-06-30,31.35,977384000,7048600000.0,2286001000,498182000,178701000,200401000,200401000,None,49796000,None,348117000,None,None,544846000,None,None,319481000,None,None,None,0.147,,1743581000,542420000,132605000,574923000,None,None,None,,,,,2.847,7.74,4.743,,,,,,,,0.125,,864894000,2025-10-28,quarterly,2.07,USD,pre-market,68372000,1839768000,0.0775,0.219,0.178,56.06,1743581000,807451000,262605000,None,263.31,264.77,0.0,3911283000,1418369000,1141159000,2213297000,2492914000,1072138000,4534832000,1697986000,38.18,-1307762000,284.56,219.93
2025-12-28,ECL,6.96,15890400000.0,38.18,None,0.982,23.46,,None,62934000,62934000,,,,,,,,,320028000,258100000,None,2248831000,2248831000,266644000,None,None,769695000,None,None,256935000,,2.6,0.0098,,,,0.065,0.0,547978000,804913000,2.07,2006-03-31,31.35,944802000,7048600000.0,2286001000,498182000,178701000,198743000,198743000,None,49796000,None,341556000,None,None,522382000,None,None,319481000,None,None,None,0.147,,1743581000,542420000,135230000,568948000,None,None,None,,,,,2.847,7.74,4.743,,,,,,,,0.125,,841977000,2025-10-28,quarterly,2.07,USD,pre-market,68372000,1771736000,0.0775,0.219,0.178,56.06,1743581000,714003000,191621000,None,263.31,264.77,0.0,3748315000,1309415000,1027213000,2059955000,2438900000,1032742000,4534832000,1688360000,38.18,-1198239000,284.56,219.93
2025-12-28,ECL,6.96,15890400000.0,38.18,None,0.982,23.46,,None,104378000,104378000,,,,,,,,,318603000,253540000,None,2248831000,2248831000,277635000,None,None,743520000,None,None,256935000,,2.6,0.0098,,,,0.065,0.0,547978000,804913000,2.07,2005-12-31,31.35,937019000,7048600000.0,2286001000,498182000,178701000,202936000,202936000,None,49796000,None,325574000,None,None,519374000,None,None,319481000,None,None,None,0.147,,1743581000,542420000,123131000,614795000,None,None,None,,,,,2.847,7.74,4.743,,,,,,,,0.125,,835503000,2025-10-28,quarterly,2.07,USD,pre-market,68372000,1719201000,0.0775,0.219,0.178,56.06,1743581000,746301000,226927000,125063000,263.31,264.77,0.0,3796628000,1421666000,1119357000,2147418000,2374962000,1028061000,4534832000,1649210000,38.18,-1125786000,284.56,219.93
2025-12-28,ECL,6.96,15890400000.0,38.18,None,0.982,23.46,,None,165308000,165308000,,,,,,,,,317966000,259911000,None,2248831000,2248831000,264196000,None,None,801981000,None,None,256935000,,2.6,0.0098,,,,0.065,0.0,547978000,804913000,2.07,2005-09-30,31.35,964888000,7048600000.0,2286001000,498182000,178701000,1178523000,1178523000,None,49796000,None,337518000,None,None,539019000,None,None,319481000,None,None,None,0.147,,1743581000,542420000,142758000,632327000,None,None,None,,,,,2.847,7.74,4.743,,,,,,,,0.125,,837850000,2025-10-28,quarterly,2.07,USD,pre-market,68372000,1783722000,0.0775,0.219,0.178,56.06,1743581000,708548000,169529000,None,263.31,264.77,0.0,3828582000,1447565000,1066052000,2184252000,2381017000,1118200000,4534832000,1644330000,38.18,-1039188000,284.56,219.93
2025-12-28,ECL,6.96,15890400000.0,38.18,None,0.982,23.46,,717800000,1256800000,1256800000,,,,,,,,,367800000,286600000,None,2248831000,2248831000,1810000000,None,615700000,3028300000,None,None,256935000,,2.6,0.0098,,,,0.065,0.0,547978000,804913000,2.07,2024-12-31,31.35,7907300000,7048600000.0,2286001000,498182000,178701000,3308800000,3308800000,None,49796000,None,1464900000,None,None,6949200000,None,None,319481000,None,None,None,0.147,,1743581000,542420000,275700000,2122800000,None,366200000,None,,,,,2.847,7.74,4.743,,,,,,,,0.125,,4475600000,2025-10-28,annual,2.07,USD,pre-market,68372000,11517100000,0.0775,0.219,0.178,56.06,1743581000,8282700000,758000000,None,263.31,264.77,0.0,22387800000,6025700000,4792800000,13598600000,16362100000,8805800000,4534832000,8757300000,38.18,None,284.56,219.93
2025-12-28,ECL,6.96,15890400000.0,38.18,None,0.982,23.46,,551600000,919500000,919500000,,,,,,,,,365700000,286500000,None,2248831000,2248831000,1566300000,None,630400000,3021100000,None,None,256935000,,2.6,0.0098,,,,0.065,0.0,547978000,804913000,2.07,2023-12-31,31.35,8148200000,7048600000.0,2286001000,498182000,178701000,3493500000,3493500000,None,49796000,None,1497200000,None,None,7551400000,None,None,319481000,None,None,None,0.147,,1743581000,542420000,206300000,1753400000,None,381800000,None,,,,,2.847,7.74,4.743,,,,,,,,0.125,,4028100000,2025-10-28,annual,2.07,USD,pre-market,68372000,10075400000,0.0775,0.219,0.178,56.06,1743581000,8733400000,756500000,None,263.31,264.77,0.0,21846600000,5644100000,4345800000,13774400000,16202500000,9428600000,4534832000,8044700000,38.18,None,284.56,219.93
2025-12-28,ECL,6.96,15890400000.0,38.18,None,0.982,23.46,,337800000,598600000,598600000,,,,,,,,,364700000,286600000,None,2248831000,2248831000,1728200000,None,505100000,2882200000,None,None,256935000,,2.6,0.0098,,,,0.065,0.0,547978000,804913000,2.07,2022-12-31,31.35,8012700000,7048600000.0,2286001000,498182000,178701000,3680700000,3680700000,None,49796000,None,1792800000,None,None,8075300000,None,None,319481000,None,None,None,0.147,,1743581000,542420000,220600000,1554700000,None,406300000,None,,,,,2.847,7.74,4.743,,,,,,,,0.125,,3741600000,2025-10-28,annual,2.07,USD,pre-market,68372000,9318800000,0.0775,0.219,0.178,56.06,1743581000,9026500000,613400000,None,263.31,264.77,0.0,21464300000,5494200000,4210400000,14205700000,15970100000,9995300000,4534832000,7236100000,38.18,-7301000000,284.56,219.93
2025-12-28,ECL,6.96,15890400000.0,38.18,None,0.982,23.46,,282600000,359900000,359900000,,,,,,,,,364100000,289100000,None,2248831000,2248831000,1384200000,None,411000000,2629700000,None,None,256935000,,2.6,0.0098,,,,0.065,0.0,547978000,804913000,2.07,2021-12-31,31.35,8063900000,7048600000.0,2286001000,498182000,178701000,4224100000,4224100000,None,49796000,None,1491800000,None,None,8347200000,None,None,319481000,None,None,None,0.147,,1743581000,542420000,205700000,1446900000,None,254100000,None,,,,,2.847,7.74,4.743,,,,,,,,0.125,,3685300000,2025-10-28,annual,2.07,USD,pre-market,68372000,8814500000,0.0775,0.219,0.178,56.06,1743581000,9155900000,526100000,None,263.31,264.77,0.0,21206400000,4687100000,3553200000,13953300000,16519300000,10400100000,4534832000,7224200000,38.18,-6784200000,284.56,219.93
2025-12-28,ECL,6.96,15890400000.0,38.18,None,0.982,23.46,,300500000,1260200000,1260200000,,,,,,,,,362600000,287000000,None,2248831000,2248831000,1160600000,None,17300000,2442400000,None,None,256935000,,2.6,0.0098,,,,0.065,0.0,547978000,804913000,2.07,2020-12-31,31.35,6006900000,7048600000.0,2286001000,498182000,178701000,2977000000,2977000000,None,49796000,None,1285200000,None,None,6669300000,None,None,319481000,None,None,None,0.147,,1743581000,542420000,129600000,1452200000,None,1839100000,None,,,,,2.847,7.74,4.743,,,,,,,,0.125,,3124900000,2025-10-28,annual,2.07,USD,pre-market,68372000,8243000000,0.0775,0.219,0.178,56.06,1743581000,7112700000,142900000,None,263.31,264.77,0.0,18126000000,5117400000,2932200000,11924500000,13008600000,8992300000,4534832000,6166500000,38.18,-6679700000,284.56,219.93
2025-12-28,ECL,6.96,15890400000.0,38.18,None,0.982,23.46,,578400000,118800000,118800000,,,,,,,,,359600000,292500000,None,2248831000,2248831000,1075300000,None,380600000,2489000000,None,None,256935000,,2.6,0.0098,,,,0.065,0.0,547978000,804913000,2.07,2019-12-31,31.35,5569100000,7048600000.0,2286001000,498182000,178701000,2927500000,2927500000,None,49796000,None,1081600000,None,None,5973500000,None,None,319481000,None,None,None,0.147,,1743581000,542420000,1139000000,1736100000,None,1798800000,None,,,,,2.847,7.74,4.743,,,,,,,,0.125,,3954900000,2025-10-28,annual,2.07,USD,pre-market,68372000,9993700000,0.0775,0.219,0.178,56.06,1743581000,6821800000,502700000,None,263.31,264.77,0.0,20869100000,4828400000,3630600000,12143300000,16040700000,8512700000,4534832000,8685300000,38.18,-5485400000,284.56,219.93
2025-12-28,ECL,6.96,15890400000.0,38.18,None,0.982,23.46,,None,114700000,114700000,,,,,,,,,357000000,292800000,None,2248831000,2248831000,1255600000,None,743600000,2662500000,None,None,256935000,,2.6,0.0098,,,,0.065,0.0,547978000,804913000,2.07,2018-12-31,31.35,7078000000,7048600000.0,2286001000,498182000,178701000,3797700000,3797700000,None,49796000,None,1546400000,None,None,6301600000,None,None,319481000,None,None,None,0.147,,1743581000,542420000,354100000,1510000000,None,1269100000,None,,,,,2.847,7.74,4.743,,,,,,,,0.125,,3836000000,2025-10-28,annual,2.07,USD,pre-market,68372000,8909500000,0.0775,0.219,0.178,56.06,1743581000,7045200000,743600000,42800000,263.31,264.77,0.0,20074500000,4677700000,3685600000,12020900000,15396800000,8335300000,4534832000,8003200000,38.18,-5134800000,284.56,219.93
2025-12-28,ECL,6.96,15890400000.0,38.18,None,0.982,23.46,,None,211400000,211400000,,,,,,,,,354700000,294000000,None,2248831000,2248831000,1177100000,None,564400000,2571400000,None,None,256935000,,2.6,0.0098,,,,0.065,0.0,547978000,804913000,2.07,2017-12-31,31.35,7167100000,7048600000.0,2286001000,498182000,178701000,4017600000,4017600000,None,49796000,None,1445900000,None,None,6758300000,None,None,319481000,None,None,None,0.147,,1743581000,542420000,365000000,1420200000,None,1440800000,None,,,,,2.847,7.74,4.743,,,,,,,,0.125,,3707100000,2025-10-28,annual,2.07,USD,pre-market,68372000,8045400000,0.0775,0.219,0.178,56.06,1743581000,7322700000,564400000,28800000,263.31,264.77,0.0,19962400000,4596400000,3431800000,12273700000,15366000000,8834500000,4534832000,7618500000,38.18,-4575000000,284.56,219.93
2025-12-28,ECL,6.96,15890400000.0,38.18,None,0.982,23.46,,None,327400000,327400000,,,,,,,,,352600000,296700000,None,2248831000,2248831000,983200000,None,541300000,2446200000,None,None,256935000,,2.6,0.0098,,,,0.065,0.0,547978000,804913000,2.07,2016-12-31,31.35,6383000000,7048600000.0,2286001000,498182000,178701000,3817800000,3817800000,None,49796000,None,1319400000,None,None,6145700000,None,None,319481000,None,None,None,0.147,,1743581000,542420000,186400000,1407500000,None,1224000000,None,,,,,2.847,7.74,4.743,,,,,,,,0.125,,3365000000,2025-10-28,annual,2.07,USD,pre-market,68372000,6975000000,0.0775,0.219,0.178,56.06,1743581000,6687000000,541300000,46300000,263.31,264.77,0.0,18330200000,4279400000,3019400000,11359300000,14050800000,8339900000,4534832000,6901100000,38.18,-3984400000,284.56,219.93
2025-12-28,ECL,6.96,15890400000.0,38.18,None,0.982,23.46,,None,92800000,92800000,,,,,,,,,350300000,301400000,None,2248831000,2248831000,1049600000,None,1569400000,2390200000,None,None,256935000,,2.6,0.0098,,,,0.065,0.0,547978000,804913000,2.07,2015-12-31,31.35,6490800000,7048600000.0,2286001000,498182000,178701000,4109200000,4109200000,None,49796000,None,1388200000,None,None,4260200000,None,None,319481000,None,None,None,0.147,,1743581000,542420000,576300000,1457300000,None,2636700000,None,,,,,2.847,7.74,4.743,,,,,,,,0.125,,3228300000,2025-10-28,annual,2.07,USD,pre-market,68372000,6160300000,0.0775,0.219,0.178,56.06,1743581000,6465500000,2205300000,58700000,263.31,264.77,0.0,18641700000,4447500000,4764400000,11661300000,14194200000,6896900000,4534832000,6909900000,38.18,-3263500000,284.56,219.93
2025-12-28,ECL,6.96,15890400000.0,38.18,None,0.982,23.46,,None,209600000,209600000,,,,,,,,,347700000,305900000,None,2248831000,2248831000,1162400000,None,754900000,2626700000,None,None,256935000,,2.6,0.0098,,,,0.065,0.0,547978000,804913000,2.07,2014-12-31,31.35,6717000000,7048600000.0,2286001000,498182000,178701000,4456800000,4456800000,None,49796000,None,1466900000,None,None,4864000000,None,None,319481000,None,None,None,0.147,,1743581000,542420000,549800000,1430200000,None,2834000000,None,,,,,2.847,7.74,4.743,,,,,,,,0.125,,3050600000,2025-10-28,annual,2.07,USD,pre-market,68372000,5555100000,0.0775,0.219,0.178,56.06,1743581000,6548200000,1705400000,0,263.31,264.77,0.0,19466700000,4871100000,4386600000,12084600000,14595600000,7698000000,4534832000,7315900000,38.18,-2509500000,284.56,219.93
2025-12-28,ECL,6.96,15890400000.0,38.18,None,0.982,23.46,,None,339200000,339200000,,,,,,,,,345100000,305900000,None,2248831000,2248831000,1021900000,None,None,2568000000,None,None,256935000,,2.6,0.0098,,,,0.065,0.0,547978000,804913000,2.07,2013-12-31,31.35,6862900000,7048600000.0,2286001000,498182000,178701000,4785300000,4785300000,None,49796000,None,1321900000,None,None,6043500000,None,None,319481000,None,None,None,0.147,,1743581000,542420000,469300000,1524900000,None,2694900000,None,,,,,2.847,7.74,4.743,,,,,,,,0.125,,2882000000,2025-10-28,annual,2.07,USD,pre-market,68372000,4699000000,0.0775,0.219,0.178,56.06,1743581000,6904500000,861000000,0,263.31,264.77,0.0,19636500000,4698400000,3488700000,12227100000,14938100000,8738400000,4534832000,7344300000,38.18,-2086600000,284.56,219.93
2025-12-28,ECL,6.96,15890400000.0,38.18,None,0.982,23.46,,None,1157800000,1157800000,,,,,,,,,342100000,298900000,None,2248831000,2248831000,879700000,None,None,2225100000,None,None,256935000,,2.6,0.0098,,,,0.065,0.0,547978000,804913000,2.07,2012-12-31,31.35,5920500000,7048600000.0,2286001000,498182000,178701000,4044100000,4044100000,None,49796000,None,1088100000,None,None,5736100000,None,None,319481000,None,None,None,0.147,,1743581000,542420000,421000000,1289800000,None,2623400000,None,,,,,2.847,7.74,4.743,,,,,,,,0.125,,2409100000,2025-10-28,annual,2.07,USD,pre-market,68372000,4020600000,0.0775,0.219,0.178,56.06,1743581000,6541900000,805800000,0,263.31,264.77,0.0,17572300000,4892000000,3052700000,11412200000,12680300000,8359500000,4534832000,6077000000,38.18,-2075100000,284.56,219.93
2025-12-28,ECL,6.96,15890400000.0,38.18,None,0.982,23.46,,None,1843600000,1843600000,,,,,,,,,336100000,242100000,None,2248831000,2248831000,815700000,None,None,2095300000,None,None,256935000,,2.6,0.0098,,,,0.065,0.0,547978000,804913000,2.07,2011-12-31,31.35,5855300000,7048600000.0,2286001000,498182000,178701000,4275200000,4275200000,None,49796000,None,1069600000,None,None,6613200000,None,None,319481000,None,None,None,0.147,,1743581000,542420000,387500000,1171800000,None,2720200000,None,,,,,2.847,7.74,4.743,,,,,,,,0.125,,2295400000,2025-10-28,annual,2.07,USD,pre-market,68372000,3559900000,0.0775,0.219,0.178,56.06,1743581000,7636200000,1023000000,0,263.31,264.77,0.0,18240800000,5396000000,3166300000,12499700000,12844800000,9333400000,4534832000,5666700000,38.18,-1865200000,284.56,219.93
2025-12-28,ECL,6.96,15890400000.0,38.18,None,0.982,23.46,,None,242300000,242300000,,,,,,,,,333100000,237600000,None,2248831000,2248831000,349300000,None,None,999600000,None,None,256935000,,2.6,0.0098,,,,0.065,0.0,547978000,804913000,2.07,2010-12-31,31.35,1329300000,7048600000.0,2286001000,498182000,178701000,282500000,282500000,None,49796000,None,447600000,None,None,656400000,None,None,319481000,None,None,None,0.147,,1743581000,542420000,180400000,749600000,None,758000000,None,,,,,2.847,7.74,4.743,,,,,,,,0.125,,1148300000,2025-10-28,annual,2.07,USD,pre-market,68372000,3279100000,0.0775,0.219,0.178,56.06,1743581000,845600000,189200000,0,263.31,264.77,0.0,4872200000,1869900000,1324800000,2739200000,3002300000,1414400000,4534832000,2129200000,38.18,-2521300000,284.56,219.93
2025-12-28,ECL,6.96,15890400000.0,38.18,None,0.982,23.46,,None,73600000,73600000,,,,,,,,,329800000,239900000,None,2248831000,2248831000,360900000,None,None,1016100000,None,None,256935000,,2.6,0.0098,,,,0.065,0.0,547978000,804913000,2.07,2009-12-31,31.35,1414100000,7048600000.0,2286001000,498182000,178701000,312500000,312500000,None,49796000,None,493400000,None,None,868800000,None,None,319481000,None,None,None,0.147,,1743581000,542420000,231100000,769000000,None,892300000,None,,,,,2.847,7.74,4.743,,,,,,,,0.125,,1176200000,2025-10-28,annual,2.07,USD,pre-market,68372000,2898100000,0.0775,0.219,0.178,56.06,1743581000,967300000,98500000,0,263.31,264.77,0.0,5020900000,1814200000,1250200000,3011300000,3206700000,1761100000,4534832000,2000900000,38.18,-2173400000,284.56,219.93
2025-12-28,ECL,6.96,15890400000.0,38.18,None,0.982,23.46,,None,66700000,66700000,,,,,,,,,328000000,249300000,None,2248831000,2248831000,359600000,None,None,971000000,None,None,256935000,,2.6,0.0098,,,,0.065,0.0,547978000,804913000,2.07,2008-12-31,31.35,1267700000,7048600000.0,2286001000,498182000,178701000,326700000,326700000,None,49796000,None,467200000,None,None,799300000,None,None,319481000,None,None,None,0.147,,1743581000,542420000,186200000,743400000,None,None,None,,,,,2.847,7.74,4.743,,,,,,,,0.125,,1135200000,2025-10-28,annual,2.07,USD,pre-market,68372000,2617000000,0.0775,0.219,0.178,56.06,1743581000,1138200000,338900000,None,263.31,264.77,0.0,4756900000,1691100000,1441900000,3185300000,3065800000,1743400000,4534832000,1571600000,38.18,-2104800000,284.56,219.93
2025-12-28,ECL,6.96,15890400000.0,38.18,None,0.982,23.46,,None,137400000,137400000,,,,,,,,,326500000,251800000,None,2248831000,2248831000,343700000,None,None,974000000,None,None,256935000,,2.6,0.0098,,,,0.065,0.0,547978000,804913000,2.07,2007-12-31,31.35,1279200000,7048600000.0,2286001000,498182000,178701000,328900000,328900000,None,49796000,None,450800000,None,None,599900000,None,None,319481000,None,None,None,0.147,,1743581000,542420000,155100000,771100000,None,None,None,,,,,2.847,7.74,4.743,,,,,,,,0.125,,1083400000,2025-10-28,annual,2.07,USD,pre-market,68372000,2298400000,0.0775,0.219,0.178,56.06,1743581000,1003400000,403500000,None,263.31,264.77,0.0,4722800000,1717300000,1518300000,2787100000,3005500000,1268800000,4534832000,1935700000,38.18,-1767500000,284.56,219.93
2025-12-28,ECL,6.96,15890400000.0,38.18,None,0.982,23.46,,None,484029000,484029000,,,,,,,,,322578000,257100000,None,2248831000,2248831000,330858000,None,None,867541000,None,None,256935000,,2.6,0.0098,,,,0.065,0.0,547978000,804913000,2.07,2006-12-31,31.35,1035929000,7048600000.0,2286001000,498182000,178701000,223787000,223787000,None,49796000,None,364886000,None,None,557058000,None,None,319481000,None,None,None,0.147,,1743581000,542420000,137101000,662894000,None,None,None,,,,,2.847,7.74,4.743,,,,,,,,0.125,,951569000,2025-10-28,annual,2.07,USD,pre-market,68372000,1983272000,0.0775,0.219,0.178,56.06,1743581000,1066100000,508978000,None,263.31,264.77,0.0,4419365000,1853557000,1502730000,2739135000,2565808000,1236405000,4534832000,1680230000,38.18,-1397281000,284.56,219.93
2025-12-28,ECL,6.96,15890400000.0,38.18,None,0.982,23.46,,None,104378000,104378000,,,,,,,,,318603000,260098000,None,2248831000,2248831000,277635000,None,None,743520000,None,None,256935000,,2.6,0.0098,,,,0.065,0.0,547978000,804913000,2.07,2005-12-31,31.35,937019000,7048600000.0,2286001000,498182000,178701000,1139955000,1139955000,None,49796000,None,325574000,None,None,519374000,None,None,319481000,None,None,None,0.147,,1743581000,542420000,123131000,614795000,None,None,None,,,,,2.847,7.74,4.743,,,,,,,,0.125,,835503000,2025-10-28,annual,2.07,USD,pre-market,68372000,1719201000,0.0775,0.219,0.178,56.06,1743581000,746301000,226927000,125063000,263.31,264.77,0.0,3796628000,1421666000,1119357000,2147418000,2374962000,1028061000,4534832000,1649210000,38.18,-1125786000,284.56,219.93
2025-12-28,ECL,6.96,15890400000.0,38.18,None,0.982,23.46,261600000,None,104378000,104378000,-477400000,-280600000,None,None,39300000,None,None,None,318603000,260098000,None,2248831000,2248831000,277635000,None,None,743520000,None,None,256935000,16000000,2.6,0.0098,184400000,184400000,None,0.065,0.0,547978000,804913000,2.07,2025-09-30,31.35,937019000,7048600000.0,2286001000,498182000,178701000,1139955000,1139955000,None,49796000,None,325574000,None,None,519374000,None,None,589700000,None,None,None,0.147,791300000,1743581000,542420000,123131000,614795000,None,None,None,None,None,None,None,2.847,7.74,4.743,None,None,None,None,None,-132400000,None,0.125,None,835503000,2025-10-28,quarterly,2.07,USD,pre-market,68372000,1719201000,0.0775,0.219,0.178,56.06,1743581000,746301000,226927000,125063000,263.31,264.77,0.0,3796628000,1421666000,1119357000,2147418000,2374962000,1028061000,4534832000,1649210000,38.18,-1125786000,284.56,219.93
2025-12-28,ECL,6.96,15890400000.0,38.18,None,0.982,23.46,216700000,None,104378000,104378000,297300000,-224400000,None,None,-7800000,None,None,None,318603000,260098000,None,2248831000,2248831000,277635000,None,None,743520000,None,None,256935000,241700000,2.6,0.0098,188000000,188000000,None,0.065,0.0,547978000,804913000,2.07,2025-06-30,31.35,937019000,7048600000.0,2286001000,498182000,178701000,1139955000,1139955000,None,49796000,None,325574000,None,None,519374000,None,None,528500000,None,None,None,0.147,701800000,1743581000,542420000,123131000,614795000,None,None,None,None,None,None,None,2.847,7.74,4.743,None,None,None,None,None,-45500000,None,0.125,None,835503000,2025-10-28,quarterly,2.07,USD,pre-market,68372000,1719201000,0.0775,0.219,0.178,56.06,1743581000,746301000,226927000,125063000,263.31,264.77,0.0,3796628000,1421666000,1119357000,2147418000,2374962000,1028061000,4534832000,1649210000,38.18,-1125786000,284.56,219.93
2025-12-28,ECL,6.96,15890400000.0,38.18,None,0.982,23.46,237900000,None,104378000,104378000,-241600000,-224000000,None,None,-69100000,None,None,None,318603000,260098000,None,2248831000,2248831000,277635000,None,None,743520000,None,None,256935000,236100000,2.6,0.0098,192000000,192000000,None,0.065,0.0,547978000,804913000,2.07,2025-03-31,31.35,937019000,7048600000.0,2286001000,498182000,178701000,1139955000,1139955000,None,49796000,None,325574000,None,None,519374000,None,None,406500000,None,None,None,0.147,369400000,1743581000,542420000,123131000,614795000,None,None,None,None,None,None,None,2.847,7.74,4.743,None,None,None,None,None,-153700000,None,0.125,None,835503000,2025-10-28,quarterly,2.07,USD,pre-market,68372000,1719201000,0.0775,0.219,0.178,56.06,1743581000,746301000,226927000,125063000,263.31,264.77,0.0,3796628000,1421666000,1119357000,2147418000,2374962000,1028061000,4534832000,1649210000,38.18,-1125786000,284.56,219.93
2025-12-28,ECL,6.96,15890400000.0,38.18,None,0.982,23.46,359700000,None,104378000,104378000,-140100000,-627500000,None,None,48000000,None,None,None,318603000,260098000,None,2248831000,2248831000,277635000,None,None,743520000,None,None,256935000,235500000,2.6,0.0098,161400000,161400000,None,0.065,0.0,547978000,804913000,2.07,2024-12-31,31.35,937019000,7048600000.0,2286001000,498182000,178701000,1139955000,1139955000,None,49796000,None,325574000,None,None,519374000,None,None,492400000,None,None,None,0.147,766700000,1743581000,542420000,123131000,614795000,None,None,None,None,None,None,None,2.847,7.74,4.743,None,None,None,None,None,-2800000,None,0.125,None,835503000,2025-10-28,quarterly,2.07,USD,pre-market,68372000,1719201000,0.0775,0.219,0.178,56.06,1743581000,746301000,226927000,125063000,263.31,264.77,0.0,3796628000,1421666000,1119357000,2147418000,2374962000,1028061000,4534832000,1649210000,38.18,-1125786000,284.56,219.93
2025-12-28,ECL,6.96,15890400000.0,38.18,None,0.982,23.46,236400000,None,104378000,104378000,-548300000,639100000,None,None,-71300000,None,None,None,318603000,260098000,None,2248831000,2248831000,277635000,None,None,743520000,None,None,256935000,230100000,2.6,0.0098,162200000,162200000,None,0.065,0.0,547978000,804913000,2.07,2024-09-30,31.35,937019000,7048600000.0,2286001000,498182000,178701000,1139955000,1139955000,None,49796000,None,325574000,None,None,519374000,None,None,736500000,None,None,None,0.147,786700000,1743581000,542420000,123131000,614795000,None,None,None,None,None,None,None,2.847,7.74,4.743,None,None,None,None,None,-464300000,None,0.125,None,835503000,2025-10-28,quarterly,2.07,USD,pre-market,68372000,1719201000,0.0775,0.219,0.178,56.06,1743581000,746301000,226927000,125063000,263.31,264.77,0.0,3796628000,1421666000,1119357000,2147418000,2374962000,1028061000,4534832000,1649210000,38.18,-1125786000,284.56,219.93
2025-12-28,ECL,6.96,15890400000.0,38.18,None,0.982,23.46,196900000,None,104378000,104378000,-446400000,-244400000,None,None,-26800000,None,None,None,318603000,260098000,None,2248831000,2248831000,277635000,None,None,743520000,None,None,256935000,235000000,2.6,0.0098,165500000,165500000,None,0.065,0.0,547978000,804913000,2.07,2024-06-30,31.35,937019000,7048600000.0,2286001000,498182000,178701000,1139955000,1139955000,None,49796000,None,325574000,None,None,519374000,None,None,490900000,None,None,None,0.147,611100000,1743581000,542420000,123131000,614795000,None,None,None,None,None,None,None,2.847,7.74,4.743,None,None,None,None,None,-323000000,None,0.125,None,835503000,2025-10-28,quarterly,2.07,USD,pre-market,68372000,1719201000,0.0775,0.219,0.178,56.06,1743581000,746301000,226927000,125063000,263.31,264.77,0.0,3796628000,1421666000,1119357000,2147418000,2374962000,1028061000,4534832000,1649210000,38.18,-1125786000,284.56,219.93
2025-12-28,ECL,6.96,15890400000.0,38.18,None,0.982,23.46,201500000,None,104378000,104378000,-889300000,-201000000,None,None,-65500000,None,None,None,318603000,260098000,None,2248831000,2248831000,277635000,None,None,743520000,None,None,256935000,234800000,2.6,0.0098,175200000,175200000,None,0.065,0.0,547978000,804913000,2.07,2024-03-31,31.35,937019000,7048600000.0,2286001000,498182000,178701000,1139955000,1139955000,None,49796000,None,325574000,None,None,519374000,None,None,412100000,None,None,None,0.147,649400000,1743581000,542420000,123131000,614795000,None,None,None,None,None,None,None,2.847,7.74,4.743,None,None,None,None,None,-196400000,None,0.125,None,835503000,2025-10-28,quarterly,2.07,USD,pre-market,68372000,1719201000,0.0775,0.219,0.178,56.06,1743581000,746301000,226927000,125063000,263.31,264.77,0.0,3796628000,1421666000,1119357000,2147418000,2374962000,1028061000,4534832000,1649210000,38.18,-1125786000,284.56,219.93
2025-12-28,ECL,6.96,15890400000.0,38.18,None,0.982,23.46,262600000,None,104378000,104378000,-585500000,-348400000,None,None,53900000,None,None,None,318603000,260098000,None,2248831000,2248831000,277635000,None,None,743520000,None,None,256935000,230500000,2.6,0.0098,154700000,154700000,None,0.065,0.0,547978000,804913000,2.07,2023-12-31,31.35,937019000,7048600000.0,2286001000,498182000,178701000,1139955000,1139955000,None,49796000,None,325574000,None,None,519374000,None,None,405200000,None,None,None,0.147,852500000,1743581000,542420000,123131000,614795000,None,None,None,None,None,None,None,2.847,7.74,4.743,None,None,None,None,None,-2000000,None,0.125,None,835503000,2025-10-28,quarterly,2.07,USD,pre-market,68372000,1719201000,0.0775,0.219,0.178,56.06,1743581000,746301000,226927000,125063000,263.31,264.77,0.0,3796628000,1421666000,1119357000,2147418000,2374962000,1028061000,4534832000,1649210000,38.18,-1125786000,284.56,219.93
2025-12-28,ECL,6.96,15890400000.0,38.18,None,0.982,23.46,166500000,None,104378000,104378000,-147000000,-642100000,None,None,115500000,None,None,None,318603000,260098000,None,2248831000,2248831000,277635000,None,None,743520000,None,None,256935000,229400000,2.6,0.0098,154000000,154000000,None,0.065,0.0,547978000,804913000,2.07,2023-09-30,31.35,937019000,7048600000.0,2286001000,498182000,178701000,1139955000,1139955000,None,49796000,None,325574000,None,None,519374000,None,None,409400000,None,None,None,0.147,787700000,1743581000,542420000,123131000,614795000,None,None,None,None,None,None,None,2.847,7.74,4.743,None,None,None,None,None,-800000,None,0.125,None,835503000,2025-10-28,quarterly,2.07,USD,pre-market,68372000,1719201000,0.0775,0.219,0.178,56.06,1743581000,746301000,226927000,125063000,263.31,264.77,0.0,3796628000,1421666000,1119357000,2147418000,2374962000,1028061000,4534832000,1649210000,38.18,-1125786000,284.56,219.93
2025-12-28,ECL,6.96,15890400000.0,38.18,None,0.982,23.46,172000000,None,104378000,104378000,-155800000,-274100000,143500000,None,80300000,None,None,-93800000,318603000,260098000,None,2248831000,2248831000,277635000,None,None,743520000,None,None,256935000,229400000,2.6,0.0098,150900000,150900000,None,0.065,0.0,547978000,804913000,2.07,2023-06-30,31.35,937019000,7048600000.0,2286001000,498182000,178701000,1139955000,1139955000,None,49796000,None,325574000,None,None,519374000,None,None,334700000,None,None,None,0.147,573400000,1743581000,542420000,123131000,614795000,None,None,None,None,None,None,None,2.847,7.74,4.743,None,None,None,None,None,-300000,None,0.125,None,835503000,2025-10-28,quarterly,2.07,USD,pre-market,68372000,1719201000,0.0775,0.219,0.178,56.06,1743581000,746301000,226927000,125063000,263.31,264.77,0.0,3796628000,1421666000,1119357000,2147418000,2374962000,1028061000,4534832000,1649210000,38.18,-1125786000,284.56,219.93
2025-12-28,ECL,6.96,15890400000.0,38.18,None,0.982,23.46,173700000,None,104378000,104378000,-166400000,-189400000,-157600000,None,70600000,None,None,41000000,318603000,260098000,None,2248831000,2248831000,277635000,None,None,743520000,None,None,256935000,234300000,2.6,0.0098,157700000,157700000,None,0.065,0.0,547978000,804913000,2.07,2023-03-31,31.35,937019000,7048600000.0,2286001000,498182000,178701000,1139955000,1139955000,None,49796000,None,325574000,None,None,519374000,None,None,238100000,None,None,None,0.147,198200000,1743581000,542420000,123131000,614795000,None,None,None,None,None,None,None,2.847,7.74,4.743,None,None,None,None,None,-10600000,None,0.125,None,835503000,2025-10-28,quarterly,2.07,USD,pre-market,68372000,1719201000,0.0775,0.219,0.178,56.06,1743581000,746301000,226927000,125063000,263.31,264.77,0.0,3796628000,1421666000,1119357000,2147418000,2374962000,1028061000,4534832000,1649210000,38.18,-1125786000,284.56,219.93
2025-12-28,ECL,6.96,15890400000.0,38.18,None,0.982,23.46,202800000,None,104378000,104378000,-161700000,-210400000,487100000,None,-17200000,None,None,31200000,318603000,260098000,None,2248831000,2248831000,277635000,None,None,743520000,None,None,256935000,236500000,2.6,0.0098,157800000,157800000,None,0.065,0.0,547978000,804913000,2.07,2022-12-31,31.35,937019000,7048600000.0,2286001000,498182000,178701000,1139955000,1139955000,None,49796000,None,325574000,None,None,519374000,None,None,269500000,None,None,None,0.147,859200000,1743581000,542420000,123131000,614795000,None,None,None,None,None,None,None,2.847,7.74,4.743,None,None,None,None,None,-72800000,None,0.125,None,835503000,2025-10-28,quarterly,2.07,USD,pre-market,68372000,1719201000,0.0775,0.219,0.178,56.06,1743581000,746301000,226927000,125063000,263.31,264.77,0.0,3796628000,1421666000,1119357000,2147418000,2374962000,1028061000,4534832000,1649210000,38.18,-1125786000,284.56,219.93
2025-12-28,ECL,6.96,15890400000.0,38.18,None,0.982,23.46,192500000,None,104378000,104378000,-247400000,-195600000,-6300000,None,-134900000,None,None,-116800000,318603000,260098000,None,2248831000,2248831000,277635000,None,None,743520000,None,None,256935000,232800000,2.6,0.0098,144900000,144900000,None,0.065,0.0,547978000,804913000,2.07,2022-09-30,31.35,937019000,7048600000.0,2286001000,498182000,178701000,1139955000,1139955000,None,49796000,None,325574000,None,None,519374000,None,None,352000000,None,None,None,0.147,436700000,1743581000,542420000,123131000,614795000,None,None,None,None,None,None,None,2.847,7.74,4.743,None,None,None,None,None,-42600000,None,0.125,None,835503000,2025-10-28,quarterly,2.07,USD,pre-market,68372000,1719201000,0.0775,0.219,0.178,56.06,1743581000,746301000,226927000,125063000,263.31,264.77,0.0,3796628000,1421666000,1119357000,2147418000,2374962000,1028061000,4534832000,1649210000,38.18,-1125786000,284.56,219.93
2025-12-28,ECL,6.96,15890400000.0,38.18,None,0.982,23.46,168800000,None,104378000,104378000,-122900000,-181600000,17900000,None,-156000000,None,None,-204400000,318603000,260098000,None,2248831000,2248831000,277635000,None,None,743520000,None,None,256935000,234700000,2.6,0.0098,146100000,146100000,None,0.065,0.0,547978000,804913000,2.07,2022-06-30,31.35,937019000,7048600000.0,2286001000,498182000,178701000,1139955000,1139955000,None,49796000,None,325574000,None,None,519374000,None,None,312700000,None,None,None,0.147,322400000,1743581000,542420000,123131000,614795000,None,None,None,None,None,None,None,2.847,7.74,4.743,None,None,None,None,None,-140700000,None,0.125,None,835503000,2025-10-28,quarterly,2.07,USD,pre-market,68372000,1719201000,0.0775,0.219,0.178,56.06,1743581000,746301000,226927000,125063000,263.31,264.77,0.0,3796628000,1421666000,1119357000,2147418000,2374962000,1028061000,4534832000,1649210000,38.18,-1125786000,284.56,219.93
2025-12-28,ECL,6.96,15890400000.0,38.18,None,0.982,23.46,148700000,None,104378000,104378000,-305300000,-129200000,-264400000,None,-94800000,None,None,-29600000,318603000,260098000,None,2248831000,2248831000,277635000,None,None,743520000,None,None,256935000,234700000,2.6,0.0098,154000000,154000000,None,0.065,0.0,547978000,804913000,2.07,2022-03-31,31.35,937019000,7048600000.0,2286001000,498182000,178701000,1139955000,1139955000,None,49796000,None,325574000,None,None,519374000,None,None,174700000,None,None,None,0.147,170100000,1743581000,542420000,123131000,614795000,None,None,None,None,None,None,None,2.847,7.74,4.743,None,None,None,None,None,-262100000,None,0.125,None,835503000,2025-10-28,quarterly,2.07,USD,pre-market,68372000,1719201000,0.0775,0.219,0.178,56.06,1743581000,746301000,226927000,125063000,263.31,264.77,0.0,3796628000,1421666000,1119357000,2147418000,2374962000,1028061000,4534832000,1649210000,38.18,-1125786000,284.56,219.93
2025-12-28,ECL,6.96,15890400000.0,38.18,None,0.982,23.46,219200000,None,104378000,104378000,2762500000,-3941200000,-537800000,None,6800000,None,None,-77200000,318603000,260098000,None,2248831000,2248831000,277635000,None,None,743520000,None,None,256935000,215600000,2.6,0.0098,139900000,139900000,None,0.065,0.0,547978000,804913000,2.07,2021-12-31,31.35,937019000,7048600000.0,2286001000,498182000,178701000,1139955000,1139955000,None,49796000,None,325574000,None,None,519374000,None,None,305300000,None,None,None,0.147,640900000,1743581000,542420000,123131000,614795000,None,None,None,None,None,None,None,2.847,7.74,4.743,None,None,None,None,None,-28800000,None,0.125,None,835503000,2025-10-28,quarterly,2.07,USD,pre-market,68372000,1719201000,0.0775,0.219,0.178,56.06,1743581000,746301000,226927000,125063000,263.31,264.77,0.0,3796628000,1421666000,1119357000,2147418000,2374962000,1028061000,4534832000,1649210000,38.18,-1125786000,284.56,219.93
2025-12-28,ECL,6.96,15890400000.0,38.18,None,0.982,23.46,178200000,None,104378000,104378000,-841000000,-290700000,-509000000,None,23700000,None,None,-81900000,318603000,260098000,None,2248831000,2248831000,277635000,None,None,743520000,None,None,256935000,206900000,2.6,0.0098,139900000,139900000,None,0.065,0.0,547978000,804913000,2.07,2021-09-30,31.35,937019000,7048600000.0,2286001000,498182000,178701000,1139955000,1139955000,None,49796000,None,325574000,None,None,519374000,None,None,328600000,None,None,None,0.147,622700000,1743581000,542420000,123131000,614795000,None,None,None,None,None,None,None,2.847,7.74,4.743,None,None,None,None,None,-7200000,None,0.125,None,835503000,2025-10-28,quarterly,2.07,USD,pre-market,68372000,1719201000,0.0775,0.219,0.178,56.06,1743581000,746301000,226927000,125063000,263.31,264.77,0.0,3796628000,1421666000,1119357000,2147418000,2374962000,1028061000,4534832000,1649210000,38.18,-1125786000,284.56,219.93
2025-12-28,ECL,6.96,15890400000.0,38.18,None,0.982,23.46,143500000,None,104378000,104378000,-135200000,-155400000,212400000,None,-57600000,None,None,-42700000,318603000,260098000,None,2248831000,2248831000,277635000,None,None,743520000,None,None,256935000,205400000,2.6,0.0098,139900000,139900000,None,0.065,0.0,547978000,804913000,2.07,2021-06-30,31.35,937019000,7048600000.0,2286001000,498182000,178701000,1139955000,1139955000,None,49796000,None,325574000,None,None,519374000,None,None,313600000,None,None,None,0.147,503000000,1743581000,542420000,123131000,614795000,None,None,None,None,None,None,None,2.847,7.74,4.743,None,None,None,None,None,-8800000,None,0.125,None,835503000,2025-10-28,quarterly,2.07,USD,pre-market,68372000,1719201000,0.0775,0.219,0.178,56.06,1743581000,746301000,226927000,125063000,263.31,264.77,0.0,3796628000,1421666000,1119357000,2147418000,2374962000,1028061000,4534832000,1649210000,38.18,-1125786000,284.56,219.93
2025-12-28,ECL,6.96,15890400000.0,38.18,None,0.982,23.46,102100000,None,104378000,104378000,-183100000,-192400000,-80200000,None,-45900000,None,None,23600000,318603000,260098000,None,2248831000,2248831000,277635000,None,None,743520000,None,None,256935000,215200000,2.6,0.0098,146700000,146700000,None,0.065,0.0,547978000,804913000,2.07,2021-03-31,31.35,937019000,7048600000.0,2286001000,498182000,178701000,1139955000,1139955000,None,49796000,None,325574000,None,None,519374000,None,None,196500000,None,None,None,0.147,295300000,1743581000,542420000,123131000,614795000,None,None,None,None,None,None,None,2.847,7.74,4.743,None,None,None,None,None,-61800000,None,0.125,None,835503000,2025-10-28,quarterly,2.07,USD,pre-market,68372000,1719201000,0.0775,0.219,0.178,56.06,1743581000,746301000,226927000,125063000,263.31,264.77,0.0,3796628000,1421666000,1119357000,2147418000,2374962000,1028061000,4534832000,1649210000,38.18,-1125786000,284.56,219.93
2025-12-28,ECL,6.96,15890400000.0,38.18,None,0.982,23.46,126700000,None,104378000,104378000,-370500000,-61800000,217500000,None,-3400000,None,None,57100000,318603000,260098000,None,2248831000,2248831000,277635000,None,None,743520000,None,None,256935000,207500000,2.6,0.0098,139000000,139000000,None,0.065,0.0,547978000,804913000,2.07,2020-12-31,31.35,937019000,7048600000.0,2286001000,498182000,178701000,1139955000,1139955000,None,49796000,None,325574000,None,None,519374000,None,None,304900000,None,None,None,0.147,649800000,1743581000,542420000,123131000,614795000,None,None,None,None,None,None,None,2.847,7.74,4.743,None,None,None,None,None,-21600000,None,0.125,None,835503000,2025-10-28,quarterly,2.07,USD,pre-market,68372000,1719201000,0.0775,0.219,0.178,56.06,1743581000,746301000,226927000,125063000,263.31,264.77,0.0,3796628000,1421666000,1119357000,2147418000,2374962000,1028061000,4534832000,1649210000,38.18,-1125786000,284.56,219.93
2025-12-28,ECL,6.96,15890400000.0,38.18,None,0.982,23.46,111700000,None,104378000,104378000,-690300000,-106200000,-412300000,None,-24200000,None,None,2400000,318603000,260098000,None,2248831000,2248831000,277635000,None,None,743520000,None,None,256935000,209000000,2.6,0.0098,138600000,138600000,None,0.065,0.0,547978000,804913000,2.07,2020-09-30,31.35,937019000,7048600000.0,2286001000,498182000,178701000,1139955000,1139955000,None,49796000,None,325574000,None,None,519374000,None,None,-1921000000,None,None,None,0.147,451800000,1743581000,542420000,123131000,614795000,None,None,None,None,None,None,None,2.847,7.74,4.743,None,None,None,None,None,-19900000,None,0.125,None,835503000,2025-10-28,quarterly,2.07,USD,pre-market,68372000,1719201000,0.0775,0.219,0.178,56.06,1743581000,746301000,226927000,125063000,263.31,264.77,0.0,3796628000,1421666000,1119357000,2147418000,2374962000,1028061000,4534832000,1649210000,38.18,-1125786000,284.56,219.93
2025-12-28,ECL,6.96,15890400000.0,38.18,None,0.982,23.46,89900000,None,104378000,104378000,-546800000,-80800000,-173200000,None,-125900000,None,None,172300000,318603000,260098000,None,2248831000,2248831000,277635000,None,None,743520000,None,None,256935000,146600000,2.6,0.0098,137700000,137700000,None,0.065,0.0,547978000,804913000,2.07,2020-06-30,31.35,937019000,7048600000.0,2286001000,498182000,178701000,1139955000,1139955000,None,49796000,None,325574000,None,None,519374000,None,None,140400000,None,None,None,0.147,386800000,1743581000,542420000,123131000,614795000,None,None,None,None,None,None,None,2.847,7.74,4.743,None,None,None,None,None,-9700000,None,0.125,None,835503000,2025-10-28,quarterly,2.07,USD,pre-market,68372000,1719201000,0.0775,0.219,0.178,56.06,1743581000,746301000,226927000,125063000,263.31,264.77,0.0,3796628000,1421666000,1119357000,2147418000,2374962000,1028061000,4534832000,1649210000,38.18,-1125786000,284.56,219.93
2025-12-28,ECL,6.96,15890400000.0,38.18,None,0.982,23.46,160700000,None,104378000,104378000,1265800000,-165700000,1471900000,None,-38000000,None,None,-76200000,318603000,260098000,None,2248831000,2248831000,277635000,None,None,743520000,None,None,256935000,198700000,2.6,0.0098,145500000,145500000,None,0.065,0.0,547978000,804913000,2.07,2020-03-31,31.35,937019000,7048600000.0,2286001000,498182000,178701000,1139955000,1139955000,None,49796000,None,325574000,None,None,519374000,None,None,296300000,None,None,None,0.147,371800000,1743581000,542420000,123131000,614795000,None,None,None,None,None,None,None,2.847,7.74,4.743,None,None,None,None,None,-95000000,None,0.125,None,835503000,2025-10-28,quarterly,2.07,USD,pre-market,68372000,1719201000,0.0775,0.219,0.178,56.06,1743581000,746301000,226927000,125063000,263.31,264.77,0.0,3796628000,1421666000,1119357000,2147418000,2374962000,1028061000,4534832000,1649210000,38.18,-1125786000,284.56,219.93
2025-12-28,ECL,6.96,15890400000.0,38.18,None,0.982,23.46,250200000,None,104378000,104378000,-502100000,-269900000,49000000,None,88600000,None,None,-61500000,318603000,260098000,None,2248831000,2248831000,277635000,None,None,743520000,None,None,256935000,244800000,2.6,0.0098,136900000,136900000,None,0.065,0.0,547978000,804913000,2.07,2019-12-31,31.35,937019000,7048600000.0,2286001000,498182000,178701000,1139955000,1139955000,None,49796000,None,325574000,None,None,519374000,None,None,434300000,None,None,None,0.147,821000000,1743581000,542420000,123131000,614795000,None,None,None,None,None,None,None,2.847,7.74,4.743,None,None,None,None,None,-5100000,None,0.125,None,835503000,2025-10-28,quarterly,2.07,USD,pre-market,68372000,1719201000,0.0775,0.219,0.178,56.06,1743581000,746301000,226927000,125063000,263.31,264.77,0.0,3796628000,1421666000,1119357000,2147418000,2374962000,1028061000,4534832000,1649210000,38.18,-1125786000,284.56,219.93
2025-12-28,ECL,6.96,15890400000.0,38.18,None,0.982,23.46,179900000,None,104378000,104378000,-371800000,-271700000,38700000,None,35300000,None,None,-500000,318603000,260098000,None,2248831000,2248831000,277635000,None,None,743520000,None,None,256935000,244700000,2.6,0.0098,136300000,136300000,None,0.065,0.0,547978000,804913000,2.07,2019-09-30,31.35,937019000,7048600000.0,2286001000,498182000,178701000,1139955000,1139955000,None,49796000,None,325574000,None,None,519374000,None,None,469300000,None,None,None,0.147,682200000,1743581000,542420000,123131000,614795000,None,None,None,None,None,None,None,2.847,7.74,4.743,None,None,None,None,None,-1100000,None,0.125,None,835503000,2025-10-28,quarterly,2.07,USD,pre-market,68372000,1719201000,0.0775,0.219,0.178,56.06,1743581000,746301000,226927000,125063000,263.31,264.77,0.0,3796628000,1421666000,1119357000,2147418000,2374962000,1028061000,4534832000,1649210000,38.18,-1125786000,284.56,219.93
2025-12-28,ECL,6.96,15890400000.0,38.18,None,0.982,23.46,183500000,None,104378000,104378000,-358200000,-180100000,1100000,None,100000,None,None,-83200000,318603000,260098000,None,2248831000,2248831000,277635000,None,None,743520000,None,None,256935000,245000000,2.6,0.0098,138400000,138400000,None,0.065,0.0,547978000,804913000,2.07,2019-06-30,31.35,937019000,7048600000.0,2286001000,498182000,178701000,1139955000,1139955000,None,49796000,None,325574000,None,None,519374000,None,None,372200000,None,None,None,0.147,539400000,1743581000,542420000,123131000,614795000,None,None,None,None,None,None,None,2.847,7.74,4.743,None,None,None,None,None,-216100000,None,0.125,None,835503000,2025-10-28,quarterly,2.07,USD,pre-market,68372000,1719201000,0.0775,0.219,0.178,56.06,1743581000,746301000,226927000,125063000,263.31,264.77,0.0,3796628000,1421666000,1119357000,2147418000,2374962000,1028061000,4534832000,1649210000,38.18,-1125786000,284.56,219.93
2025-12-28,ECL,6.96,15890400000.0,38.18,None,0.982,23.46,187000000,None,104378000,104378000,-117500000,-477400000,-216800000,None,-83000000,None,None,8000000,318603000,260098000,None,2248831000,2248831000,277635000,None,None,743520000,None,None,256935000,238800000,2.6,0.0098,141400000,141400000,None,0.065,0.0,547978000,804913000,2.07,2019-03-31,31.35,937019000,7048600000.0,2286001000,498182000,178701000,1139955000,1139955000,None,49796000,None,325574000,None,None,519374000,None,None,300400000,None,None,None,0.147,378100000,1743581000,542420000,123131000,614795000,None,None,None,None,None,None,None,2.847,7.74,4.743,None,None,None,None,None,-131400000,None,0.125,None,835503000,2025-10-28,quarterly,2.07,USD,pre-market,68372000,1719201000,0.0775,0.219,0.178,56.06,1743581000,746301000,226927000,125063000,263.31,264.77,0.0,3796628000,1421666000,1119357000,2147418000,2374962000,1028061000,4534832000,1649210000,38.18,-1125786000,284.56,219.93
2025-12-28,ECL,6.96,15890400000.0,38.18,None,0.982,23.46,213000000,None,104378000,104378000,-353200000,-381100000,93000000,None,30100000,None,None,-2800000,318603000,260098000,None,2248831000,2248831000,277635000,None,None,743520000,None,None,256935000,237900000,2.6,0.0098,125700000,125700000,None,0.065,0.0,547978000,804913000,2.07,2018-12-31,31.35,937019000,7048600000.0,2286001000,498182000,178701000,1139955000,1139955000,None,49796000,None,325574000,None,None,519374000,None,None,400200000,None,None,None,0.147,827300000,1743581000,542420000,123131000,614795000,None,None,None,None,None,None,None,2.847,7.74,4.743,None,None,None,None,None,-241000000,None,0.125,None,835503000,2025-10-28,quarterly,2.07,USD,pre-market,68372000,1719201000,0.0775,0.219,0.178,56.06,1743581000,746301000,226927000,125063000,263.31,264.77,0.0,3796628000,1421666000,1119357000,2147418000,2374962000,1028061000,4534832000,1649210000,38.18,-1125786000,284.56,219.93
2025-12-28,ECL,6.96,15890400000.0,38.18,None,0.982,23.46,221600000,None,104378000,104378000,-313000000,-204500000,147200000,None,-52300000,None,None,-72800000,318603000,260098000,None,2248831000,2248831000,277635000,None,None,743520000,None,None,256935000,234600000,2.6,0.0098,118500000,118500000,None,0.065,0.0,547978000,804913000,2.07,2018-09-30,31.35,937019000,7048600000.0,2286001000,498182000,178701000,1139955000,1139955000,None,49796000,None,325574000,None,None,519374000,None,None,438300000,None,None,None,0.147,664700000,1743581000,542420000,123131000,614795000,None,None,None,None,None,None,None,2.847,7.74,4.743,None,None,None,None,None,-105600000,None,0.125,None,835503000,2025-10-28,quarterly,2.07,USD,pre-market,68372000,1719201000,0.0775,0.219,0.178,56.06,1743581000,746301000,226927000,125063000,263.31,264.77,0.0,3796628000,1421666000,1119357000,2147418000,2374962000,1028061000,4534832000,1649210000,38.18,-1125786000,284.56,219.93
2025-12-28,ECL,6.96,15890400000.0,38.18,None,0.982,23.46,209200000,None,104378000,104378000,-241500000,-188600000,-131600000,None,-41700000,None,None,-122400000,318603000,260098000,None,2248831000,2248831000,277635000,None,None,743520000,None,None,256935000,234700000,2.6,0.0098,128900000,128900000,None,0.065,0.0,547978000,804913000,2.07,2018-06-30,31.35,937019000,7048600000.0,2286001000,498182000,178701000,1139955000,1139955000,None,49796000,None,325574000,None,None,519374000,None,None,353600000,None,None,None,0.147,298500000,1743581000,542420000,123131000,614795000,None,None,None,None,None,None,None,2.847,7.74,4.743,None,None,None,None,None,-700000,None,0.125,None,835503000,2025-10-28,quarterly,2.07,USD,pre-market,68372000,1719201000,0.0775,0.219,0.178,56.06,1743581000,746301000,226927000,125063000,263.31,264.77,0.0,3796628000,1421666000,1119357000,2147418000,2374962000,1028061000,4534832000,1649210000,38.18,-1125786000,284.56,219.93
2025-12-28,ECL,6.96,15890400000.0,38.18,None,0.982,23.46,203300000,None,104378000,104378000,-265000000,-255800000,-33600000,None,-77200000,None,None,33900000,318603000,260098000,None,2248831000,2248831000,277635000,None,None,743520000,None,None,256935000,231100000,2.6,0.0098,123400000,123400000,None,0.065,0.0,547978000,804913000,2.07,2018-03-31,31.35,937019000,7048600000.0,2286001000,498182000,178701000,1139955000,1139955000,None,49796000,None,325574000,None,None,519374000,None,None,248200000,None,None,None,0.147,487200000,1743581000,542420000,123131000,614795000,None,None,None,None,None,None,None,2.847,7.74,4.743,None,None,None,None,None,-215100000,None,0.125,None,835503000,2025-10-28,quarterly,2.07,USD,pre-market,68372000,1719201000,0.0775,0.219,0.178,56.06,1743581000,746301000,226927000,125063000,263.31,264.77,0.0,3796628000,1421666000,1119357000,2147418000,2374962000,1028061000,4534832000,1649210000,38.18,-1125786000,284.56,219.93
2025-12-28,ECL,6.96,15890400000.0,38.18,None,0.982,23.46,274600000,None,104378000,104378000,-322200000,-305100000,2300000,-16800000,31400000,None,None,-68300000,318603000,260098000,None,2248831000,2248831000,277635000,None,None,743520000,None,None,256935000,227800000,2.6,0.0098,118400000,118400000,None,0.065,0.0,547978000,804913000,2.07,2017-12-31,31.35,937019000,7048600000.0,2286001000,498182000,178701000,1139955000,1139955000,None,49796000,None,325574000,None,None,519374000,None,None,571700000,None,None,None,0.147,646400000,1743581000,542420000,123131000,614795000,None,None,None,None,None,None,None,2.847,7.74,4.743,None,None,None,None,None,-12600000,None,0.125,None,835503000,2025-10-28,quarterly,2.07,USD,pre-market,68372000,1719201000,0.0775,0.219,0.178,56.06,1743581000,746301000,226927000,125063000,263.31,264.77,0.0,3796628000,1421666000,1119357000,2147418000,2374962000,1028061000,4534832000,1649210000,38.18,-1125786000,284.56,219.93
2025-12-28,ECL,6.96,15890400000.0,38.18,None,0.982,23.46,215800000,None,104378000,104378000,-426500000,-218000000,-51600000,7700000,-21100000,None,None,-39500000,318603000,260098000,None,2248831000,2248831000,277635000,None,None,743520000,None,None,256935000,228300000,2.6,0.0098,107400000,107400000,None,0.065,0.0,547978000,804913000,2.07,2017-09-30,31.35,937019000,7048600000.0,2286001000,498182000,178701000,1139955000,1139955000,None,49796000,None,325574000,None,None,519374000,None,None,395800000,None,None,None,0.147,585200000,1743581000,542420000,123131000,614795000,None,None,None,None,None,None,None,2.847,7.74,4.743,None,None,None,None,None,-86600000,None,0.125,None,835503000,2025-10-28,quarterly,2.07,USD,pre-market,68372000,1719201000,0.0775,0.219,0.178,56.06,1743581000,746301000,226927000,125063000,263.31,264.77,0.0,3796628000,1421666000,1119357000,2147418000,2374962000,1028061000,4534832000,1649210000,38.18,-1125786000,284.56,219.93
2025-12-28,ECL,6.96,15890400000.0,38.18,None,0.982,23.46,210700000,None,104378000,104378000,-169500000,-208600000,48600000,-7300000,-28300000,None,None,-60300000,318603000,260098000,None,2248831000,2248831000,277635000,None,None,743520000,None,None,256935000,221200000,2.6,0.0098,109700000,109700000,None,0.065,0.0,547978000,804913000,2.07,2017-06-30,31.35,937019000,7048600000.0,2286001000,498182000,178701000,1139955000,1139955000,None,49796000,None,325574000,None,None,519374000,None,None,298100000,None,None,None,0.147,434000000,1743581000,542420000,123131000,614795000,None,None,None,None,None,None,None,2.847,7.74,4.743,None,None,None,None,None,-126600000,None,0.125,None,835503000,2025-10-28,quarterly,2.07,USD,pre-market,68372000,1719201000,0.0775,0.219,0.178,56.06,1743581000,746301000,226927000,125063000,263.31,264.77,0.0,3796628000,1421666000,1119357000,2147418000,2374962000,1028061000,4534832000,1649210000,38.18,-1125786000,284.56,219.93
2025-12-28,ECL,6.96,15890400000.0,38.18,None,0.982,23.46,167500000,None,104378000,104378000,395500000,-941500000,-115300000,5000000,-67500000,None,None,76300000,318603000,260098000,None,2248831000,2248831000,277635000,None,None,743520000,None,None,256935000,216000000,2.6,0.0098,113200000,113200000,None,0.065,0.0,547978000,804913000,2.07,2017-03-31,31.35,937019000,7048600000.0,2286001000,498182000,178701000,1139955000,1139955000,None,49796000,None,325574000,None,None,519374000,None,None,256800000,None,None,None,0.147,425700000,1743581000,542420000,123131000,614795000,None,None,None,None,None,None,None,2.847,7.74,4.743,None,None,None,None,None,-374500000,None,0.125,None,835503000,2025-10-28,quarterly,2.07,USD,pre-market,68372000,1719201000,0.0775,0.219,0.178,56.06,1743581000,746301000,226927000,125063000,263.31,264.77,0.0,3796628000,1421666000,1119357000,2147418000,2374962000,1028061000,4534832000,1649210000,38.18,-1125786000,284.56,219.93
2025-12-28,ECL,6.96,15890400000.0,38.18,None,0.982,23.46,246000000,None,104378000,104378000,-44800000,-247700000,146800000,-8700000,-15800000,None,None,-36900000,318603000,260098000,None,2248831000,2248831000,277635000,None,None,743520000,None,None,256935000,212600000,2.6,0.0098,103000000,103000000,None,0.065,0.0,547978000,804913000,2.07,2016-12-31,31.35,937019000,7048600000.0,2286001000,498182000,178701000,1139955000,1139955000,None,49796000,None,325574000,None,None,519374000,None,None,372000000,None,None,None,0.147,448000000,1743581000,542420000,123131000,614795000,None,None,None,None,None,None,None,2.847,7.74,4.743,None,None,None,None,None,-1800000,None,0.125,None,835503000,2025-10-28,quarterly,2.07,USD,pre-market,68372000,1719201000,0.0775,0.219,0.178,56.06,1743581000,746301000,226927000,125063000,263.31,264.77,0.0,3796628000,1421666000,1119357000,2147418000,2374962000,1028061000,4534832000,1649210000,38.18,-1125786000,284.56,219.93
2025-12-28,ECL,6.96,15890400000.0,38.18,None,0.982,23.46,184900000,None,104378000,104378000,-346200000,-257900000,13200000,400000,-6000000,None,None,-24700000,318603000,260098000,None,2248831000,2248831000,277635000,None,None,743520000,None,None,256935000,216800000,2.6,0.0098,106900000,106900000,None,0.065,0.0,547978000,804913000,2.07,2016-09-30,31.35,937019000,7048600000.0,2286001000,498182000,178701000,1139955000,1139955000,None,49796000,None,325574000,None,None,519374000,None,None,379500000,None,None,None,0.147,616900000,1743581000,542420000,123131000,614795000,None,None,None,None,None,None,None,2.847,7.74,4.743,None,None,None,None,None,-99900000,None,0.125,None,835503000,2025-10-28,quarterly,2.07,USD,pre-market,68372000,1719201000,0.0775,0.219,0.178,56.06,1743581000,746301000,226927000,125063000,263.31,264.77,0.0,3796628000,1421666000,1119357000,2147418000,2374962000,1028061000,4534832000,1649210000,38.18,-1125786000,284.56,219.93
2025-12-28,ECL,6.96,15890400000.0,38.18,None,0.982,23.46,177200000,None,104378000,104378000,-331800000,-173000000,-101100000,1400000,41800000,None,None,-50800000,318603000,260098000,None,2248831000,2248831000,277635000,None,None,743520000,None,None,256935000,209100000,2.6,0.0098,109600000,109600000,None,0.065,0.0,547978000,804913000,2.07,2016-06-30,31.35,937019000,7048600000.0,2286001000,498182000,178701000,1139955000,1139955000,None,49796000,None,325574000,None,None,519374000,None,None,263600000,None,None,None,0.147,402300000,1743581000,542420000,123131000,614795000,None,None,None,None,None,None,None,2.847,7.74,4.743,None,None,None,None,None,-248000000,None,0.125,None,835503000,2025-10-28,quarterly,2.07,USD,pre-market,68372000,1719201000,0.0775,0.219,0.178,56.06,1743581000,746301000,226927000,125063000,263.31,264.77,0.0,3796628000,1421666000,1119357000,2147418000,2374962000,1028061000,4534832000,1649210000,38.18,-1125786000,284.56,219.93
2025-12-28,ECL,6.96,15890400000.0,38.18,None,0.982,23.46,148700000,None,104378000,104378000,-145400000,-150900000,175700000,-500000,-1200000,None,None,113300000,318603000,260098000,None,2248831000,2248831000,277635000,None,None,743520000,None,None,256935000,212200000,2.6,0.0098,108000000,108000000,None,0.065,0.0,547978000,804913000,2.07,2016-03-31,31.35,937019000,7048600000.0,2286001000,498182000,178701000,1139955000,1139955000,None,49796000,None,325574000,None,None,519374000,None,None,232000000,None,None,None,0.147,472500000,1743581000,542420000,123131000,614795000,None,None,None,None,None,None,None,2.847,7.74,4.743,None,None,None,None,None,-389900000,None,0.125,None,835503000,2025-10-28,quarterly,2.07,USD,pre-market,68372000,1719201000,0.0775,0.219,0.178,56.06,1743581000,746301000,226927000,125063000,263.31,264.77,0.0,3796628000,1421666000,1119357000,2147418000,2374962000,1028061000,4534832000,1649210000,38.18,-1125786000,284.56,219.93
2025-12-28,ECL,6.96,15890400000.0,38.18,None,0.982,23.46,238900000,None,104378000,104378000,-328100000,-366700000,-92000000,-1800000,28800000,None,None,-12400000,318603000,260098000,None,2248831000,2248831000,277635000,None,None,743520000,None,None,256935000,212400000,2.6,0.0098,99100000,99100000,None,0.065,0.0,547978000,804913000,2.07,2015-12-31,31.35,937019000,7048600000.0,2286001000,498182000,178701000,1139955000,1139955000,None,49796000,None,325574000,None,None,519374000,None,None,222900000,None,None,None,0.147,604600000,1743581000,542420000,123131000,614795000,None,None,None,None,None,None,None,2.847,7.74,4.743,None,None,None,None,None,-27300000,None,0.125,None,835503000,2025-10-28,quarterly,2.07,USD,pre-market,68372000,1719201000,0.0775,0.219,0.178,56.06,1743581000,746301000,226927000,125063000,263.31,264.77,0.0,3796628000,1421666000,1119357000,2147418000,2374962000,1028061000,4534832000,1649210000,38.18,-1125786000,284.56,219.93
2025-12-28,ECL,6.96,15890400000.0,38.18,None,0.982,23.46,234500000,None,104378000,104378000,-638800000,-209100000,-125800000,-36500000,-11400000,None,None,-33800000,318603000,260098000,None,2248831000,2248831000,277635000,None,None,743520000,None,None,256935000,211400000,2.6,0.0098,99100000,99100000,None,0.065,0.0,547978000,804913000,2.07,2015-09-30,31.35,937019000,7048600000.0,2286001000,498182000,178701000,1139955000,1139955000,None,49796000,None,325574000,None,None,519374000,None,None,250100000,None,None,None,0.147,758600000,1743581000,542420000,123131000,614795000,None,None,None,None,None,None,None,2.847,7.74,4.743,None,None,None,None,None,-1500000,None,0.125,None,835503000,2025-10-28,quarterly,2.07,USD,pre-market,68372000,1719201000,0.0775,0.219,0.178,56.06,1743581000,746301000,226927000,125063000,263.31,264.77,0.0,3796628000,1421666000,1119357000,2147418000,2374962000,1028061000,4534832000,1649210000,38.18,-1125786000,284.56,219.93
2025-12-28,ECL,6.96,15890400000.0,38.18,None,0.982,23.46,168200000,None,104378000,104378000,-269900000,-171000000,72700000,-10500000,17600000,None,None,34600000,318603000,260098000,None,2248831000,2248831000,277635000,None,None,743520000,None,None,256935000,218500000,2.6,0.0098,102700000,102700000,None,0.065,0.0,547978000,804913000,2.07,2015-06-30,31.35,937019000,7048600000.0,2286001000,498182000,178701000,1139955000,1139955000,None,49796000,None,325574000,None,None,519374000,None,None,308800000,None,None,None,0.147,524100000,1743581000,542420000,123131000,614795000,None,None,None,None,None,None,None,2.847,7.74,4.743,None,None,None,None,None,-313700000,None,0.125,None,835503000,2025-10-28,quarterly,2.07,USD,pre-market,68372000,1719201000,0.0775,0.219,0.178,56.06,1743581000,746301000,226927000,125063000,263.31,264.77,0.0,3796628000,1421666000,1119357000,2147418000,2374962000,1028061000,4534832000,1649210000,38.18,-1125786000,284.56,219.93
2025-12-28,ECL,6.96,15890400000.0,38.18,None,0.982,23.46,173600000,None,104378000,104378000,85900000,-169000000,28300000,-1100000,-83600000,None,None,-12400000,318603000,260098000,None,2248831000,2248831000,277635000,None,None,743520000,None,None,256935000,217200000,2.6,0.0098,99800000,99800000,None,0.065,0.0,547978000,804913000,2.07,2015-03-31,31.35,937019000,7048600000.0,2286001000,498182000,178701000,1139955000,1139955000,None,49796000,None,325574000,None,None,519374000,None,None,235400000,None,None,None,0.147,112500000,1743581000,542420000,123131000,614795000,None,None,None,None,None,None,None,2.847,7.74,4.743,None,None,None,None,None,-412600000,None,0.125,None,835503000,2025-10-28,quarterly,2.07,USD,pre-market,68372000,1719201000,0.0775,0.219,0.178,56.06,1743581000,746301000,226927000,125063000,263.31,264.77,0.0,3796628000,1421666000,1119357000,2147418000,2374962000,1028061000,4534832000,1649210000,38.18,-1125786000,284.56,219.93
2025-12-28,ECL,6.96,15890400000.0,38.18,None,0.982,23.46,273300000,None,104378000,104378000,-357300000,-283400000,11800000,-18100000,-42100000,None,None,-11900000,318603000,260098000,None,2248831000,2248831000,277635000,None,None,743520000,None,None,256935000,218000000,2.6,0.0098,85500000,85500000,None,0.065,0.0,547978000,804913000,2.07,2014-12-31,31.35,937019000,7048600000.0,2286001000,498182000,178701000,1139955000,1139955000,None,49796000,None,325574000,None,None,519374000,None,None,343300000,None,None,None,0.147,670600000,1743581000,542420000,123131000,614795000,None,None,None,None,None,None,None,2.847,7.74,4.743,None,None,None,None,None,-87600000,None,0.125,None,835503000,2025-10-28,quarterly,2.07,USD,pre-market,68372000,1719201000,0.0775,0.219,0.178,56.06,1743581000,746301000,226927000,125063000,263.31,264.77,0.0,3796628000,1421666000,1119357000,2147418000,2374962000,1028061000,4534832000,1649210000,38.18,-1125786000,284.56,219.93
2025-12-28,ECL,6.96,15890400000.0,38.18,None,0.982,23.46,183400000,None,104378000,104378000,-393800000,-205600000,10800000,-2900000,-61500000,None,None,-84100000,318603000,260098000,None,2248831000,2248831000,277635000,None,None,743520000,None,None,256935000,218600000,2.6,0.0098,86600000,86600000,None,0.065,0.0,547978000,804913000,2.07,2014-09-30,31.35,937019000,7048600000.0,2286001000,498182000,178701000,1139955000,1139955000,None,49796000,None,325574000,None,None,519374000,None,None,369400000,None,None,None,0.147,613100000,1743581000,542420000,123131000,614795000,None,None,None,None,None,None,None,2.847,7.74,4.743,None,None,None,None,None,-4400000,None,0.125,None,835503000,2025-10-28,quarterly,2.07,USD,pre-market,68372000,1719201000,0.0775,0.219,0.178,56.06,1743581000,746301000,226927000,125063000,263.31,264.77,0.0,3796628000,1421666000,1119357000,2147418000,2374962000,1028061000,4534832000,1649210000,38.18,-1125786000,284.56,219.93
2025-12-28,ECL,6.96,15890400000.0,38.18,None,0.982,23.46,186300000,None,104378000,104378000,-246800000,-184900000,-113300000,900000,-52400000,None,None,-117700000,318603000,260098000,None,2248831000,2248831000,277635000,None,None,743520000,None,None,256935000,218600000,2.6,0.0098,86400000,86400000,None,0.065,0.0,547978000,804913000,2.07,2014-06-30,31.35,937019000,7048600000.0,2286001000,498182000,178701000,1139955000,1139955000,None,49796000,None,325574000,None,None,519374000,None,None,315000000,None,None,None,0.147,317500000,1743581000,542420000,123131000,614795000,None,None,None,None,None,None,None,2.847,7.74,4.743,None,None,None,None,None,-94000000,None,0.125,None,835503000,2025-10-28,quarterly,2.07,USD,pre-market,68372000,1719201000,0.0775,0.219,0.178,56.06,1743581000,746301000,226927000,125063000,263.31,264.77,0.0,3796628000,1421666000,1119357000,2147418000,2374962000,1028061000,4534832000,1649210000,38.18,-1125786000,284.56,219.93
2025-12-28,ECL,6.96,15890400000.0,38.18,None,0.982,23.46,150900000,None,104378000,104378000,-73100000,-174400000,-38900000,-5800000,-54800000,None,None,38300000,318603000,260098000,None,2248831000,2248831000,277635000,None,None,743520000,None,None,256935000,216800000,2.6,0.0098,85900000,85900000,None,0.065,0.0,547978000,804913000,2.07,2014-03-31,31.35,937019000,7048600000.0,2286001000,498182000,178701000,1139955000,1139955000,None,49796000,None,325574000,None,None,519374000,None,None,194500000,None,None,None,0.147,214400000,1743581000,542420000,123131000,614795000,None,None,None,None,None,None,None,2.847,7.74,4.743,None,None,None,None,None,-242600000,None,0.125,None,835503000,2025-10-28,quarterly,2.07,USD,pre-market,68372000,1719201000,0.0775,0.219,0.178,56.06,1743581000,746301000,226927000,125063000,263.31,264.77,0.0,3796628000,1421666000,1119357000,2147418000,2374962000,1028061000,4534832000,1649210000,38.18,-1125786000,284.56,219.93
2025-12-28,ECL,6.96,15890400000.0,38.18,None,0.982,23.46,213200000,None,104378000,104378000,-486900000,-200400000,-55200000,1500000,61800000,None,None,-77100000,318603000,260098000,None,2248831000,2248831000,277635000,None,None,743520000,None,None,256935000,214400000,2.6,0.0098,74500000,74500000,None,0.065,0.0,547978000,804913000,2.07,2013-12-31,31.35,937019000,7048600000.0,2286001000,498182000,178701000,1139955000,1139955000,None,49796000,None,325574000,None,None,519374000,None,None,289600000,None,None,None,0.147,630600000,1743581000,542420000,123131000,614795000,None,None,None,None,None,None,None,2.847,7.74,4.743,None,None,None,None,None,-79100000,None,0.125,None,835503000,2025-10-28,quarterly,2.07,USD,pre-market,68372000,1719201000,0.0775,0.219,0.178,56.06,1743581000,746301000,226927000,125063000,263.31,264.77,0.0,3796628000,1421666000,1119357000,2147418000,2374962000,1028061000,4534832000,1649210000,38.18,-1125786000,284.56,219.93
2025-12-28,ECL,6.96,15890400000.0,38.18,None,0.982,23.46,167800000,None,104378000,104378000,-363500000,-158600000,19200000,5100000,-19700000,None,None,-75300000,318603000,260098000,None,2248831000,2248831000,277635000,None,None,743520000,None,None,256935000,211900000,2.6,0.0098,71200000,71200000,None,0.065,0.0,547978000,804913000,2.07,2013-09-30,31.35,937019000,7048600000.0,2286001000,498182000,178701000,1139955000,1139955000,None,49796000,None,325574000,None,None,519374000,None,None,307200000,None,None,None,0.147,536200000,1743581000,542420000,123131000,614795000,None,None,None,None,None,None,None,2.847,7.74,4.743,None,None,None,None,None,-52800000,None,0.125,None,835503000,2025-10-28,quarterly,2.07,USD,pre-market,68372000,1719201000,0.0775,0.219,0.178,56.06,1743581000,746301000,226927000,125063000,263.31,264.77,0.0,3796628000,1421666000,1119357000,2147418000,2374962000,1028061000,4534832000,1649210000,38.18,-1125786000,284.56,219.93
2025-12-28,ECL,6.96,15890400000.0,38.18,None,0.982,23.46,145800000,None,104378000,104378000,851300000,-1507900000,-449100000,500000,-18400000,None,None,-25100000,318603000,260098000,None,2248831000,2248831000,277635000,None,None,743520000,None,None,256935000,204600000,2.6,0.0098,67900000,67900000,None,0.065,0.0,547978000,804913000,2.07,2013-06-30,31.35,937019000,7048600000.0,2286001000,498182000,178701000,1139955000,1139955000,None,49796000,None,325574000,None,None,519374000,None,None,215800000,None,None,None,0.147,207000000,1743581000,542420000,123131000,614795000,None,None,None,None,None,None,None,2.847,7.74,4.743,None,None,None,None,None,-153500000,None,0.125,None,835503000,2025-10-28,quarterly,2.07,USD,pre-market,68372000,1719201000,0.0775,0.219,0.178,56.06,1743581000,746301000,226927000,125063000,263.31,264.77,0.0,3796628000,1421666000,1119357000,2147418000,2374962000,1028061000,4534832000,1649210000,38.18,-1125786000,284.56,219.93
2025-12-28,ECL,6.96,15890400000.0,38.18,None,0.982,23.46,135500000,None,104378000,104378000,-293500000,-220800000,-333500000,-5200000,-54200000,None,None,30100000,318603000,260098000,None,2248831000,2248831000,277635000,None,None,743520000,None,None,256935000,185300000,2.6,0.0098,4500000,4500000,None,0.065,0.0,547978000,804913000,2.07,2013-03-31,31.35,937019000,7048600000.0,2286001000,498182000,178701000,1139955000,1139955000,None,49796000,None,325574000,None,None,519374000,None,None,161000000,None,None,None,0.147,186000000,1743581000,542420000,123131000,614795000,None,None,None,None,None,None,None,2.847,7.74,4.743,None,None,None,None,None,-22200000,None,0.125,None,835503000,2025-10-28,quarterly,2.07,USD,pre-market,68372000,1719201000,0.0775,0.219,0.178,56.06,1743581000,746301000,226927000,125063000,263.31,264.77,0.0,3796628000,1421666000,1119357000,2147418000,2374962000,1028061000,4534832000,1649210000,38.18,-1125786000,284.56,219.93
2025-12-28,ECL,6.96,15890400000.0,38.18,None,0.982,23.46,195900000,None,104378000,104378000,422200000,-73000000,833800000,2400000,25400000,None,None,-15000000,318603000,260098000,None,2248831000,2248831000,277635000,None,None,743520000,None,None,256935000,366000000,2.6,0.0098,126300000,126300000,None,0.065,0.0,547978000,804913000,2.07,2012-12-31,31.35,937019000,7048600000.0,2286001000,498182000,178701000,1139955000,1139955000,None,49796000,None,325574000,None,None,519374000,None,None,234500000,None,None,None,0.147,482200000,1743581000,542420000,123131000,614795000,None,None,None,None,None,None,None,2.847,7.74,4.743,None,None,None,None,None,-16800000,None,0.125,None,835503000,2025-10-28,quarterly,2.07,USD,pre-market,68372000,1719201000,0.0775,0.219,0.178,56.06,1743581000,746301000,226927000,125063000,263.31,264.77,0.0,3796628000,1421666000,1119357000,2147418000,2374962000,1028061000,4534832000,1649210000,38.18,-1125786000,284.56,219.93
2025-12-28,ECL,6.96,15890400000.0,38.18,None,0.982,23.46,149100000,None,104378000,104378000,-361700000,-134600000,19100000,5700000,-23100000,None,None,-101700000,318603000,260098000,None,2248831000,2248831000,277635000,None,None,743520000,None,None,256935000,116700000,2.6,0.0098,59600000,59600000,None,0.065,0.0,547978000,804913000,2.07,2012-09-30,31.35,937019000,7048600000.0,2286001000,498182000,178701000,1139955000,1139955000,None,49796000,None,325574000,None,None,519374000,None,None,239300000,None,None,None,0.147,509700000,1743581000,542420000,123131000,614795000,None,None,None,None,None,None,None,2.847,7.74,4.743,None,None,None,None,None,-2200000,None,0.125,None,835503000,2025-10-28,quarterly,2.07,USD,pre-market,68372000,1719201000,0.0775,0.219,0.178,56.06,1743581000,746301000,226927000,125063000,263.31,264.77,0.0,3796628000,1421666000,1119357000,2147418000,2374962000,1028061000,4534832000,1649210000,38.18,-1125786000,284.56,219.93
2025-12-28,ECL,6.96,15890400000.0,38.18,None,0.982,23.46,134000000,None,104378000,104378000,15700000,-143000000,-49100000,-22400000,-22900000,None,None,-103500000,318603000,260098000,None,2248831000,2248831000,277635000,None,None,743520000,None,None,256935000,116300000,2.6,0.0098,59700000,59700000,None,0.065,0.0,547978000,804913000,2.07,2012-06-30,31.35,937019000,7048600000.0,2286001000,498182000,178701000,1139955000,1139955000,None,49796000,None,325574000,None,None,519374000,None,None,183400000,None,None,None,0.147,100600000,1743581000,542420000,123131000,614795000,None,None,None,None,None,None,None,2.847,7.74,4.743,None,None,None,None,None,-105600000,None,0.125,None,835503000,2025-10-28,quarterly,2.07,USD,pre-market,68372000,1719201000,0.0775,0.219,0.178,56.06,1743581000,746301000,226927000,125063000,263.31,264.77,0.0,3796628000,1421666000,1119357000,2147418000,2374962000,1028061000,4534832000,1649210000,38.18,-1125786000,284.56,219.93
2025-12-28,ECL,6.96,15890400000.0,38.18,None,0.982,23.46,128500000,None,104378000,104378000,-1469800000,-137300000,-1489600000,7000000,18600000,None,None,30500000,318603000,260098000,None,2248831000,2248831000,277635000,None,None,743520000,None,None,256935000,115500000,2.6,0.0098,61200000,61200000,None,0.065,0.0,547978000,804913000,2.07,2012-03-31,31.35,937019000,7048600000.0,2286001000,498182000,178701000,1139955000,1139955000,None,49796000,None,325574000,None,None,519374000,None,None,44100000,None,None,None,0.147,110500000,1743581000,542420000,123131000,614795000,None,None,None,None,None,None,None,2.847,7.74,4.743,None,None,None,None,None,-85300000,None,0.125,None,835503000,2025-10-28,quarterly,2.07,USD,pre-market,68372000,1719201000,0.0775,0.219,0.178,56.06,1743581000,746301000,226927000,125063000,263.31,264.77,0.0,3796628000,1421666000,1119357000,2147418000,2374962000,1028061000,4534832000,1649210000,38.18,-1125786000,284.56,219.93
2025-12-28,ECL,6.96,15890400000.0,38.18,None,0.982,23.46,121200000,None,104378000,104378000,2976500000,-1472600000,1636300000,-12400000,-8100000,None,None,-31900000,318603000,260098000,None,2248831000,2248831000,277635000,None,None,743520000,None,None,256935000,110700000,2.6,0.0098,40600000,40600000,None,0.065,0.0,547978000,804913000,2.07,2011-12-31,31.35,937019000,7048600000.0,2286001000,498182000,178701000,1139955000,1139955000,None,49796000,None,325574000,None,None,519374000,None,None,88800000,None,None,None,0.147,144800000,1743581000,542420000,123131000,614795000,None,None,None,None,None,None,None,2.847,7.74,4.743,None,None,None,None,None,-567500000,None,0.125,None,835503000,2025-10-28,quarterly,2.07,USD,pre-market,68372000,1719201000,0.0775,0.219,0.178,56.06,1743581000,746301000,226927000,125063000,263.31,264.77,0.0,3796628000,1421666000,1119357000,2147418000,2374962000,1028061000,4534832000,1649210000,38.18,-1125786000,284.56,219.93
2025-12-28,ECL,6.96,15890400000.0,38.18,None,0.982,23.46,87100000,None,104378000,104378000,-106200000,-87300000,44100000,-1000000,-11200000,None,None,-39800000,318603000,260098000,None,2248831000,2248831000,277635000,None,None,743520000,None,None,256935000,97100000,2.6,0.0098,41100000,41100000,None,0.065,0.0,547978000,804913000,2.07,2011-09-30,31.35,937019000,7048600000.0,2286001000,498182000,178701000,1139955000,1139955000,None,49796000,None,325574000,None,None,519374000,None,None,154500000,None,None,None,0.147,238600000,1743581000,542420000,123131000,614795000,None,None,None,None,None,None,None,2.847,7.74,4.743,None,None,None,None,None,-300000,None,0.125,None,835503000,2025-10-28,quarterly,2.07,USD,pre-market,68372000,1719201000,0.0775,0.219,0.178,56.06,1743581000,746301000,226927000,125063000,263.31,264.77,0.0,3796628000,1421666000,1119357000,2147418000,2374962000,1028061000,4534832000,1649210000,38.18,-1125786000,284.56,219.93
2025-12-28,ECL,6.96,15890400000.0,38.18,None,0.982,23.46,85100000,None,104378000,104378000,-155600000,-86600000,11800000,8000000,-7200000,None,None,-44500000,318603000,260098000,None,2248831000,2248831000,277635000,None,None,743520000,None,None,256935000,96700000,2.6,0.0098,40600000,40600000,None,0.065,0.0,547978000,804913000,2.07,2011-06-30,31.35,937019000,7048600000.0,2286001000,498182000,178701000,1139955000,1139955000,None,49796000,None,325574000,None,None,519374000,None,None,125900000,None,None,None,0.147,246000000,1743581000,542420000,123131000,614795000,None,None,None,None,None,None,None,2.847,7.74,4.743,None,None,None,None,None,-52000000,None,0.125,None,835503000,2025-10-28,quarterly,2.07,USD,pre-market,68372000,1719201000,0.0775,0.219,0.178,56.06,1743581000,746301000,226927000,125063000,263.31,264.77,0.0,3796628000,1421666000,1119357000,2147418000,2374962000,1028061000,4534832000,1649210000,38.18,-1125786000,284.56,219.93
2025-12-28,ECL,6.96,15890400000.0,38.18,None,0.982,23.46,72600000,None,104378000,104378000,219100000,-377800000,-90900000,11700000,-9600000,None,None,10200000,318603000,260098000,None,2248831000,2248831000,277635000,None,None,743520000,None,None,256935000,91200000,2.6,0.0098,40600000,40600000,None,0.065,0.0,547978000,804913000,2.07,2011-03-31,31.35,937019000,7048600000.0,2286001000,498182000,178701000,1139955000,1139955000,None,49796000,None,325574000,None,None,519374000,None,None,93600000,None,None,None,0.147,56100000,1743581000,542420000,123131000,614795000,None,None,None,None,None,None,None,2.847,7.74,4.743,None,None,None,None,None,-70200000,None,0.125,None,835503000,2025-10-28,quarterly,2.07,USD,pre-market,68372000,1719201000,0.0775,0.219,0.178,56.06,1743581000,746301000,226927000,125063000,263.31,264.77,0.0,3796628000,1421666000,1119357000,2147418000,2374962000,1028061000,4534832000,1649210000,38.18,-1125786000,284.56,219.93
2025-12-28,ECL,6.96,15890400000.0,38.18,None,0.982,23.46,81200000,None,104378000,104378000,-176700000,-63800000,73900000,2200000,16900000,None,None,35200000,318603000,260098000,None,2248831000,2248831000,277635000,None,None,743520000,None,None,256935000,88400000,2.6,0.0098,35900000,35900000,None,0.065,0.0,547978000,804913000,2.07,2010-12-31,31.35,937019000,7048600000.0,2286001000,498182000,178701000,1139955000,1139955000,None,49796000,None,325574000,None,None,519374000,None,None,131600000,None,None,None,0.147,312200000,1743581000,542420000,123131000,614795000,None,None,None,None,None,None,None,2.847,7.74,4.743,None,None,None,None,None,-3700000,None,0.125,None,835503000,2025-10-28,quarterly,2.07,USD,pre-market,68372000,1719201000,0.0775,0.219,0.178,56.06,1743581000,746301000,226927000,125063000,263.31,264.77,0.0,3796628000,1421666000,1119357000,2147418000,2374962000,1028061000,4534832000,1649210000,38.18,-1125786000,284.56,219.93
2025-12-28,ECL,6.96,15890400000.0,38.18,None,0.982,23.46,70000000,None,104378000,104378000,-121700000,-104900000,47100000,500000,-10600000,None,None,-47700000,318603000,260098000,None,2248831000,2248831000,277635000,None,None,743520000,None,None,256935000,81500000,2.6,0.0098,36200000,36200000,None,0.065,0.0,547978000,804913000,2.07,2010-09-30,31.35,937019000,7048600000.0,2286001000,498182000,178701000,1139955000,1139955000,None,49796000,None,325574000,None,None,519374000,None,None,174300000,None,None,None,0.147,273200000,1743581000,542420000,123131000,614795000,None,None,None,None,None,None,None,2.847,7.74,4.743,None,None,None,None,None,-143100000,None,0.125,None,835503000,2025-10-28,quarterly,2.07,USD,pre-market,68372000,1719201000,0.0775,0.219,0.178,56.06,1743581000,746301000,226927000,125063000,263.31,264.77,0.0,3796628000,1421666000,1119357000,2147418000,2374962000,1028061000,4534832000,1649210000,38.18,-1125786000,284.56,219.93
2025-12-28,ECL,6.96,15890400000.0,38.18,None,0.982,23.46,86900000,None,104378000,104378000,-109900000,-77400000,36000000,-6300000,7300000,None,None,-46000000,318603000,260098000,None,2248831000,2248831000,277635000,None,None,743520000,None,None,256935000,91800000,2.6,0.0098,36600000,36600000,None,0.065,0.0,547978000,804913000,2.07,2010-06-30,31.35,937019000,7048600000.0,2286001000,498182000,178701000,1139955000,1139955000,None,49796000,None,325574000,None,None,519374000,None,None,129500000,None,None,None,0.147,229600000,1743581000,542420000,123131000,614795000,None,None,None,None,None,None,None,2.847,7.74,4.743,None,None,None,None,None,-57300000,None,0.125,None,835503000,2025-10-28,quarterly,2.07,USD,pre-market,68372000,1719201000,0.0775,0.219,0.178,56.06,1743581000,746301000,226927000,125063000,263.31,264.77,0.0,3796628000,1421666000,1119357000,2147418000,2374962000,1028061000,4534832000,1649210000,38.18,-1125786000,284.56,219.93
2025-12-28,ECL,6.96,15890400000.0,38.18,None,0.982,23.46,59600000,None,104378000,104378000,-53900000,-57500000,11700000,-12300000,5000000,None,None,19200000,318603000,260098000,None,2248831000,2248831000,277635000,None,None,743520000,None,None,256935000,86200000,2.6,0.0098,36800000,36800000,None,0.065,0.0,547978000,804913000,2.07,2010-03-31,31.35,937019000,7048600000.0,2286001000,498182000,178701000,1139955000,1139955000,None,49796000,None,325574000,None,None,519374000,None,None,95700000,None,None,None,0.147,135400000,1743581000,542420000,123131000,614795000,None,None,None,None,None,None,None,2.847,7.74,4.743,None,None,None,None,None,-144700000,None,0.125,None,835503000,2025-10-28,quarterly,2.07,USD,pre-market,68372000,1719201000,0.0775,0.219,0.178,56.06,1743581000,746301000,226927000,125063000,263.31,264.77,0.0,3796628000,1421666000,1119357000,2147418000,2374962000,1028061000,4534832000,1649210000,38.18,-1125786000,284.56,219.93
2025-12-28,ECL,6.96,15890400000.0,38.18,None,0.982,23.46,98600000,None,104378000,104378000,-105000000,-97400000,None,None,-8700000,None,None,None,318603000,260098000,None,2248831000,2248831000,277635000,None,None,743520000,None,None,256935000,85700000,2.6,0.0098,33200000,33200000,None,0.065,0.0,547978000,804913000,2.07,2009-12-31,31.35,937019000,7048600000.0,2286001000,498182000,178701000,1139955000,1139955000,None,49796000,None,325574000,None,None,519374000,None,None,116300000,None,None,None,0.147,163500000,1743581000,542420000,123131000,614795000,None,None,None,None,None,None,None,2.847,7.74,4.743,None,None,None,None,None,-57300000,None,0.125,None,835503000,2025-10-28,quarterly,2.07,USD,pre-market,68372000,1719201000,0.0775,0.219,0.178,56.06,1743581000,746301000,226927000,125063000,263.31,264.77,0.0,3796628000,1421666000,1119357000,2147418000,2374962000,1028061000,4534832000,1649210000,38.18,-1125786000,284.56,219.93
2025-12-28,ECL,6.96,15890400000.0,38.18,None,0.982,23.46,73700000,None,104378000,104378000,-136300000,-73000000,None,None,5400000,None,None,None,318603000,260098000,None,2248831000,2248831000,277635000,None,None,743520000,None,None,256935000,83600000,2.6,0.0098,33100000,33100000,None,0.065,0.0,547978000,804913000,2.07,2009-09-30,31.35,937019000,7048600000.0,2286001000,498182000,178701000,1139955000,1139955000,None,49796000,None,325574000,None,None,519374000,None,None,145200000,None,None,None,0.147,232100000,1743581000,542420000,123131000,614795000,None,None,None,None,None,None,None,2.847,7.74,4.743,None,None,None,None,None,-11100000,None,0.125,None,835503000,2025-10-28,quarterly,2.07,USD,pre-market,68372000,1719201000,0.0775,0.219,0.178,56.06,1743581000,746301000,226927000,125063000,263.31,264.77,0.0,3796628000,1421666000,1119357000,2147418000,2374962000,1028061000,4534832000,1649210000,38.18,-1125786000,284.56,219.93
2025-12-28,ECL,6.96,15890400000.0,38.18,None,0.982,23.46,65800000,None,104378000,104378000,-205200000,-65900000,None,None,22100000,None,None,None,318603000,260098000,None,2248831000,2248831000,277635000,None,None,743520000,None,None,256935000,84600000,2.6,0.0098,33400000,33400000,None,0.065,0.0,547978000,804913000,2.07,2009-06-30,31.35,937019000,7048600000.0,2286001000,498182000,178701000,1139955000,1139955000,None,49796000,None,325574000,None,None,519374000,None,None,99500000,None,None,None,0.147,272000000,1743581000,542420000,123131000,614795000,None,None,None,None,None,None,None,2.847,7.74,4.743,None,None,None,None,None,-300000,None,0.125,None,835503000,2025-10-28,quarterly,2.07,USD,pre-market,68372000,1719201000,0.0775,0.219,0.178,56.06,1743581000,746301000,226927000,125063000,263.31,264.77,0.0,3796628000,1421666000,1119357000,2147418000,2374962000,1028061000,4534832000,1649210000,38.18,-1125786000,284.56,219.93
2025-12-28,ECL,6.96,15890400000.0,38.18,None,0.982,23.46,59200000,None,104378000,104378000,48700000,-63000000,None,None,-5800000,None,None,None,318603000,260098000,None,2248831000,2248831000,277635000,None,None,743520000,None,None,256935000,80400000,2.6,0.0098,33000000,33000000,None,0.065,0.0,547978000,804913000,2.07,2009-03-31,31.35,937019000,7048600000.0,2286001000,498182000,178701000,1139955000,1139955000,None,49796000,None,325574000,None,None,519374000,None,None,57700000,None,None,None,0.147,27400000,1743581000,542420000,123131000,614795000,None,None,None,None,None,None,None,2.847,7.74,4.743,None,None,None,None,None,-100000,None,0.125,None,835503000,2025-10-28,quarterly,2.07,USD,pre-market,68372000,1719201000,0.0775,0.219,0.178,56.06,1743581000,746301000,226927000,125063000,263.31,264.77,0.0,3796628000,1421666000,1119357000,2147418000,2374962000,1028061000,4534832000,1649210000,38.18,-1125786000,284.56,219.93
2025-12-28,ECL,6.96,15890400000.0,38.18,None,0.982,23.46,94700000,None,104378000,104378000,-186500000,-94100000,None,None,-9000000,None,None,None,318603000,260098000,None,2248831000,2248831000,277635000,None,None,743520000,None,None,256935000,79500000,2.6,0.0098,32200000,32200000,None,0.065,0.0,547978000,804913000,2.07,2008-12-31,31.35,937019000,7048600000.0,2286001000,498182000,178701000,1139955000,1139955000,None,49796000,None,325574000,None,None,519374000,None,None,80000000,None,None,None,0.147,257000000,1743581000,542420000,123131000,614795000,None,None,None,None,None,None,None,2.847,7.74,4.743,None,None,None,None,None,-316300000,None,0.125,None,835503000,2025-10-28,quarterly,2.07,USD,pre-market,68372000,1719201000,0.0775,0.219,0.178,56.06,1743581000,746301000,226927000,125063000,263.31,264.77,0.0,3796628000,1421666000,1119357000,2147418000,2374962000,1028061000,4534832000,1649210000,38.18,-1125786000,284.56,219.93
2025-12-28,ECL,6.96,15890400000.0,38.18,None,0.982,23.46,99600000,None,104378000,104378000,-203500000,-99600000,None,None,-17700000,None,None,None,318603000,260098000,None,2248831000,2248831000,277635000,None,None,743520000,None,None,256935000,85200000,2.6,0.0098,32100000,32100000,None,0.065,0.0,547978000,804913000,2.07,2008-09-30,31.35,937019000,7048600000.0,2286001000,498182000,178701000,1139955000,1139955000,None,49796000,None,325574000,None,None,519374000,None,None,126200000,None,None,None,0.147,185500000,1743581000,542420000,123131000,614795000,None,None,None,None,None,None,None,2.847,7.74,4.743,None,None,None,None,None,-700000,None,0.125,None,835503000,2025-10-28,quarterly,2.07,USD,pre-market,68372000,1719201000,0.0775,0.219,0.178,56.06,1743581000,746301000,226927000,125063000,263.31,264.77,0.0,3796628000,1421666000,1119357000,2147418000,2374962000,1028061000,4534832000,1649210000,38.18,-1125786000,284.56,219.93
2025-12-28,ECL,6.96,15890400000.0,38.18,None,0.982,23.46,108000000,None,104378000,104378000,-98100000,-77400000,None,None,-15400000,None,None,None,318603000,260098000,None,2248831000,2248831000,277635000,None,None,743520000,None,None,256935000,85100000,2.6,0.0098,32200000,32200000,None,0.065,0.0,547978000,804913000,2.07,2008-06-30,31.35,937019000,7048600000.0,2286001000,498182000,178701000,1139955000,1139955000,None,49796000,None,325574000,None,None,519374000,None,None,139000000,None,None,None,0.147,173700000,1743581000,542420000,123131000,614795000,None,None,None,None,None,None,None,2.847,7.74,4.743,None,None,None,None,None,-1600000,None,0.125,None,835503000,2025-10-28,quarterly,2.07,USD,pre-market,68372000,1719201000,0.0775,0.219,0.178,56.06,1743581000,746301000,226927000,125063000,263.31,264.77,0.0,3796628000,1421666000,1119357000,2147418000,2374962000,1028061000,4534832000,1649210000,38.18,-1125786000,284.56,219.93
2025-12-28,ECL,6.96,15890400000.0,38.18,None,0.982,23.46,92200000,None,104378000,104378000,252500000,-309600000,None,None,-15400000,None,None,None,318603000,260098000,None,2248831000,2248831000,277635000,None,None,743520000,None,None,256935000,84900000,2.6,0.0098,32000000,32000000,None,0.065,0.0,547978000,804913000,2.07,2008-03-31,31.35,937019000,7048600000.0,2286001000,498182000,178701000,1139955000,1139955000,None,49796000,None,325574000,None,None,519374000,None,None,102900000,None,None,None,0.147,137000000,1743581000,542420000,123131000,614795000,None,None,None,None,None,None,None,2.847,7.74,4.743,None,None,None,None,None,-18600000,None,0.125,None,835503000,2025-10-28,quarterly,2.07,USD,pre-market,68372000,1719201000,0.0775,0.219,0.178,56.06,1743581000,746301000,226927000,125063000,263.31,264.77,0.0,3796628000,1421666000,1119357000,2147418000,2374962000,1028061000,4534832000,1649210000,38.18,-1125786000,284.56,219.93
2025-12-28,ECL,6.96,15890400000.0,38.18,None,0.982,23.46,102600000,None,104378000,104378000,136000000,-360400000,None,None,1500000,None,None,None,318603000,260098000,None,2248831000,2248831000,277635000,None,None,743520000,None,None,256935000,76200000,2.6,0.0098,28200000,28200000,None,0.065,0.0,547978000,804913000,2.07,2007-12-31,31.35,937019000,7048600000.0,2286001000,498182000,178701000,1139955000,1139955000,None,49796000,None,325574000,None,None,519374000,None,None,113400000,None,None,None,0.147,253900000,1743581000,542420000,123131000,614795000,None,None,None,None,None,None,None,2.847,7.74,4.743,None,None,None,None,None,-6900000,None,0.125,None,835503000,2025-10-28,quarterly,2.07,USD,pre-market,68372000,1719201000,0.0775,0.219,0.178,56.06,1743581000,746301000,226927000,125063000,263.31,264.77,0.0,3796628000,1421666000,1119357000,2147418000,2374962000,1028061000,4534832000,1649210000,38.18,-1125786000,284.56,219.93
2025-12-28,ECL,6.96,15890400000.0,38.18,None,0.982,23.46,109900000,None,104378000,104378000,-65500000,-136300000,None,None,3300000,None,None,None,318603000,260098000,None,2248831000,2248831000,277635000,None,None,743520000,None,None,256935000,73200000,2.6,0.0098,28200000,28200000,None,0.065,0.0,547978000,804913000,2.07,2007-09-30,31.35,937019000,7048600000.0,2286001000,498182000,178701000,1139955000,1139955000,None,49796000,None,325574000,None,None,519374000,None,None,114000000,None,None,None,0.147,236400000,1743581000,542420000,123131000,614795000,None,None,None,None,None,None,None,2.847,7.74,4.743,None,None,None,None,None,-28200000,None,0.125,None,835503000,2025-10-28,quarterly,2.07,USD,pre-market,68372000,1719201000,0.0775,0.219,0.178,56.06,1743581000,746301000,226927000,125063000,263.31,264.77,0.0,3796628000,1421666000,1119357000,2147418000,2374962000,1028061000,4534832000,1649210000,38.18,-1125786000,284.56,219.93
2025-12-28,ECL,6.96,15890400000.0,38.18,None,0.982,23.46,79500000,None,104378000,104378000,-114100000,-89900000,None,None,-21400000,None,None,None,318603000,260098000,None,2248831000,2248831000,277635000,None,None,743520000,None,None,256935000,72300000,2.6,0.0098,28700000,28700000,None,0.065,0.0,547978000,804913000,2.07,2007-06-30,31.35,937019000,7048600000.0,2286001000,498182000,178701000,1139955000,1139955000,None,49796000,None,325574000,None,None,519374000,None,None,110300000,None,None,None,0.147,221300000,1743581000,542420000,123131000,614795000,None,None,None,None,None,None,None,2.847,7.74,4.743,None,None,None,None,None,-163400000,None,0.125,None,835503000,2025-10-28,quarterly,2.07,USD,pre-market,68372000,1719201000,0.0775,0.219,0.178,56.06,1743581000,746301000,226927000,125063000,263.31,264.77,0.0,3796628000,1421666000,1119357000,2147418000,2374962000,1028061000,4534832000,1649210000,38.18,-1125786000,284.56,219.93
2025-12-28,ECL,6.96,15890400000.0,38.18,None,0.982,23.46,69500000,None,104378000,104378000,-438800000,-77100000,None,None,-2700000,None,None,None,318603000,260098000,None,2248831000,2248831000,277635000,None,None,743520000,None,None,256935000,70200000,2.6,0.0098,28900000,28900000,None,0.065,0.0,547978000,804913000,2.07,2007-03-31,31.35,937019000,7048600000.0,2286001000,498182000,178701000,1139955000,1139955000,None,49796000,None,325574000,None,None,519374000,None,None,89500000,None,None,None,0.147,86000000,1743581000,542420000,123131000,614795000,None,None,None,None,None,None,None,2.847,7.74,4.743,None,None,None,None,None,-172900000,None,0.125,None,835503000,2025-10-28,quarterly,2.07,USD,pre-market,68372000,1719201000,0.0775,0.219,0.178,56.06,1743581000,746301000,226927000,125063000,263.31,264.77,0.0,3796628000,1421666000,1119357000,2147418000,2374962000,1028061000,4534832000,1649210000,38.18,-1125786000,284.56,219.93
2025-12-28,ECL,6.96,15890400000.0,38.18,None,0.982,23.46,86167000,None,104378000,104378000,286206000,-81001000,None,None,-3167000,None,None,None,318603000,260098000,None,2248831000,2248831000,277635000,None,None,743520000,None,None,256935000,66689000,2.6,0.0098,25148000,25148000,None,0.065,0.0,547978000,804913000,2.07,2006-12-31,31.35,937019000,7048600000.0,2286001000,498182000,178701000,1139955000,1139955000,None,49796000,None,325574000,None,None,519374000,None,None,87191000,None,None,None,0.147,223387000,1743581000,542420000,123131000,614795000,None,None,None,None,None,None,None,2.847,7.74,4.743,None,None,None,None,None,-31952000,None,0.125,None,835503000,2025-10-28,quarterly,2.07,USD,pre-market,68372000,1719201000,0.0775,0.219,0.178,56.06,1743581000,746301000,226927000,125063000,263.31,264.77,0.0,3796628000,1421666000,1119357000,2147418000,2374962000,1028061000,4534832000,1649210000,38.18,-1125786000,284.56,219.93
2025-12-28,ECL,6.96,15890400000.0,38.18,None,0.982,23.46,84570000,None,104378000,104378000,-140743000,-138953000,None,None,-3970000,None,None,None,318603000,260098000,None,2248831000,2248831000,277635000,None,None,743520000,None,None,256935000,68553000,2.6,0.0098,25122000,25122000,None,0.065,0.0,547978000,804913000,2.07,2006-09-30,31.35,937019000,7048600000.0,2286001000,498182000,178701000,1139955000,1139955000,None,49796000,None,325574000,None,None,519374000,None,None,110359000,None,None,None,0.147,228042000,1743581000,542420000,123131000,614795000,None,None,None,None,None,None,None,2.847,7.74,4.743,None,None,None,None,None,-60570000,None,0.125,None,835503000,2025-10-28,quarterly,2.07,USD,pre-market,68372000,1719201000,0.0775,0.219,0.178,56.06,1743581000,746301000,226927000,125063000,263.31,264.77,0.0,3796628000,1421666000,1119357000,2147418000,2374962000,1028061000,4534832000,1649210000,38.18,-1125786000,284.56,219.93
2025-12-28,ECL,6.96,15890400000.0,38.18,None,0.982,23.46,87361000,None,104378000,104378000,-52333000,-82433000,None,None,2727000,None,None,None,318603000,260098000,None,2248831000,2248831000,277635000,None,None,743520000,None,None,256935000,67970000,2.6,0.0098,25378000,25378000,None,0.065,0.0,547978000,804913000,2.07,2006-06-30,31.35,937019000,7048600000.0,2286001000,498182000,178701000,1139955000,1139955000,None,49796000,None,325574000,None,None,519374000,None,None,93179000,None,None,None,0.147,176895000,1743581000,542420000,123131000,614795000,None,None,None,None,None,None,None,2.847,7.74,4.743,None,None,None,None,None,-109130000,None,0.125,None,835503000,2025-10-28,quarterly,2.07,USD,pre-market,68372000,1719201000,0.0775,0.219,0.178,56.06,1743581000,746301000,226927000,125063000,263.31,264.77,0.0,3796628000,1421666000,1119357000,2147418000,2374962000,1028061000,4534832000,1649210000,38.18,-1125786000,284.56,219.93
2025-12-28,ECL,6.96,15890400000.0,38.18,None,0.982,23.46,62841000,None,104378000,104378000,-109491000,68403000,None,None,-13577000,None,None,None,318603000,260098000,None,2248831000,2248831000,277635000,None,None,743520000,None,None,256935000,65357000,2.6,0.0098,25500000,25500000,None,0.065,0.0,547978000,804913000,2.07,2006-03-31,31.35,937019000,7048600000.0,2286001000,498182000,178701000,1139955000,1139955000,None,49796000,None,325574000,None,None,519374000,None,None,77886000,None,None,None,0.147,-760000,1743581000,542420000,123131000,614795000,None,None,None,None,None,None,None,2.847,7.74,4.743,None,None,None,None,None,-81100000,None,0.125,None,835503000,2025-10-28,quarterly,2.07,USD,pre-market,68372000,1719201000,0.0775,0.219,0.178,56.06,1743581000,746301000,226927000,125063000,263.31,264.77,0.0,3796628000,1421666000,1119357000,2147418000,2374962000,1028061000,4534832000,1649210000,38.18,-1125786000,284.56,219.93
2025-12-28,ECL,6.96,15890400000.0,38.18,None,0.982,23.46,75299000,None,104378000,104378000,-28718000,-190909000,None,None,7706000,None,None,None,318603000,260098000,None,2248831000,2248831000,277635000,None,None,743520000,None,None,256935000,62024000,2.6,0.0098,22396000,22396000,None,0.065,0.0,547978000,804913000,2.07,2005-12-31,31.35,937019000,7048600000.0,2286001000,498182000,178701000,1139955000,1139955000,None,49796000,None,325574000,None,None,519374000,None,None,54514000,None,None,None,0.147,159266000,1743581000,542420000,123131000,614795000,None,None,None,None,None,None,None,2.847,7.74,4.743,None,None,None,None,None,-86633000,None,0.125,None,835503000,2025-10-28,quarterly,2.07,USD,pre-market,68372000,1719201000,0.0775,0.219,0.178,56.06,1743581000,746301000,226927000,125063000,263.31,264.77,0.0,3796628000,1421666000,1119357000,2147418000,2374962000,1028061000,4534832000,1649210000,38.18,-1125786000,284.56,219.93
2025-12-28,ECL,6.96,15890400000.0,38.18,None,0.982,23.46,64330000,None,104378000,104378000,-81266000,-60903000,None,None,207000,None,None,None,318603000,260098000,None,2248831000,2248831000,277635000,None,None,743520000,None,None,256935000,64588000,2.6,0.0098,22381000,22381000,None,0.065,0.0,547978000,804913000,2.07,2005-09-30,31.35,937019000,7048600000.0,2286001000,498182000,178701000,1139955000,1139955000,None,49796000,None,325574000,None,None,519374000,None,None,103742000,None,None,None,0.147,197548000,1743581000,542420000,123131000,614795000,None,None,None,None,None,None,None,2.847,7.74,4.743,None,None,None,None,None,-7626000,None,0.125,None,835503000,2025-10-28,quarterly,2.07,USD,pre-market,68372000,1719201000,0.0775,0.219,0.178,56.06,1743581000,746301000,226927000,125063000,263.31,264.77,0.0,3796628000,1421666000,1119357000,2147418000,2374962000,1028061000,4534832000,1649210000,38.18,-1125786000,284.56,219.93
2025-12-28,ECL,6.96,15890400000.0,38.18,None,0.982,23.46,994500000,None,104378000,104378000,-2024100000,-433800000,None,None,-115600000,None,None,None,318603000,260098000,None,2248831000,2248831000,277635000,None,None,743520000,None,None,256935000,935400000,2.6,0.0098,664300000,664300000,None,0.065,0.0,547978000,804913000,2.07,2024-12-31,31.35,937019000,7048600000.0,2286001000,498182000,178701000,1139955000,1139955000,None,49796000,None,325574000,None,None,519374000,None,None,2131900000,None,None,None,0.147,2813900000,1743581000,542420000,123131000,614795000,None,None,None,None,None,None,None,2.847,7.74,4.743,None,None,None,None,None,-986500000,None,0.125,None,835503000,2025-10-28,annual,2.07,USD,pre-market,68372000,1719201000,0.0775,0.219,0.178,56.06,1743581000,746301000,226927000,125063000,263.31,264.77,0.0,3796628000,1421666000,1119357000,2147418000,2374962000,1028061000,4534832000,1649210000,38.18,-1125786000,284.56,219.93
2025-12-28,ECL,6.96,15890400000.0,38.18,None,0.982,23.46,774800000,None,104378000,104378000,-1054700000,-990500000,None,None,320300000,None,None,None,318603000,260098000,None,2248831000,2248831000,277635000,None,None,743520000,None,None,256935000,923600000,2.6,0.0098,617300000,617300000,None,0.065,0.0,547978000,804913000,2.07,2023-12-31,31.35,937019000,7048600000.0,2286001000,498182000,178701000,1139955000,1139955000,None,49796000,None,325574000,None,None,519374000,None,None,1372300000,None,None,None,0.147,2411800000,1743581000,542420000,123131000,614795000,None,None,None,None,None,None,None,2.847,7.74,4.743,None,None,None,None,None,-13700000,None,0.125,None,835503000,2025-10-28,annual,2.07,USD,pre-market,68372000,1719201000,0.0775,0.219,0.178,56.06,1743581000,746301000,226927000,125063000,263.31,264.77,0.0,3796628000,1421666000,1119357000,2147418000,2374962000,1028061000,4534832000,1649210000,38.18,-1125786000,284.56,219.93
2025-12-28,ECL,6.96,15890400000.0,38.18,None,0.982,23.46,712800000,None,104378000,104378000,-837300000,-716800000,234300000,None,-402900000,None,None,-319600000,318603000,260098000,None,2248831000,2248831000,277635000,None,None,743520000,None,None,256935000,938700000,2.6,0.0098,602800000,602800000,None,0.065,0.0,547978000,804913000,2.07,2022-12-31,31.35,937019000,7048600000.0,2286001000,498182000,178701000,1139955000,1139955000,None,49796000,None,325574000,None,None,519374000,None,None,1108900000,None,None,None,0.147,1788400000,1743581000,542420000,123131000,614795000,None,None,None,None,None,None,None,2.847,7.74,4.743,None,None,None,None,None,-518200000,None,0.125,None,835503000,2025-10-28,annual,2.07,USD,pre-market,68372000,1719201000,0.0775,0.219,0.178,56.06,1743581000,746301000,226927000,125063000,263.31,264.77,0.0,3796628000,1421666000,1119357000,2147418000,2374962000,1028061000,4534832000,1649210000,38.18,-1125786000,284.56,219.93
2025-12-28,ECL,6.96,15890400000.0,38.18,None,0.982,23.46,643000000,None,104378000,104378000,1603200000,-4579700000,-914600000,None,-73000000,None,None,-178200000,318603000,260098000,None,2248831000,2248831000,277635000,None,None,743520000,None,None,256935000,843100000,2.6,0.0098,566400000,566400000,None,0.065,0.0,547978000,804913000,2.07,2021-12-31,31.35,937019000,7048600000.0,2286001000,498182000,178701000,1139955000,1139955000,None,49796000,None,325574000,None,None,519374000,None,None,1144000000,None,None,None,0.147,2061900000,1743581000,542420000,123131000,614795000,None,None,None,None,None,None,None,2.847,7.74,4.743,None,None,None,None,None,-106600000,None,0.125,None,835503000,2025-10-28,annual,2.07,USD,pre-market,68372000,1719201000,0.0775,0.219,0.178,56.06,1743581000,746301000,226927000,125063000,263.31,264.77,0.0,3796628000,1421666000,1119357000,2147418000,2374962000,1028061000,4534832000,1649210000,38.18,-1125786000,284.56,219.93
2025-12-28,ECL,6.96,15890400000.0,38.18,None,0.982,23.46,489000000,None,104378000,104378000,-341800000,-414500000,1103900000,None,-179500000,None,None,155600000,318603000,260098000,None,2248831000,2248831000,277635000,None,None,743520000,None,None,256935000,812700000,2.6,0.0098,560800000,560800000,None,0.065,0.0,547978000,804913000,2.07,2020-12-31,31.35,937019000,7048600000.0,2286001000,498182000,178701000,1139955000,1139955000,None,49796000,None,325574000,None,None,519374000,None,None,-1185500000,None,None,None,0.147,1860200000,1743581000,542420000,123131000,614795000,None,None,None,None,None,None,None,2.847,7.74,4.743,None,None,None,None,None,-146200000,None,0.125,None,835503000,2025-10-28,annual,2.07,USD,pre-market,68372000,1719201000,0.0775,0.219,0.178,56.06,1743581000,746301000,226927000,125063000,263.31,264.77,0.0,3796628000,1421666000,1119357000,2147418000,2374962000,1028061000,4534832000,1649210000,38.18,-1125786000,284.56,219.93
2025-12-28,ECL,6.96,15890400000.0,38.18,None,0.982,23.46,731300000,None,104378000,104378000,-1349600000,-1199100000,-128000000,None,22300000,None,None,-137200000,318603000,260098000,None,2248831000,2248831000,277635000,None,None,743520000,None,None,256935000,775300000,2.6,0.0098,552900000,552900000,None,0.065,0.0,547978000,804913000,2.07,2019-12-31,31.35,937019000,7048600000.0,2286001000,498182000,178701000,1139955000,1139955000,None,49796000,None,325574000,None,None,519374000,None,None,1442900000,None,None,None,0.147,2420700000,1743581000,542420000,123131000,614795000,None,None,None,None,None,None,None,2.847,7.74,4.743,None,None,None,None,None,-353700000,None,0.125,None,835503000,2025-10-28,annual,2.07,USD,pre-market,68372000,1719201000,0.0775,0.219,0.178,56.06,1743581000,746301000,226927000,125063000,263.31,264.77,0.0,3796628000,1421666000,1119357000,2147418000,2374962000,1028061000,4534832000,1649210000,38.18,-1125786000,284.56,219.93
2025-12-28,ECL,6.96,15890400000.0,38.18,None,0.982,23.46,847100000,None,104378000,104378000,-1172700000,-1030000000,75000000,None,-141100000,None,None,-164100000,318603000,260098000,None,2248831000,2248831000,277635000,None,None,743520000,None,None,256935000,938300000,2.6,0.0098,496500000,496500000,None,0.065,0.0,547978000,804913000,2.07,2018-12-31,31.35,937019000,7048600000.0,2286001000,498182000,178701000,1139955000,1139955000,None,49796000,None,325574000,None,None,519374000,None,None,1440300000,None,None,None,0.147,2277700000,1743581000,542420000,123131000,614795000,None,None,None,None,None,None,None,2.847,7.74,4.743,None,None,None,None,None,-562400000,None,0.125,None,835503000,2025-10-28,annual,2.07,USD,pre-market,68372000,1719201000,0.0775,0.219,0.178,56.06,1743581000,746301000,226927000,125063000,263.31,264.77,0.0,3796628000,1421666000,1119357000,2147418000,2374962000,1028061000,4534832000,1649210000,38.18,-1125786000,284.56,219.93
2025-12-28,ECL,6.96,15890400000.0,38.18,None,0.982,23.46,868600000,None,104378000,104378000,-522700000,-1673200000,-116000000,-11400000,-85500000,None,None,-91800000,318603000,260098000,None,2248831000,2248831000,277635000,None,None,743520000,None,None,256935000,893300000,2.6,0.0098,448700000,448700000,None,0.065,0.0,547978000,804913000,2.07,2017-12-31,31.35,937019000,7048600000.0,2286001000,498182000,178701000,1139955000,1139955000,None,49796000,None,325574000,None,None,519374000,None,None,1522400000,None,None,None,0.147,2091300000,1743581000,542420000,123131000,614795000,None,None,None,None,None,None,None,2.847,7.74,4.743,None,None,None,None,None,-600300000,None,0.125,None,835503000,2025-10-28,annual,2.07,USD,pre-market,68372000,1719201000,0.0775,0.219,0.178,56.06,1743581000,746301000,226927000,125063000,263.31,264.77,0.0,3796628000,1421666000,1119357000,2147418000,2374962000,1028061000,4534832000,1649210000,38.18,-1125786000,284.56,219.93
2025-12-28,ECL,6.96,15890400000.0,38.18,None,0.982,23.46,756800000,None,104378000,104378000,-868200000,-829500000,234600000,-7400000,18800000,None,None,900000,318603000,260098000,None,2248831000,2248831000,277635000,None,None,743520000,None,None,256935000,850700000,2.6,0.0098,427500000,427500000,None,0.065,0.0,547978000,804913000,2.07,2016-12-31,31.35,937019000,7048600000.0,2286001000,498182000,178701000,1139955000,1139955000,None,49796000,None,325574000,None,None,519374000,None,None,1247100000,None,None,None,0.147,1939700000,1743581000,542420000,123131000,614795000,None,None,None,None,None,None,None,2.847,7.74,4.743,None,None,None,None,None,-739600000,None,0.125,None,835503000,2025-10-28,annual,2.07,USD,pre-market,68372000,1719201000,0.0775,0.219,0.178,56.06,1743581000,746301000,226927000,125063000,263.31,264.77,0.0,3796628000,1421666000,1119357000,2147418000,2374962000,1028061000,4534832000,1649210000,38.18,-1125786000,284.56,219.93
2025-12-28,ECL,6.96,15890400000.0,38.18,None,0.982,23.46,815200000,None,104378000,104378000,-1150900000,-915800000,-116800000,-49900000,-48600000,None,None,-24000000,318603000,260098000,None,2248831000,2248831000,277635000,None,None,743520000,None,None,256935000,859500000,2.6,0.0098,400700000,400700000,None,0.065,0.0,547978000,804913000,2.07,2015-12-31,31.35,937019000,7048600000.0,2286001000,498182000,178701000,1139955000,1139955000,None,49796000,None,325574000,None,None,519374000,None,None,1017200000,None,None,None,0.147,1999800000,1743581000,542420000,123131000,614795000,None,None,None,None,None,None,None,2.847,7.74,4.743,None,None,None,None,None,-755100000,None,0.125,None,835503000,2025-10-28,annual,2.07,USD,pre-market,68372000,1719201000,0.0775,0.219,0.178,56.06,1743581000,746301000,226927000,125063000,263.31,264.77,0.0,3796628000,1421666000,1119357000,2147418000,2374962000,1028061000,4534832000,1649210000,38.18,-1125786000,284.56,219.93
2025-12-28,ECL,6.96,15890400000.0,38.18,None,0.982,23.46,793900000,None,104378000,104378000,-1071000000,-848300000,-129600000,-25900000,-210800000,None,None,-175400000,318603000,260098000,None,2248831000,2248831000,277635000,None,None,743520000,None,None,256935000,872000000,2.6,0.0098,344400000,344400000,None,0.065,0.0,547978000,804913000,2.07,2014-12-31,31.35,937019000,7048600000.0,2286001000,498182000,178701000,1139955000,1139955000,None,49796000,None,325574000,None,None,519374000,None,None,1222200000,None,None,None,0.147,1815600000,1743581000,542420000,123131000,614795000,None,None,None,None,None,None,None,2.847,7.74,4.743,None,None,None,None,None,-428600000,None,0.125,None,835503000,2025-10-28,annual,2.07,USD,pre-market,68372000,1719201000,0.0775,0.219,0.178,56.06,1743581000,746301000,226927000,125063000,263.31,264.77,0.0,3796628000,1421666000,1119357000,2147418000,2374962000,1028061000,4534832000,1649210000,38.18,-1125786000,284.56,219.93
2025-12-28,ECL,6.96,15890400000.0,38.18,None,0.982,23.46,662300000,None,104378000,104378000,-292600000,-2087700000,-818600000,1900000,-30500000,None,None,-147400000,318603000,260098000,None,2248831000,2248831000,277635000,None,None,743520000,None,None,256935000,816200000,2.6,0.0098,218100000,218100000,None,0.065,0.0,547978000,804913000,2.07,2013-12-31,31.35,937019000,7048600000.0,2286001000,498182000,178701000,1139955000,1139955000,None,49796000,None,325574000,None,None,519374000,None,None,973600000,None,None,None,0.147,1559800000,1743581000,542420000,123131000,614795000,None,None,None,None,None,None,None,2.847,7.74,4.743,None,None,None,None,None,-307600000,None,0.125,None,835503000,2025-10-28,annual,2.07,USD,pre-market,68372000,1719201000,0.0775,0.219,0.178,56.06,1743581000,746301000,226927000,125063000,263.31,264.77,0.0,3796628000,1421666000,1119357000,2147418000,2374962000,1028061000,4534832000,1649210000,38.18,-1125786000,284.56,219.93
2025-12-28,ECL,6.96,15890400000.0,38.18,None,0.982,23.46,607500000,None,104378000,104378000,-1393600000,-487900000,-685800000,-7300000,-2000000,None,None,-189700000,318603000,260098000,None,2248831000,2248831000,277635000,None,None,743520000,None,None,256935000,714500000,2.6,0.0098,306800000,306800000,None,0.065,0.0,547978000,804913000,2.07,2012-12-31,31.35,937019000,7048600000.0,2286001000,498182000,178701000,1139955000,1139955000,None,49796000,None,325574000,None,None,519374000,None,None,701300000,None,None,None,0.147,1203000000,1743581000,542420000,123131000,614795000,None,None,None,None,None,None,None,2.847,7.74,4.743,None,None,None,None,None,-209900000,None,0.125,None,835503000,2025-10-28,annual,2.07,USD,pre-market,68372000,1719201000,0.0775,0.219,0.178,56.06,1743581000,746301000,226927000,125063000,263.31,264.77,0.0,3796628000,1421666000,1119357000,2147418000,2374962000,1028061000,4534832000,1649210000,38.18,-1125786000,284.56,219.93
2025-12-28,ECL,6.96,15890400000.0,38.18,None,0.982,23.46,366000000,None,104378000,104378000,2933800000,-2024300000,1601300000,6300000,-36100000,None,None,-106000000,318603000,260098000,None,2248831000,2248831000,277635000,None,None,743520000,None,None,256935000,395700000,2.6,0.0098,162900000,162900000,None,0.065,0.0,547978000,804913000,2.07,2011-12-31,31.35,937019000,7048600000.0,2286001000,498182000,178701000,1139955000,1139955000,None,49796000,None,325574000,None,None,519374000,None,None,463300000,None,None,None,0.147,685500000,1743581000,542420000,123131000,614795000,None,None,None,None,None,None,None,2.847,7.74,4.743,None,None,None,None,None,-690000000,None,0.125,None,835503000,2025-10-28,annual,2.07,USD,pre-market,68372000,1719201000,0.0775,0.219,0.178,56.06,1743581000,746301000,226927000,125063000,263.31,264.77,0.0,3796628000,1421666000,1119357000,2147418000,2374962000,1028061000,4534832000,1649210000,38.18,-1125786000,284.56,219.93
2025-12-28,ECL,6.96,15890400000.0,38.18,None,0.982,23.46,297700000,None,104378000,104378000,-462200000,-303600000,168700000,-15900000,18600000,None,None,-39300000,318603000,260098000,None,2248831000,2248831000,277635000,None,None,743520000,None,None,256935000,347900000,2.6,0.0098,145500000,145500000,None,0.065,0.0,547978000,804913000,2.07,2010-12-31,31.35,937019000,7048600000.0,2286001000,498182000,178701000,1139955000,1139955000,None,49796000,None,325574000,None,None,519374000,None,None,531100000,None,None,None,0.147,950400000,1743581000,542420000,123131000,614795000,None,None,None,None,None,None,None,2.847,7.74,4.743,None,None,None,None,None,-348800000,None,0.125,None,835503000,2025-10-28,annual,2.07,USD,pre-market,68372000,1719201000,0.0775,0.219,0.178,56.06,1743581000,746301000,226927000,125063000,263.31,264.77,0.0,3796628000,1421666000,1119357000,2147418000,2374962000,1028061000,4534832000,1649210000,38.18,-1125786000,284.56,219.93
2025-12-28,ECL,6.96,15890400000.0,38.18,None,0.982,23.46,297300000,None,104378000,104378000,-397800000,-299300000,6900000,9000000,13000000,None,None,45100000,318603000,260098000,None,2248831000,2248831000,277635000,None,None,743520000,None,None,256935000,334300000,2.6,0.0098,132700000,132700000,None,0.065,0.0,547978000,804913000,2.07,2009-12-31,31.35,937019000,7048600000.0,2286001000,498182000,178701000,1139955000,1139955000,None,49796000,None,325574000,None,None,519374000,None,None,418700000,None,None,None,0.147,695000000,1743581000,542420000,123131000,614795000,None,None,None,None,None,None,None,2.847,7.74,4.743,None,None,None,None,None,-68800000,None,0.125,None,835503000,2025-10-28,annual,2.07,USD,pre-market,68372000,1719201000,0.0775,0.219,0.178,56.06,1743581000,746301000,226927000,125063000,263.31,264.77,0.0,3796628000,1421666000,1119357000,2147418000,2374962000,1028061000,4534832000,1649210000,38.18,-1125786000,284.56,219.93
2025-12-28,ECL,6.96,15890400000.0,38.18,None,0.982,23.46,394500000,None,104378000,104378000,-235600000,-580700000,None,None,-57500000,None,None,None,318603000,260098000,None,2248831000,2248831000,277635000,None,None,743520000,None,None,256935000,334700000,2.6,0.0098,128500000,128500000,None,0.065,0.0,547978000,804913000,2.07,2008-12-31,31.35,937019000,7048600000.0,2286001000,498182000,178701000,1139955000,1139955000,None,49796000,None,325574000,None,None,519374000,None,None,448100000,None,None,None,0.147,753200000,1743581000,542420000,123131000,614795000,None,None,None,None,None,None,None,2.847,7.74,4.743,None,None,None,None,None,-337200000,None,0.125,None,835503000,2025-10-28,annual,2.07,USD,pre-market,68372000,1719201000,0.0775,0.219,0.178,56.06,1743581000,746301000,226927000,125063000,263.31,264.77,0.0,3796628000,1421666000,1119357000,2147418000,2374962000,1028061000,4534832000,1649210000,38.18,-1125786000,284.56,219.93
2025-12-28,ECL,6.96,15890400000.0,38.18,None,0.982,23.46,361500000,None,104378000,104378000,-482400000,-663700000,None,None,-19300000,None,None,None,318603000,260098000,None,2248831000,2248831000,277635000,None,None,743520000,None,None,256935000,291900000,2.6,0.0098,114000000,114000000,None,0.065,0.0,547978000,804913000,2.07,2007-12-31,31.35,937019000,7048600000.0,2286001000,498182000,178701000,1139955000,1139955000,None,49796000,None,325574000,None,None,519374000,None,None,427200000,None,None,None,0.147,797600000,1743581000,542420000,123131000,614795000,None,None,None,None,None,None,None,2.847,7.74,4.743,None,None,None,None,None,-371400000,None,0.125,None,835503000,2025-10-28,annual,2.07,USD,pre-market,68372000,1719201000,0.0775,0.219,0.178,56.06,1743581000,746301000,226927000,125063000,263.31,264.77,0.0,3796628000,1421666000,1119357000,2147418000,2374962000,1028061000,4534832000,1649210000,38.18,-1125786000,284.56,219.93
2025-12-28,ECL,6.96,15890400000.0,38.18,None,0.982,23.46,320939000,None,104378000,104378000,-16361000,-233984000,None,None,-17987000,None,None,None,318603000,260098000,None,2248831000,2248831000,277635000,None,None,743520000,None,None,256935000,268569000,2.6,0.0098,101174000,101174000,None,0.065,0.0,547978000,804913000,2.07,2006-12-31,31.35,937019000,7048600000.0,2286001000,498182000,178701000,1139955000,1139955000,None,49796000,None,325574000,None,None,519374000,None,None,368615000,None,None,None,0.147,627564000,1743581000,542420000,123131000,614795000,None,None,None,None,None,None,None,2.847,7.74,4.743,None,None,None,None,None,-282800000,None,0.125,None,835503000,2025-10-28,annual,2.07,USD,pre-market,68372000,1719201000,0.0775,0.219,0.178,56.06,1743581000,746301000,226927000,125063000,263.31,264.77,0.0,3796628000,1421666000,1119357000,2147418000,2374962000,1028061000,4534832000,1649210000,38.18,-1125786000,284.56,219.93
2025-12-28,ECL,6.96,15890400000.0,38.18,None,0.982,23.46,268783000,None,104378000,104378000,-146028000,-409112000,None,None,2553000,None,None,None,318603000,260098000,None,2248831000,2248831000,277635000,None,None,743520000,None,None,256935000,256935000,2.6,0.0098,89807000,89807000,None,0.065,0.0,547978000,804913000,2.07,2005-12-31,31.35,937019000,7048600000.0,2286001000,498182000,178701000,1139955000,1139955000,None,49796000,None,325574000,None,None,519374000,None,None,319481000,None,None,None,0.147,590136000,1743581000,542420000,123131000,614795000,None,None,None,None,None,None,None,2.847,7.74,4.743,None,None,None,None,None,-213300000,None,0.125,None,835503000,2025-10-28,annual,2.07,USD,pre-market,68372000,1719201000,0.0775,0.219,0.178,56.06,1743581000,746301000,226927000,125063000,263.31,264.77,0.0,3796628000,1421666000,1119357000,2147418000,2374962000,1028061000,4534832000,1649210000,38.18,-1125786000,284.56,219.93
