date,symbol,eps,revenue_ttm,accumulateddepreciationamortizationppe,beta,book_value,capitalexpenditures,capitalleaseobligations,cashandcashequivalentsatcarryingvalue,cashandshortterminvestments,cashflowfromfinancing,cashflowfrominvestment,changeincashandcashequivalents,changeinexchangerate,changeininventory,changeinoperatingassets,changeinoperatingliabilities,changeinreceivables,commonstock,commonstocksharesoutstanding,comprehensiveincomenetoftax,costofgoodsandservicessold,costofrevenue,currentaccountspayable,currentdebt,currentlongtermdebt,currentnetreceivables,deferredrevenue,depreciation,depreciationandamortization,depreciationdepletionandamortization,dividend_per_share,dividend_yield,dividendpayout,dividendpayoutcommonstock,dividendpayoutpreferredstock,earnings_growth_yoy,earnings_surprise,ebit,ebitda,estimated_eps,fiscaldateending,forward_pe,goodwill,gross_profit_ttm,grossprofit,incomebeforetax,incometaxexpense,intangibleassets,intangibleassetsexcludinggoodwill,interestanddebtexpense,interestexpense,interestincome,inventory,investmentincomenet,investments,longtermdebt,longtermdebtnoncurrent,longterminvestments,netincome,netincomefromcontinuingoperations,netinterestincome,noninterestincome,operating_margin_ttm,operatingcashflow,operatingexpenses,operatingincome,othercurrentassets,othercurrentliabilities,othernoncurrentassets,othernoncurrentliabilities,othernonoperatingincome,paymentsforoperatingactivities,paymentsforrepurchaseofcommonstock,paymentsforrepurchaseofequity,paymentsforrepurchaseofpreferredstock,peg_ratio,price_to_book,price_to_sales_ttm,proceedsfromissuanceofcommonstock,proceedsfromissuanceoflongtermdebtandcapitalsecuritiesnet,proceedsfromissuanceofpreferredstock,proceedsfromoperatingactivities,proceedsfromrepaymentsofshorttermdebt,proceedsfromrepurchaseofequity,proceedsfromsaleoftreasurystock,profit_margin,profitloss,propertyplantequipment,report_date,report_type,reported_eps,reportedcurrency,reporttime,researchanddevelopment,retainedearnings,return_on_assets_ttm,return_on_equity_ttm,revenue_growth_yoy,revenue_per_share_ttm,sellinggeneralandadministrative,shortlongtermdebttotal,shorttermdebt,shortterminvestments,sma_200,sma_50,surprise_pct,totalassets,totalcurrentassets,totalcurrentliabilities,totalliabilities,totalnoncurrentassets,totalnoncurrentliabilities,totalrevenue,totalshareholderequity,treasurystock,week_52_high,week_52_low
1996-03-31,EL,,,,,,,,,,,,,,,,,,,,,,,,,,,,,,,,,,,,,0.01,,,0.04,,,,,,,,,,,,,,,,,,,,,,,,,,,,,,,,,,,,,,,,,,,,,,,,,1996-04-30,,0.05,,pre-market,,,,,,,,,,,,,25.0,,,,,,,,,,,
1996-06-30,EL,,,,,,,,,,,,,,,,,,,,,,,,,,,,,,,,,,,,,0.0,,,0.05,,,,,,,,,,,,,,,,,,,,,,,,,,,,,,,,,,,,,,,,,,,,,,,,,1996-08-13,,0.05,,pre-market,,,,,,,,,,,,,0.0,,,,,,,,,,,
1996-09-30,EL,,,,,,,,,,,,,,,,,,,,,,,,,,,,,,,,,,,,,0.0,,,0.1,,,,,,,,,,,,,,,,,,,,,,,,,,,,,,,,,,,,,,,,,,,,,,,,,1996-10-29,,0.1,,pre-market,,,,,,,,,,,,,0.0,,,,,,,,,,,
1996-12-31,EL,,,,,,,,,,,,,,,,,,,,,,,,,,,,,,,,,,,,,0.01,,,0.13,,,,,,,,,,,,,,,,,,,,,,,,,,,,,,,,,,,,,,,,,,,,,,,,,1997-01-28,,0.14,,pre-market,,,,,,,,,,,,,7.6923,,,,,,,,,,,
1997-03-31,EL,,,,,,,,,,,,,,,,,,,,,,,,,,,,,,,,,,,,,0.01,,,0.06,,,,,,,,,,,,,,,,,,,,,,,,,,,,,,,,,,,,,,,,,,,,,,,,,1997-04-29,,0.07,,pre-market,,,,,,,,,,,,,16.6667,,,,,,,,,,,
1997-06-30,EL,,,,,,,,,,,,,,,,,,,,,,,,,,,,,,,,,,,,,0.01,,,0.06,,,,,,,,,,,,,,,,,,,,,,,,,,,,,,,,,,,,,,,,,,,,,,,,,1997-08-12,,0.07,,pre-market,,,,,,,,,,,,,16.6667,,,,,,,,,,,
1997-09-30,EL,,,,,,,,,,,,,,,,,,,,,,,,,,,,,,,,,,,,,0.0,,,0.12,,,,,,,,,,,,,,,,,,,,,,,,,,,,,,,,,,,,,,,,,,,,,,,,,1997-10-28,,0.12,,pre-market,,,,,,,,,,,,,0.0,,,,,,,,,,,
1997-12-31,EL,,,,,,,,,,,,,,,,,,,,,,,,,,,,,,,,,,,,,0.01,,,0.16,,,,,,,,,,,,,,,,,,,,,,,,,,,,,,,,,,,,,,,,,,,,,,,,,1998-01-27,,0.17,,pre-market,,,,,,,,,,,,,6.25,,,,,,,,,,,
1998-03-31,EL,,,,,,,,,,,,,,,,,,,,,,,,,,,,,,,,,,,,,0.0,,,0.08,,,,,,,,,,,,,,,,,,,,,,,,,,,,,,,,,,,,,,,,,,,,,,,,,1998-04-28,,0.08,,pre-market,,,,,,,,,,,,,0.0,,,,,,,,,,,
1998-06-30,EL,,,,,,,,,,,,,,,,,,,,,,,,,,,,,,,,,,,,,0.0,,,0.08,,,,,,,,,,,,,,,,,,,,,,,,,,,,,,,,,,,,,,,,,,,,,,,,,1998-08-18,,0.08,,pre-market,,,,,,,,,,,,,0.0,,,,,,,,,,,
1998-09-30,EL,,,,,,,,,,,,,,,,,,,,,,,,,,,,,,,,,,,,,0.0,,,0.14,,,,,,,,,,,,,,,,,,,,,,,,,,,,,,,,,,,,,,,,,,,,,,,,,1998-10-27,,0.14,,pre-market,,,,,,,,,,,,,0.0,,,,,,,,,,,
1998-12-31,EL,,,,,,,,,,,,,,,,,,,,,,,,,,,,,,,,,,,,,0.0,,,0.19,,,,,,,,,,,,,,,,,,,,,,,,,,,,,,,,,,,,,,,,,,,,,,,,,1999-01-26,,0.19,,pre-market,,,,,,,,,,,,,0.0,,,,,,,,,,,
1999-03-31,EL,,,,,,,,,,,,,,,,,,,,,,,,,,,,,,,,,,,,,0.0,,,0.1,,,,,,,,,,,,,,,,,,,,,,,,,,,,,,,,,,,,,,,,,,,,,,,,,1999-04-27,,0.1,,pre-market,,,,,,,,,,,,,0.0,,,,,,,,,,,
1999-06-30,EL,,,,,,,,,,,,,,,,,,,,,,,,,,,,,,,,,,,,,0.0,,,0.09,,,,,,,,,,,,,,,,,,,,,,,,,,,,,,,,,,,,,,,,,,,,,,,,,1999-08-18,,0.09,,pre-market,,,,,,,,,,,,,0.0,,,,,,,,,,,
1999-09-30,EL,,,,,,,,,,,,,,,,,,,,,,,,,,,,,,,,,,,,,0.0,,,0.16,,,,,,,,,,,,,,,,,,,,,,,,,,,,,,,,,,,,,,,,,,,,,,,,,1999-10-26,,0.16,,pre-market,,,,,,,,,,,,,0.0,,,,,,,,,,,
1999-12-31,EL,,,,,,,,,,,,,,,,,,,,,,,,,,,,,,,,,,,,,0.01,,,0.22,,,,,,,,,,,,,,,,,,,,,,,,,,,,,,,,,,,,,,,,,,,,,,,,,2000-01-27,,0.23,,pre-market,,,,,,,,,,,,,4.5455,,,,,,,,,,,
2000-03-31,EL,,,,,,,,,,,,,,,,,,,,,,,,,,,,,,,,,,,,,0.0,,,0.11,,,,,,,,,,,,,,,,,,,,,,,,,,,,,,,,,,,,,,,,,,,,,,,,,2000-04-25,,0.11,,pre-market,,,,,,,,,,,,,0.0,,,,,,,,,,,
2000-06-30,EL,,,,,,,,,,,,,,,,,,,,,,,,,,,,,,,,,,,,,0.0,,,0.11,,,,,,,,,,,,,,,,,,,,,,,,,,,,,,,,,,,,,,,,,,,,,,,,,2000-08-16,,0.11,,pre-market,,,,,,,,,,,,,0.0,,,,,,,,,,,
2000-09-30,EL,,,,,,,,,,,,,,,,,,,,,,,,,,,,,,,,,,,,,0.01,,,0.18,,,,,,,,,,,,,,,,,,,,,,,,,,,,,,,,,,,,,,,,,,,,,,,,,2000-10-24,,0.19,,pre-market,,,,,,,,,,,,,5.5556,,,,,,,,,,,
2000-12-31,EL,,,,,,,,,,,,,,,,,,,,,,,,,,,,,,,,,,,,,0.0,,,0.25,,,,,,,,,,,,,,,,,,,,,,,,,,,,,,,,,,,,,,,,,,,,,,,,,2001-01-30,,0.25,,pre-market,,,,,,,,,,,,,0.0,,,,,,,,,,,
2001-03-31,EL,,,,,,,,,,,,,,,,,,,,,,,,,,,,,,,,,,,,,0.0,,,0.12,,,,,,,,,,,,,,,,,,,,,,,,,,,,,,,,,,,,,,,,,,,,,,,,,2001-04-24,,0.12,,pre-market,,,,,,,,,,,,,0.0,,,,,,,,,,,
2001-06-30,EL,,,,,,,,,,,,,,,,,,,,,,,,,,,,,,,,,,,,,0.01,,,0.11,,,,,,,,,,,,,,,,,,,,,,,,,,,,,,,,,,,,,,,,,,,,,,,,,2001-08-16,,0.12,,pre-market,,,,,,,,,,,,,9.0909,,,,,,,,,,,
2001-09-30,EL,,,,,,,,,,,,,,,,,,,,,,,,,,,,,,,,,,,,,0.0,,,0.19,,,,,,,,,,,,,,,,,,,,,,,,,,,,,,,,,,,,,,,,,,,,,,,,,2001-10-25,,0.19,,pre-market,,,,,,,,,,,,,0.0,,,,,,,,,,,
2001-12-31,EL,,,,,,,,,,,,,,,,,,,,,,,,,,,,,,,,,,,,,0.0,,,0.18,,,,,,,,,,,,,,,,,,,,,,,,,,,,,,,,,,,,,,,,,,,,,,,,,2002-01-30,,0.18,,pre-market,,,,,,,,,,,,,0.0,,,,,,,,,,,
2002-03-31,EL,,,,,,,,,,,,,,,,,,,,,,,,,,,,,,,,,,,,,0.0,,,0.1,,,,,,,,,,,,,,,,,,,,,,,,,,,,,,,,,,,,,,,,,,,,,,,,,2002-04-30,,0.1,,pre-market,,,,,,,,,,,,,0.0,,,,,,,,,,,
2002-06-30,EL,,,,,,,,,,,,,,,,,,,,,,,,,,,,,,,,,,,,,0.01,,,0.09,,,,,,,,,,,,,,,,,,,,,,,,,,,,,,,,,,,,,,,,,,,,,,,,,2002-08-15,,0.1,,pre-market,,,,,,,,,,,,,11.1111,,,,,,,,,,,
2002-09-30,EL,,,,,,,,,,,,,,,,,,,,,,,,,,,,,,,,,,,,,0.01,,,0.13,,,,,,,,,,,,,,,,,,,,,,,,,,,,,,,,,,,,,,,,,,,,,,,,,2002-10-29,,0.14,,pre-market,,,,,,,,,,,,,7.6923,,,,,,,,,,,
2002-12-31,EL,,,,,,,,,,,,,,,,,,,,,,,,,,,,,,,,,,,,,0.02,,,0.2,,,,,,,,,,,,,,,,,,,,,,,,,,,,,,,,,,,,,,,,,,,,,,,,,2003-01-30,,0.22,,pre-market,,,,,,,,,,,,,10.0,,,,,,,,,,,
2003-03-31,EL,,,,,,,,,,,,,,,,,,,,,,,,,,,,,,,,,,,,,0.03,,,0.14,,,,,,,,,,,,,,,,,,,,,,,,,,,,,,,,,,,,,,,,,,,,,,,,,2003-04-30,,0.17,,pre-market,,,,,,,,,,,,,21.4286,,,,,,,,,,,
2003-06-30,EL,,,,,,,,,,,,,,,,,,,,,,,,,,,,,,,,,,,,,0.0,,,0.13,,,,,,,,,,,,,,,,,,,,,,,,,,,,,,,,,,,,,,,,,,,,,,,,,2003-08-14,,0.13,,pre-market,,,,,,,,,,,,,0.0,,,,,,,,,,,
2003-09-30,EL,,,,,,,,,,,,,,,,,,,,,,,,,,,,,,,,,,,,,0.01,,,0.16,,,,,,,,,,,,,,,,,,,,,,,,,,,,,,,,,,,,,,,,,,,,,,,,,2003-10-28,,0.17,,pre-market,,,,,,,,,,,,,6.25,,,,,,,,,,,
2003-12-31,EL,,,,,,,,,,,,,,,,,,,,,,,,,,,,,,,,,,,,,0.03,,,0.24,,,,,,,,,,,,,,,,,,,,,,,,,,,,,,,,,,,,,,,,,,,,,,,,,2004-01-29,,0.27,,pre-market,,,,,,,,,,,,,12.5,,,,,,,,,,,
2004-03-31,EL,,,,,,,,,,,,,,,,,,,,,,,,,,,,,,,,,,,,,0.04,,,0.18,,,,,,,,,,,,,,,,,,,,,,,,,,,,,,,,,,,,,,,,,,,,,,,,,2004-04-28,,0.22,,pre-market,,,,,,,,,,,,,22.2222,,,,,,,,,,,
2004-06-30,EL,,,,,,,,,,,,,,,,,,,,,,,,,,,,,,,,,,,,,0.0,,,0.16,,,,,,,,,,,,,,,,,,,,,,,,,,,,,,,,,,,,,,,,,,,,,,,,,2004-08-17,,0.16,,pre-market,,,,,,,,,,,,,0.0,,,,,,,,,,,
2004-09-30,EL,,,,,,,,,,,,,,,,,,,,,,,,,,,,,,,,,,,,,0.02,,,0.19,,,,,,,,,,,,,,,,,,,,,,,,,,,,,,,,,,,,,,,,,,,,,,,,,2004-11-03,,0.21,,pre-market,,,,,,,,,,,,,10.5263,,,,,,,,,,,
2004-12-31,EL,,,,,,,,,,,,,,,,,,,,,,,,,,,,,,,,,,,,,0.01,,,0.29,,,,,,,,,,,,,,,,,,,,,,,,,,,,,,,,,,,,,,,,,,,,,,,,,2005-01-27,,0.3,,pre-market,,,,,,,,,,,,,3.4483,,,,,,,,,,,
2005-03-31,EL,,,,,,,,,,,,,,,,,,,,,,,,,,,,,,,,,,,,,-0.02,,,0.25,,,,,,,,,,,,,,,,,,,,,,,,,,,,,,,,,,,,,,,,,,,,,,,,,2005-04-28,,0.23,,pre-market,,,,,,,,,,,,,-8.0,,,,,,,,,,,
2005-06-30,EL,,,,,,,,,,,,,,,,,,,,,,,,,,,,,,,,,,,,,0.0,,,0.21,,,,,,,,,,,,,,,,,,,,,,,,,,,,,,,,,,,,,,,,,,,,,,,,,2005-08-16,,0.21,,pre-market,,,,,,,,,,,,,0.0,,,,,,,,,,,
2005-09-30,EL,,,,,,,,,,,,,,,,,,,,,,,,,,,,,,,,,,,,,-0.02,,,0.16,,,,,,,,,,,,,,,,,,,,,,,,,,,,,,,,,,,,,,,,,,,,,,,,,2005-10-26,,0.14,,pre-market,,,,,,,,,,,,,-12.5,,,,,,,,,,,
2005-12-31,EL,,,,,,,,,,,,,,,,,,,,,,,,,,,,,,,,,,,,,0.07,,,0.28,,,,,,,,,,,,,,,,,,,,,,,,,,,,,,,,,,,,,,,,,,,,,,,,,2006-01-26,,0.35,,pre-market,,,,,,,,,,,,,25.0,,,,,,,,,,,
2006-03-31,EL,,,,,,,,,,,,,,,,,,,,,,,,,,,,,,,,,,,,,0.03,,,0.19,,,,,,,,,,,,,,,,,,,,,,,,,,,,,,,,,,,,,,,,,,,,,,,,,2006-05-04,,0.22,,pre-market,,,,,,,,,,,,,15.7895,,,,,,,,,,,
2006-06-30,EL,,,,,,,,,,,,,,,,,,,,,,,,,,,,,,,,,,,,,0.02,,,0.24,,,,,,,,,,,,,,,,,,,,,,,,,,,,,,,,,,,,,,,,,,,,,,,,,2006-08-16,,0.26,,pre-market,,,,,,,,,,,,,8.3333,,,,,,,,,,,
2006-09-30,EL,,,,,,,,,,,,,,,,,,,,,,,,,,,,,,,,,,,,,0.05,,,0.09,,,,,,,,,,,,,,,,,,,,,,,,,,,,,,,,,,,,,,,,,,,,,,,,,2006-10-25,,0.14,,pre-market,,,,,,,,,,,,,55.5556,,,,,,,,,,,
2006-12-31,EL,,,,,,,,,,,,,,,,,,,,,,,,,,,,,,,,,,,,,0.12,,,0.38,,,,,,,,,,,,,,,,,,,,,,,,,,,,,,,,,,,,,,,,,,,,,,,,,2007-01-31,,0.5,,pre-market,,,,,,,,,,,,,31.5789,,,,,,,,,,,
2007-03-31,EL,,,,,,,,,,,,,,,,,,,,,,,,,,,,,,,,,,,,,0.0,,,0.23,,,,,,,,,,,,,,,,,,,,,,,,,,,,,,,,,,,,,,,,,,,,,,,,,2007-05-03,,0.23,,pre-market,,,,,,,,,,,,,0.0,,,,,,,,,,,
2007-06-30,EL,,,,,,,,,,,,,,,,,,,,,,,,,,,,,,,,,,,,,-0.02,,,0.25,,,,,,,,,,,,,,,,,,,,,,,,,,,,,,,,,,,,,,,,,,,,,,,,,2007-08-16,,0.23,,pre-market,,,,,,,,,,,,,-8.0,,,,,,,,,,,
2007-09-30,EL,,,,,,,,,,,,,,,,,,,,,,,,,,,,,,,,,,,,,0.05,,,0.05,,,,,,,,,,,,,,,,,,,,,,,,,,,,,,,,,,,,,,,,,,,,,,,,,2007-10-25,,0.1,,pre-market,,,,,,,,,,,,,100.0,,,,,,,,,,,
2007-12-31,EL,,,,,,,,,,,,,,,,,,,,,,,,,,,,,,,,,,,,,0.0,,,0.57,,,,,,,,,,,,,,,,,,,,,,,,,,,,,,,,,,,,,,,,,,,,,,,,,2008-02-01,,0.57,,pre-market,,,,,,,,,,,,,0.0,,,,,,,,,,,
2008-03-31,EL,,,,,,,,,,,,,,,,,,,,,,,,,,,,,,,,,,,,,0.0,,,0.23,,,,,,,,,,,,,,,,,,,,,,,,,,,,,,,,,,,,,,,,,,,,,,,,,2008-05-06,,0.23,,pre-market,,,,,,,,,,,,,0.0,,,,,,,,,,,
2008-06-30,EL,,,,,,,,,,,,,,,,,,,,,,,,,,,,,,,,,,,,,0.03,,,0.28,,,,,,,,,,,,,,,,,,,,,,,,,,,,,,,,,,,,,,,,,,,,,,,,,2008-08-14,,0.31,,pre-market,,,,,,,,,,,,,10.7143,,,,,,,,,,,
2008-09-30,EL,,,,,,,,,,,,,,,,,,,,,,,,,,,,,,,,,,,,,0.02,,,0.11,,,,,,,,,,,,,,,,,,,,,,,,,,,,,,,,,,,,,,,,,,,,,,,,,2008-10-28,,0.13,,pre-market,,,,,,,,,,,,,18.1818,,,,,,,,,,,
2008-12-31,EL,,,,,,,,,,,,,,,,,,,,,,,,,,,,,,,,,,,,,0.02,,,0.38,,,,,,,,,,,,,,,,,,,,,,,,,,,,,,,,,,,,,,,,,,,,,,,,,2009-02-05,,0.4,,pre-market,,,,,,,,,,,,,5.2632,,,,,,,,,,,
2009-03-31,EL,,,,,,,,,,,,,,,,,,,,,,,,,,,,,,,,,,,,,0.06,,,0.02,,,,,,,,,,,,,,,,,,,,,,,,,,,,,,,,,,,,,,,,,,,,,,,,,2009-05-04,,0.08,,pre-market,,,,,,,,,,,,,300.0,,,,,,,,,,,
2009-06-30,EL,,,,,,,,,,,,,,,,,,,,,,,,,,,,,,,,,,,,,0.0,,,0.1,,,,,,,,,,,,,,,,,,,,,,,,,,,,,,,,,,,,,,,,,,,,,,,,,2009-08-13,,0.1,,pre-market,,,,,,,,,,,,,0.0,,,,,,,,,,,
2009-09-30,EL,,,,,,,,,,,,,,,,,,,,,,,,,,,,,,,,,,,,,0.26,,,0.17,,,,,,,,,,,,,,,,,,,,,,,,,,,,,,,,,,,,,,,,,,,,,,,,,2009-10-30,,0.43,,pre-market,,,,,,,,,,,,,152.9412,,,,,,,,,,,
2009-12-31,EL,,,,,,,,,,,,,,,,,,,,,,,,,,,,,,,,,,,,,0.03,,,0.61,,,,,,,,,,,,,,,,,,,,,,,,,,,,,,,,,,,,,,,,,,,,,,,,,2010-01-28,,0.64,,pre-market,,,,,,,,,,,,,4.918,,,,,,,,,,,
2010-03-31,EL,,,,,,,,,,,,,,,,,,,,,,,,,,,,,,,,,,,,,0.01,,,0.16,,,,,,,,,,,,,,,,,,,,,,,,,,,,,,,,,,,,,,,,,,,,,,,,,2010-04-27,,0.17,,pre-market,,,,,,,,,,,,,6.25,,,,,,,,,,,
2010-06-30,EL,,,,,,,,,,,,,,,,,,,,,,,,,,,,,,,,,,,,,-0.01,,,0.15,,,,,,,,,,,,,,,,,,,,,,,,,,,,,,,,,,,,,,,,,,,,,,,,,2010-08-12,,0.14,,pre-market,,,,,,,,,,,,,-6.6667,,,,,,,,,,,
2010-09-30,EL,,,,,,,,,,,,,,,,,,,,,,,,,,,,,,,,,,,,,0.1,,,0.39,,,,,,,,,,,,,,,,,,,,,,,,,,,,,,,,,,,,,,,,,,,,,,,,,2010-10-29,,0.49,,pre-market,,,,,,,,,,,,,25.641,,,,,,,,,,,
2010-12-31,EL,,,,,,,,,,,,,,,,,,,,,,,,,,,,,,,,,,,,,0.17,,,0.72,,,,,,,,,,,,,,,,,,,,,,,,,,,,,,,,,,,,,,,,,,,,,,,,,2011-02-03,,0.89,,pre-market,,,,,,,,,,,,,23.6111,,,,,,,,,,,
2011-03-31,EL,,,,,,,,,,,,,,,,,,,,,,,,,,,,,,,,,,,,,0.08,,,0.28,,,,,,,,,,,,,,,,,,,,,,,,,,,,,,,,,,,,,,,,,,,,,,,,,2011-05-05,,0.36,,pre-market,,,,,,,,,,,,,28.5714,,,,,,,,,,,
2011-06-30,EL,,,,,,,,,,,,,,,,,,,,,,,,,,,,,,,,,,,,,0.01,,,0.12,,,,,,,,,,,,,,,,,,,,,,,,,,,,,,,,,,,,,,,,,,,,,,,,,2011-08-15,,0.13,,pre-market,,,,,,,,,,,,,8.3333,,,,,,,,,,,
2011-09-30,EL,,,,,,,,,,,,,,,,,,,,,,,,,,,,,,,,,,,,,0.12,,,0.59,,,,,,,,,,,,,,,,,,,,,,,,,,,,,,,,,,,,,,,,,,,,,,,,,2011-11-03,,0.71,,pre-market,,,,,,,,,,,,,20.339,,,,,,,,,,,
2011-12-31,EL,,,,,,,,,,,,,,,,,,,,,,,,,,,,,,,,,,,,,0.0,,,1.01,,,,,,,,,,,,,,,,,,,,,,,,,,,,,,,,,,,,,,,,,,,,,,,,,2012-02-03,,1.01,,pre-market,,,,,,,,,,,,,0.0,,,,,,,,,,,
2012-03-31,EL,,,,,,,,,,,,,,,,,,,,,,,,,,,,,,,,,,,,,0.05,,,0.33,,,,,,,,,,,,,,,,,,,,,,,,,,,,,,,,,,,,,,,,,,,,,,,,,2012-05-04,,0.38,,pre-market,,,,,,,,,,,,,15.1515,,,,,,,,,,,
2012-06-30,EL,,,,,,,,,,,,,,,,,,,,,,,,,,,,,,,,,,,,,0.01,,,0.16,,,,,,,,,,,,,,,,,,,,,,,,,,,,,,,,,,,,,,,,,,,,,,,,,2012-08-14,,0.17,,pre-market,,,,,,,,,,,,,6.25,,,,,,,,,,,
2012-09-30,EL,,,,,,,,,,,,,,,,,,,,,,,,,,,,,,,,,,,,,0.02,,,0.77,,,,,,,,,,,,,,,,,,,,,,,,,,,,,,,,,,,,,,,,,,,,,,,,,2012-11-01,,0.79,,pre-market,,,,,,,,,,,,,2.5974,,,,,,,,,,,
2012-12-31,EL,,,,,,,,,,,,,,,,,,,,,,,,,,,,,,,,,,,,,-0.03,,,1.05,,,,,,,,,,,,,,,,,,,,,,,,,,,,,,,,,,,,,,,,,,,,,,,,,2013-02-05,,1.02,,pre-market,,,,,,,,,,,,,-2.8571,,,,,,,,,,,
2013-03-31,EL,,,,,,,,,,,,,,,,,,,,,,,,,,,,,,,,,,,,,0.11,,,0.34,,,,,,,,,,,,,,,,,,,,,,,,,,,,,,,,,,,,,,,,,,,,,,,,,2013-05-02,,0.45,,pre-market,,,,,,,,,,,,,32.3529,,,,,,,,,,,
2013-06-30,EL,,,,,,,,,,,,,,,,,,,,,,,,,,,,,,,,,,,,,0.07,,,0.21,,,,,,,,,,,,,,,,,,,,,,,,,,,,,,,,,,,,,,,,,,,,,,,,,2013-08-15,,0.28,,pre-market,,,,,,,,,,,,,33.3333,,,,,,,,,,,
2013-09-30,EL,,,,,,,,,,,,,,,,,,,,,,,,,,,,,,,,,,,,,0.03,,,0.73,,,,,,,,,,,,,,,,,,,,,,,,,,,,,,,,,,,,,,,,,,,,,,,,,2013-10-31,,0.76,,pre-market,,,,,,,,,,,,,4.1096,,,,,,,,,,,
2013-12-31,EL,,,,,,,,,,,,,,,,,,,,,,,,,,,,,,,,,,,,,0.03,,,1.06,,,,,,,,,,,,,,,,,,,,,,,,,,,,,,,,,,,,,,,,,,,,,,,,,2014-02-05,,1.09,,pre-market,,,,,,,,,,,,,2.8302,,,,,,,,,,,
2014-03-31,EL,,,,,,,,,,,,,,,,,,,,,,,,,,,,,,,,,,,,,0.09,,,0.55,,,,,,,,,,,,,,,,,,,,,,,,,,,,,,,,,,,,,,,,,,,,,,,,,2014-05-02,,0.64,,pre-market,,,,,,,,,,,,,16.3636,,,,,,,,,,,
2014-06-30,EL,,,,,,,,,,,,,,,,,,,,,,,,,,,,,,,,,,,,,0.1,,,0.56,,,,,,,,,,,,,,,,,,,,,,,,,,,,,,,,,,,,,,,,,,,,,,,,,2014-08-15,,0.66,,pre-market,,,,,,,,,,,,,17.8571,,,,,,,,,,,
2014-09-30,EL,,,,,,,,,,,,,,,,,,,,,,,,,,,,,,,,,,,,,0.04,,,0.55,,,,,,,,,,,,,,,,,,,,,,,,,,,,,,,,,,,,,,,,,,,,,,,,,2014-11-04,,0.59,,pre-market,,,,,,,,,,,,,7.2727,,,,,,,,,,,
2014-12-31,EL,,,,,,,,,,,,,,,,,,,,,,,,,,,,,,,,,,,,,0.08,,,1.05,,,,,,,,,,,,,,,,,,,,,,,,,,,,,,,,,,,,,,,,,,,,,,,,,2015-02-05,,1.13,,pre-market,,,,,,,,,,,,,7.619,,,,,,,,,,,
2015-03-31,EL,,,,,,,,,,,,,,,,,,,,,,,,,,,,,,,,,,,,,0.21,,,0.51,,,,,,,,,,,,,,,,,,,,,,,,,,,,,,,,,,,,,,,,,,,,,,,,,2015-05-05,,0.72,,pre-market,,,,,,,,,,,,,41.1765,,,,,,,,,,,
2015-06-30,EL,,,,,,,,,,,,,,,,,,,,,,,,,,,,,,,,,,,,,0.06,,,0.34,,,,,,,,,,,,,,,,,,,,,,,,,,,,,,,,,,,,,,,,,,,,,,,,,2015-08-17,,0.4,,pre-market,,,,,,,,,,,,,17.6471,,,,,,,,,,,
2015-09-30,EL,,,,,,,,,,,,,,,,,,,,,,,,,,,,,,,,,,,,,0.12,,,0.7,,,,,,,,,,,,,,,,,,,,,,,,,,,,,,,,,,,,,,,,,,,,,,,,,2015-11-02,,0.82,,pre-market,,,,,,,,,,,,,17.1429,,,,,,,,,,,
2015-12-31,EL,,,,,,,,,,,,,,,,,,,,,,,,,,,,,,,,,,,,,0.11,,,1.11,,,,,,,,,,,,,,,,,,,,,,,,,,,,,,,,,,,,,,,,,,,,,,,,,2016-02-05,,1.22,,pre-market,,,,,,,,,,,,,9.9099,,,,,,,,,,,
2016-03-31,EL,,,,,,,,,,,,,,,,,,,,,,,,,,,,,,,,,,,,,0.12,,,0.61,,,,,,,,,,,,,,,,,,,,,,,,,,,,,,,,,,,,,,,,,,,,,,,,,2016-05-03,,0.73,,pre-market,,,,,,,,,,,,,19.6721,,,,,,,,,,,
2016-06-30,EL,,,,,,,,,,,,,,,,,,,,,,,,,,,,,,,,,,,,,0.03,,,0.4,,,,,,,,,,,,,,,,,,,,,,,,,,,,,,,,,,,,,,,,,,,,,,,,,2016-08-19,,0.43,,pre-market,,,,,,,,,,,,,7.5,,,,,,,,,,,
2016-09-30,EL,,,,,,,,,,,,,,,,,,,,,,,,,,,,,,,,,,,,,0.04,,,0.8,,,,,,,,,,,,,,,,,,,,,,,,,,,,,,,,,,,,,,,,,,,,,,,,,2016-11-02,,0.84,,pre-market,,,,,,,,,,,,,5.0,,,,,,,,,,,
2016-12-31,EL,,,,,,,,,,,,,,,,,,,,,,,,,,,,,,,,,,,,,0.05,,,1.17,,,,,,,,,,,,,,,,,,,,,,,,,,,,,,,,,,,,,,,,,,,,,,,,,2017-02-02,,1.22,,pre-market,,,,,,,,,,,,,4.2735,,,,,,,,,,,
2017-03-31,EL,,,,,,,,,,,,,,,,,,,,,,,,,,,,,,,,,,,,,0.18,,,0.73,,,,,,,,,,,,,,,,,,,,,,,,,,,,,,,,,,,,,,,,,,,,,,,,,2017-05-03,,0.91,,pre-market,,,,,,,,,,,,,24.6575,,,,,,,,,,,
2017-06-30,EL,,,,,,,,,,,,,,,,,,,,,,,,,,,,,,,,,,,,,0.08,,,0.43,,,,,,,,,,,,,,,,,,,,,,,,,,,,,,,,,,,,,,,,,,,,,,,,,2017-08-18,,0.51,,pre-market,,,,,,,,,,,,,18.6047,,,,,,,,,,,
2017-09-30,EL,,,,,,,,,,,,,,,,,,,,,,,,,,,,,,,,,,,,,0.24,,,0.97,,,,,,,,,,,,,,,,,,,,,,,,,,,,,,,,,,,,,,,,,,,,,,,,,2017-11-01,,1.21,,pre-market,,,,,,,,,,,,,24.7423,,,,,,,,,,,
2017-12-31,EL,,,,,,,,,,,,,,,,,,,,,,,,,,,,,,,,,,,,,0.08,,,1.44,,,,,,,,,,,,,,,,,,,,,,,,,,,,,,,,,,,,,,,,,,,,,,,,,2018-02-02,,1.52,,pre-market,,,,,,,,,,,,,5.5556,,,,,,,,,,,
2018-03-31,EL,,,,,,,,,,,,,,,,,,,,,,,,,,,,,,,,,,,,,0.1,,,1.07,,,,,,,,,,,,,,,,,,,,,,,,,,,,,,,,,,,,,,,,,,,,,,,,,2018-05-02,,1.17,,pre-market,,,,,,,,,,,,,9.3458,,,,,,,,,,,
2018-06-30,EL,,,,,,,,,,,,,,,,,,,,,,,,,,,,,,,,,,,,,0.05,,,0.56,,,,,,,,,,,,,,,,,,,,,,,,,,,,,,,,,,,,,,,,,,,,,,,,,2018-08-20,,0.61,,pre-market,,,,,,,,,,,,,8.9286,,,,,,,,,,,
2018-09-30,EL,,,,,,,,,,,,,,,,,,,,,,,,,,,,,,,,,,,,,0.19,,,1.22,,,,,,,,,,,,,,,,,,,,,,,,,,,,,,,,,,,,,,,,,,,,,,,,,2018-10-31,,1.41,,pre-market,,,,,,,,,,,,,15.5738,,,,,,,,,,,
2018-12-31,EL,,,,,,,,,,,,,,,,,,,,,,,,,,,,,,,,,,,,,0.19,,,1.55,,,,,,,,,,,,,,,,,,,,,,,,,,,,,,,,,,,,,,,,,,,,,,,,,2019-02-05,,1.74,,pre-market,,,,,,,,,,,,,12.2581,,,,,,,,,,,
2019-03-31,EL,,,,,,,,,,,,,,,,,,,,,,,,,,,,,,,,,,,,,0.25,,,1.3,,,,,,,,,,,,,,,,,,,,,,,,,,,,,,,,,,,,,,,,,,,,,,,,,2019-05-01,,1.55,,pre-market,,,,,,,,,,,,,19.2308,,,,,,,,,,,
2019-06-30,EL,,,,,,,,,,,,,,,,,,,,,,,,,,,,,,,,,,,,,0.11,,,0.53,,,,,,,,,,,,,,,,,,,,,,,,,,,,,,,,,,,,,,,,,,,,,,,,,2019-08-19,,0.64,,pre-market,,,,,,,,,,,,,20.7547,,,,,,,,,,,
2019-09-30,EL,,,,,,,,,,,,,,,,,,,,,,,,,,,,,,,,,,,,,0.07,,,1.6,,,,,,,,,,,,,,,,,,,,,,,,,,,,,,,,,,,,,,,,,,,,,,,,,2019-10-31,,1.67,,pre-market,,,,,,,,,,,,,4.375,,,,,,,,,,,
2019-12-31,EL,,,,,,,,,,,,,,,,,,,,,,,,,,,,,,,,,,,,,0.21,,,1.9,,,,,,,,,,,,,,,,,,,,,,,,,,,,,,,,,,,,,,,,,,,,,,,,,2020-02-06,,2.11,,pre-market,,,,,,,,,,,,,11.0526,,,,,,,,,,,
2020-03-31,EL,,,,,,,,,,,,,,,,,,,,,,,,,,,,,,,,,,,,,0.12,,,0.73,,,,,,,,,,,,,,,,,,,,,,,,,,,,,,,,,,,,,,,,,,,,,,,,,2020-05-01,,0.85,,pre-market,,,,,,,,,,,,,16.4384,,,,,,,,,,,
2020-06-30,EL,,,,,,,,,,,,,,,,,,,,,,,,,,,,,,,,,,,,,-0.34,,,-0.19,,,,,,,,,,,,,,,,,,,,,,,,,,,,,,,,,,,,,,,,,,,,,,,,,2020-08-20,,-0.53,,pre-market,,,,,,,,,,,,,-178.9474,,,,,,,,,,,
2020-09-30,EL,,,,,,,,,,,,,,,,,,,,,,,,,,,,,,,,,,,,,0.54,,,0.9,,,,,,,,,,,,,,,,,,,,,,,,,,,,,,,,,,,,,,,,,,,,,,,,,2020-11-02,,1.44,,pre-market,,,,,,,,,,,,,60.0,,,,,,,,,,,
2020-12-31,EL,,,,,,,,,,,,,,,,,,,,,,,,,,,,,,,,,,,,,0.92,,,1.69,,,,,,,,,,,,,,,,,,,,,,,,,,,,,,,,,,,,,,,,,,,,,,,,,2021-02-05,,2.61,,pre-market,,,,,,,,,,,,,54.4379,,,,,,,,,,,
2021-03-31,EL,,,,,,,,,,,,,,,,,,,,,,,,,,,,,,,,,,,,,0.3,,,1.32,,,,,,,,,,,,,,,,,,,,,,,,,,,,,,,,,,,,,,,,,,,,,,,,,2021-05-03,,1.62,,pre-market,,,,,,,,,,,,,22.7273,,,,,,,,,,,
2021-06-30,EL,,,,,,,,,,,,,,,,,,,,,,,,,,,,,,,,,,,,,0.28,,,0.5,,,,,,,,,,,,,,,,,,,,,,,,,,,,,,,,,,,,,,,,,,,,,,,,,2021-08-19,,0.78,,pre-market,,,,,,,,,,,,,56.0,,,,,,,,,,,
2021-09-30,EL,,,,,,,,,,,,,,,,,,,,,,,,,,,,,,,,,,,,,0.19,,,1.7,,,,,,,,,,,,,,,,,,,,,,,,,,,,,,,,,,,,,,,,,,,,,,,,,2021-11-02,,1.89,,pre-market,,,,,,,,,,,,,11.1765,,,,,,,,,,,
2021-12-31,EL,,,,,,,,,,,,,,,,,,,,,,,,,,,,,,,,,,,,,0.37,,,2.64,,,,,,,,,,,,,,,,,,,,,,,,,,,,,,,,,,,,,,,,,,,,,,,,,2022-02-03,,3.01,,pre-market,,,,,,,,,,,,,14.0152,,,,,,,,,,,
2022-03-31,EL,,,,,,,,,,,,,,,,,,,,,,,,,,,,,,,,,,,,,0.23,,,1.67,,,,,,,,,,,,,,,,,,,,,,,,,,,,,,,,,,,,,,,,,,,,,,,,,2022-05-03,,1.9,,pre-market,,,,,,,,,,,,,13.7725,,,,,,,,,,,
2022-06-30,EL,,,,,,,,,,,,,,,,,,,,,,,,,,,,,,,,,,,,,0.09,,,0.33,,,,,,,,,,,,,,,,,,,,,,,,,,,,,,,,,,,,,,,,,,,,,,,,,2022-08-18,,0.42,,pre-market,,,,,,,,,,,,,27.2727,,,,,,,,,,,
2022-09-30,EL,,,,,,,,,,,,,,,,,,,,,,,,,,,,,,,,,,,,,0.06,,,1.31,,,,,,,,,,,,,,,,,,,,,,,,,,,,,,,,,,,,,,,,,,,,,,,,,2022-11-02,,1.37,,pre-market,,,,,,,,,,,,,4.5802,,,,,,,,,,,
2022-12-31,EL,,,,,,,,,,,,,,,,,,,,,,,,,,,,,,,,,,,,,0.24,,,1.3,,,,,,,,,,,,,,,,,,,,,,,,,,,,,,,,,,,,,,,,,,,,,,,,,2023-02-02,,1.54,,pre-market,,,,,,,,,,,,,18.4615,,,,,,,,,,,
2023-03-31,EL,,,,,,,,,,,,,,,,,,,,,,,,,,,,,,,,,,,,,-0.04,,,0.51,,,,,,,,,,,,,,,,,,,,,,,,,,,,,,,,,,,,,,,,,,,,,,,,,2023-05-03,,0.47,,pre-market,,,,,,,,,,,,,-7.8431,,,,,,,,,,,
2023-06-30,EL,,,,,,,,,,,,,,,,,,,,,,,,,,,,,,,,,,,,,0.11,,,-0.04,,,,,,,,,,,,,,,,,,,,,,,,,,,,,,,,,,,,,,,,,,,,,,,,,2023-08-18,,0.07,,pre-market,,,,,,,,,,,,,275.0,,,,,,,,,,,
2023-09-30,EL,,,,,,,,,,,,,,,,,,,,,,,,,,,,,,,,,,,,,0.31,,,-0.2,,,,,,,,,,,,,,,,,,,,,,,,,,,,,,,,,,,,,,,,,,,,,,,,,2023-11-01,,0.11,,pre-market,,,,,,,,,,,,,155.0,,,,,,,,,,,
2023-12-31,EL,,,,,,,,,,,,,,,,,,,,,,,,,,,,,,,,,,,,,0.33,,,0.55,,,,,,,,,,,,,,,,,,,,,,,,,,,,,,,,,,,,,,,,,,,,,,,,,2024-02-05,,0.88,,pre-market,,,,,,,,,,,,,60.0,,,,,,,,,,,
2024-03-31,EL,,,,,,,,,,,,,,,,,,,,,,,,,,,,,,,,,,,,,0.48,,,0.49,,,,,,,,,,,,,,,,,,,,,,,,,,,,,,,,,,,,,,,,,,,,,,,,,2024-05-01,,0.97,,pre-market,,,,,,,,,,,,,97.9592,,,,,,,,,,,
2024-06-30,EL,,,,,,,,,,,,,,,,,,,,,,,,,,,,,,,,,,,,,0.37,,,0.27,,,,,,,,,,,,,,,,,,,,,,,,,,,,,,,,,,,,,,,,,,,,,,,,,2024-08-19,,0.64,,pre-market,,,,,,,,,,,,,137.037,,,,,,,,,,,
2024-09-30,EL,,,,,,,,,,,,,,,,,,,,,,,,,,,,,,,,,,,,,0.04,,,0.1,,,,,,,,,,,,,,,,,,,,,,,,,,,,,,,,,,,,,,,,,,,,,,,,,2024-10-31,,0.14,,pre-market,,,,,,,,,,,,,40.0,,,,,,,,,,,
2024-12-31,EL,,,,,,,,,,,,,,,,,,,,,,,,,,,,,,,,,,,,,0.3002,,,0.3198,,,,,,,,,,,,,,,,,,,,,,,,,,,,,,,,,,,,,,,,,,,,,,,,,2025-02-04,,0.62,,pre-market,,,,,,,,,,,,,93.8712,,,,,,,,,,,
2025-03-31,EL,,,,,,,,,,,,,,,,,,,,,,,,,,,,,,,,,,,,,0.3387,,,0.3113,,,,,,,,,,,,,,,,,,,,,,,,,,,,,,,,,,,,,,,,,,,,,,,,,2025-05-01,,0.65,,pre-market,,,,,,,,,,,,,108.8018,,,,,,,,,,,
2025-06-30,EL,,,,,,,,,,,,,,,,,,,,,,,,,,,,,,,,,,,,,0.0072,,,0.0828,,,,,,,,,,,,,,,,,,,,,,,,,,,,,,,,,,,,,,,,,,,,,,,,,2025-08-20,,0.09,,pre-market,,,,,,,,,,,,,8.6957,,,,,,,,,,,
2025-09-30,EL,,,,,,,,,,,,,,,,,,,,,,,,,,,,,,,,,,,,,0.089,,,0.231,,,,,,,,,,,,,,,,,,,,,,,,,,,,,,,,,,,,,,,,,,,,,,,,,2025-10-29,,0.32,,pre-market,,,,,,,,,,,,,38.5281,,,,,,,,,,,
2025-12-28,EL,-2.59,14446000000.0,,1.175,10.79,,,,,,,,,,,,,,,,,,,,,,,,,,1.4,0.013,,,,-0.516,0.089,,,0.231,,54.35,,10715000000.0,,,,,,,,,,,,,,,,,,,0.0727,,,,,,,,,,,,,3.351,9.96,2.685,,,,,,,,-0.0644,,,2025-10-29,,0.32,,pre-market,,,0.0385,-0.207,0.036,40.07,,,,,82.04,97.52,38.5281,,,,,,,,,,110.37,47.76
2025-12-28,EL,-2.59,14446000000.0,,1.175,10.79,,,,,,,,,,,,,,,None,927000000,927000000,,,,,,None,200000000,,1.4,0.013,,,,-0.516,0.089,195000000,395000000,0.231,2025-09-30,54.35,,10715000000.0,2554000000,109000000,62000000,,,None,86000000,30000000,,None,,,,,47000000,47000000,-56000000,None,0.0727,,2385000000,169000000,,,,,None,,,,,3.351,9.96,2.685,,,,,,,,-0.0644,,,2025-10-29,quarterly,0.32,USD,pre-market,None,,0.0385,-0.207,0.036,40.07,2296000000,,,,82.04,97.52,38.5281,,,,,,,3481000000,,,110.37,47.76
2025-12-28,EL,-2.59,14446000000.0,,1.175,10.79,,,,,,,,,,,,,,,None,955000000,955000000,,,,,,None,221000000,,1.4,0.013,,,,-0.516,0.089,-344000000,-123000000,0.231,2025-06-30,54.35,,10715000000.0,2456000000,-451000000,95000000,,,None,135000000,29000000,,None,,,,,-546000000,-546000000,-59000000,None,0.0727,,2444000000,8000000,,,,,None,,,,,3.351,9.96,2.685,,,,,,,,-0.0644,,,2025-10-29,quarterly,0.32,USD,pre-market,None,,0.0385,-0.207,0.036,40.07,2315000000,,,,82.04,97.52,38.5281,,,,,,,3407000000,,,110.37,47.76
2025-12-28,EL,-2.59,14446000000.0,,1.175,10.79,,,,,,,,,,,,,,,None,889000000,889000000,,,,,,None,204000000,,1.4,0.013,,,,-0.516,0.089,328000000,532000000,0.231,2025-03-31,54.35,,10715000000.0,2661000000,241000000,82000000,,,None,87000000,27000000,,None,,,,,159000000,159000000,-60000000,None,0.0727,,2355000000,306000000,,,,,None,,,,,3.351,9.96,2.685,,,,,,,,-0.0644,,,2025-10-29,quarterly,0.32,USD,pre-market,None,,0.0385,-0.207,0.036,40.07,2258000000,,,,82.04,97.52,38.5281,,,,,,,3550000000,,,110.37,47.76
2025-12-28,EL,-2.59,14446000000.0,,1.175,10.79,,,,,,,,,,,,,,,None,957000000,957000000,,,,,,None,207000000,,1.4,0.013,,,,-0.516,0.089,-560000000,-353000000,0.231,2024-12-31,54.35,,10715000000.0,3047000000,-650000000,-60000000,,,None,90000000,23000000,,None,,,,,-590000000,-590000000,-67000000,None,0.0727,,3627000000,-580000000,,,,,None,,,,,3.351,9.96,2.685,,,,,,,,-0.0644,,,2025-10-29,quarterly,0.32,USD,pre-market,None,,0.0385,-0.207,0.036,40.07,2585000000,,,,82.04,97.52,38.5281,,,,,,,4004000000,,,110.37,47.76
2025-12-28,EL,-2.59,14446000000.0,,1.175,10.79,,,,,,,,,,,,,,,None,928000000,928000000,,,,,,None,208000000,,1.4,0.013,,,,-0.516,0.089,-88000000,120000000,0.231,2024-09-30,54.35,,10715000000.0,2433000000,-180000000,-24000000,,,None,92000000,35000000,,None,,,,,-156000000,-156000000,-57000000,None,0.0727,,2554000000,-121000000,,,,,None,,,,,3.351,9.96,2.685,,,,,,,,-0.0644,,,2025-10-29,quarterly,0.32,USD,pre-market,None,,0.0385,-0.207,0.036,40.07,2298000000,,,,82.04,97.52,38.5281,,,,,,,3361000000,,,110.37,47.76
2025-12-28,EL,-2.59,14446000000.0,,1.175,10.79,,,,,,,,,,,,,,,None,1093000000,1093000000,,,,,,None,211000000,,1.4,0.013,,,,-0.516,0.089,-188000000,23000000,0.231,2024-06-30,54.35,,10715000000.0,2778000000,-279000000,7000000,,,None,91000000,41000000,,None,,,,,-284000000,-286000000,-50000000,None,0.0727,,3011000000,-233000000,,,,,None,,,,,3.351,9.96,2.685,,,,,,,,-0.0644,,,2025-10-29,quarterly,0.32,USD,pre-market,360000000,,0.0385,-0.207,0.036,40.07,2444000000,,,,82.04,97.52,38.5281,,,,,,,3871000000,,,110.37,47.76
2025-12-28,EL,-2.59,14446000000.0,,1.175,10.79,,,,,,,,,,,,,,,None,1107000000,1107000000,,,,,,None,206000000,,1.4,0.013,,,,-0.516,0.089,580000000,786000000,0.231,2024-03-31,54.35,,10715000000.0,2833000000,486000000,151000000,,,None,94000000,45000000,,None,,,,,330000000,335000000,-49000000,None,0.0727,,2302000000,531000000,,,,,None,,,,,3.351,9.96,2.685,,,,,,,,-0.0644,,,2025-10-29,quarterly,0.32,USD,pre-market,None,,0.0385,-0.207,0.036,40.07,2284000000,,,,82.04,97.52,38.5281,,,,,,,3940000000,,,110.37,47.76
2025-12-28,EL,-2.59,14446000000.0,,1.175,10.79,,,,,,,,,,,,,,,None,1154000000,1154000000,,,,,,None,205000000,,1.4,0.013,,,,-0.516,0.089,617000000,822000000,0.231,2023-12-31,54.35,,10715000000.0,3125000000,519000000,195000000,,,None,98000000,40000000,,None,,,,,313000000,324000000,-58000000,None,0.0727,,2551000000,574000000,,,,,None,,,,,3.351,9.96,2.685,,,,,,,,-0.0644,,,2025-10-29,quarterly,0.32,USD,pre-market,None,,0.0385,-0.207,0.036,40.07,2544000000,,,,82.04,97.52,38.5281,,,,,,,4279000000,,,110.37,47.76
2025-12-28,EL,-2.59,14446000000.0,,1.175,10.79,,,,,,,,,,,,,,,None,1070000000,1070000000,,,,,,None,203000000,,1.4,0.013,,,,-0.516,0.089,141000000,344000000,0.231,2023-09-30,54.35,,10715000000.0,2448000000,46000000,10000000,,,None,95000000,41000000,,None,,,,,31000000,36000000,-54000000,None,0.0727,,2350000000,98000000,,,,,None,,,,,3.351,9.96,2.685,,,,,,,,-0.0644,,,2025-10-29,quarterly,0.32,USD,pre-market,None,,0.0385,-0.207,0.036,40.07,2349000000,,,,82.04,97.52,38.5281,,,,,,,3518000000,,,110.37,47.76
2025-12-28,EL,-2.59,14446000000.0,,1.175,10.79,,,,,,,,,,,,,,,None,1163000000,1163000000,,,,,,None,196000000,,1.4,0.013,,,,-0.516,0.089,51000000,247000000,0.231,2023-06-30,54.35,,10715000000.0,2446000000,-48000000,-16000000,,,None,99000000,53000000,,None,,,,,-33000000,-32000000,-46000000,None,0.0727,,2451000000,-5000000,,,,,53000000,,,,,3.351,9.96,2.685,,,,,,,,-0.0644,,,2025-10-29,quarterly,0.32,USD,pre-market,344000000,,0.0385,-0.207,0.036,40.07,7155000000,,,,82.04,97.52,38.5281,,,,,,,3609000000,,,110.37,47.76
2025-12-28,EL,-2.59,14446000000.0,,1.175,10.79,,,,,,,,,,,,,,,None,1159000000,1159000000,,,,,,None,189000000,,1.4,0.013,,,,-0.516,0.089,338000000,527000000,0.231,2023-03-31,54.35,,10715000000.0,2592000000,280000000,125000000,,,None,58000000,37000000,,None,,,,,156000000,155000000,-21000000,None,0.0727,,2295000000,297000000,,,,,37000000,,,,,3.351,9.96,2.685,,,,,,,,-0.0644,,,2025-10-29,quarterly,0.32,USD,pre-market,None,,0.0385,-0.207,0.036,40.07,2281000000,,,,82.04,97.52,38.5281,,,,,,,3751000000,,,110.37,47.76
2025-12-28,EL,-2.59,14446000000.0,,1.175,10.79,,,,,,,,,,,,,,,None,1219000000,1219000000,,,,,,None,181000000,,1.4,0.013,,,,-0.516,0.089,584000000,765000000,0.231,2022-12-31,54.35,,10715000000.0,3401000000,532000000,135000000,,,None,52000000,26000000,,None,,,,,394000000,397000000,-26000000,None,0.0727,,2845000000,556000000,,,,,26000000,,,,,3.351,9.96,2.685,,,,,,,,-0.0644,,,2025-10-29,quarterly,0.32,USD,pre-market,None,,0.0385,-0.207,0.036,40.07,2630000000,,,,82.04,97.52,38.5281,,,,,,,4620000000,,,110.37,47.76
2025-12-28,EL,-2.59,14446000000.0,,1.175,10.79,,,,,,,,,,,,,,,None,1023000000,1023000000,,,,,,None,178000000,,1.4,0.013,,,,-0.516,0.089,679000000,857000000,0.231,2022-09-30,54.35,,10715000000.0,2907000000,633000000,143000000,,,None,46000000,31000000,,None,,,,,489000000,490000000,-31000000,None,0.0727,,2246000000,661000000,,,,,15000000,,,,,3.351,9.96,2.685,,,,,,,,-0.0644,,,2025-10-29,quarterly,0.32,USD,pre-market,None,,0.0385,-0.207,0.036,40.07,2244000000,,,,82.04,97.52,38.5281,,,,,,,3930000000,,,110.37,47.76
2025-12-28,EL,-2.59,14446000000.0,,1.175,10.79,,,,,,,,,,,,,,,None,1031000000,1031000000,,,,,,None,181000000,,1.4,0.013,,,,-0.516,0.089,90000000,271000000,0.231,2022-06-30,54.35,,10715000000.0,2530000000,48000000,-2000000,,,None,42000000,11000000,,None,,,,,52000000,50000000,-31000000,None,0.0727,,2451000000,79000000,,,,,11000000,,,,,3.351,9.96,2.685,,,,,,,,-0.0644,,,2025-10-29,quarterly,0.32,USD,pre-market,307000000,,0.0385,-0.207,0.036,40.07,2334000000,,,,82.04,97.52,38.5281,,,,,,,3561000000,,,110.37,47.76
2025-12-28,EL,-2.59,14446000000.0,,1.175,10.79,,,,,,,,,,,,,,,None,994000000,994000000,,,,,,None,182000000,,1.4,0.013,,,,-0.516,0.089,744000000,926000000,0.231,2022-03-31,54.35,,10715000000.0,3251000000,703000000,130000000,,,None,41000000,5000000,,None,,,,,558000000,573000000,-36000000,None,0.0727,,2513000000,738000000,,,,,5000000,,,,,3.351,9.96,2.685,,,,,,,,-0.0644,,,2025-10-29,quarterly,0.32,USD,pre-market,None,,0.0385,-0.207,0.036,40.07,2275000000,,,,82.04,97.52,38.5281,,,,,,,4245000000,,,110.37,47.76
2025-12-28,EL,-2.59,14446000000.0,,1.175,10.79,,,,,,,,,,,,,,,None,1223000000,1223000000,,,,,,None,181000000,,1.4,0.013,,,,-0.516,0.089,1430000000,1611000000,0.231,2021-12-31,54.35,,10715000000.0,4316000000,1388000000,298000000,,,None,42000000,10000000,,None,,,,,1088000000,1090000000,-32000000,None,0.0727,,2898000000,1418000000,,,,,10000000,,,,,3.351,9.96,2.685,,,,,,,,-0.0644,,,2025-10-29,quarterly,0.32,USD,pre-market,None,,0.0385,-0.207,0.036,40.07,2885000000,,,,82.04,97.52,38.5281,,,,,,,5539000000,,,110.37,47.76
2025-12-28,EL,-2.59,14446000000.0,,1.175,10.79,,,,,,,,,,,,,,,None,1057000000,1057000000,,,,,,None,183000000,,1.4,0.013,,,,-0.516,0.089,939000000,1122000000,0.231,2021-09-30,54.35,,10715000000.0,3335000000,897000000,202000000,,,None,42000000,4000000,,None,,,,,692000000,695000000,-38000000,None,0.0727,,2400000000,935000000,,,,,4000000,,,,,3.351,9.96,2.685,,,,,,,,-0.0644,,,2025-10-29,quarterly,0.32,USD,pre-market,None,,0.0385,-0.207,0.036,40.07,2394000000,,,,82.04,97.52,38.5281,,,,,,,4392000000,,,110.37,47.76
2025-12-28,EL,-2.59,14446000000.0,,1.175,10.79,,,,,,,,,,,,,,,None,986000000,986000000,,,,,,None,176000000,,1.4,0.013,,,,-0.516,0.089,1092000000,1268000000,0.231,2021-06-30,54.35,,10715000000.0,2950000000,1050000000,35000000,,,None,42000000,11000000,,None,,,,,1018000000,1015000000,-31000000,None,0.0727,,2716000000,234000000,,,,,11000000,,,,,3.351,9.96,2.685,,,,,,,,-0.0644,,,2025-10-29,quarterly,0.32,USD,pre-market,None,,0.0385,-0.207,0.036,40.07,2610000000,,,,82.04,97.52,38.5281,,,,,,,3936000000,,,110.37,47.76
2025-12-28,EL,-2.59,14446000000.0,,1.175,10.79,,,,,,,,,,,,,,,None,939000000,939000000,,,,,,None,159000000,,1.4,0.013,,,,-0.516,0.089,623000000,782000000,0.231,2021-03-31,54.35,,10715000000.0,2925000000,580000000,122000000,,,None,43000000,9000000,,None,,,,,456000000,458000000,-34000000,None,0.0727,,2309000000,616000000,,,,,9000000,,,,,3.351,9.96,2.685,,,,,,,,-0.0644,,,2025-10-29,quarterly,0.32,USD,pre-market,None,,0.0385,-0.207,0.036,40.07,2145000000,,,,82.04,97.52,38.5281,,,,,,,3864000000,,,110.37,47.76
2025-12-28,EL,-2.59,14446000000.0,,1.175,10.79,,,,,,,,,,,,,,,None,1084000000,1084000000,,,,,,None,160000000,,1.4,0.013,,,,-0.516,0.089,1073000000,1233000000,0.231,2020-12-31,54.35,,10715000000.0,3769000000,1030000000,153000000,,,None,43000000,17000000,,None,,,,,873000000,877000000,-26000000,None,0.0727,,2706000000,1063000000,,,,,17000000,,,,,3.351,9.96,2.685,,,,,,,,-0.0644,,,2025-10-29,quarterly,0.32,USD,pre-market,None,,0.0385,-0.207,0.036,40.07,2590000000,,,,82.04,97.52,38.5281,,,,,,,4853000000,,,110.37,47.76
2025-12-28,EL,-2.59,14446000000.0,,1.175,10.79,,,,,,,,,,,,,,,None,825000000,825000000,,,,,,None,156000000,,1.4,0.013,,,,-0.516,0.089,716000000,872000000,0.231,2020-09-30,54.35,,10715000000.0,2737000000,671000000,146000000,,,None,45000000,31000000,,None,,,,,523000000,525000000,-31000000,None,0.0727,,2032000000,705000000,,,,,14000000,,,,,3.351,9.96,2.685,,,,,,,,-0.0644,,,2025-10-29,quarterly,0.32,USD,pre-market,None,,0.0385,-0.207,0.036,40.07,2026000000,,,,82.04,97.52,38.5281,,,,,,,3562000000,,,110.37,47.76
2025-12-28,EL,-2.59,14446000000.0,,1.175,10.79,,,,,,,,,,,,,,,None,767000000,767000000,,,,,,None,164000000,,1.4,0.013,,,,-0.516,0.089,-556000000,-392000000,0.231,2020-06-30,54.35,,10715000000.0,1663000000,-605000000,-146000000,,,None,49000000,61000000,,None,,,,,-462000000,-459000000,-42000000,None,0.0727,,2206000000,-543000000,,,,,7000000,,,,,3.351,9.96,2.685,,,,,,,,-0.0644,,,2025-10-29,quarterly,0.32,USD,pre-market,228000000,,0.0385,-0.207,0.036,40.07,1884000000,,,,82.04,97.52,38.5281,,,,,,,2430000000,,,110.37,47.76
2025-12-28,EL,-2.59,14446000000.0,,1.175,10.79,,,,,,,,,,,,,,,None,836000000,836000000,,,,,,None,160000000,,1.4,0.013,,,,-0.516,0.089,122000000,282000000,0.231,2020-03-31,54.35,,10715000000.0,2509000000,80000000,84000000,,,None,42000000,14000000,,None,,,,,-6000000,-4000000,-28000000,None,0.0727,,2400000000,109000000,,,,,14000000,,,,,3.351,9.96,2.685,,,,,,,,-0.0644,,,2025-10-29,quarterly,0.32,USD,pre-market,None,,0.0385,-0.207,0.036,40.07,2030000000,,,,82.04,97.52,38.5281,,,,,,,3345000000,,,110.37,47.76
2025-12-28,EL,-2.59,14446000000.0,,1.175,10.79,,,,,,,,,,,,,,,None,1041000000,1041000000,,,,,,None,144000000,,1.4,0.013,,,,-0.516,0.089,849000000,993000000,0.231,2019-12-31,54.35,,10715000000.0,3583000000,811000000,250000000,,,None,38000000,13000000,,None,,,,,557000000,561000000,-25000000,None,0.0727,,3322000000,261000000,,,,,13000000,,,,,3.351,9.96,2.685,,,,,,,,-0.0644,,,2025-10-29,quarterly,0.32,USD,pre-market,None,,0.0385,-0.207,0.036,40.07,2538000000,,,,82.04,97.52,38.5281,,,,,,,4624000000,,,110.37,47.76
2025-12-28,EL,-2.59,14446000000.0,,1.175,10.79,,,,,,,,,,,,,,,None,908000000,908000000,,,,,,None,143000000,,1.4,0.013,,,,-0.516,0.089,792000000,935000000,0.231,2019-09-30,54.35,,10715000000.0,2987000000,760000000,162000000,,,None,32000000,14000000,,None,,,,,595000000,598000000,-18000000,None,0.0727,,2208000000,779000000,,,,,14000000,,,,,3.351,9.96,2.685,,,,,,,,-0.0644,,,2025-10-29,quarterly,0.32,USD,pre-market,None,,0.0385,-0.207,0.036,40.07,2185000000,,,,82.04,97.52,38.5281,,,,,,,3895000000,,,110.37,47.76
2025-12-28,EL,-2.59,14446000000.0,,1.175,10.79,,,,,,,,,,,,,,,None,835000000,835000000,,,,,,None,153000000,,1.4,0.013,,,,-0.516,0.089,231000000,384000000,0.231,2019-06-30,54.35,,10715000000.0,2755000000,199000000,41000000,,,None,32000000,16000000,,None,,,,,157000000,158000000,-16000000,None,0.0727,,2539000000,216000000,,,,,16000000,,,,,3.351,9.96,2.685,,,,,,,,-0.0644,,,2025-10-29,quarterly,0.32,USD,pre-market,202000000,,0.0385,-0.207,0.036,40.07,2422000000,,,,82.04,97.52,38.5281,,,,,,,3590000000,,,110.37,47.76
2025-12-28,EL,-2.59,14446000000.0,,1.175,10.79,,,,,,,,,,,,,,,None,819000000,819000000,,,,,,None,135000000,,1.4,0.013,,,,-0.516,0.089,759000000,894000000,0.231,2019-03-31,54.35,,10715000000.0,2925000000,727000000,170000000,,,None,32000000,17000000,,None,,,,,555000000,557000000,-17000000,None,0.0727,,2251000000,674000000,,,,,15000000,,,,,3.351,9.96,2.685,,,,,,,,-0.0644,,,2025-10-29,quarterly,0.32,USD,pre-market,None,,0.0385,-0.207,0.036,40.07,2170000000,,,,82.04,97.52,38.5281,,,,,,,3744000000,,,110.37,47.76
2025-12-28,EL,-2.59,14446000000.0,,1.175,10.79,,,,,,,,,,,,,,,None,910000000,910000000,,,,,,None,137000000,,1.4,0.013,,,,-0.516,0.089,783000000,920000000,0.231,2018-12-31,54.35,,10715000000.0,3095000000,748000000,171000000,,,None,35000000,None,,None,,,,,573000000,577000000,None,None,0.0727,,2324000000,771000000,,,,,12000000,,,,,3.351,9.96,2.685,,,,,,,,-0.0644,,,2025-10-29,quarterly,0.32,USD,pre-market,0,,0.0385,-0.207,0.036,40.07,2257000000,,,,82.04,97.52,38.5281,,,,,,,4005000000,,,110.37,47.76
2025-12-28,EL,-2.59,14446000000.0,,1.175,10.79,,,,,,,,,,,,,,,None,823000000,823000000,,,,,,None,132000000,,1.4,0.013,,,,-0.516,0.089,667000000,799000000,0.231,2018-09-30,54.35,,10715000000.0,2701000000,633000000,131000000,,,None,34000000,None,,None,,,,,500000000,502000000,None,None,0.0727,,2049000000,652000000,,,,,15000000,,,,,3.351,9.96,2.685,,,,,,,,-0.0644,,,2025-10-29,quarterly,0.32,USD,pre-market,0,,0.0385,-0.207,0.036,40.07,2008000000,,,,82.04,97.52,38.5281,,,,,,,3524000000,,,110.37,47.76
2025-12-28,EL,-2.59,14446000000.0,,1.175,10.79,,,,,,,,,,,,,,,None,697000000,697000000,,,,,,None,142000000,,1.4,0.013,,,,-0.516,0.089,293000000,435000000,0.231,2018-06-30,54.35,,10715000000.0,2598000000,261000000,73000000,,,None,32000000,None,,None,,,,,186000000,188000000,None,None,0.0727,,2321000000,277000000,,,,,16000000,,,,,3.351,9.96,2.685,,,,,,,,-0.0644,,,2025-10-29,quarterly,0.32,USD,pre-market,181000000,,0.0385,-0.207,0.036,40.07,2288000000,,,,82.04,97.52,38.5281,,,,,,,3295000000,,,110.37,47.76
2025-12-28,EL,-2.59,14446000000.0,,1.175,10.79,,,,,,,,,,,,,,,None,683000000,683000000,,,,,,None,133000000,,1.4,0.013,,,,-0.516,0.089,513000000,646000000,0.231,2018-03-31,54.35,,10715000000.0,2687000000,480000000,106000000,,,None,33000000,None,,None,,,,,372000000,374000000,None,None,0.0727,,2189000000,498000000,,,,,16000000,,,,,3.351,9.96,2.685,,,,,,,,-0.0644,,,2025-10-29,quarterly,0.32,USD,pre-market,0,,0.0385,-0.207,0.036,40.07,2093000000,,,,82.04,97.52,38.5281,,,,,,,3370000000,,,110.37,47.76
2025-12-28,EL,-2.59,14446000000.0,,1.175,10.79,,,,,,,,,,,,,,,None,753000000,753000000,,,,,,None,129000000,,1.4,0.013,,,,-0.516,0.089,722000000,851000000,0.231,2017-12-31,54.35,,10715000000.0,2991000000,690000000,565000000,,,None,32000000,None,,None,,,,,123000000,125000000,None,None,0.0727,,2281000000,710000000,,,,,12000000,,,,,3.351,9.96,2.685,,,,,,,,-0.0644,,,2025-10-29,quarterly,0.32,USD,pre-market,0,,0.0385,-0.207,0.036,40.07,2214000000,,,,82.04,97.52,38.5281,,,,,,,3744000000,,,110.37,47.76
2025-12-28,EL,-2.59,14446000000.0,,1.175,10.79,,,,,,,,,,,,,,,None,711000000,711000000,,,,,,None,127000000,,1.4,0.013,,,,-0.516,0.089,580000000,707000000,0.231,2017-09-30,54.35,,10715000000.0,2563000000,549000000,119000000,,,None,31000000,None,,None,,,,,427000000,430000000,None,None,0.0727,,1994000000,569000000,,,,,12000000,,,,,3.351,9.96,2.685,,,,,,,,-0.0644,,,2025-10-29,quarterly,0.32,USD,pre-market,0,,0.0385,-0.207,0.036,40.07,1961000000,,,,82.04,97.52,38.5281,,,,,,,3274000000,,,110.37,47.76
2025-12-28,EL,-2.59,14446000000.0,,1.175,10.79,,,,,,,,,,,,,,,None,613000000,613000000,,,,,,None,127000000,,1.4,0.013,,,,-0.516,0.089,239000000,366000000,0.231,2017-06-30,54.35,,10715000000.0,2281000000,207000000,-23000000,,,None,32000000,None,,None,,,,,229000000,16000000,None,None,0.0727,,2051000000,230000000,,,,,9000000,,,,,3.351,9.96,2.685,,,,,,,,-0.0644,,,2025-10-29,quarterly,0.32,USD,pre-market,179000000,,0.0385,-0.207,0.036,40.07,1947000000,,,,82.04,97.52,38.5281,,,,,,,2894000000,,,110.37,47.76
2025-12-28,EL,-2.59,14446000000.0,,1.175,10.79,,,,,,,,,,,,,,,None,591000000,591000000,,,,,,None,119000000,,1.4,0.013,,,,-0.516,0.089,435000000,554000000,0.231,2017-03-31,54.35,,10715000000.0,2266000000,407000000,107000000,,,None,28000000,None,,None,,,,,298000000,300000000,None,None,0.0727,,1839000000,427000000,,,,,8000000,,,,,3.351,9.96,2.685,,,,,,,,-0.0644,,,2025-10-29,quarterly,0.32,USD,pre-market,0,,0.0385,-0.207,0.036,40.07,1780000000,,,,82.04,97.52,38.5281,,,,,,,2857000000,,,110.37,47.76
2025-12-28,EL,-2.59,14446000000.0,,1.175,10.79,,,,,,,,,,,,,,,None,637000000,637000000,,,,,,None,112000000,,1.4,0.013,,,,-0.516,0.089,622000000,734000000,0.231,2016-12-31,54.35,,10715000000.0,2571000000,600000000,170000000,,,None,22000000,None,,None,,,,,428000000,430000000,None,None,0.0727,,1954000000,617000000,,,,,5000000,,,,,3.351,9.96,2.685,,,,,,,,-0.0644,,,2025-10-29,quarterly,0.32,USD,pre-market,0,,0.0385,-0.207,0.036,40.07,1917000000,,,,82.04,97.52,38.5281,,,,,,,3208000000,,,110.37,47.76
2025-12-28,EL,-2.59,14446000000.0,,1.175,10.79,,,,,,,,,,,,,,,None,596000000,596000000,,,,,,None,106000000,,1.4,0.013,,,,-0.516,0.089,424000000,530000000,0.231,2016-09-30,54.35,,10715000000.0,2269000000,403000000,107000000,,,None,21000000,None,,None,,,,,294000000,510000000,None,None,0.0727,,1851000000,418000000,,,,,6000000,,,,,3.351,9.96,2.685,,,,,,,,-0.0644,,,2025-10-29,quarterly,0.32,USD,pre-market,0,,0.0385,-0.207,0.036,40.07,1825000000,,,,82.04,97.52,38.5281,,,,,,,2865000000,,,110.37,47.76
2025-12-28,EL,-2.59,14446000000.0,,1.175,10.79,,,,,,,,,,,,,,,None,510700000,510700000,,,,,,None,109800000,,1.4,0.013,,,,-0.516,0.089,148900000,258700000,0.231,2016-06-30,54.35,,10715000000.0,2135600000,130300000,35300000,,,None,18600000,None,,None,,,,,93500000,95000000,None,None,0.0727,,1991900000,143700000,,,,,5200000,,,,,3.351,9.96,2.685,,,,,,,,-0.0644,,,2025-10-29,quarterly,0.32,USD,pre-market,191000000,,0.0385,-0.207,0.036,40.07,1892500000,,,,82.04,97.52,38.5281,,,,,,,2646300000,,,110.37,47.76
2025-12-28,EL,-2.59,14446000000.0,,1.175,10.79,,,,,,,,,,,,,,,None,504200000,504200000,,,,,,None,103000000,,1.4,0.013,,,,-0.516,0.089,388000000,491000000,0.231,2016-03-31,54.35,,10715000000.0,2152300000,370200000,103600000,,,None,18000000,None,,None,,,,,265600000,266600000,None,None,0.0727,,1769000000,384000000,,,,,4200000,,,,,3.351,9.96,2.685,,,,,,,,-0.0644,,,2025-10-29,quarterly,0.32,USD,pre-market,0,,0.0385,-0.207,0.036,40.07,1753100000,,,,82.04,97.52,38.5281,,,,,,,2656500000,,,110.37,47.76
2025-12-28,EL,-2.59,14446000000.0,,1.175,10.79,,,,,,,,,,,,,,,None,589000000,589000000,,,,,,None,104000000,,1.4,0.013,,,,-0.516,0.089,633000000,737000000,0.231,2015-12-31,54.35,,10715000000.0,2535800000,615600000,167200000,,,None,17000000,None,,None,,,,,446200000,448400000,None,None,0.0727,,1905000000,630000000,,,,,3200000,,,,,3.351,9.96,2.685,,,,,,,,-0.0644,,,2025-10-29,quarterly,0.32,USD,pre-market,0,,0.0385,-0.207,0.036,40.07,1887900000,,,,82.04,97.52,38.5281,,,,,,,3124800000,,,110.37,47.76
2025-12-28,EL,-2.59,14446000000.0,,1.175,10.79,,,,,,,,,,,,,,,None,577200000,577200000,,,,,,None,98000000,,1.4,0.013,,,,-0.516,0.089,456000000,554000000,0.231,2015-09-30,54.35,,10715000000.0,2257500000,439100000,128300000,,,None,17100000,None,,None,,,,,309300000,310800000,None,None,0.0727,,1805000000,453000000,,,,,3000000,,,,,3.351,9.96,2.685,,,,,,,,-0.0644,,,2025-10-29,quarterly,0.32,USD,pre-market,0,,0.0385,-0.207,0.036,40.07,1804300000,,,,82.04,97.52,38.5281,,,,,,,2834700000,,,110.37,47.76
2025-12-28,EL,-2.59,14446000000.0,,1.175,10.79,,,,,,,,,,,,,,,None,488000000,488000000,,,,,,None,110700000,,1.4,0.013,,,,-0.516,0.089,234100000,344800000,0.231,2015-06-30,54.35,,10715000000.0,2036400000,219100000,65300000,,,None,15000000,None,,None,,,,,153000000,153800000,None,None,0.0727,,1808100000,228300000,,,,,7400000,,,,,3.351,9.96,2.685,,,,,,,,-0.0644,,,2025-10-29,quarterly,0.32,USD,pre-market,178100000,,0.0385,-0.207,0.036,40.07,1808100000,,,,82.04,97.52,38.5281,,,,,,,2524400000,,,110.37,47.76
2025-12-28,EL,-2.59,14446000000.0,,1.175,10.79,,,,,,,,,,,,,,,None,502900000,502900000,,,,,,None,100000000,,1.4,0.013,,,,-0.516,0.089,400300000,500300000,0.231,2015-03-31,54.35,,10715000000.0,2077600000,385100000,112400000,,,None,15200000,None,,None,,,,,272100000,272700000,None,None,0.0727,,1680400000,397200000,,,,,3100000,,,,,3.351,9.96,2.685,,,,,,,,-0.0644,,,2025-10-29,quarterly,0.32,USD,pre-market,0,,0.0385,-0.207,0.036,40.07,1680400000,,,,82.04,97.52,38.5281,,,,,,,2580500000,,,110.37,47.76
2025-12-28,EL,-2.59,14446000000.0,,1.175,10.79,,,,,,,,,,,,,,,None,573100000,573100000,,,,,,None,98000000,,1.4,0.013,,,,-0.516,0.089,636600000,734600000,0.231,2014-12-31,54.35,,10715000000.0,2471400000,621600000,183900000,,,None,15000000,None,,None,,,,,435700000,437700000,None,None,0.0727,,1838600000,632800000,,,,,3800000,,,,,3.351,9.96,2.685,,,,,,,,-0.0644,,,2025-10-29,quarterly,0.32,USD,pre-market,0,,0.0385,-0.207,0.036,40.07,1838600000,,,,82.04,97.52,38.5281,,,,,,,3044500000,,,110.37,47.76
2025-12-28,EL,-2.59,14446000000.0,,1.175,10.79,,,,,,,,,,,,,,,None,536600000,536600000,,,,,,None,100600000,,1.4,0.013,,,,-0.516,0.089,349600000,450200000,0.231,2014-09-30,54.35,,10715000000.0,2094400000,334800000,105600000,,,None,13200000,None,,None,,,,,228100000,229200000,None,None,0.0727,,1746400000,348000000,,,,,None,,,,,3.351,9.96,2.685,,,,,,,,-0.0644,,,2025-10-29,quarterly,0.32,USD,pre-market,0,,0.0385,-0.207,0.036,40.07,1746400000,,,,82.04,97.52,38.5281,,,,,,,2631000000,,,110.37,47.76
2025-12-28,EL,-2.59,14446000000.0,,1.175,10.79,,,,,,,,,,,,,,,None,533800000,533800000,,,,,,None,104600000,,1.4,0.013,,,,-0.516,0.089,380200000,484800000,0.231,2014-06-30,54.35,,10715000000.0,2191500000,367600000,109200000,,,None,12600000,None,,None,,,,,257700000,258400000,None,None,0.0727,,1811300000,380200000,,,,,None,,,,,3.351,9.96,2.685,,,,,,,,-0.0644,,,2025-10-29,quarterly,0.32,USD,pre-market,157900000,,0.0385,-0.207,0.036,40.07,1812000000,,,,82.04,97.52,38.5281,,,,,,,2725300000,,,110.37,47.76
2025-12-28,EL,-2.59,14446000000.0,,1.175,10.79,,,,,,,,,,,,,,,None,498700000,498700000,,,,,,None,95600000,,1.4,0.013,,,,-0.516,0.089,344300000,439900000,0.231,2014-03-31,54.35,,10715000000.0,2051100000,329300000,115600000,,,None,12300000,None,,None,,,,,213200000,213700000,None,None,0.0727,,1709500000,341600000,,,,,None,,,,,3.351,9.96,2.685,,,,,,,,-0.0644,,,2025-10-29,quarterly,0.32,USD,pre-market,0,,0.0385,-0.207,0.036,40.07,1709500000,,,,82.04,97.52,38.5281,,,,,,,2549800000,,,110.37,47.76
2025-12-28,EL,-2.59,14446000000.0,,1.175,10.79,,,,,,,,,,,,,,,None,581600000,581600000,,,,,,None,95500000,,1.4,0.013,,,,-0.516,0.089,658500000,754000000,0.231,2013-12-31,54.35,,10715000000.0,2437100000,643900000,208700000,,,None,12400000,None,,None,,,,,432500000,435200000,None,None,0.0727,,1780800000,656300000,,,,,None,,,,,3.351,9.96,2.685,,,,,,,,-0.0644,,,2025-10-29,quarterly,0.32,USD,pre-market,0,,0.0385,-0.207,0.036,40.07,1784200000,,,,82.04,97.52,38.5281,,,,,,,3018700000,,,110.37,47.76
2025-12-28,EL,-2.59,14446000000.0,,1.175,10.79,,,,,,,,,,,,,,,None,544100000,544100000,,,,,,None,88900000,,1.4,0.013,,,,-0.516,0.089,449500000,538400000,0.231,2013-09-30,54.35,,10715000000.0,2130900000,436000000,134200000,,,None,13500000,None,,None,,,,,300700000,301800000,None,None,0.0727,,1681400000,449500000,,,,,None,,,,,3.351,9.96,2.685,,,,,,,,-0.0644,,,2025-10-29,quarterly,0.32,USD,pre-market,0,,0.0385,-0.207,0.036,40.07,1680200000,,,,82.04,97.52,38.5281,,,,,,,2675000000,,,110.37,47.76
2025-12-28,EL,-2.59,14446000000.0,,1.175,10.79,,,,,,,,,,,,,,,None,475600000,475600000,,,,,,None,89700000,,1.4,0.013,,,,-0.516,0.089,145800000,235500000,0.231,2013-06-30,54.35,,10715000000.0,1931800000,132800000,36900000,,,None,13000000,None,,None,,,,,94000000,95900000,None,None,0.0727,,1786000000,145800000,,,,,None,,,,,3.351,9.96,2.685,,,,,,,,-0.0644,,,2025-10-29,quarterly,0.32,USD,pre-market,146800000,,0.0385,-0.207,0.036,40.07,1765200000,,,,82.04,97.52,38.5281,,,,,,,2407400000,,,110.37,47.76
2025-12-28,EL,-2.59,14446000000.0,,1.175,10.79,,,,,,,,,,,,,,,None,443100000,443100000,,,,,,None,90400000,,1.4,0.013,,,,-0.516,0.089,245100000,335500000,0.231,2013-03-31,54.35,,10715000000.0,1848700000,232500000,53600000,,,None,12600000,None,,None,,,,,178800000,178900000,None,None,0.0727,,1603600000,245100000,,,,,None,,,,,3.351,9.96,2.685,,,,,,,,-0.0644,,,2025-10-29,quarterly,0.32,USD,pre-market,0,,0.0385,-0.207,0.036,40.07,1605300000,,,,82.04,97.52,38.5281,,,,,,,2291800000,,,110.37,47.76
2025-12-28,EL,-2.59,14446000000.0,,1.175,10.79,,,,,,,,,,,,,,,None,568000000,568000000,,,,,,None,79300000,,1.4,0.013,,,,-0.516,0.089,674400000,753700000,0.231,2012-12-31,54.35,,10715000000.0,2365000000,661000000,211600000,,,None,13400000,None,,None,,,,,447500000,449400000,None,None,0.0727,,1711900000,653100000,,,,,21300000,,,,,3.351,9.96,2.685,,,,,,,,-0.0644,,,2025-10-29,quarterly,0.32,USD,pre-market,0,,0.0385,-0.207,0.036,40.07,1698600000,,,,82.04,97.52,38.5281,,,,,,,2933000000,,,110.37,47.76
2025-12-28,EL,-2.59,14446000000.0,,1.175,10.79,,,,,,,,,,,,,,,None,539200000,539200000,,,,,,None,77500000,,1.4,0.013,,,,-0.516,0.089,464700000,542200000,0.231,2012-09-30,54.35,,10715000000.0,2010300000,448900000,149300000,,,None,34900000,None,,None,,,,,299500000,299600000,None,None,0.0727,,1528300000,482000000,,,,,1800000,,,,,3.351,9.96,2.685,,,,,,,,-0.0644,,,2025-10-29,quarterly,0.32,USD,pre-market,0,,0.0385,-0.207,0.036,40.07,1527900000,,,,82.04,97.52,38.5281,,,,,,,2549500000,,,110.37,47.76
2025-12-28,EL,-2.59,14446000000.0,,1.175,10.79,,,,,,,,,,,,,,,None,441200000,441200000,,,,,,None,80400000,,1.4,0.013,,,,-0.516,0.089,73200000,153600000,0.231,2012-06-30,54.35,,10715000000.0,1810000000,59200000,7000000,,,None,14000000,None,,None,,,,,51200000,52200000,None,None,0.0727,,1736800000,73200000,,,,,None,,,,,3.351,9.96,2.685,,,,,,,,-0.0644,,,2025-10-29,quarterly,0.32,USD,pre-market,96500000,,0.0385,-0.207,0.036,40.07,1701400000,,,,82.04,97.52,38.5281,,,,,,,2251200000,,,110.37,47.76
2025-12-28,EL,-2.59,14446000000.0,,1.175,10.79,,,,,,,,,,,,,,,None,469300000,469300000,,,,,,None,74400000,,1.4,0.013,,,,-0.516,0.089,211500000,285900000,0.231,2012-03-31,54.35,,10715000000.0,1778900000,197000000,65700000,,,None,14500000,None,,None,,,,,130400000,131300000,None,None,0.0727,,1567400000,211500000,,,,,None,,,,,3.351,9.96,2.685,,,,,,,,-0.0644,,,2025-10-29,quarterly,0.32,USD,pre-market,0,,0.0385,-0.207,0.036,40.07,1539000000,,,,82.04,97.52,38.5281,,,,,,,2248200000,,,110.37,47.76
2025-12-28,EL,-2.59,14446000000.0,,1.175,10.79,,,,,,,,,,,,,,,None,551000000,551000000,,,,,,None,71400000,,1.4,0.013,,,,-0.516,0.089,607500000,678900000,0.231,2011-12-31,54.35,,10715000000.0,2186500000,590900000,192500000,,,None,16600000,None,,None,,,,,396700000,398400000,None,None,0.0727,,1589500000,597000000,,,,,10500000,,,,,3.351,9.96,2.685,,,,,,,,-0.0644,,,2025-10-29,quarterly,0.32,USD,pre-market,0,,0.0385,-0.207,0.036,40.07,1576700000,,,,82.04,97.52,38.5281,,,,,,,2737500000,,,110.37,47.76
2025-12-28,EL,-2.59,14446000000.0,,1.175,10.79,,,,,,,,,,,,,,,None,534300000,534300000,,,,,,None,69600000,,1.4,0.013,,,,-0.516,0.089,430000000,499600000,0.231,2011-09-30,54.35,,10715000000.0,1942400000,414000000,135400000,,,None,16000000,None,,None,,,,,278600000,278600000,None,None,0.0727,,1512400000,430000000,,,,,None,,,,,3.351,9.96,2.685,,,,,,,,-0.0644,,,2025-10-29,quarterly,0.32,USD,pre-market,0,,0.0385,-0.207,0.036,40.07,1507700000,,,,82.04,97.52,38.5281,,,,,,,2476700000,,,110.37,47.76
2025-12-28,EL,-2.59,14446000000.0,,1.175,10.79,,,,,,,,,,,,,,,None,425100000,425100000,,,,,,None,81800000,,1.4,0.013,,,,-0.516,0.089,25000000,106800000,0.231,2011-06-30,54.35,,10715000000.0,1635500000,48700000,5500000,,,None,15900000,None,,None,,,,,41100000,43200000,None,None,0.0727,,1570900000,64600000,,,,,None,,,,,3.351,9.96,2.685,,,,,,,,-0.0644,,,2025-10-29,quarterly,0.32,USD,pre-market,85700000,,0.0385,-0.207,0.036,40.07,1559800000,,,,82.04,97.52,38.5281,,,,,,,2060600000,,,110.37,47.76
2025-12-28,EL,-2.59,14446000000.0,,1.175,10.79,,,,,,,,,,,,,,,None,482600000,482600000,,,,,,None,77300000,,1.4,0.013,,,,-0.516,0.089,209100000,286400000,0.231,2011-03-31,54.35,,10715000000.0,1683100000,193300000,68200000,,,None,15800000,None,,None,,,,,124700000,125100000,None,None,0.0727,,1474000000,209100000,,,,,None,,,,,3.351,9.96,2.685,,,,,,,,-0.0644,,,2025-10-29,quarterly,0.32,USD,pre-market,0,,0.0385,-0.207,0.036,40.07,1415900000,,,,82.04,97.52,38.5281,,,,,,,2165700000,,,110.37,47.76
2025-12-28,EL,-2.59,14446000000.0,,1.175,10.79,,,,,,,,,,,,,,,None,541100000,541100000,,,,,,None,66500000,,1.4,0.013,,,,-0.516,0.089,531700000,598200000,0.231,2010-12-31,54.35,,10715000000.0,1950900000,501600000,155700000,,,None,16100000,None,,None,,,,,343900000,345900000,None,None,0.0727,,1433200000,517700000,,,,,None,,,,,3.351,9.96,2.685,,,,,,,,-0.0644,,,2025-10-29,quarterly,0.32,USD,pre-market,0,,0.0385,-0.207,0.036,40.07,1419200000,,,,82.04,97.52,38.5281,,,,,,,2492000000,,,110.37,47.76
2025-12-28,EL,-2.59,14446000000.0,,1.175,10.79,,,,,,,,,,,,,,,None,488100000,488100000,,,,,,None,68800000,,1.4,0.013,,,,-0.516,0.089,301800000,370600000,0.231,2010-09-30,54.35,,10715000000.0,1603600000,281900000,92300000,,,None,16100000,None,,None,,,,,191100000,189600000,None,None,0.0727,,1305600000,298000000,,,,,None,,,,,3.351,9.96,2.685,,,,,,,,-0.0644,,,2025-10-29,quarterly,0.32,USD,pre-market,0,,0.0385,-0.207,0.036,40.07,1301800000,,,,82.04,97.52,38.5281,,,,,,,2091700000,,,110.37,47.76
2025-12-28,EL,-2.59,14446000000.0,,1.175,10.79,,,,,,,,,,,,,,,None,414300000,414300000,,,,,,None,66900000,,1.4,0.013,,,,-0.516,0.089,67500000,134400000,0.231,2010-06-30,54.35,,10715000000.0,1425800000,-300000,-25300000,,,None,16600000,None,,None,,,,,23900000,0,None,None,0.0727,,1382200000,43600000,,,,,None,,,,,3.351,9.96,2.685,,,,,,,,-0.0644,,,2025-10-29,quarterly,0.32,USD,pre-market,79500000,,0.0385,-0.207,0.036,40.07,1358300000,,,,82.04,97.52,38.5281,,,,,,,1840100000,,,110.37,47.76
2025-12-28,EL,-2.59,14446000000.0,,1.175,10.79,,,,,,,,,,,,,,,None,444600000,444600000,,,,,,None,69100000,,1.4,0.013,,,,-0.516,0.089,138800000,207900000,0.231,2010-03-31,54.35,,10715000000.0,1415400000,108100000,50200000,,,None,18200000,None,,None,,,,,57500000,0,None,None,0.0727,,1289100000,126300000,,,,,None,,,,,3.351,9.96,2.685,,,,,,,,-0.0644,,,2025-10-29,quarterly,0.32,USD,pre-market,0,,0.0385,-0.207,0.036,40.07,1276600000,,,,82.04,97.52,38.5281,,,,,,,1860000000,,,110.37,47.76
2025-12-28,EL,-2.59,14446000000.0,,1.175,10.79,,,,,,,,,,,,,,,None,525400000,525400000,,,,,,None,62400000,,1.4,0.013,,,,-0.516,0.089,454500000,516900000,0.231,2009-12-31,54.35,,10715000000.0,1736900000,379700000,118000000,,,None,19900000,None,,None,,,,,256200000,0,None,None,0.0727,,1337300000,399600000,,,,,None,,,,,3.351,9.96,2.685,,,,,,,,-0.0644,,,2025-10-29,quarterly,0.32,USD,pre-market,0,,0.0385,-0.207,0.036,40.07,1282400000,,,,82.04,97.52,38.5281,,,,,,,2262300000,,,110.37,47.76
2025-12-28,EL,-2.59,14446000000.0,,1.175,10.79,,,,,,,,,,,,,,,None,445100000,445100000,,,,,,None,65300000,,1.4,0.013,,,,-0.516,0.089,238600000,303900000,0.231,2009-09-30,54.35,,10715000000.0,1388300000,200800000,63000000,,,None,19600000,None,,None,,,,,140700000,0,None,None,0.0727,,1167900000,220400000,,,,,None,,,,,3.351,9.96,2.685,,,,,,,,-0.0644,,,2025-10-29,quarterly,0.32,USD,pre-market,0,,0.0385,-0.207,0.036,40.07,1149700000,,,,82.04,97.52,38.5281,,,,,,,1833400000,,,110.37,47.76
2025-12-28,EL,-2.59,14446000000.0,,1.175,10.79,,,,,,,,,,,,,,,None,427100000,427100000,,,,,,None,62200000,,1.4,0.013,,,,-0.516,0.089,-14700000,47500000,0.231,2009-06-30,54.35,,10715000000.0,1255700000,-34900000,-22500000,,,None,20200000,None,,None,,,,,-17900000,0,None,None,0.0727,,1270400000,-14700000,,,,,None,,,,,3.351,9.96,2.685,,,,,,,,-0.0644,,,2025-10-29,quarterly,0.32,USD,pre-market,81600000,,0.0385,-0.207,0.036,40.07,1151700000,,,,82.04,97.52,38.5281,,,,,,,1682800000,,,110.37,47.76
2025-12-28,EL,-2.59,14446000000.0,,1.175,10.79,,,,,,,,,,,,,,,None,446400000,446400000,,,,,,None,65900000,,1.4,0.013,,,,-0.516,0.089,91100000,157000000,0.231,2009-03-31,54.35,,10715000000.0,1250100000,49700000,21400000,,,None,20600000,None,,None,,,,,27200000,0,None,None,0.0727,,1179800000,70300000,,,,,None,,,,,3.351,9.96,2.685,,,,,,,,-0.0644,,,2025-10-29,quarterly,0.32,USD,pre-market,0,,0.0385,-0.207,0.036,40.07,1159000000,,,,82.04,97.52,38.5281,,,,,,,1696500000,,,110.37,47.76
2025-12-28,EL,-2.59,14446000000.0,,1.175,10.79,,,,,,,,,,,,,,,None,508000000,508000000,,,,,,None,63300000,,1.4,0.013,,,,-0.516,0.089,270600000,333900000,0.231,2008-12-31,54.35,,10715000000.0,1533000000,250700000,89400000,,,None,19600000,None,,None,,,,,158000000,0,None,None,0.0727,,1262700000,270300000,,,,,None,,,,,3.351,9.96,2.685,,,,,,,,-0.0644,,,2025-10-29,quarterly,0.32,USD,pre-market,0,,0.0385,-0.207,0.036,40.07,1262400000,,,,82.04,97.52,38.5281,,,,,,,2041000000,,,110.37,47.76
2025-12-28,EL,-2.59,14446000000.0,,1.175,10.79,,,,,,,,,,,,,,,None,500100000,500100000,,,,,,None,62600000,,1.4,0.013,,,,-0.516,0.089,92500000,155100000,0.231,2008-09-30,54.35,,10715000000.0,1403400000,77200000,27600000,,,None,15300000,None,,None,,,,,51100000,0,None,None,0.0727,,1310900000,92500000,,,,,None,,,,,3.351,9.96,2.685,,,,,,,,-0.0644,,,2025-10-29,quarterly,0.32,USD,pre-market,0,,0.0385,-0.207,0.036,40.07,1310800000,,,,82.04,97.52,38.5281,,,,,,,1903500000,,,110.37,47.76
2025-12-28,EL,-2.59,14446000000.0,,1.175,10.79,,,,,,,,,,,,,,,None,490600000,490600000,,,,,,None,66200000,,1.4,0.013,,,,-0.516,0.089,201100000,267300000,0.231,2008-06-30,54.35,,10715000000.0,1521500000,187100000,62200000,,,None,14000000,None,,None,,,,,120200000,0,None,None,0.0727,,1320400000,201100000,,,,,None,,,,,3.351,9.96,2.685,,,,,,,,-0.0644,,,2025-10-29,quarterly,0.32,USD,pre-market,80900000,,0.0385,-0.207,0.036,40.07,1319500000,,,,82.04,97.52,38.5281,,,,,,,2012100000,,,110.37,47.76
2025-12-28,EL,-2.59,14446000000.0,,1.175,10.79,,,,,,,,,,,,,,,None,471900000,471900000,,,,,,None,62600000,,1.4,0.013,,,,-0.516,0.089,161200000,223800000,0.231,2008-03-31,54.35,,10715000000.0,1407900000,145100000,53700000,,,None,16100000,None,,None,,,,,90100000,0,None,None,0.0727,,1246700000,161200000,,,,,None,,,,,3.351,9.96,2.685,,,,,,,,-0.0644,,,2025-10-29,quarterly,0.32,USD,pre-market,0,,0.0385,-0.207,0.036,40.07,1247400000,,,,82.04,97.52,38.5281,,,,,,,1879800000,,,110.37,47.76
2025-12-28,EL,-2.59,14446000000.0,,1.175,10.79,,,,,,,,,,,,,,,None,578500000,578500000,,,,,,None,62900000,,1.4,0.013,,,,-0.516,0.089,370500000,433400000,0.231,2007-12-31,54.35,,10715000000.0,1730300000,352200000,122900000,,,None,18300000,None,,None,,,,,224400000,0,None,None,0.0727,,1359800000,370500000,,,,,None,,,,,3.351,9.96,2.685,,,,,,,,-0.0644,,,2025-10-29,quarterly,0.32,USD,pre-market,0,,0.0385,-0.207,0.036,40.07,1359900000,,,,82.04,97.52,38.5281,,,,,,,2308800000,,,110.37,47.76
2025-12-28,EL,-2.59,14446000000.0,,1.175,10.79,,,,,,,,,,,,,,,None,455800000,455800000,,,,,,None,59000000,,1.4,0.013,,,,-0.516,0.089,77900000,136900000,0.231,2007-09-30,54.35,,10715000000.0,1254300000,59500000,21100000,,,None,18400000,None,,None,,,,,39100000,0,None,None,0.0727,,1176400000,77900000,,,,,None,,,,,3.351,9.96,2.685,,,,,,,,-0.0644,,,2025-10-29,quarterly,0.32,USD,pre-market,0,,0.0385,-0.207,0.036,40.07,1176100000,,,,82.04,97.52,38.5281,,,,,,,1710100000,,,110.37,47.76
2025-12-28,EL,-2.59,14446000000.0,,1.175,10.79,,,,,,,,,,,,,,,None,421700000,421700000,,,,,,None,54400000,,1.4,0.013,,,,-0.516,0.089,160900000,215300000,0.231,2007-06-30,54.35,,10715000000.0,1340700000,145200000,56100000,,,None,30100000,None,,None,,,,,88600000,0,None,None,0.0727,,1179800000,160900000,,,,,None,,,,,3.351,9.96,2.685,,,,,,,,-0.0644,,,2025-10-29,quarterly,0.32,USD,pre-market,74400000,,0.0385,-0.207,0.036,40.07,1179100000,,,,82.04,97.52,38.5281,,,,,,,1762400000,,,110.37,47.76
2025-12-28,EL,-2.59,14446000000.0,,1.175,10.79,,,,,,,,,,,,,,,None,426000000,426000000,,,,,,None,49000000,,1.4,0.013,,,,-0.516,0.089,156700000,205700000,0.231,2007-03-31,54.35,,10715000000.0,1264500000,147900000,52400000,,,None,8800000,None,,None,,,,,93900000,0,None,None,0.0727,,1107800000,156700000,,,,,None,,,,,3.351,9.96,2.685,,,,,,,,-0.0644,,,2025-10-29,quarterly,0.32,USD,pre-market,0,,0.0385,-0.207,0.036,40.07,1107900000,,,,82.04,97.52,38.5281,,,,,,,1690500000,,,110.37,47.76
2025-12-28,EL,-2.59,14446000000.0,,1.175,10.79,,,,,,,,,,,,,,,None,499000000,499000000,,,,,,None,52900000,,1.4,0.013,,,,-0.516,0.089,332400000,385300000,0.231,2006-12-31,54.35,,10715000000.0,1492100000,324700000,113300000,,,None,7700000,None,,None,,,,,208400000,0,None,None,0.0727,,1159700000,332400000,,,,,None,,,,,3.351,9.96,2.685,,,,,,,,-0.0644,,,2025-10-29,quarterly,0.32,USD,pre-market,0,,0.0385,-0.207,0.036,40.07,1159700000,,,,82.04,97.52,38.5281,,,,,,,1991100000,,,110.37,47.76
2025-12-28,EL,-2.59,14446000000.0,,1.175,10.79,,,,,,,,,,,,,,,None,428100000,428100000,,,,,,None,50900000,,1.4,0.013,,,,-0.516,0.089,99900000,150800000,0.231,2006-09-30,54.35,,10715000000.0,1165400000,93200000,33400000,,,None,6700000,None,,None,,,,,58300000,0,None,None,0.0727,,1065500000,99900000,,,,,None,,,,,3.351,9.96,2.685,,,,,,,,-0.0644,,,2025-10-29,quarterly,0.32,USD,pre-market,0,,0.0385,-0.207,0.036,40.07,1065000000,,,,82.04,97.52,38.5281,,,,,,,1593500000,,,110.37,47.76
2025-12-28,EL,-2.59,14446000000.0,,1.175,10.79,,,,,,,,,,,,,,,None,397100000,397100000,,,,,,None,51400000,,1.4,0.013,,,,-0.516,0.089,147500000,198900000,0.231,2006-06-30,54.35,,10715000000.0,1207500000,142800000,90300000,,,None,23800000,None,,None,,,,,44500000,0,None,None,0.0727,,1060000000,147500000,,,,,None,,,,,3.351,9.96,2.685,,,,,,,,-0.0644,,,2025-10-29,quarterly,0.32,USD,pre-market,72000000,,0.0385,-0.207,0.036,40.07,1021100000,,,,82.04,97.52,38.5281,,,,,,,1604600000,,,110.37,47.76
2025-12-28,EL,-2.59,14446000000.0,,1.175,10.79,,,,,,,,,,,,,,,None,411500000,411500000,,,,,,None,49900000,,1.4,0.013,,,,-0.516,0.089,116300000,166200000,0.231,2006-03-31,54.35,,10715000000.0,1166700000,109700000,43400000,,,None,6600000,None,,None,,,,,59500000,0,None,None,0.0727,,1050400000,116300000,,,,,None,,,,,3.351,9.96,2.685,,,,,,,,-0.0644,,,2025-10-29,quarterly,0.32,USD,pre-market,0,,0.0385,-0.207,0.036,40.07,998800000,,,,82.04,97.52,38.5281,,,,,,,1578200000,,,110.37,47.76
2025-12-28,EL,-2.59,14446000000.0,,1.175,10.79,,,,,,,,,,,,,,,None,458500000,458500000,,,,,,None,49900000,,1.4,0.013,,,,-0.516,0.089,250700000,300600000,0.231,2005-12-31,54.35,,10715000000.0,1325400000,243800000,90200000,,,None,6900000,None,,None,,,,,81700000,0,None,None,0.0727,,1074700000,250700000,,,,,None,,,,,3.351,9.96,2.685,,,,,,,,-0.0644,,,2025-10-29,quarterly,0.32,USD,pre-market,0,,0.0385,-0.207,0.036,40.07,1074700000,,,,82.04,97.52,38.5281,,,,,,,1783900000,,,110.37,47.76
2025-12-28,EL,-2.59,14446000000.0,,1.175,10.79,,,,,,,,,,,,,,,None,419500000,419500000,,,,,,None,47200000,,1.4,0.013,,,,-0.516,0.089,105100000,152300000,0.231,2005-09-30,54.35,,10715000000.0,1077600000,99500000,35800000,,,None,5600000,None,,None,,,,,58500000,0,None,None,0.0727,,972500000,105100000,,,,,None,,,,,3.351,9.96,2.685,,,,,,,,-0.0644,,,2025-10-29,quarterly,0.32,USD,pre-market,0,,0.0385,-0.207,0.036,40.07,972500000,,,,82.04,97.52,38.5281,,,,,,,1497100000,,,110.37,47.76
2025-12-28,EL,-2.59,14446000000.0,,1.175,10.79,,,,,,,,,,,,,,,None,3730000000,3730000000,,,,,,None,829000000,,1.4,0.013,,,,-0.516,0.089,-636000000,193000000,0.231,2025-06-30,54.35,,10715000000.0,10558000000,-1040000000,93000000,,,None,404000000,114000000,,None,,,,,-1133000000,-1133000000,-243000000,None,0.0727,,9600000000,958000000,,,,,None,,,,,3.351,9.96,2.685,,,,,,,,-0.0644,,,2025-10-29,annual,0.32,USD,pre-market,316000000,,0.0385,-0.207,0.036,40.07,9456000000,,,,82.04,97.52,38.5281,,,,,,,14288000000,,,110.37,47.76
2025-12-28,EL,-2.59,14446000000.0,,1.175,10.79,,,,,,,,,,,,,,,None,4424000000,4424000000,,,,,,None,825000000,,1.4,0.013,,,,-0.516,0.089,1150000000,1975000000,0.231,2024-06-30,54.35,,10715000000.0,11184000000,772000000,363000000,,,None,378000000,167000000,,None,,,,,390000000,409000000,-211000000,None,0.0727,,10214000000,970000000,,,,,None,,,,,3.351,9.96,2.685,,,,,,,,-0.0644,,,2025-10-29,annual,0.32,USD,pre-market,360000000,,0.0385,-0.207,0.036,40.07,9621000000,,,,82.04,97.52,38.5281,,,,,,,15608000000,,,110.37,47.76
2025-12-28,EL,-2.59,14446000000.0,,1.175,10.79,,,,,,,,,,,,,,,None,4564000000,4564000000,,,,,,None,744000000,,1.4,0.013,,,,-0.516,0.089,1652000000,2396000000,0.231,2023-06-30,54.35,,10715000000.0,11346000000,1397000000,387000000,,,None,255000000,131000000,,None,,,,,1006000000,1010000000,-124000000,None,0.0727,,9837000000,1509000000,,,,,131000000,,,,,3.351,9.96,2.685,,,,,,,,-0.0644,,,2025-10-29,annual,0.32,USD,pre-market,344000000,,0.0385,-0.207,0.036,40.07,9575000000,,,,82.04,97.52,38.5281,,,,,,,15910000000,,,110.37,47.76
2025-12-28,EL,-2.59,14446000000.0,,1.175,10.79,,,,,,,,,,,,,,,None,4305000000,4305000000,,,,,,None,727000000,,1.4,0.013,,,,-0.516,0.089,3203000000,3930000000,0.231,2022-06-30,54.35,,10715000000.0,13432000000,3036000000,628000000,,,None,167000000,30000000,,None,,,,,2390000000,2408000000,-137000000,None,0.0727,,10262000000,3170000000,,,,,30000000,,,,,3.351,9.96,2.685,,,,,,,,-0.0644,,,2025-10-29,annual,0.32,USD,pre-market,307000000,,0.0385,-0.207,0.036,40.07,9888000000,,,,82.04,97.52,38.5281,,,,,,,17737000000,,,110.37,47.76
2025-12-28,EL,-2.59,14446000000.0,,1.175,10.79,,,,,,,,,,,,,,,None,3834000000,3834000000,,,,,,None,651000000,,1.4,0.013,,,,-0.516,0.089,3504000000,4155000000,0.231,2021-06-30,54.35,,10715000000.0,12381000000,3331000000,456000000,,,None,173000000,51000000,,None,,,,,2870000000,2875000000,-122000000,None,0.0727,,9763000000,2618000000,,,,,51000000,,,,,3.351,9.96,2.685,,,,,,,,-0.0644,,,2025-10-29,annual,0.32,USD,pre-market,243000000,,0.0385,-0.207,0.036,40.07,9371000000,,,,82.04,97.52,38.5281,,,,,,,16215000000,,,110.37,47.76
2025-12-28,EL,-2.59,14446000000.0,,1.175,10.79,,,,,,,,,,,,,,,None,3552000000,3552000000,,,,,,None,611000000,,1.4,0.013,,,,-0.516,0.089,1207000000,1818000000,0.231,2020-06-30,54.35,,10715000000.0,10742000000,1046000000,350000000,,,None,161000000,444000000,,None,,,,,684000000,696000000,-113000000,None,0.0727,,10136000000,606000000,,,,,48000000,,,,,3.351,9.96,2.685,,,,,,,,-0.0644,,,2025-10-29,annual,0.32,USD,pre-market,228000000,,0.0385,-0.207,0.036,40.07,8637000000,,,,82.04,97.52,38.5281,,,,,,,14294000000,,,110.37,47.76
2025-12-28,EL,-2.59,14446000000.0,,1.175,10.79,,,,,,,,,,,,,,,None,3387000000,3387000000,,,,,,None,557000000,,1.4,0.013,,,,-0.516,0.089,2440000000,2997000000,0.231,2019-06-30,54.35,,10715000000.0,11476000000,2307000000,513000000,,,None,133000000,58000000,,None,,,,,1785000000,1794000000,-75000000,None,0.0727,,9163000000,2313000000,,,,,58000000,,,,,3.351,9.96,2.685,,,,,,,,-0.0644,,,2025-10-29,annual,0.32,USD,pre-market,202000000,,0.0385,-0.207,0.036,40.07,8857000000,,,,82.04,97.52,38.5281,,,,,,,14863000000,,,110.37,47.76
2025-12-28,EL,-2.59,14446000000.0,,1.175,10.79,,,,,,,,,,,,,,,None,2844000000,2844000000,,,,,,None,531000000,,1.4,0.013,,,,-0.516,0.089,2108000000,2639000000,0.231,2018-06-30,54.35,,10715000000.0,10839000000,1980000000,863000000,,,None,128000000,56000000,,None,,,,,1108000000,1117000000,-72000000,None,0.0727,,8784000000,2055000000,,,,,56000000,,,,,3.351,9.96,2.685,,,,,,,,-0.0644,,,2025-10-29,annual,0.32,USD,pre-market,181000000,,0.0385,-0.207,0.036,40.07,8556000000,,,,82.04,97.52,38.5281,,,,,,,13683000000,,,110.37,47.76
2025-12-28,EL,-2.59,14446000000.0,,1.175,10.79,,,,,,,,,,,,,,,None,2437000000,2437000000,,,,,,None,464000000,,1.4,0.013,,,,-0.516,0.089,1720000000,2184000000,0.231,2017-06-30,54.35,,10715000000.0,9387000000,1617000000,361000000,,,None,103000000,28000000,,None,,,,,1249000000,1256000000,-75000000,None,0.0727,,7686000000,1704000000,,,,,28000000,,,,,3.351,9.96,2.685,,,,,,,,-0.0644,,,2025-10-29,annual,0.32,USD,pre-market,179000000,,0.0385,-0.207,0.036,40.07,7469000000,,,,82.04,97.52,38.5281,,,,,,,11824000000,,,110.37,47.76
2025-12-28,EL,-2.59,14446000000.0,,1.175,10.79,,,,,,,,,,,,,,,None,2181100000,2181100000,,,,,,None,415000000,,1.4,0.013,,,,-0.516,0.089,1626000000,2041000000,0.231,2016-06-30,54.35,,10715000000.0,9081200000,1555200000,434400000,,,None,70700000,55100000,,None,,,,,1114600000,1120800000,-55100000,None,0.0727,,7471000000,1610000000,,,,,15600000,,,,,3.351,9.96,2.685,,,,,,,,-0.0644,,,2025-10-29,annual,0.32,USD,pre-market,191300000,,0.0385,-0.207,0.036,40.07,7337800000,,,,82.04,97.52,38.5281,,,,,,,11262300000,,,110.37,47.76
2025-12-28,EL,-2.59,14446000000.0,,1.175,10.79,,,,,,,,,,,,,,,None,2100600000,2100600000,,,,,,None,409000000,,1.4,0.013,,,,-0.516,0.089,1621000000,2030000000,0.231,2015-06-30,54.35,,10715000000.0,8679800000,1560600000,467200000,,,None,60000000,45700000,,None,,,,,1088900000,1093400000,None,None,0.0727,,7074000000,1606000000,,,,,14300000,,,,,3.351,9.96,2.685,,,,,,,,-0.0644,,,2025-10-29,annual,0.32,USD,pre-market,178000000,,0.0385,-0.207,0.036,40.07,7073500000,,,,82.04,97.52,38.5281,,,,,,,10780400000,,,110.37,47.76
2025-12-28,EL,-2.59,14446000000.0,,1.175,10.79,,,,,,,,,,,,,,,None,2158200000,2158200000,,,,,,None,384600000,,1.4,0.013,,,,-0.516,0.089,1836200000,2220800000,0.231,2014-06-30,54.35,,10715000000.0,8810600000,1776800000,567700000,,,None,50800000,None,,None,,,,,1204100000,1209100000,None,None,0.0727,,6983000000,1827600000,,,,,None,,,,,3.351,9.96,2.685,,,,,,,,-0.0644,,,2025-10-29,annual,0.32,USD,pre-market,157900000,,0.0385,-0.207,0.036,40.07,6985900000,,,,82.04,97.52,38.5281,,,,,,,10968800000,,,110.37,47.76
2025-12-28,EL,-2.59,14446000000.0,,1.175,10.79,,,,,,,,,,,,,,,None,2025900000,2025900000,,,,,,None,336900000,,1.4,0.013,,,,-0.516,0.089,1538300000,1875200000,0.231,2013-06-30,54.35,,10715000000.0,8155800000,1475200000,451400000,,,None,54800000,None,,None,,,,,1019800000,1023800000,None,None,0.0727,,6629800000,1526000000,,,,,23100000,,,,,3.351,9.96,2.685,,,,,,,,-0.0644,,,2025-10-29,annual,0.32,USD,pre-market,146800000,,0.0385,-0.207,0.036,40.07,6597000000,,,,82.04,97.52,38.5281,,,,,,,10181700000,,,110.37,47.76
2025-12-28,EL,-2.59,14446000000.0,,1.175,10.79,,,,,,,,,,,,,,,None,1995800000,1995800000,,,,,,None,295800000,,1.4,0.013,,,,-0.516,0.089,1322200000,1618000000,0.231,2012-06-30,54.35,,10715000000.0,7717800000,1261100000,400600000,,,None,61100000,None,,None,,,,,856900000,860500000,None,None,0.0727,,6406100000,1311700000,,,,,10500000,,,,,3.351,9.96,2.685,,,,,,,,-0.0644,,,2025-10-29,annual,0.32,USD,pre-market,96500000,,0.0385,-0.207,0.036,40.07,6324800000,,,,82.04,97.52,38.5281,,,,,,,9713600000,,,110.37,47.76
2025-12-28,EL,-2.59,14446000000.0,,1.175,10.79,,,,,,,,,,,,,,,None,1936900000,1936900000,,,,,,None,294400000,,1.4,0.013,,,,-0.516,0.089,1089400000,1383800000,0.231,2011-06-30,54.35,,10715000000.0,6873100000,1025500000,321700000,,,None,63900000,None,,None,,,,,700800000,703800000,None,None,0.0727,,5783700000,1089400000,,,,,None,,,,,3.351,9.96,2.685,,,,,,,,-0.0644,,,2025-10-29,annual,0.32,USD,pre-market,85700000,,0.0385,-0.207,0.036,40.07,5696700000,,,,82.04,97.52,38.5281,,,,,,,8810000000,,,110.37,47.76
2025-12-28,EL,-2.59,14446000000.0,,1.175,10.79,,,,,,,,,,,,,,,None,1829400000,1829400000,,,,,,None,263700000,,1.4,0.013,,,,-0.516,0.089,789900000,1053600000,0.231,2010-06-30,54.35,,10715000000.0,5966400000,688300000,205900000,,,None,101600000,None,,None,,,,,478300000,None,None,None,0.0727,,5176500000,789900000,,,,,None,,,,,3.351,9.96,2.685,,,,,,,,-0.0644,,,2025-10-29,annual,0.32,USD,pre-market,79500000,,0.0385,-0.207,0.036,40.07,5067000000,,,,82.04,97.52,38.5281,,,,,,,7795800000,,,110.37,47.76
2025-12-28,EL,-2.59,14446000000.0,,1.175,10.79,,,,,,,,,,,,,,,None,1881600000,1881600000,,,,,,None,254000000,,1.4,0.013,,,,-0.516,0.089,418400000,672400000,0.231,2009-06-30,54.35,,10715000000.0,5442200000,334300000,115900000,,,None,75700000,None,,None,,,,,218400000,None,None,None,0.0727,,5023800000,418400000,,,,,None,,,,,3.351,9.96,2.685,,,,,,,,-0.0644,,,2025-10-29,annual,0.32,USD,pre-market,81600000,,0.0385,-0.207,0.036,40.07,4883900000,,,,82.04,97.52,38.5281,,,,,,,7323800000,,,110.37,47.76
2025-12-28,EL,-2.59,14446000000.0,,1.175,10.79,,,,,,,,,,,,,,,None,1996800000,1996800000,,,,,,None,250700000,,1.4,0.013,,,,-0.516,0.089,810700000,1061400000,0.231,2008-06-30,54.35,,10715000000.0,5914000000,743900000,259900000,,,None,66800000,None,,None,,,,,473800000,None,None,None,0.0727,,5103300000,810700000,,,,,None,,,,,3.351,9.96,2.685,,,,,,,,-0.0644,,,2025-10-29,annual,0.32,USD,pre-market,80900000,,0.0385,-0.207,0.036,40.07,5102900000,,,,82.04,97.52,38.5281,,,,,,,7910800000,,,110.37,47.76
2025-12-28,EL,-2.59,14446000000.0,,1.175,10.79,,,,,,,,,,,,,,,None,1774800000,1774800000,,,,,,None,207200000,,1.4,0.013,,,,-0.516,0.089,749900000,957100000,0.231,2007-06-30,54.35,,10715000000.0,5262700000,711000000,255200000,,,None,38900000,None,,None,,,,,449200000,None,None,None,0.0727,,4512800000,749900000,,,,,None,,,,,3.351,9.96,2.685,,,,,,,,-0.0644,,,2025-10-29,annual,0.32,USD,pre-market,74400000,,0.0385,-0.207,0.036,40.07,4511700000,,,,82.04,97.52,38.5281,,,,,,,7037500000,,,110.37,47.76
2025-12-28,EL,-2.59,14446000000.0,,1.175,10.79,,,,,,,,,,,,,,,None,1686600000,1686600000,,,,,,None,198400000,,1.4,0.013,,,,-0.516,0.089,619600000,818000000,0.231,2006-06-30,54.35,,10715000000.0,4777200000,595800000,259700000,,,None,23800000,None,,None,,,,,244200000,None,None,None,0.0727,,4157600000,619600000,,,,,None,,,,,3.351,9.96,2.685,,,,,,,,-0.0644,,,2025-10-29,annual,0.32,USD,pre-market,72000000,,0.0385,-0.207,0.036,40.07,4065500000,,,,82.04,97.52,38.5281,,,,,,,6463800000,,,110.37,47.76
2025-12-28,EL,-2.59,14446000000.0,None,1.175,10.79,,2099000000,2219000000,2219000000,,,,,,,,,6000000,363300000,None,1686600000,1686600000,1289000000,None,3000000,1884000000,None,None,198400000,,1.4,0.013,,,,-0.516,0.089,619600000,818000000,0.231,2025-09-30,54.35,2119000000,10715000000.0,4777200000,595800000,259700000,3706000000,3706000000,None,23800000,None,2062000000,None,None,7320000000,None,None,244200000,None,None,None,0.0727,,4157600000,619600000,549000000,3376000000,None,1352000000,None,,,,,3.351,9.96,2.685,,,,,,,,-0.0644,,4954000000,2025-10-29,quarterly,0.32,USD,pre-market,72000000,11591000000,0.0385,-0.207,0.036,40.07,4065500000,9422000000,418000000,None,82.04,97.52,38.5281,19329000000,6714000000,5083000000,15439000000,12615000000,10356000000,6463800000,3890000000,None,110.37,47.76
2025-12-28,EL,-2.59,14446000000.0,None,1.175,10.79,,2150000000,2921000000,2921000000,,,,,,,,,6000000,360700000,None,1686600000,1686600000,1497000000,None,3000000,1530000000,None,None,198400000,,1.4,0.013,,,,-0.516,0.089,619600000,818000000,0.231,2025-06-30,54.35,2135000000,10715000000.0,4777200000,595800000,259700000,3759000000,3759000000,None,23800000,None,2074000000,None,None,7314000000,None,None,244200000,None,None,None,0.0727,,4157600000,619600000,544000000,3215000000,None,1534000000,None,,,,,3.351,9.96,2.685,,,,,,,,-0.0644,,5124000000,2025-10-29,quarterly,0.32,USD,pre-market,72000000,11672000000,0.0385,-0.207,0.036,40.07,4065500000,9439000000,409000000,None,82.04,97.52,38.5281,19892000000,7069000000,5435000000,16027000000,12823000000,10592000000,6463800000,3865000000,None,110.37,47.76
2025-12-28,EL,-2.59,14446000000.0,None,1.175,10.79,,2081000000,2631000000,2631000000,,,,,,,,,6000000,361400000,None,1686600000,1686600000,1214000000,None,3000000,1792000000,None,None,198400000,,1.4,0.013,,,,-0.516,0.089,619600000,818000000,0.231,2025-03-31,54.35,2080000000,10715000000.0,4777200000,595800000,259700000,4129000000,4129000000,None,23800000,None,1959000000,None,None,7298000000,None,None,244200000,None,None,None,0.0727,,4157600000,619600000,635000000,3072000000,None,1597000000,None,,,,,3.351,9.96,2.685,,,,,,,,-0.0644,,4934000000,2025-10-29,quarterly,0.32,USD,pre-market,72000000,12344000000,0.0385,-0.207,0.036,40.07,4065500000,9382000000,402000000,None,82.04,97.52,38.5281,19886000000,7017000000,4964000000,15541000000,12869000000,10577000000,6463800000,4345000000,None,110.37,47.76
2025-12-28,EL,-2.59,14446000000.0,None,1.175,10.79,,2103000000,2586000000,2586000000,,,,,,,,,6000000,360000000,None,1686600000,1686600000,1133000000,None,4000000,1611000000,None,None,198400000,,1.4,0.013,,,,-0.516,0.089,619600000,818000000,0.231,2024-12-31,54.35,2073000000,10715000000.0,4777200000,595800000,259700000,4158000000,4158000000,None,23800000,None,2002000000,None,None,7276000000,None,None,244200000,None,None,None,0.0727,,4157600000,619600000,697000000,2587000000,None,1578000000,None,,,,,3.351,9.96,2.685,,,,,,,,-0.0644,,4940000000,2025-10-29,quarterly,0.32,USD,pre-market,72000000,12313000000,0.0385,-0.207,0.036,40.07,4065500000,9383000000,401000000,None,82.04,97.52,38.5281,19760000000,6896000000,5031000000,15591000000,12864000000,10560000000,6463800000,4169000000,None,110.37,47.76
2025-12-28,EL,-2.59,14446000000.0,None,1.175,10.79,,2195000000,2350000000,2350000000,,,,,,,,,6000000,359600000,None,1686600000,1686600000,1135000000,None,504000000,1977000000,None,None,198400000,,1.4,0.013,,,,-0.516,0.089,619600000,818000000,0.231,2024-09-30,54.35,2162000000,10715000000.0,4777200000,595800000,259700000,5207000000,5207000000,None,23800000,None,2255000000,None,None,7311000000,None,None,244200000,None,None,None,0.0727,,4157600000,619600000,633000000,2578000000,None,1634000000,None,,,,,3.351,9.96,2.685,,,,,,,,-0.0644,,5206000000,2025-10-29,quarterly,0.32,USD,pre-market,72000000,13031000000,0.0385,-0.207,0.036,40.07,4065500000,10010000000,897000000,None,82.04,97.52,38.5281,21317000000,7215000000,5486000000,16233000000,14102000000,10747000000,6463800000,5084000000,None,110.37,47.76
2025-12-28,EL,-2.59,14446000000.0,None,1.175,10.79,,2055000000,3395000000,3395000000,,,,,,,,,6000000,359400000,None,1686600000,1686600000,1440000000,None,504000000,1727000000,None,None,198400000,,1.4,0.013,,,,-0.516,0.089,619600000,818000000,0.231,2024-06-30,54.35,2143000000,10715000000.0,4777200000,595800000,259700000,5183000000,5183000000,None,23800000,None,2175000000,None,None,7267000000,None,None,244200000,None,None,None,0.0727,,4157600000,619600000,625000000,2742000000,None,1693000000,None,,,,,3.351,9.96,2.685,,,,,,,,-0.0644,,None,2025-10-29,quarterly,0.32,USD,pre-market,72000000,13427000000,0.0385,-0.207,0.036,40.07,4065500000,9826000000,858000000,None,82.04,97.52,38.5281,21677000000,7922000000,5702000000,16363000000,13755000000,10661000000,6463800000,5314000000,None,110.37,47.76
2025-12-28,EL,-2.59,14446000000.0,None,1.175,10.79,,2070000000,3701000000,3701000000,,,,,,,,,6000000,360800000,None,1686600000,1686600000,1197000000,None,505000000,1854000000,None,None,198400000,,1.4,0.013,,,,-0.516,0.089,619600000,818000000,0.231,2024-03-31,54.35,2453000000,10715000000.0,4777200000,595800000,259700000,5438000000,5438000000,None,23800000,None,2307000000,None,None,7265000000,None,None,244200000,None,None,None,0.0727,,4157600000,619600000,672000000,2730000000,None,1728000000,None,,,,,3.351,9.96,2.685,,,,,,,,-0.0644,,None,2025-10-29,quarterly,0.32,USD,pre-market,72000000,13950000000,0.0385,-0.207,0.036,40.07,4065500000,9840000000,868000000,None,82.04,97.52,38.5281,22700000000,8534000000,5416000000,16116000000,14166000000,10700000000,6463800000,5744000000,None,110.37,47.76
2025-12-28,EL,-2.59,14446000000.0,None,1.175,10.79,,2061000000,3939000000,3939000000,,,,,,,,,6000000,360000000,None,1686600000,1686600000,1252000000,None,1500000000,1752000000,None,None,198400000,,1.4,0.013,,,,-0.516,0.089,619600000,818000000,0.231,2023-12-31,54.35,2497000000,10715000000.0,4777200000,595800000,259700000,5554000000,5554000000,None,23800000,None,2603000000,None,None,6640000000,None,None,244200000,None,None,None,0.0727,,4157600000,619600000,621000000,2753000000,None,1812000000,None,,,,,3.351,9.96,2.685,,,,,,,,-0.0644,,None,2025-10-29,quarterly,0.32,USD,pre-market,72000000,13858000000,0.0385,-0.207,0.036,40.07,4065500000,10201000000,1866000000,None,82.04,97.52,38.5281,23283000000,8915000000,6574000000,16721000000,14368000000,10147000000,6463800000,5712000000,None,110.37,47.76
2025-12-28,EL,-2.59,14446000000.0,None,1.175,10.79,,2039000000,3090000000,3090000000,,,,,,,,,6000000,360500000,None,1686600000,1686600000,1257000000,None,1005000000,1909000000,None,None,198400000,,1.4,0.013,,,,-0.516,0.089,619600000,818000000,0.231,2023-09-30,54.35,2455000000,10715000000.0,4777200000,595800000,259700000,5515000000,5515000000,None,23800000,None,2863000000,None,None,7088000000,None,None,244200000,None,None,None,0.0727,,4157600000,619600000,723000000,1463000000,None,1793000000,None,,,,,3.351,9.96,2.685,,,,,,,,-0.0644,,4890000000,2025-10-29,quarterly,0.32,USD,pre-market,72000000,13784000000,0.0385,-0.207,0.036,40.07,4065500000,10132000000,1357000000,None,82.04,97.52,38.5281,22650000000,8585000000,5914000000,16482000000,14065000000,10568000000,6463800000,5342000000,None,110.37,47.76
2025-12-28,EL,-2.59,14446000000.0,None,1.175,10.79,,2055000000,4029000000,4029000000,,,,,,,,,6000000,358300000,None,1686600000,1686600000,1670000000,None,997000000,1452000000,None,None,198400000,,1.4,0.013,,,,-0.516,0.089,619600000,818000000,0.231,2023-06-30,54.35,2486000000,10715000000.0,4777200000,595800000,259700000,5602000000,5602000000,None,23800000,None,2979000000,None,None,7117000000,None,None,244200000,None,None,None,0.0727,,4157600000,619600000,679000000,2893000000,None,3641000000,None,,,,,3.351,9.96,2.685,,,,,,,,-0.0644,,3179000000,2025-10-29,quarterly,0.32,USD,pre-market,72000000,13991000000,0.0385,-0.207,0.036,40.07,4065500000,10169000000,1354000000,None,82.04,97.52,38.5281,23415000000,9139000000,6240000000,16998000000,14276000000,10758000000,6463800000,5585000000,-13631000000,110.37,47.76
2025-12-28,EL,-2.59,14446000000.0,None,1.175,10.79,,2091000000,5531000000,5531000000,,,,,,,,,6000000,361200000,None,1686600000,1686600000,1520000000,None,2243000000,1904000000,None,None,198400000,,1.4,0.013,,,,-0.516,0.089,619600000,818000000,0.231,2023-03-31,54.35,2468000000,10715000000.0,4777200000,595800000,259700000,3045000000,3045000000,None,23800000,None,3097000000,None,None,5128000000,None,None,244200000,None,None,None,0.0727,,4157600000,619600000,715000000,2573000000,None,1457000000,None,,,,,3.351,9.96,2.685,,,,,,,,-0.0644,,3026000000,2025-10-29,quarterly,0.32,USD,pre-market,72000000,14261000000,0.0385,-0.207,0.036,40.07,4065500000,9462000000,2600000000,1000000,82.04,97.52,38.5281,22715000000,11247000000,7700000000,16019000000,11468000000,8319000000,6463800000,5877000000,-13618000000,110.37,47.76
2025-12-28,EL,-2.59,14446000000.0,None,1.175,10.79,,2106000000,3725000000,3725000000,,,,,,,,,6000000,360400000,None,1686600000,1686600000,1507000000,None,260000000,1932000000,None,None,198400000,,1.4,0.013,,,,-0.516,0.089,619600000,818000000,0.231,2022-12-31,54.35,2473000000,10715000000.0,4777200000,595800000,259700000,3097000000,3097000000,None,23800000,None,3069000000,None,None,5111000000,None,None,244200000,None,None,None,0.0727,,4157600000,619600000,641000000,2852000000,None,3244000000,None,,,,,3.351,9.96,2.685,,,,,,,,-0.0644,,2908000000,2025-10-29,quarterly,0.32,USD,pre-market,72000000,14342000000,0.0385,-0.207,0.036,40.07,4065500000,7477000000,609000000,5000000,82.04,97.52,38.5281,20731000000,9367000000,5655000000,14010000000,11364000000,8355000000,6463800000,5902000000,-13617000000,110.37,47.76
2025-12-28,EL,-2.59,14446000000.0,None,1.175,10.79,,2121000000,2938000000,2938000000,,,,,,,,,6000000,361400000,None,1686600000,1686600000,1392000000,None,266000000,2156000000,None,None,198400000,,1.4,0.013,,,,-0.516,0.089,619600000,818000000,0.231,2022-09-30,54.35,2415000000,10715000000.0,4777200000,595800000,259700000,3190000000,3190000000,None,23800000,None,3018000000,None,None,5107000000,None,None,244200000,None,None,None,0.0727,,4157600000,619600000,754000000,2628000000,None,3286000000,None,,,,,3.351,9.96,2.685,,,,,,,,-0.0644,,2654000000,2025-10-29,quarterly,0.32,USD,pre-market,72000000,14185000000,0.0385,-0.207,0.036,40.07,4065500000,7494000000,606000000,None,82.04,97.52,38.5281,19989000000,8866000000,5271000000,13664000000,11123000000,8393000000,6463800000,5517000000,-13471000000,110.37,47.76
2025-12-28,EL,-2.59,14446000000.0,None,1.175,10.79,,2233000000,3957000000,3957000000,,,,,,,,,6000000,361600000,None,1686600000,1686600000,1822000000,None,268000000,1629000000,None,None,198400000,,1.4,0.013,,,,-0.516,0.089,619600000,818000000,0.231,2022-06-30,54.35,2521000000,10715000000.0,4777200000,595800000,259700000,3428000000,3428000000,None,23800000,None,2920000000,None,None,5144000000,None,None,244200000,None,None,None,0.0727,,4157600000,619600000,792000000,3048000000,None,1651000000,None,,,,,3.351,9.96,2.685,,,,,,,,-0.0644,,4599000000,2025-10-29,quarterly,0.32,USD,pre-market,72000000,13912000000,0.0385,-0.207,0.036,40.07,4065500000,7645000000,633000000,24000000,82.04,97.52,38.5281,20910000000,9298000000,5815000000,14478000000,11612000000,8663000000,6463800000,5590000000,-13362000000,110.37,47.76
2025-12-28,EL,-2.59,14446000000.0,None,1.175,10.79,,2336000000,3836000000,3836000000,,,,,,,,,6000000,363600000,None,1686600000,1686600000,1470000000,None,269000000,2209000000,None,None,198400000,,1.4,0.013,,,,-0.516,0.089,619600000,818000000,0.231,2022-03-31,54.35,2591000000,10715000000.0,4777200000,595800000,259700000,3638000000,3638000000,None,23800000,None,2830000000,None,None,5188000000,None,None,244200000,None,None,None,0.0727,,4157600000,619600000,625000000,2675000000,None,3706000000,None,,,,,3.351,9.96,2.685,,,,,,,,-0.0644,,2493000000,2025-10-29,quarterly,0.32,USD,pre-market,72000000,14076000000,0.0385,-0.207,0.036,40.07,4065500000,7793000000,657000000,10000000,82.04,97.52,38.5281,21359000000,9500000000,5414000000,14308000000,11859000000,8894000000,6463800000,6150000000,-13052000000,110.37,47.76
2025-12-28,EL,-2.59,14446000000.0,None,1.175,10.79,,2425000000,4603000000,4603000000,,,,,,,,,6000000,366000000,None,1686600000,1686600000,1639000000,None,272000000,2079000000,None,None,198400000,,1.4,0.013,,,,-0.516,0.089,619600000,818000000,0.231,2021-12-31,54.35,2572000000,10715000000.0,4777200000,595800000,259700000,3883000000,3883000000,None,23800000,None,2612000000,None,None,5259000000,None,None,244200000,None,None,None,0.0727,,4157600000,619600000,661000000,2632000000,None,1937000000,None,,,,,3.351,9.96,2.685,,,,,,,,-0.0644,,4553000000,2025-10-29,quarterly,0.32,USD,pre-market,72000000,13735000000,0.0385,-0.207,0.036,40.07,4065500000,7956000000,669000000,6000000,82.04,97.52,38.5281,22078000000,9955000000,5762000000,14986000000,12123000000,9224000000,6463800000,6218000000,-12482000000,110.37,47.76
2025-12-28,EL,-2.59,14446000000.0,None,1.175,10.79,,2444000000,3995000000,3995000000,,,,,,,,,6000000,367900000,None,1686600000,1686600000,1485000000,None,281000000,2265000000,None,None,198400000,,1.4,0.013,,,,-0.516,0.089,619600000,818000000,0.231,2021-09-30,54.35,2575000000,10715000000.0,4777200000,595800000,259700000,3923000000,3923000000,None,23800000,None,2633000000,None,None,5267000000,None,None,244200000,None,None,None,0.0727,,4157600000,619600000,593000000,2467000000,None,4037000000,None,,,,,3.351,9.96,2.685,,,,,,,,-0.0644,,4471000000,2025-10-29,quarterly,0.32,USD,pre-market,72000000,12864000000,0.0385,-0.207,0.036,40.07,4065500000,7992000000,652000000,9000000,82.04,97.52,38.5281,21580000000,9486000000,5319000000,14623000000,12094000000,9304000000,6463800000,6081000000,-11614000000,110.37,47.76
2025-12-28,EL,-2.59,14446000000.0,None,1.175,10.79,,2530000000,4958000000,4958000000,,,,,,,,,6000000,368500000,None,1686600000,1686600000,1692000000,None,32000000,1702000000,None,None,198400000,,1.4,0.013,,,,-0.516,0.089,619600000,818000000,0.231,2021-06-30,54.35,2616000000,10715000000.0,4777200000,595800000,259700000,4095000000,4095000000,None,23800000,None,2505000000,None,None,5537000000,None,None,244200000,None,None,None,0.0727,,4157600000,619600000,603000000,2514000000,None,2037000000,None,,,,,3.351,9.96,2.685,,,,,,,,-0.0644,,4470000000,2025-10-29,quarterly,0.32,USD,pre-market,72000000,12244000000,0.0385,-0.207,0.036,40.07,4065500000,8099000000,411000000,15000000,82.04,97.52,38.5281,21971000000,9768000000,5298000000,15023000000,12203000000,9725000000,6463800000,6057000000,-11058000000,110.37,47.76
2025-12-28,EL,-2.59,14446000000.0,None,1.175,10.79,,2570000000,6399000000,6399000000,,,,,,,,,6000000,369000000,None,1686600000,1686600000,1277000000,None,471000000,1735000000,None,None,198400000,,1.4,0.013,,,,-0.516,0.089,619600000,818000000,0.231,2021-03-31,54.35,1369000000,10715000000.0,4777200000,595800000,259700000,2294000000,2294000000,None,23800000,None,2134000000,None,None,5487000000,None,None,244200000,None,None,None,0.0727,,4157600000,619600000,729000000,2440000000,None,1460000000,None,,,,,3.351,9.96,2.685,,,,,,,,-0.0644,,4318000000,2025-10-29,quarterly,0.32,USD,pre-market,72000000,11420000000,0.0385,-0.207,0.036,40.07,4065500000,8528000000,843000000,7000000,82.04,97.52,38.5281,19900000000,10997000000,5197000000,14342000000,8903000000,9145000000,6463800000,5528000000,-10642000000,110.37,47.76
2025-12-28,EL,-2.59,14446000000.0,None,1.175,10.79,,2701000000,5545000000,5545000000,,,,,,,,,6000000,368000000,None,1686600000,1686600000,1299000000,None,470000000,1972000000,None,None,198400000,,1.4,0.013,,,,-0.516,0.089,619600000,818000000,0.231,2020-12-31,54.35,1401000000,10715000000.0,4777200000,595800000,259700000,2424000000,2424000000,None,23800000,None,2116000000,None,None,4913000000,None,None,244200000,None,None,None,0.0727,,4157600000,619600000,658000000,2580000000,None,3806000000,None,,,,,3.351,9.96,2.685,,,,,,,,-0.0644,,2142000000,2025-10-29,quarterly,0.32,USD,pre-market,72000000,11159000000,0.0385,-0.207,0.036,40.07,4065500000,8084000000,857000000,11000000,82.04,97.52,38.5281,19595000000,10291000000,5420000000,14139000000,9304000000,8719000000,6463800000,5421000000,-10429000000,110.37,47.76
2025-12-28,EL,-2.59,14446000000.0,None,1.175,10.79,,2708000000,4267000000,4267000000,,,,,,,,,6000000,367200000,None,1686600000,1686600000,1178000000,None,473000000,1812000000,None,None,198400000,,1.4,0.013,,,,-0.516,0.089,619600000,818000000,0.231,2020-09-30,54.35,1421000000,10715000000.0,4777200000,595800000,259700000,2358000000,2358000000,None,23800000,None,2204000000,None,None,4913000000,None,None,244200000,None,None,None,0.0727,,4157600000,619600000,512000000,2072000000,None,3765000000,None,,,,,3.351,9.96,2.685,,,,,,,,-0.0644,,2077000000,2025-10-29,quarterly,0.32,USD,pre-market,72000000,10480000000,0.0385,-0.207,0.036,40.07,4065500000,8094000000,872000000,13000000,82.04,97.52,38.5281,17903000000,8795000000,4744000000,13422000000,9108000000,8678000000,6463800000,4452000000,-10353000000,110.37,47.76
2025-12-28,EL,-2.59,14446000000.0,None,1.175,10.79,,2653000000,5022000000,5022000000,,,,,,,,,6000000,360600000,None,1686600000,1686600000,1177000000,None,1222000000,1194000000,None,None,198400000,,1.4,0.013,,,,-0.516,0.089,619600000,818000000,0.231,2020-06-30,54.35,1401000000,10715000000.0,4777200000,595800000,259700000,2338000000,2338000000,None,23800000,None,2062000000,None,None,4909000000,None,None,244200000,None,None,None,0.0727,,4157600000,619600000,614000000,2183000000,None,1448000000,None,,,,,3.351,9.96,2.685,,,,,,,,-0.0644,,4337000000,2025-10-29,quarterly,0.32,USD,pre-market,72000000,10134000000,0.0385,-0.207,0.036,40.07,4065500000,8789000000,1597000000,15000000,82.04,97.52,38.5281,17781000000,8892000000,5179000000,13819000000,8889000000,8640000000,6463800000,3935000000,-10330000000,110.37,47.76
2025-12-28,EL,-2.59,14446000000.0,None,1.175,10.79,,2659000000,4876000000,4876000000,,,,,,,,,6000000,360200000,None,1686600000,1686600000,1162000000,None,1527000000,1846000000,None,None,198400000,,1.4,0.013,,,,-0.516,0.089,619600000,818000000,0.231,2020-03-31,54.35,1633000000,10715000000.0,4777200000,595800000,259700000,2190000000,2190000000,None,23800000,None,2087000000,None,None,4674000000,None,None,244200000,None,None,None,0.0727,,4157600000,619600000,424000000,2315000000,None,3650000000,None,,,,,3.351,9.96,2.685,,,,,,,,-0.0644,,2092000000,2025-10-29,quarterly,0.32,USD,pre-market,72000000,10595000000,0.0385,-0.207,0.036,40.07,4065500000,8860000000,1898000000,14000000,82.04,97.52,38.5281,18363000000,9233000000,5681000000,14005000000,9130000000,8324000000,6463800000,4329000000,-10320000000,110.37,47.76
2025-12-28,EL,-2.59,14446000000.0,None,1.175,10.79,,2687000000,3596000000,3596000000,,,,,,,,,6000000,366700000,None,1686600000,1686600000,1137000000,None,522000000,2225000000,None,None,198400000,,1.4,0.013,,,,-0.516,0.089,619600000,818000000,0.231,2019-12-31,54.35,1920000000,10715000000.0,4777200000,595800000,259700000,2342000000,2342000000,None,23800000,None,2058000000,None,None,4662000000,None,None,244200000,None,None,None,0.0727,,4157600000,619600000,469000000,2222000000,None,3721000000,None,,,,,3.351,9.96,2.685,,,,,,,,-0.0644,,2086000000,2025-10-29,quarterly,0.32,USD,pre-market,72000000,10775000000,0.0385,-0.207,0.036,40.07,4065500000,7871000000,891000000,3000000,82.04,97.52,38.5281,17937000000,8348000000,4953000000,13336000000,9589000000,8383000000,6463800000,4574000000,-10253000000,110.37,47.76
2025-12-28,EL,-2.59,14446000000.0,None,1.175,10.79,,2681000000,2259000000,2259000000,,,,,,,,,6000000,368600000,None,1686600000,1686600000,1071000000,None,520000000,2294000000,None,None,198400000,,1.4,0.013,,,,-0.516,0.089,619600000,818000000,0.231,2019-09-30,54.35,1868000000,10715000000.0,4777200000,595800000,259700000,1191000000,1191000000,None,23800000,None,2055000000,None,None,2895000000,None,None,244200000,None,None,None,0.0727,,4157600000,619600000,414000000,2045000000,None,3388000000,None,,,,,3.351,9.96,2.685,,,,,,,,-0.0644,,2018000000,2025-10-29,quarterly,0.32,USD,pre-market,72000000,10393000000,0.0385,-0.207,0.036,40.07,4065500000,6096000000,866000000,4000000,82.04,97.52,38.5281,15431000000,7022000000,4590000000,10873000000,8409000000,6283000000,6463800000,4530000000,-9756000000,110.37,47.76
2025-12-28,EL,-2.59,14446000000.0,None,1.175,10.79,,None,2987000000,2987000000,,,,,,,,,6000000,369100000,None,1686600000,1686600000,1490000000,None,516000000,1831000000,None,None,198400000,,1.4,0.013,,,,-0.516,0.089,619600000,818000000,0.231,2019-06-30,54.35,1868000000,10715000000.0,4777200000,595800000,259700000,1203000000,1203000000,None,23800000,None,2006000000,None,None,2896000000,None,177000000,244200000,None,None,None,0.0727,,4157600000,619600000,388000000,2285000000,None,1244000000,None,,,,,3.351,9.96,2.685,,,,,,,,-0.0644,,2068000000,2025-10-29,quarterly,0.32,USD,pre-market,72000000,9984000000,0.0385,-0.207,0.036,40.07,4065500000,3412000000,516000000,3000000,82.04,97.52,38.5281,13156000000,7212000000,4605000000,8745000000,5944000000,4140000000,6463800000,4386000000,-9444000000,110.37,47.76
2025-12-28,EL,-2.59,14446000000.0,None,1.175,10.79,,None,2902000000,2902000000,,,,,,,,,6000000,368300000,None,1686600000,1686600000,1068000000,None,516000000,2036000000,None,None,198400000,,1.4,0.013,,,,-0.516,0.089,619600000,818000000,0.231,2019-03-31,54.35,1865000000,10715000000.0,4777200000,595800000,259700000,1215000000,1215000000,None,23800000,None,1814000000,None,None,2883000000,None,173000000,244200000,None,None,None,0.0727,,4157600000,619600000,408000000,2120000000,None,1200000000,None,,,,,3.351,9.96,2.685,,,,,,,,-0.0644,,1891000000,2025-10-29,quarterly,0.32,USD,pre-market,72000000,9984000000,0.0385,-0.207,0.036,40.07,4065500000,3399000000,516000000,0,82.04,97.52,38.5281,12931000000,7160000000,4231000000,8314000000,5771000000,4083000000,6463800000,4588000000,-9235000000,110.37,47.76
2025-12-28,EL,-2.59,14446000000.0,None,1.175,10.79,,None,1876000000,1876000000,,,,,,,,,6000000,369900000,None,1686600000,1686600000,995000000,None,35000000,2000000000,None,None,198400000,,1.4,0.013,,,,-0.516,0.089,619600000,818000000,0.231,2018-12-31,54.35,1911000000,10715000000.0,4777200000,595800000,259700000,1233000000,1233000000,None,23800000,None,1651000000,None,None,3373000000,None,600000000,244200000,None,None,None,0.0727,,4157600000,619600000,388000000,2093000000,None,1194000000,None,,,,,3.351,9.96,2.685,,,,,,,,-0.0644,,1859000000,2025-10-29,quarterly,0.32,USD,pre-market,72000000,9586000000,0.0385,-0.207,0.036,40.07,4065500000,3391000000,18000000,525000000,82.04,97.52,38.5281,12676000000,6440000000,3776000000,8343000000,6236000000,4567000000,6463800000,4306000000,-9018000000,110.37,47.76
2025-12-28,EL,-2.59,14446000000.0,None,1.175,10.79,,None,1443000000,1443000000,,,,,,,,,6000000,374400000,None,1686600000,1686600000,913000000,None,18000000,2214000000,None,None,198400000,,1.4,0.013,,,,-0.516,0.089,619600000,818000000,0.231,2018-09-30,54.35,1929000000,10715000000.0,4777200000,595800000,259700000,1264000000,1264000000,None,23800000,None,1681000000,None,None,3361000000,None,661000000,244200000,None,None,None,0.0727,,4157600000,619600000,361000000,1901000000,None,1189000000,None,,,,,3.351,9.96,2.685,,,,,,,,-0.0644,,1838000000,2025-10-29,quarterly,0.32,USD,pre-market,72000000,9170000000,0.0385,-0.207,0.036,40.07,4065500000,3544000000,183000000,550000000,82.04,97.52,38.5281,12543000000,6249000000,3563000000,8113000000,6294000000,4550000000,6463800000,4406000000,-8426000000,110.37,47.76
2025-12-28,EL,-2.59,14446000000.0,None,1.175,10.79,,None,2181000000,2181000000,,,,,,,,,6000000,375800000,None,1686600000,1686600000,1182000000,None,13000000,1487000000,None,None,198400000,,1.4,0.013,,,,-0.516,0.089,619600000,818000000,0.231,2018-06-30,54.35,1926000000,10715000000.0,4777200000,595800000,259700000,1276000000,1276000000,None,23800000,None,1618000000,None,None,3361000000,None,843000000,244200000,None,None,None,0.0727,,4157600000,619600000,348000000,1722000000,None,1186000000,None,,,,,3.351,9.96,2.685,,,,,,,,-0.0644,,1823000000,2025-10-29,quarterly,0.32,USD,pre-market,72000000,9040000000,0.0385,-0.207,0.036,40.07,4065500000,3544000000,183000000,534000000,82.04,97.52,38.5281,12567000000,6168000000,3310000000,7857000000,6399000000,4547000000,6463800000,4688000000,-7896000000,110.37,47.76
2025-12-28,EL,-2.59,14446000000.0,None,1.175,10.79,,None,2140000000,2140000000,,,,,,,,,6000000,375700000,None,1686600000,1686600000,884000000,None,16000000,1761000000,None,None,198400000,,1.4,0.013,,,,-0.516,0.089,619600000,818000000,0.231,2018-03-31,54.35,1931000000,10715000000.0,4777200000,595800000,259700000,1293000000,1293000000,None,23800000,None,1533000000,None,None,3363000000,None,1027000000,244200000,None,None,None,0.0727,,4157600000,619600000,351000000,2021000000,None,1284000000,None,,,,,3.351,9.96,2.685,,,,,,,,-0.0644,,1726000000,2025-10-29,quarterly,0.32,USD,pre-market,72000000,8996000000,0.0385,-0.207,0.036,40.07,4065500000,3659000000,296000000,384000000,82.04,97.52,38.5281,12772000000,6169000000,3388000000,8035000000,6603000000,4647000000,6463800000,4711000000,-7816000000,110.37,47.76
2025-12-28,EL,-2.59,14446000000.0,None,1.175,10.79,,None,2105000000,2105000000,,,,,,,,,6000000,376100000,None,1686600000,1686600000,738000000,None,23000000,1699000000,None,None,198400000,,1.4,0.013,,,,-0.516,0.089,619600000,818000000,0.231,2017-12-31,54.35,1924000000,10715000000.0,4777200000,595800000,259700000,1304000000,1304000000,None,23800000,None,1445000000,None,None,3374000000,None,1112000000,244200000,None,None,None,0.0727,,4157600000,619600000,332000000,2023000000,None,1238000000,None,,,,,3.351,9.96,2.685,,,,,,,,-0.0644,,1728000000,2025-10-29,quarterly,0.32,USD,pre-market,72000000,8733000000,0.0385,-0.207,0.036,40.07,4065500000,3787000000,413000000,394000000,82.04,97.52,38.5281,12604000000,5975000000,3403000000,8015000000,6629000000,4612000000,6463800000,4565000000,-7540000000,110.37,47.76
2025-12-28,EL,-2.59,14446000000.0,None,1.175,10.79,,None,1444000000,1444000000,,,,,,,,,6000000,375400000,None,1686600000,1686600000,679000000,None,22000000,1799000000,None,None,198400000,,1.4,0.013,,,,-0.516,0.089,619600000,818000000,0.231,2017-09-30,54.35,1921000000,10715000000.0,4777200000,595800000,259700000,1316000000,1316000000,None,23800000,None,1518000000,None,None,3383000000,None,1087000000,244200000,None,None,None,0.0727,,4157600000,619600000,365000000,1678000000,None,924000000,None,,,,,3.351,9.96,2.685,,,,,,,,-0.0644,,1695000000,2025-10-29,quarterly,0.32,USD,pre-market,72000000,8752000000,0.0385,-0.207,0.036,40.07,4065500000,3935000000,552000000,381000000,82.04,97.52,38.5281,12202000000,5507000000,3142000000,7449000000,6695000000,4307000000,6463800000,4731000000,-7257000000,110.37,47.76
2025-12-28,EL,-2.59,14446000000.0,None,1.175,10.79,,None,1136000000,1136000000,,,,,,,,,6000000,374000000,None,1686600000,1686600000,835000000,None,19000000,1395000000,None,None,198400000,,1.4,0.013,,,,-0.516,0.089,619600000,818000000,0.231,2017-06-30,54.35,1916000000,10715000000.0,4777200000,595800000,259700000,1327000000,1327000000,None,23800000,None,1479000000,None,None,3383000000,None,1026000000,244200000,None,None,None,0.0727,,4157600000,619600000,349000000,1609000000,None,960000000,None,,,,,3.351,9.96,2.685,,,,,,,,-0.0644,,1671000000,2025-10-29,quarterly,0.32,USD,pre-market,72000000,8452000000,0.0385,-0.207,0.036,40.07,4065500000,3572000000,189000000,605000000,82.04,97.52,38.5281,11568000000,4964000000,2823000000,7166000000,6604000000,4343000000,6463800000,4384000000,-7149000000,110.37,47.76
2025-12-28,EL,-2.59,14446000000.0,None,1.175,10.79,,None,1139000000,1139000000,,,,,,,,,6000000,372300000,None,1686600000,1686600000,597000000,None,519000000,1528000000,None,None,198400000,,1.4,0.013,,,,-0.516,0.089,619600000,818000000,0.231,2017-03-31,54.35,1942000000,10715000000.0,4777200000,595800000,259700000,1337000000,1337000000,None,23800000,None,1310000000,None,None,3377000000,None,993000000,244200000,None,None,None,0.0727,,4157600000,619600000,294000000,1538000000,None,1073000000,None,,,,,3.351,9.96,2.685,,,,,,,,-0.0644,,1576000000,2025-10-29,quarterly,0.32,USD,pre-market,72000000,8350000000,0.0385,-0.207,0.036,40.07,4065500000,3896000000,519000000,701000000,82.04,97.52,38.5281,11445000000,4972000000,2860000000,7310000000,6473000000,4450000000,6463800000,4119000000,-7100000000,110.37,47.76
2025-12-28,EL,-2.59,14446000000.0,None,1.175,10.79,,None,1262000000,1262000000,,,,,,,,,6000000,372600000,None,1686600000,1686600000,617000000,None,2143000000,1508000000,None,None,198400000,,1.4,0.013,,,,-0.516,0.089,619600000,818000000,0.231,2016-12-31,54.35,1938000000,10715000000.0,4777200000,595800000,259700000,1349000000,1349000000,None,23800000,None,1278000000,None,None,1890000000,None,996000000,244200000,None,None,None,0.0727,,4157600000,619600000,328000000,1456000000,None,1056000000,None,,,,,3.351,9.96,2.685,,,,,,,,-0.0644,,1563000000,2025-10-29,quarterly,0.32,USD,pre-market,72000000,8178000000,0.0385,-0.207,0.036,40.07,4065500000,4033000000,2143000000,413000000,82.04,97.52,38.5281,11212000000,4789000000,4458000000,7404000000,6423000000,2946000000,6463800000,3793000000,-7101000000,110.37,47.76
2025-12-28,EL,-2.59,14446000000.0,None,1.175,10.79,,None,664000000,664000000,,,,,,,,,6000000,373300000,None,1686600000,1686600000,546000000,None,592000000,1624000000,None,None,198400000,,1.4,0.013,,,,-0.516,0.089,619600000,818000000,0.231,2016-09-30,54.35,1229000000,10715000000.0,4777200000,595800000,259700000,340000000,340000000,None,23800000,None,1296000000,None,None,1908000000,None,1050000000,244200000,None,None,None,0.0727,,4157600000,619600000,292000000,1379000000,None,1053000000,None,,,,,3.351,9.96,2.685,,,,,,,,-0.0644,,1569000000,2025-10-29,quarterly,0.32,USD,pre-market,72000000,7876000000,0.0385,-0.207,0.036,40.07,4065500000,2500000000,592000000,525000000,82.04,97.52,38.5281,9348000000,4401000000,2712000000,5673000000,4947000000,2961000000,6463800000,3657000000,-6963000000,110.37,47.76
2025-12-28,EL,-2.59,14446000000.0,None,1.175,10.79,,None,914100000,914100000,,,,,,,,,5700000,375800000,None,1686600000,1686600000,717000000,None,332000000,1258300000,None,None,198400000,,1.4,0.013,,,,-0.516,0.089,619600000,818000000,0.231,2016-06-30,54.35,1227800000,10715000000.0,4777200000,595800000,259700000,344500000,344500000,None,23800000,None,1263400000,None,None,1910000000,None,1107700000,244200000,None,None,None,0.0727,,4157600000,619600000,320000000,1468700000,None,1045500000,None,,,,,3.351,9.96,2.685,,,,,,,,-0.0644,,1583300000,2025-10-29,quarterly,0.32,USD,pre-market,72000000,7693300000,0.0385,-0.207,0.036,40.07,4065500000,2242000000,332000000,469000000,82.04,97.52,38.5281,9223300000,4225100000,2681000000,5636000000,4998000000,2955500000,6463800000,3572000000,-6743000000,110.37,47.76
2025-12-28,EL,-2.59,14446000000.0,None,1.175,10.79,,None,556300000,556300000,,,,,,,,,5700000,375600000,None,1686600000,1686600000,572500000,None,312800000,1416600000,None,None,198400000,,1.4,0.013,,,,-0.516,0.089,619600000,818000000,0.231,2016-03-31,54.35,1225300000,10715000000.0,4777200000,595800000,259700000,352300000,352300000,None,23800000,None,1150500000,None,None,1612500000,None,1075300000,244200000,None,None,None,0.0727,,4157600000,619600000,611400000,1409200000,None,947700000,None,,,,,3.351,9.96,2.685,,,,,,,,-0.0644,,1510500000,2025-10-29,quarterly,0.32,USD,pre-market,72000000,7711600000,0.0385,-0.207,0.036,40.07,4065500000,1925300000,312800000,517500000,82.04,97.52,38.5281,8816300000,4252300000,2433700000,4993900000,4564000000,2560200000,6463800000,3811800000,-6556600000,110.37,47.76
2025-12-28,EL,-2.59,14446000000.0,None,1.175,10.79,,None,868100000,868100000,,,,,,,,,5700000,376000000,None,1686600000,1686600000,527400000,None,None,1410600000,None,None,198400000,,1.4,0.013,,,,-0.516,0.089,619600000,818000000,0.231,2015-12-31,54.35,1147000000,10715000000.0,4777200000,595800000,259700000,317400000,317400000,None,23800000,None,1077400000,None,None,1607300000,None,772200000,244200000,None,None,None,0.0727,,4157600000,619600000,573600000,1389400000,None,879900000,None,,,,,3.351,9.96,2.685,,,,,,,,-0.0644,,1496800000,2025-10-29,quarterly,0.32,USD,pre-market,72000000,7557900000,0.0385,-0.207,0.036,40.07,4065500000,1981700000,374400000,546100000,82.04,97.52,38.5281,8582100000,4475800000,2479400000,4966600000,4106300000,2487200000,6463800000,3603800000,-6482000000,110.37,47.76
2025-12-28,EL,-2.59,14446000000.0,None,1.175,10.79,,None,408500000,408500000,,,,,,,,,5700000,379000000,None,1686600000,1686600000,514600000,None,None,1539200000,None,None,198400000,,1.4,0.013,,,,-0.516,0.089,619600000,818000000,0.231,2015-09-30,54.35,1144800000,10715000000.0,4777200000,595800000,259700000,321900000,321900000,None,23800000,None,1176700000,None,None,1612500000,None,710100000,244200000,None,None,None,0.0727,,4157600000,619600000,588100000,1311700000,None,856600000,None,,,,,3.351,9.96,2.685,,,,,,,,-0.0644,,1468500000,2025-10-29,quarterly,0.32,USD,pre-market,72000000,7223700000,0.0385,-0.207,0.036,40.07,4065500000,2066200000,453700000,670800000,82.04,97.52,38.5281,8425400000,4383300000,2454300000,4923400000,4042100000,2469100000,6463800000,3490400000,-6243400000,110.37,47.76
2025-12-28,EL,-2.59,14446000000.0,None,1.175,10.79,,None,1021400000,1021400000,,,,,,,,,5700000,383700000,None,1686600000,1686600000,635400000,None,29800000,1174500000,None,None,198400000,,1.4,0.013,,,,-0.516,0.089,619600000,818000000,0.231,2015-06-30,54.35,1144800000,10715000000.0,4777200000,595800000,259700000,326600000,326600000,None,23800000,None,1215800000,None,None,1607500000,None,420300000,244200000,None,None,None,0.0727,,4157600000,619600000,268200000,1367700000,None,841800000,None,,,,,3.351,9.96,2.685,,,,,,,,-0.0644,,1490200000,2025-10-29,quarterly,0.32,USD,pre-market,72000000,7004100000,0.0385,-0.207,0.036,40.07,4065500000,1624900000,29800000,503700000,82.04,97.52,38.5281,8239200000,4468500000,2129800000,4584900000,3770700000,2449300000,6463800000,3643200000,-5856700000,110.37,47.76
2025-12-28,EL,-2.59,14446000000.0,None,1.175,10.79,,None,1288300000,1288300000,,,,,,,,,5700000,384700000,None,1686600000,1686600000,497700000,None,None,1350200000,None,None,198400000,,1.4,0.013,,,,-0.516,0.089,619600000,818000000,0.231,2015-03-31,54.35,1147000000,10715000000.0,4777200000,595800000,259700000,330400000,330400000,None,23800000,None,1073100000,None,None,1317500000,None,393700000,244200000,None,None,None,0.0727,,4157600000,619600000,580900000,1316500000,None,815300000,None,,,,,3.351,9.96,2.685,,,,,,,,-0.0644,,1398200000,2025-10-29,quarterly,0.32,USD,pre-market,72000000,6942100000,0.0385,-0.207,0.036,40.07,4065500000,1452800000,135300000,136700000,82.04,97.52,38.5281,8095100000,4429200000,2097400000,4230200000,3665900000,2132800000,6463800000,3855100000,-5500500000,110.37,47.76
2025-12-28,EL,-2.59,14446000000.0,None,1.175,10.79,,None,1241200000,1241200000,,,,,,,,,5600000,386100000,None,1686600000,1686600000,495000000,None,None,1399000000,None,None,198400000,,1.4,0.013,,,,-0.516,0.089,619600000,818000000,0.231,2014-12-31,54.35,993300000,10715000000.0,4777200000,595800000,259700000,215500000,215500000,None,23800000,None,1112300000,None,None,1320700000,None,387900000,244200000,None,None,None,0.0727,,4157600000,619600000,542700000,1308700000,None,662400000,None,,,,,3.351,9.96,2.685,,,,,,,,-0.0644,,1434200000,2025-10-29,quarterly,0.32,USD,pre-market,72000000,6761500000,0.0385,-0.207,0.036,40.07,4065500000,1389200000,68500000,130800000,82.04,97.52,38.5281,7856600000,4426000000,2044200000,4027300000,3430600000,1983100000,6463800000,3818000000,-5354600000,110.37,47.76
2025-12-28,EL,-2.59,14446000000.0,None,1.175,10.79,,None,1395400000,1395400000,,,,,,,,,5600000,388200000,None,1686600000,1686600000,516100000,None,None,1502100000,None,None,198400000,,1.4,0.013,,,,-0.516,0.089,619600000,818000000,0.231,2014-09-30,54.35,893900000,10715000000.0,4777200000,595800000,259700000,154000000,154000000,None,23800000,None,1257000000,None,None,1319000000,None,None,244200000,None,None,None,0.0727,,4157600000,619600000,573400000,1263700000,None,609400000,None,,,,,3.351,9.96,2.685,,,,,,,,-0.0644,,1444300000,2025-10-29,quarterly,0.32,USD,pre-market,72000000,6417400000,0.0385,-0.207,0.036,40.07,4065500000,1333000000,14000000,0,82.04,97.52,38.5281,7664300000,4727900000,1941700000,3870100000,2936400000,1928400000,6463800000,3780200000,-5085700000,110.37,47.76
2025-12-28,EL,-2.59,14446000000.0,None,1.175,10.79,,None,1629100000,1629100000,,,,,,,,,5600000,389800000,None,1686600000,1686600000,524500000,None,1343100000,1379300000,None,None,198400000,,1.4,0.013,,,,-0.516,0.089,619600000,818000000,0.231,2014-06-30,54.35,893200000,10715000000.0,4777200000,595800000,259700000,157300000,157300000,None,23800000,None,1294000000,None,None,1324700000,None,None,244200000,None,None,None,0.0727,,4157600000,619600000,522800000,1400200000,None,618000000,None,,,,,3.351,9.96,2.685,,,,,,,,-0.0644,,1502600000,2025-10-29,quarterly,0.32,USD,pre-market,72000000,6265800000,0.0385,-0.207,0.036,40.07,4065500000,1343100000,18400000,0,82.04,97.52,38.5281,7868800000,4825200000,2056700000,3999400000,3043600000,1942700000,6463800000,3854900000,-4878900000,110.37,47.76
2025-12-28,EL,-2.59,14446000000.0,None,1.175,10.79,,None,1530200000,1530200000,,,,,,,,,5600000,392100000,None,1686600000,1686600000,512500000,None,None,1399000000,None,None,198400000,,1.4,0.013,,,,-0.516,0.089,619600000,818000000,0.231,2014-03-31,54.35,891500000,10715000000.0,4777200000,595800000,259700000,160200000,160200000,None,23800000,None,1215400000,None,None,1327700000,None,None,244200000,None,None,None,0.0727,,4157600000,619600000,547200000,1332500000,None,596600000,None,,,,,3.351,9.96,2.685,,,,,,,,-0.0644,,1434900000,2025-10-29,quarterly,0.32,USD,pre-market,72000000,6085100000,0.0385,-0.207,0.036,40.07,4065500000,1346100000,18400000,0,82.04,97.52,38.5281,7646000000,4691800000,2039300000,3963600000,2954200000,1924300000,6463800000,3667300000,-4812100000,110.37,47.76
2025-12-28,EL,-2.59,14446000000.0,None,1.175,10.79,,None,1748000000,1748000000,,,,,,,,,5600000,395400000,None,1686600000,1686600000,493300000,None,None,1501000000,None,None,198400000,,1.4,0.013,,,,-0.516,0.089,619600000,818000000,0.231,2013-12-31,54.35,890100000,10715000000.0,4777200000,595800000,259700000,163200000,163200000,None,23800000,None,1145900000,None,None,1322900000,None,None,244200000,None,None,None,0.0727,,4157600000,619600000,530700000,1356800000,None,596100000,None,,,,,3.351,9.96,2.685,,,,,,,,-0.0644,,1395400000,2025-10-29,quarterly,0.32,USD,pre-market,72000000,5949100000,0.0385,-0.207,0.036,40.07,4065500000,1338800000,15900000,0,82.04,97.52,38.5281,7841200000,4925600000,2039100000,3958100000,2915600000,1919000000,6463800000,3868600000,-4417100000,110.37,47.76
2025-12-28,EL,-2.59,14446000000.0,None,1.175,10.79,,None,1322200000,1322200000,,,,,,,,,5600000,394900000,None,1686600000,1686600000,461900000,None,None,1566700000,None,None,198400000,,1.4,0.013,,,,-0.516,0.089,619600000,818000000,0.231,2013-09-30,54.35,885400000,10715000000.0,4777200000,595800000,259700000,166500000,166500000,None,23800000,None,1196300000,None,None,1324700000,None,None,244200000,None,None,None,0.0727,,4157600000,619600000,547200000,1332400000,None,595700000,None,,,,,3.351,9.96,2.685,,,,,,,,-0.0644,,1364400000,2025-10-29,quarterly,0.32,USD,pre-market,72000000,5594700000,0.0385,-0.207,0.036,40.07,4065500000,1340600000,15900000,0,82.04,97.52,38.5281,7520500000,4632400000,1987600000,3908000000,2888100000,1920400000,6463800000,3595800000,-4274100000,110.37,47.76
2025-12-28,EL,-2.59,14446000000.0,None,1.175,10.79,,None,1495700000,1495700000,,,,,,,,,5600000,395500000,None,1686600000,1686600000,481700000,None,None,1171700000,None,None,198400000,,1.4,0.013,,,,-0.516,0.089,619600000,818000000,0.231,2013-06-30,54.35,881500000,10715000000.0,4777200000,595800000,259700000,169600000,169600000,None,23800000,None,1113900000,None,None,1326000000,None,None,244200000,None,None,None,0.0727,,4157600000,619600000,515900000,1353300000,None,582700000,None,,,,,3.351,9.96,2.685,,,,,,,,-0.0644,,1350700000,2025-10-29,quarterly,0.32,USD,pre-market,72000000,5364100000,0.0385,-0.207,0.036,40.07,4065500000,1344300000,18300000,0,82.04,97.52,38.5281,7145200000,4297200000,1934600000,3843300000,2848000000,1908700000,6463800000,3286900000,-4215200000,110.37,47.76
2025-12-28,EL,-2.59,14446000000.0,None,1.175,10.79,,None,1438600000,1438600000,,,,,,,,,5600000,394000000,None,1686600000,1686600000,388200000,None,None,1361900000,None,None,198400000,,1.4,0.013,,,,-0.516,0.089,619600000,818000000,0.231,2013-03-31,54.35,890300000,10715000000.0,4777200000,595800000,259700000,181200000,181200000,None,23800000,None,989300000,None,None,1329200000,None,None,244200000,None,None,None,0.0727,,4157600000,619600000,496400000,1338900000,None,643200000,None,,,,,3.351,9.96,2.685,,,,,,,,-0.0644,,1296000000,2025-10-29,quarterly,0.32,USD,pre-market,72000000,5340300000,0.0385,-0.207,0.036,40.07,4065500000,1349200000,20000000,0,82.04,97.52,38.5281,7095100000,4286200000,1915900000,3888300000,2808900000,1972400000,6463800000,3193800000,-4191000000,110.37,47.76
2025-12-28,EL,-2.59,14446000000.0,None,1.175,10.79,,None,1323600000,1323600000,,,,,,,,,5600000,394700000,None,1686600000,1686600000,345700000,None,None,1531700000,None,None,198400000,,1.4,0.013,,,,-0.516,0.089,619600000,818000000,0.231,2012-12-31,54.35,889100000,10715000000.0,4777200000,595800000,259700000,184600000,184600000,None,23800000,None,994100000,None,None,1330100000,None,None,244200000,None,None,None,0.0727,,4157600000,619600000,491600000,1380100000,None,664700000,None,,,,,3.351,9.96,2.685,,,,,,,,-0.0644,,1301600000,2025-10-29,quarterly,0.32,USD,pre-market,72000000,5231600000,0.0385,-0.207,0.036,40.07,4065500000,1356100000,26000000,0,82.04,97.52,38.5281,7170100000,4341000000,2052200000,4047000000,2829100000,1994800000,6463800000,3110200000,-4154900000,110.37,47.76
2025-12-28,EL,-2.59,14446000000.0,None,1.175,10.79,,None,1053700000,1053700000,,,,,,,,,5500000,395500000,None,1686600000,1686600000,421700000,None,None,1604700000,None,None,198400000,,1.4,0.013,,,,-0.516,0.089,619600000,818000000,0.231,2012-09-30,54.35,885900000,10715000000.0,4777200000,595800000,259700000,187500000,187500000,None,23800000,None,1067900000,None,None,1330700000,None,None,244200000,None,None,None,0.0727,,4157600000,619600000,486800000,1343100000,None,664000000,None,,,,,3.351,9.96,2.685,,,,,,,,-0.0644,,1268900000,2025-10-29,quarterly,0.32,USD,pre-market,72000000,5064400000,0.0385,-0.207,0.036,40.07,4065500000,1354700000,24000000,0,82.04,97.52,38.5281,7007600000,4213100000,1972400000,3967100000,2794500000,1994700000,6463800000,3025200000,-3995700000,110.37,47.76
2025-12-28,EL,-2.59,14446000000.0,None,1.175,10.79,,None,1347700000,1347700000,,,,,,,,,5500000,388200000,None,1686600000,1686600000,493800000,None,None,1060300000,None,None,198400000,,1.4,0.013,,,,-0.516,0.089,619600000,818000000,0.231,2012-06-30,54.35,882600000,10715000000.0,4777200000,595800000,259700000,190100000,190100000,None,23800000,None,983600000,None,None,1069100000,None,None,244200000,None,None,None,0.0727,,4157600000,619600000,463500000,1182800000,None,650600000,None,,,,,3.351,9.96,2.685,,,,,,,,-0.0644,,1231800000,2025-10-29,quarterly,0.32,USD,pre-market,72000000,4764900000,0.0385,-0.207,0.036,40.07,4065500000,1288100000,219000000,0,82.04,97.52,38.5281,6593000000,3855100000,2125800000,3845500000,2737900000,1719700000,6463800000,2733200000,-3830400000,110.37,47.76
2025-12-28,EL,-2.59,14446000000.0,None,1.175,10.79,,None,1192800000,1192800000,,,,,,,,,5500000,396300000,None,1686600000,1686600000,406600000,None,None,1304800000,None,None,198400000,,1.4,0.013,,,,-0.516,0.089,619600000,818000000,0.231,2012-03-31,54.35,881900000,10715000000.0,4777200000,595800000,259700000,208600000,208600000,None,23800000,None,898700000,None,None,1065900000,None,None,244200000,None,None,None,0.0727,,4157600000,619600000,503600000,1327200000,None,621900000,None,,,,,3.351,9.96,2.685,,,,,,,,-0.0644,,1181800000,2025-10-29,quarterly,0.32,USD,pre-market,72000000,4715300000,0.0385,-0.207,0.036,40.07,4065500000,1209900000,144000000,0,82.04,97.52,38.5281,6601500000,3899900000,2058200000,3746000000,2701600000,1687800000,6463800000,2835900000,-3788800000,110.37,47.76
2025-12-28,EL,-2.59,14446000000.0,None,1.175,10.79,,None,999100000,999100000,,,,,,,,,5500000,395200000,None,1686600000,1686600000,384800000,None,None,1383700000,None,None,198400000,,1.4,0.013,,,,-0.516,0.089,619600000,818000000,0.231,2011-12-31,54.35,879000000,10715000000.0,4777200000,595800000,259700000,211800000,211800000,None,23800000,None,898900000,None,None,1068700000,None,None,244200000,None,None,None,0.0727,,4157600000,619600000,471600000,1286400000,None,607700000,None,,,,,3.351,9.96,2.685,,,,,,,,-0.0644,,1151400000,2025-10-29,quarterly,0.32,USD,pre-market,72000000,4584900000,0.0385,-0.207,0.036,40.07,4065500000,1212500000,143800000,0,82.04,97.52,38.5281,6342200000,3753300000,2022100000,3698500000,2588900000,1676400000,6463800000,2625900000,-3762600000,110.37,47.76
2025-12-28,EL,-2.59,14446000000.0,None,1.175,10.79,,None,719500000,719500000,,,,,,,,,2700000,399200000,None,1686600000,1686600000,424200000,None,None,1378500000,None,None,198400000,,1.4,0.013,,,,-0.516,0.089,619600000,818000000,0.231,2011-09-30,54.35,876700000,10715000000.0,4777200000,595800000,259700000,222100000,222100000,None,23800000,None,982200000,None,None,1072800000,None,None,244200000,None,None,None,0.0727,,4157600000,619600000,481900000,1239700000,None,601000000,None,,,,,3.351,9.96,2.685,,,,,,,,-0.0644,,1125100000,2025-10-29,quarterly,0.32,USD,pre-market,72000000,4395100000,0.0385,-0.207,0.036,40.07,4065500000,1214600000,141800000,0,82.04,97.52,38.5281,6135400000,3562100000,1969600000,3643400000,2573300000,1673800000,6463800000,2475300000,-3645500000,110.37,47.76
2025-12-28,EL,-2.59,14446000000.0,None,1.175,10.79,,None,1253000000,1253000000,,,,,,,,,2700000,395400000,None,1686600000,1686600000,446700000,None,None,945600000,None,None,198400000,,1.4,0.013,,,,-0.516,0.089,619600000,818000000,0.231,2011-06-30,54.35,877300000,10715000000.0,4777200000,595800000,259700000,227500000,227500000,None,23800000,None,995600000,None,None,1080100000,None,None,244200000,None,None,None,0.0727,,4157600000,619600000,492300000,1171200000,None,603500000,None,,,,,3.351,9.96,2.685,,,,,,,,-0.0644,,1143100000,2025-10-29,quarterly,0.32,USD,pre-market,72000000,4116500000,0.0385,-0.207,0.036,40.07,4065500000,1218100000,138000000,0,82.04,97.52,38.5281,6273900000,3686500000,1943300000,3626900000,2587400000,1683600000,6463800000,2629400000,-3243100000,110.37,47.76
2025-12-28,EL,-2.59,14446000000.0,None,1.175,10.79,,None,1099000000,1099000000,,,,,,,,,2700000,404000000,None,1686600000,1686600000,373500000,None,None,1249600000,None,None,198400000,,1.4,0.013,,,,-0.516,0.089,619600000,818000000,0.231,2011-03-31,54.35,874400000,10715000000.0,4777200000,595800000,259700000,232200000,232200000,None,23800000,None,889300000,None,None,1082800000,None,None,244200000,None,None,None,0.0727,,4157600000,619600000,472600000,1339500000,None,610400000,None,,,,,3.351,9.96,2.685,,,,,,,,-0.0644,,1087200000,2025-10-29,quarterly,0.32,USD,pre-market,72000000,4075400000,0.0385,-0.207,0.036,40.07,4065500000,1227500000,144700000,0,82.04,97.52,38.5281,6196500000,3710500000,1974500000,3667700000,2486000000,1693200000,6463800000,2508300000,-3193300000,110.37,47.76
2025-12-28,EL,-2.59,14446000000.0,None,1.175,10.79,,None,1043100000,1043100000,,,,,,,,,2700000,401800000,None,1686600000,1686600000,349300000,None,None,1172500000,None,None,198400000,,1.4,0.013,,,,-0.516,0.089,619600000,818000000,0.231,2010-12-31,54.35,900000000,10715000000.0,4777200000,595800000,259700000,241600000,241600000,None,23800000,None,866900000,None,None,1205100000,None,None,244200000,None,None,None,0.0727,,4157600000,619600000,431600000,1258000000,None,619600000,None,,,,,3.351,9.96,2.685,,,,,,,,-0.0644,,1066900000,2025-10-29,quarterly,0.32,USD,pre-market,72000000,3950700000,0.0385,-0.207,0.036,40.07,4065500000,1231100000,26000000,0,82.04,97.52,38.5281,5981800000,3514100000,1751400000,3576100000,2467700000,1824700000,6463800000,2387000000,-3020400000,110.37,47.76
2025-12-28,EL,-2.59,14446000000.0,None,1.175,10.79,,None,693500000,693500000,,,,,,,,,2700000,400800000,None,1686600000,1686600000,379200000,None,None,1155400000,None,None,198400000,,1.4,0.013,,,,-0.516,0.089,619600000,818000000,0.231,2010-09-30,54.35,896700000,10715000000.0,4777200000,595800000,259700000,245000000,245000000,None,23800000,None,905200000,None,None,1204500000,None,None,244200000,None,None,None,0.0727,,4157600000,619600000,444300000,1200700000,None,608100000,None,,,,,3.351,9.96,2.685,,,,,,,,-0.0644,,1043800000,2025-10-29,quarterly,0.32,USD,pre-market,72000000,3755100000,0.0385,-0.207,0.036,40.07,4065500000,1235100000,30600000,0,82.04,97.52,38.5281,5637500000,3198400000,1686900000,3499500000,2439100000,1812600000,6463800000,2121000000,-2993500000,110.37,47.76
2025-12-28,EL,-2.59,14446000000.0,None,1.175,10.79,,None,1120700000,1120700000,,,,,,,,,2700000,396000000,None,1686600000,1686600000,425200000,None,None,746200000,None,None,198400000,,1.4,0.013,,,,-0.516,0.089,619600000,818000000,0.231,2010-06-30,54.35,752500000,10715000000.0,4777200000,595800000,259700000,109500000,109500000,None,23800000,None,826600000,None,None,1205000000,None,None,244200000,None,None,None,0.0727,,4157600000,619600000,427500000,1118000000,None,None,None,,,,,3.351,9.96,2.685,,,,,,,,-0.0644,,1023600000,2025-10-29,quarterly,0.32,USD,pre-market,72000000,3564000000,0.0385,-0.207,0.036,40.07,4065500000,1228400000,23400000,None,82.04,97.52,38.5281,5335600000,3121000000,1572200000,3370200000,2214600000,1798000000,6463800000,1948400000,-2850300000,110.37,47.76
2025-12-28,EL,-2.59,14446000000.0,None,1.175,10.79,,None,1381200000,1381200000,,,,,,,,,2700000,403600000,None,1686600000,1686600000,355000000,None,None,978800000,None,None,198400000,,1.4,0.013,,,,-0.516,0.089,619600000,818000000,0.231,2010-03-31,54.35,752200000,10715000000.0,4777200000,595800000,259700000,121300000,121300000,None,23800000,None,784500000,None,None,1395900000,None,None,244200000,None,None,None,0.0727,,4157600000,619600000,397900000,1201500000,None,None,None,,,,,3.351,9.96,2.685,,,,,,,,-0.0644,,1012500000,2025-10-29,quarterly,0.32,USD,pre-market,72000000,3540100000,0.0385,-0.207,0.036,40.07,4065500000,1417600000,21700000,None,82.04,97.52,38.5281,5794000000,3542400000,1647300000,3693800000,2251600000,2046500000,6463800000,2076200000,-2731400000,110.37,47.76
2025-12-28,EL,-2.59,14446000000.0,None,1.175,10.79,,None,1223600000,1223600000,,,,,,,,,2600000,400800000,None,1686600000,1686600000,314300000,None,None,1098500000,None,None,198400000,,1.4,0.013,,,,-0.516,0.089,619600000,818000000,0.231,2009-12-31,54.35,751400000,10715000000.0,4777200000,595800000,259700000,123600000,123600000,None,23800000,None,756400000,None,None,1375900000,None,None,244200000,None,None,None,0.0727,,4157600000,619600000,371000000,1203100000,None,None,None,,,,,3.351,9.96,2.685,,,,,,,,-0.0644,,1012000000,2025-10-29,quarterly,0.32,USD,pre-market,72000000,3482700000,0.0385,-0.207,0.036,40.07,4065500000,1403700000,27800000,None,82.04,97.52,38.5281,5711500000,3449500000,1655700000,3702900000,2262000000,2047200000,6463800000,1981600000,-2663200000,110.37,47.76
2025-12-28,EL,-2.59,14446000000.0,None,1.175,10.79,,None,799200000,799200000,,,,,,,,,2600000,396400000,None,1686600000,1686600000,342600000,None,None,1097400000,None,None,198400000,,1.4,0.013,,,,-0.516,0.089,619600000,818000000,0.231,2009-09-30,54.35,763400000,10715000000.0,4777200000,595800000,259700000,152200000,152200000,None,23800000,None,844200000,None,None,1389400000,None,None,244200000,None,None,None,0.0727,,4157600000,619600000,422200000,1118500000,None,None,None,,,,,3.351,9.96,2.685,,,,,,,,-0.0644,,1017900000,2025-10-29,quarterly,0.32,USD,pre-market,72000000,3335700000,0.0385,-0.207,0.036,40.07,4065500000,1408900000,19500000,None,82.04,97.52,38.5281,5466800000,3163000000,1539700000,3610200000,2303800000,2070500000,6463800000,1834600000,-2586500000,110.37,47.76
2025-12-28,EL,-2.59,14446000000.0,None,1.175,10.79,,None,864500000,864500000,,,,,,,,,2600000,393400000,None,1686600000,1686600000,329800000,None,None,853300000,None,None,198400000,,1.4,0.013,,,,-0.516,0.089,619600000,818000000,0.231,2009-06-30,54.35,759900000,10715000000.0,4777200000,595800000,259700000,150100000,150100000,None,23800000,None,795000000,None,None,1387600000,None,None,244200000,None,None,None,0.0727,,4157600000,619600000,399700000,1062400000,None,None,None,,,,,3.351,9.96,2.685,,,,,,,,-0.0644,,1026700000,2025-10-29,quarterly,0.32,USD,pre-market,72000000,3195000000,0.0385,-0.207,0.036,40.07,4065500000,1421400000,33800000,None,82.04,97.52,38.5281,5176600000,2912500000,1459200000,3512600000,2264100000,2053400000,6463800000,1640000000,-2586100000,110.37,47.76
2025-12-28,EL,-2.59,14446000000.0,None,1.175,10.79,,None,640600000,640600000,,,,,,,,,2600000,394400000,None,1686600000,1686600000,276400000,None,None,1031600000,None,None,198400000,,1.4,0.013,,,,-0.516,0.089,619600000,818000000,0.231,2009-03-31,54.35,735500000,10715000000.0,4777200000,595800000,259700000,172900000,172900000,None,23800000,None,820300000,None,None,1403300000,None,None,244200000,None,None,None,0.0727,,4157600000,619600000,403500000,1014700000,None,None,None,,,,,3.351,9.96,2.685,,,,,,,,-0.0644,,1010100000,2025-10-29,quarterly,0.32,USD,pre-market,72000000,3212900000,0.0385,-0.207,0.036,40.07,4065500000,1544000000,140700000,None,82.04,97.52,38.5281,5118800000,2896000000,1442500000,3441900000,2222800000,1999400000,6463800000,1651300000,-2586200000,110.37,47.76
2025-12-28,EL,-2.59,14446000000.0,None,1.175,10.79,,None,728900000,728900000,,,,,,,,,2600000,395000000,None,1686600000,1686600000,310300000,None,None,1033600000,None,None,198400000,,1.4,0.013,,,,-0.516,0.089,619600000,818000000,0.231,2008-12-31,54.35,746900000,10715000000.0,4777200000,595800000,259700000,180500000,180500000,None,23800000,None,896600000,None,None,1406400000,None,None,244200000,None,None,None,0.0727,,4157600000,619600000,420700000,1054200000,None,None,None,,,,,3.351,9.96,2.685,,,,,,,,-0.0644,,1030900000,2025-10-29,quarterly,0.32,USD,pre-market,72000000,3185700000,0.0385,-0.207,0.036,40.07,4065500000,1655100000,248700000,None,82.04,97.52,38.5281,5322000000,3079800000,1681500000,3642800000,2242200000,1961300000,6463800000,1653600000,-2586200000,110.37,47.76
2025-12-28,EL,-2.59,14446000000.0,None,1.175,10.79,,None,328800000,328800000,,,,,,,,,2600000,397600000,None,1686600000,1686600000,331500000,None,None,1164900000,None,None,198400000,,1.4,0.013,,,,-0.516,0.089,619600000,818000000,0.231,2008-09-30,54.35,944500000,10715000000.0,4777200000,595800000,259700000,944500000,944500000,None,23800000,None,1048400000,None,None,1082000000,None,None,244200000,None,None,None,0.0727,,4157600000,619600000,364100000,1041500000,None,None,None,,,,,3.351,9.96,2.685,,,,,,,,-0.0644,,1042600000,2025-10-29,quarterly,0.32,USD,pre-market,72000000,3136200000,0.0385,-0.207,0.036,40.07,4065500000,1431900000,349900000,None,82.04,97.52,38.5281,5181700000,2906200000,1824100000,3442200000,2275500000,1618100000,6463800000,1716400000,-2581000000,110.37,47.76
2025-12-28,EL,-2.59,14446000000.0,None,1.175,10.79,,None,401700000,401700000,,,,,,,,,2600000,387800000,None,1686600000,1686600000,361700000,None,None,1038800000,None,None,198400000,,1.4,0.013,,,,-0.516,0.089,619600000,818000000,0.231,2008-06-30,54.35,900800000,10715000000.0,4777200000,595800000,259700000,900800000,900800000,None,23800000,None,987200000,None,None,1078200000,None,None,244200000,None,None,None,0.0727,,4157600000,619600000,359500000,1067600000,None,None,None,,,,,3.351,9.96,2.685,,,,,,,,-0.0644,,1043100000,2025-10-29,quarterly,0.32,USD,pre-market,72000000,3085100000,0.0385,-0.207,0.036,40.07,4065500000,1196900000,118700000,None,82.04,97.52,38.5281,5011200000,2787200000,1699200000,3331400000,2224000000,1632200000,6463800000,1653200000,-2524300000,110.37,47.76
2025-12-28,EL,-2.59,14446000000.0,None,1.175,10.79,,None,410000000,410000000,,,,,,,,,2600000,393200000,None,1686600000,1686600000,339000000,None,None,1137900000,None,None,198400000,,1.4,0.013,,,,-0.516,0.089,619600000,818000000,0.231,2008-03-31,54.35,901700000,10715000000.0,4777200000,595800000,259700000,901700000,901700000,None,23800000,None,927900000,None,None,1085800000,None,None,244200000,None,None,None,0.0727,,4157600000,619600000,336000000,1173300000,None,None,None,,,,,3.351,9.96,2.685,,,,,,,,-0.0644,,991100000,2025-10-29,quarterly,0.32,USD,pre-market,72000000,2965100000,0.0385,-0.207,0.036,40.07,4065500000,1277500000,191700000,None,82.04,97.52,38.5281,5052300000,2811800000,1765800000,3464600000,2240500000,1698800000,6463800000,1557400000,-2488300000,110.37,47.76
2025-12-28,EL,-2.59,14446000000.0,None,1.175,10.79,,None,319500000,319500000,,,,,,,,,2600000,393000000,None,1686600000,1686600000,341400000,None,None,1099400000,None,None,198400000,,1.4,0.013,,,,-0.516,0.089,619600000,818000000,0.231,2007-12-31,54.35,901000000,10715000000.0,4777200000,595800000,259700000,901000000,901000000,None,23800000,None,899000000,None,None,1073300000,None,None,244200000,None,None,None,0.0727,,4157600000,619600000,296100000,1105500000,None,None,None,,,,,3.351,9.96,2.685,,,,,,,,-0.0644,,943700000,2025-10-29,quarterly,0.32,USD,pre-market,72000000,2875000000,0.0385,-0.207,0.036,40.07,4065500000,1272200000,198900000,None,82.04,97.52,38.5281,4737200000,2614000000,1714700000,3336300000,2123200000,1621600000,6463800000,1374000000,-2474900000,110.37,47.76
2025-12-28,EL,-2.59,14446000000.0,None,1.175,10.79,,None,211400000,211400000,,,,,,,,,2600000,394400000,None,1686600000,1686600000,314500000,None,None,1062400000,None,None,198400000,,1.4,0.013,,,,-0.516,0.089,619600000,818000000,0.231,2007-09-30,54.35,901100000,10715000000.0,4777200000,595800000,259700000,901100000,901100000,None,23800000,None,968500000,None,None,1062400000,None,None,244200000,None,None,None,0.0727,,4157600000,619600000,285500000,1035000000,None,None,None,,,,,3.351,9.96,2.685,,,,,,,,-0.0644,,917400000,2025-10-29,quarterly,0.32,USD,pre-market,72000000,2757500000,0.0385,-0.207,0.036,40.07,4065500000,1458700000,396300000,None,82.04,97.52,38.5281,4612900000,2527800000,1771500000,3368000000,2085100000,1596500000,6463800000,1223400000,-2450000000,110.37,47.76
2025-12-28,EL,-2.59,14446000000.0,None,1.175,10.79,,None,253700000,253700000,,,,,,,,,2600000,407600000,None,1686600000,1686600000,314700000,None,None,860500000,None,None,198400000,,1.4,0.013,,,,-0.516,0.089,619600000,818000000,0.231,2007-06-30,54.35,651300000,10715000000.0,4777200000,595800000,259700000,113400000,113400000,None,23800000,None,855800000,None,None,1028100000,None,None,244200000,None,None,None,0.0727,,4157600000,619600000,269400000,963900000,None,None,None,,,,,3.351,9.96,2.685,,,,,,,,-0.0644,,880800000,2025-10-29,quarterly,0.32,USD,pre-market,72000000,2731500000,0.0385,-0.207,0.036,40.07,4065500000,1088500000,60400000,None,82.04,97.52,38.5281,4125700000,2239400000,1500700000,2905400000,1886300000,1404700000,6463800000,1199000000,-2391500000,110.37,47.76
2025-12-28,EL,-2.59,14446000000.0,None,1.175,10.79,,None,202000000,202000000,,,,,,,,,2500000,416000000,None,1686600000,1686600000,273000000,None,None,964900000,None,None,198400000,,1.4,0.013,,,,-0.516,0.089,619600000,818000000,0.231,2007-03-31,54.35,684100000,10715000000.0,4777200000,595800000,259700000,78000000,78000000,None,23800000,None,806300000,None,None,1033000000,None,None,244200000,None,None,None,0.0727,,4157600000,619600000,292700000,1042600000,None,None,None,,,,,3.351,9.96,2.685,,,,,,,,-0.0644,,830500000,2025-10-29,quarterly,0.32,USD,pre-market,72000000,2618700000,0.0385,-0.207,0.036,40.07,4065500000,1174200000,141200000,None,82.04,97.52,38.5281,4014200000,2265900000,1647800000,2928900000,1748300000,1281100000,6463800000,1064900000,-2391600000,110.37,47.76
2025-12-28,EL,-2.59,14446000000.0,None,1.175,10.79,,None,251800000,251800000,,,,,,,,,2500000,422800000,None,1686600000,1686600000,287400000,None,None,1005100000,None,None,198400000,,1.4,0.013,,,,-0.516,0.089,619600000,818000000,0.231,2006-12-31,54.35,683900000,10715000000.0,4777200000,595800000,259700000,79400000,79400000,None,23800000,None,783000000,None,None,439300000,None,None,244200000,None,None,None,0.0727,,4157600000,619600000,287100000,1240200000,None,None,None,,,,,3.351,9.96,2.685,,,,,,,,-0.0644,,807500000,2025-10-29,quarterly,0.32,USD,pre-market,72000000,2524800000,0.0385,-0.207,0.036,40.07,4065500000,629200000,189900000,None,82.04,97.52,38.5281,4041900000,2327000000,1717500000,2407800000,1714900000,690300000,6463800000,1615500000,-1641900000,110.37,47.76
2025-12-28,EL,-2.59,14446000000.0,None,1.175,10.79,,None,180700000,180700000,,,,,,,,,2500000,427200000,None,1686600000,1686600000,303900000,None,None,980100000,None,None,198400000,,1.4,0.013,,,,-0.516,0.089,619600000,818000000,0.231,2006-09-30,54.35,682600000,10715000000.0,4777200000,595800000,259700000,80200000,80200000,None,23800000,None,834000000,None,None,438600000,None,None,244200000,None,None,None,0.0727,,4157600000,619600000,276600000,1132100000,None,None,None,,,,,3.351,9.96,2.685,,,,,,,,-0.0644,,775800000,2025-10-29,quarterly,0.32,USD,pre-market,72000000,2420200000,0.0385,-0.207,0.036,40.07,4065500000,643000000,204400000,None,82.04,97.52,38.5281,3946000000,2271400000,1640400000,2334800000,1674600000,694400000,6463800000,1588700000,-1498300000,110.37,47.76
2025-12-28,EL,-2.59,14446000000.0,None,1.175,10.79,,None,368600000,368600000,,,,,,,,,2500000,424800000,None,1686600000,1686600000,264500000,None,None,771200000,None,None,198400000,,1.4,0.013,,,,-0.516,0.089,619600000,818000000,0.231,2006-06-30,54.35,635800000,10715000000.0,4777200000,595800000,259700000,77000000,77000000,None,23800000,None,766300000,None,None,431800000,None,None,244200000,None,None,None,0.0727,,4157600000,619600000,270800000,948500000,None,None,None,,,,,3.351,9.96,2.685,,,,,,,,-0.0644,,758000000,2025-10-29,quarterly,0.32,USD,pre-market,72000000,2361900000,0.0385,-0.207,0.036,40.07,4065500000,521500000,89700000,None,82.04,97.52,38.5281,3784100000,2176900000,1438200000,2136400000,1607200000,698200000,6463800000,1622300000,-1387800000,110.37,47.76
2025-12-28,EL,-2.59,14446000000.0,None,1.175,10.79,,None,268300000,268300000,,,,,,,,,2500000,429800000,None,1686600000,1686600000,239500000,None,None,900100000,None,None,198400000,,1.4,0.013,,,,-0.516,0.089,619600000,818000000,0.231,2006-03-31,54.35,635900000,10715000000.0,4777200000,595800000,259700000,72400000,72400000,None,23800000,None,718100000,None,None,436300000,None,None,244200000,None,None,None,0.0727,,4157600000,619600000,284000000,1101800000,None,None,None,,,,,3.351,9.96,2.685,,,,,,,,-0.0644,,709000000,2025-10-29,quarterly,0.32,USD,pre-market,72000000,2317400000,0.0385,-0.207,0.036,40.07,4065500000,555400000,119100000,None,82.04,97.52,38.5281,3697000000,2170500000,1460400000,2136600000,1526500000,676200000,6463800000,1538400000,-1339800000,110.37,47.76
2025-12-28,EL,-2.59,14446000000.0,None,1.175,10.79,,None,370300000,370300000,,,,,,,,,2500000,433200000,None,1686600000,1686600000,244600000,None,None,832300000,None,None,198400000,,1.4,0.013,,,,-0.516,0.089,619600000,818000000,0.231,2005-12-31,54.35,633100000,10715000000.0,4777200000,595800000,259700000,706200000,706200000,None,23800000,None,726600000,None,None,441600000,None,None,244200000,None,None,None,0.0727,,4157600000,619600000,272400000,1076500000,None,None,None,,,,,3.351,9.96,2.685,,,,,,,,-0.0644,,693200000,2025-10-29,quarterly,0.32,USD,pre-market,72000000,2257900000,0.0385,-0.207,0.036,40.07,4065500000,651200000,209600000,None,82.04,97.52,38.5281,3701000000,2201600000,1530700000,2194500000,1499400000,663800000,6463800000,1487600000,-1293100000,110.37,47.76
2025-12-28,EL,-2.59,14446000000.0,None,1.175,10.79,,None,389500000,389500000,,,,,,,,,2500000,447200000,None,1686600000,1686600000,255100000,None,None,915200000,None,None,198400000,,1.4,0.013,,,,-0.516,0.089,619600000,818000000,0.231,2005-09-30,54.35,629300000,10715000000.0,4777200000,595800000,259700000,700100000,700100000,None,23800000,None,814800000,None,None,444900000,None,None,244200000,None,None,None,0.0727,,4157600000,619600000,359900000,1031700000,None,None,None,,,,,3.351,9.96,2.685,,,,,,,,-0.0644,,690800000,2025-10-29,quarterly,0.32,USD,pre-market,72000000,2261700000,0.0385,-0.207,0.036,40.07,4065500000,698500000,253600000,None,82.04,97.52,38.5281,3967700000,2479400000,1540400000,2217300000,1488300000,676900000,6463800000,1733600000,-1058500000,110.37,47.76
2025-12-28,EL,-2.59,14446000000.0,None,1.175,10.79,,2150000000,2921000000,2921000000,,,,,,,,,6000000,360100000,None,1686600000,1686600000,1497000000,None,3000000,1530000000,None,None,198400000,,1.4,0.013,,,,-0.516,0.089,619600000,818000000,0.231,2025-06-30,54.35,2135000000,10715000000.0,4777200000,595800000,259700000,3759000000,3759000000,None,23800000,None,2074000000,None,None,7314000000,None,None,244200000,None,None,None,0.0727,,4157600000,619600000,544000000,3215000000,None,1534000000,None,,,,,3.351,9.96,2.685,,,,,,,,-0.0644,,5124000000,2025-10-29,annual,0.32,USD,pre-market,72000000,11672000000,0.0385,-0.207,0.036,40.07,4065500000,9439000000,409000000,None,82.04,97.52,38.5281,19892000000,7069000000,5435000000,16027000000,12823000000,10592000000,6463800000,3865000000,None,110.37,47.76
2025-12-28,EL,-2.59,14446000000.0,None,1.175,10.79,,2055000000,3395000000,3395000000,,,,,,,,,6000000,360800000,None,1686600000,1686600000,1440000000,None,504000000,1727000000,None,None,198400000,,1.4,0.013,,,,-0.516,0.089,619600000,818000000,0.231,2024-06-30,54.35,2143000000,10715000000.0,4777200000,595800000,259700000,5183000000,5183000000,None,23800000,None,2175000000,None,None,7267000000,None,None,244200000,None,None,None,0.0727,,4157600000,619600000,625000000,2742000000,None,1693000000,None,,,,,3.351,9.96,2.685,,,,,,,,-0.0644,,4969000000,2025-10-29,annual,0.32,USD,pre-market,72000000,13427000000,0.0385,-0.207,0.036,40.07,4065500000,9826000000,858000000,None,82.04,97.52,38.5281,21677000000,7922000000,5702000000,16363000000,13755000000,10661000000,6463800000,5314000000,None,110.37,47.76
2025-12-28,EL,-2.59,14446000000.0,None,1.175,10.79,,2055000000,4029000000,4029000000,,,,,,,,,6000000,360900000,None,1686600000,1686600000,1670000000,None,997000000,1452000000,None,None,198400000,,1.4,0.013,,,,-0.516,0.089,619600000,818000000,0.231,2023-06-30,54.35,2486000000,10715000000.0,4777200000,595800000,259700000,5602000000,5602000000,None,23800000,None,2979000000,None,None,7117000000,None,None,244200000,None,None,None,0.0727,,4157600000,619600000,679000000,2374000000,None,3641000000,None,,,,,3.351,9.96,2.685,,,,,,,,-0.0644,,3179000000,2025-10-29,annual,0.32,USD,pre-market,72000000,13991000000,0.0385,-0.207,0.036,40.07,4065500000,10169000000,1354000000,None,82.04,97.52,38.5281,23415000000,9139000000,6240000000,16998000000,14276000000,10758000000,6463800000,5585000000,-13631000000,110.37,47.76
2025-12-28,EL,-2.59,14446000000.0,None,1.175,10.79,,2233000000,3957000000,3957000000,,,,,,,,,6000000,364900000,None,1686600000,1686600000,1822000000,None,268000000,1629000000,None,None,198400000,,1.4,0.013,,,,-0.516,0.089,619600000,818000000,0.231,2022-06-30,54.35,2521000000,10715000000.0,4777200000,595800000,259700000,3428000000,3428000000,None,23800000,None,2920000000,None,None,5144000000,None,None,244200000,None,None,None,0.0727,,4157600000,619600000,792000000,2703000000,None,1651000000,None,,,,,3.351,9.96,2.685,,,,,,,,-0.0644,,4599000000,2025-10-29,annual,0.32,USD,pre-market,72000000,13912000000,0.0385,-0.207,0.036,40.07,4065500000,7645000000,633000000,24000000,82.04,97.52,38.5281,20910000000,9298000000,5815000000,14478000000,11612000000,8663000000,6463800000,5590000000,-13362000000,110.37,47.76
2025-12-28,EL,-2.59,14446000000.0,None,1.175,10.79,,2530000000,4958000000,4958000000,,,,,,,,,6000000,368200000,None,1686600000,1686600000,1692000000,None,32000000,1702000000,None,None,198400000,,1.4,0.013,,,,-0.516,0.089,619600000,818000000,0.231,2021-06-30,54.35,2616000000,10715000000.0,4777200000,595800000,259700000,4095000000,4095000000,None,23800000,None,2505000000,None,None,5537000000,None,None,244200000,None,None,None,0.0727,,4157600000,619600000,603000000,2514000000,None,2037000000,None,,,,,3.351,9.96,2.685,,,,,,,,-0.0644,,4470000000,2025-10-29,annual,0.32,USD,pre-market,72000000,12244000000,0.0385,-0.207,0.036,40.07,4065500000,8099000000,411000000,15000000,82.04,97.52,38.5281,21971000000,9768000000,5298000000,15023000000,12203000000,9725000000,6463800000,6057000000,-11058000000,110.37,47.76
2025-12-28,EL,-2.59,14446000000.0,None,1.175,10.79,,2653000000,5022000000,5022000000,,,,,,,,,6000000,366900000,None,1686600000,1686600000,1177000000,None,1222000000,1194000000,None,None,198400000,,1.4,0.013,,,,-0.516,0.089,619600000,818000000,0.231,2020-06-30,54.35,1401000000,10715000000.0,4777200000,595800000,259700000,2338000000,2338000000,None,23800000,None,2062000000,None,None,4909000000,None,None,244200000,None,None,None,0.0727,,4157600000,619600000,614000000,1933000000,None,1448000000,None,,,,,3.351,9.96,2.685,,,,,,,,-0.0644,,4337000000,2025-10-29,annual,0.32,USD,pre-market,72000000,10134000000,0.0385,-0.207,0.036,40.07,4065500000,8789000000,1597000000,15000000,82.04,97.52,38.5281,17781000000,8892000000,5179000000,13819000000,8889000000,8640000000,6463800000,3935000000,-10330000000,110.37,47.76
2025-12-28,EL,-2.59,14446000000.0,None,1.175,10.79,,None,2987000000,2987000000,,,,,,,,,6000000,370400000,None,1686600000,1686600000,1490000000,None,516000000,1831000000,None,None,198400000,,1.4,0.013,,,,-0.516,0.089,619600000,818000000,0.231,2019-06-30,54.35,1868000000,10715000000.0,4777200000,595800000,259700000,1203000000,1203000000,None,23800000,None,2006000000,None,None,2896000000,None,177000000,244200000,None,None,None,0.0727,,4157600000,619600000,388000000,2285000000,None,1244000000,None,,,,,3.351,9.96,2.685,,,,,,,,-0.0644,,2068000000,2025-10-29,annual,0.32,USD,pre-market,72000000,9984000000,0.0385,-0.207,0.036,40.07,4065500000,3412000000,516000000,3000000,82.04,97.52,38.5281,13156000000,7212000000,4605000000,8745000000,5944000000,4140000000,6463800000,4386000000,-9444000000,110.37,47.76
2025-12-28,EL,-2.59,14446000000.0,None,1.175,10.79,,None,2181000000,2181000000,,,,,,,,,6000000,375700000,None,1686600000,1686600000,1182000000,None,183000000,1487000000,None,None,198400000,,1.4,0.013,,,,-0.516,0.089,619600000,818000000,0.231,2018-06-30,54.35,1926000000,10715000000.0,4777200000,595800000,259700000,1276000000,1276000000,None,23800000,None,1618000000,None,None,3361000000,None,843000000,244200000,None,None,None,0.0727,,4157600000,619600000,348000000,1722000000,None,1186000000,None,,,,,3.351,9.96,2.685,,,,,,,,-0.0644,,1823000000,2025-10-29,annual,0.32,USD,pre-market,72000000,9040000000,0.0385,-0.207,0.036,40.07,4065500000,3544000000,183000000,534000000,82.04,97.52,38.5281,12567000000,6168000000,3310000000,7857000000,6399000000,4547000000,6463800000,4688000000,-7896000000,110.37,47.76
2025-12-28,EL,-2.59,14446000000.0,None,1.175,10.79,,None,1136000000,1136000000,,,,,,,,,6000000,373000000,None,1686600000,1686600000,835000000,None,189000000,1395000000,None,None,198400000,,1.4,0.013,,,,-0.516,0.089,619600000,818000000,0.231,2017-06-30,54.35,1916000000,10715000000.0,4777200000,595800000,259700000,1327000000,1327000000,None,23800000,None,1479000000,None,None,3383000000,None,1026000000,244200000,None,None,None,0.0727,,4157600000,619600000,349000000,1609000000,None,960000000,None,,,,,3.351,9.96,2.685,,,,,,,,-0.0644,,1671000000,2025-10-29,annual,0.32,USD,pre-market,72000000,8452000000,0.0385,-0.207,0.036,40.07,4065500000,3572000000,189000000,605000000,82.04,97.52,38.5281,11568000000,4964000000,2823000000,7166000000,6604000000,4343000000,6463800000,4384000000,-7149000000,110.37,47.76
2025-12-28,EL,-2.59,14446000000.0,None,1.175,10.79,,None,914100000,914100000,,,,,,,,,5700000,376600000,None,1686600000,1686600000,717000000,None,331500000,1258300000,None,None,198400000,,1.4,0.013,,,,-0.516,0.089,619600000,818000000,0.231,2016-06-30,54.35,1227800000,10715000000.0,4777200000,595800000,259700000,344500000,344500000,None,23800000,None,1263400000,None,None,1910000000,None,1107700000,244200000,None,None,None,0.0727,,4157600000,619600000,320000000,1468700000,None,1045500000,None,,,,,3.351,9.96,2.685,,,,,,,,-0.0644,,1583300000,2025-10-29,annual,0.32,USD,pre-market,72000000,7693300000,0.0385,-0.207,0.036,40.07,4065500000,2242000000,332000000,469000000,82.04,97.52,38.5281,9223300000,4225100000,2681000000,5636000000,4998000000,2955500000,6463800000,3572000000,-6743000000,110.37,47.76
2025-12-28,EL,-2.59,14446000000.0,None,1.175,10.79,,None,1021400000,1021400000,,,,,,,,,5700000,385700000,None,1686600000,1686600000,635400000,None,29800000,1174500000,None,None,198400000,,1.4,0.013,,,,-0.516,0.089,619600000,818000000,0.231,2015-06-30,54.35,1144800000,10715000000.0,4777200000,595800000,259700000,326600000,326600000,None,23800000,None,1215800000,None,None,1595100000,None,420300000,244200000,None,None,None,0.0727,,4157600000,619600000,268200000,1367700000,None,841800000,None,,,,,3.351,9.96,2.685,,,,,,,,-0.0644,,1490200000,2025-10-29,annual,0.32,USD,pre-market,72000000,7004100000,0.0385,-0.207,0.036,40.07,4065500000,1624900000,29800000,503700000,82.04,97.52,38.5281,8239200000,4468500000,2129800000,4584900000,3770700000,2449300000,6463800000,3643200000,-5856700000,110.37,47.76
2025-12-28,EL,-2.59,14446000000.0,None,1.175,10.79,,None,1629100000,1629100000,,,,,,,,,5600000,393100000,None,1686600000,1686600000,524500000,None,1343100000,1379300000,None,None,198400000,,1.4,0.013,,,,-0.516,0.089,619600000,818000000,0.231,2014-06-30,54.35,893200000,10715000000.0,4777200000,595800000,259700000,157300000,157300000,None,23800000,None,1294000000,None,None,1324700000,None,None,244200000,None,None,None,0.0727,,4157600000,619600000,522800000,1400200000,None,618000000,None,,,,,3.351,9.96,2.685,,,,,,,,-0.0644,,1502600000,2025-10-29,annual,0.32,USD,pre-market,72000000,6265800000,0.0385,-0.207,0.036,40.07,4065500000,1343100000,18400000,0,82.04,97.52,38.5281,7868800000,4825200000,2056700000,3999400000,3043600000,1942700000,6463800000,3854900000,-4878900000,110.37,47.76
2025-12-28,EL,-2.59,14446000000.0,None,1.175,10.79,,None,1495700000,1495700000,,,,,,,,,5600000,394900000,None,1686600000,1686600000,481700000,None,None,1171700000,None,None,198400000,,1.4,0.013,,,,-0.516,0.089,619600000,818000000,0.231,2013-06-30,54.35,881500000,10715000000.0,4777200000,595800000,259700000,169600000,169600000,None,23800000,None,1113900000,None,None,1326000000,None,None,244200000,None,None,None,0.0727,,4157600000,619600000,515900000,1353300000,None,582700000,None,,,,,3.351,9.96,2.685,,,,,,,,-0.0644,,1350700000,2025-10-29,annual,0.32,USD,pre-market,72000000,5364100000,0.0385,-0.207,0.036,40.07,4065500000,1344300000,18300000,0,82.04,97.52,38.5281,7145200000,4297200000,1934600000,3843300000,2848000000,1908700000,6463800000,3286900000,-4215200000,110.37,47.76
2025-12-28,EL,-2.59,14446000000.0,None,1.175,10.79,,None,1347700000,1347700000,,,,,,,,,5500000,397000000,None,1686600000,1686600000,493800000,None,None,1060300000,None,None,198400000,,1.4,0.013,,,,-0.516,0.089,619600000,818000000,0.231,2012-06-30,54.35,882600000,10715000000.0,4777200000,595800000,259700000,190100000,190100000,None,23800000,None,983600000,None,None,1069100000,None,None,244200000,None,None,None,0.0727,,4157600000,619600000,463500000,1182800000,None,650600000,None,,,,,3.351,9.96,2.685,,,,,,,,-0.0644,,1231800000,2025-10-29,annual,0.32,USD,pre-market,72000000,4764900000,0.0385,-0.207,0.036,40.07,4065500000,1288100000,219000000,0,82.04,97.52,38.5281,6593000000,3855100000,2125800000,3845500000,2737900000,1719700000,6463800000,2733200000,-3830400000,110.37,47.76
2025-12-28,EL,-2.59,14446000000.0,None,1.175,10.79,,None,1253000000,1253000000,,,,,,,,,2700000,402400000,None,1686600000,1686600000,446700000,None,None,945600000,None,None,198400000,,1.4,0.013,,,,-0.516,0.089,619600000,818000000,0.231,2011-06-30,54.35,877300000,10715000000.0,4777200000,595800000,259700000,227500000,227500000,None,23800000,None,995600000,None,None,1080100000,None,None,244200000,None,None,None,0.0727,,4157600000,619600000,492300000,1171200000,None,603500000,None,,,,,3.351,9.96,2.685,,,,,,,,-0.0644,,1143100000,2025-10-29,annual,0.32,USD,pre-market,72000000,4116500000,0.0385,-0.207,0.036,40.07,4065500000,1218100000,138000000,0,82.04,97.52,38.5281,6273900000,3686500000,1943300000,3626900000,2587400000,1683600000,6463800000,2629400000,-3243100000,110.37,47.76
2025-12-28,EL,-2.59,14446000000.0,None,1.175,10.79,,None,1120700000,1120700000,,,,,,,,,2700000,401400000,None,1686600000,1686600000,425200000,None,None,746200000,None,None,198400000,,1.4,0.013,,,,-0.516,0.089,619600000,818000000,0.231,2010-06-30,54.35,752500000,10715000000.0,4777200000,595800000,259700000,109500000,109500000,None,23800000,None,826600000,None,None,1205000000,None,None,244200000,None,None,None,0.0727,,4157600000,619600000,427500000,1118000000,None,None,None,,,,,3.351,9.96,2.685,,,,,,,,-0.0644,,1023600000,2025-10-29,annual,0.32,USD,pre-market,72000000,3564000000,0.0385,-0.207,0.036,40.07,4065500000,1228400000,23400000,None,82.04,97.52,38.5281,5335600000,3121000000,1572200000,3370200000,2214600000,1798000000,6463800000,1948400000,-2850300000,110.37,47.76
2025-12-28,EL,-2.59,14446000000.0,None,1.175,10.79,,None,864500000,864500000,,,,,,,,,2600000,397090909,None,1686600000,1686600000,329800000,None,None,853300000,None,None,198400000,,1.4,0.013,,,,-0.516,0.089,619600000,818000000,0.231,2009-06-30,54.35,759900000,10715000000.0,4777200000,595800000,259700000,150100000,150100000,None,23800000,None,795000000,None,None,1387600000,None,None,244200000,None,None,None,0.0727,,4157600000,619600000,399700000,1062400000,None,None,None,,,,,3.351,9.96,2.685,,,,,,,,-0.0644,,1026700000,2025-10-29,annual,0.32,USD,pre-market,72000000,3195000000,0.0385,-0.207,0.036,40.07,4065500000,1421400000,33800000,None,82.04,97.52,38.5281,5176600000,2912500000,1459200000,3512600000,2264100000,2053400000,6463800000,1640000000,-2586100000,110.37,47.76
2025-12-28,EL,-2.59,14446000000.0,None,1.175,10.79,,None,401700000,401700000,,,,,,,,,2600000,394200000,None,1686600000,1686600000,361700000,None,None,1038800000,None,None,198400000,,1.4,0.013,,,,-0.516,0.089,619600000,818000000,0.231,2008-06-30,54.35,900800000,10715000000.0,4777200000,595800000,259700000,900800000,900800000,None,23800000,None,987200000,None,None,1078200000,None,None,244200000,None,None,None,0.0727,,4157600000,619600000,359500000,1067600000,None,None,None,,,,,3.351,9.96,2.685,,,,,,,,-0.0644,,1043100000,2025-10-29,annual,0.32,USD,pre-market,72000000,3085100000,0.0385,-0.207,0.036,40.07,4065500000,1196900000,118700000,None,82.04,97.52,38.5281,5011200000,2787200000,1699200000,3331400000,2224000000,1632200000,6463800000,1653200000,-2524300000,110.37,47.76
2025-12-28,EL,-2.59,14446000000.0,None,1.175,10.79,,None,253700000,253700000,,,,,,,,,2600000,415600000,None,1686600000,1686600000,314700000,None,None,860500000,None,None,198400000,,1.4,0.013,,,,-0.516,0.089,619600000,818000000,0.231,2007-06-30,54.35,651300000,10715000000.0,4777200000,595800000,259700000,113400000,113400000,None,23800000,None,855800000,None,None,1028100000,None,None,244200000,None,None,None,0.0727,,4157600000,619600000,269400000,963900000,None,None,None,,,,,3.351,9.96,2.685,,,,,,,,-0.0644,,880800000,2025-10-29,annual,0.32,USD,pre-market,72000000,2731500000,0.0385,-0.207,0.036,40.07,4065500000,1088500000,60400000,None,82.04,97.52,38.5281,4125700000,2239400000,1500700000,2905400000,1886300000,1404700000,6463800000,1199000000,-2391500000,110.37,47.76
2025-12-28,EL,-2.59,14446000000.0,None,1.175,10.79,,None,368600000,368600000,,,,,,,,,2500000,434800000,None,1686600000,1686600000,264500000,None,None,771200000,None,None,198400000,,1.4,0.013,,,,-0.516,0.089,619600000,818000000,0.231,2006-06-30,54.35,635800000,10715000000.0,4777200000,595800000,259700000,77000000,77000000,None,23800000,None,766300000,None,None,431800000,None,None,244200000,None,None,None,0.0727,,4157600000,619600000,270800000,948500000,None,None,None,,,,,3.351,9.96,2.685,,,,,,,,-0.0644,,758000000,2025-10-29,annual,0.32,USD,pre-market,72000000,2361900000,0.0385,-0.207,0.036,40.07,4065500000,521500000,89700000,None,82.04,97.52,38.5281,3784100000,2176900000,1438200000,2136400000,1607200000,698200000,6463800000,1622300000,-1387800000,110.37,47.76
2025-12-28,EL,-2.59,14446000000.0,None,1.175,10.79,96000000,None,368600000,368600000,-239000000,-116000000,None,None,6000000,None,None,None,2500000,434800000,None,1686600000,1686600000,264500000,None,None,771200000,None,None,198400000,200000000,1.4,0.013,127000000,127000000,None,-0.516,0.089,619600000,818000000,0.231,2025-09-30,54.35,635800000,10715000000.0,4777200000,595800000,259700000,77000000,77000000,None,23800000,None,766300000,None,None,431800000,None,None,47000000,None,None,None,0.0727,-340000000,4157600000,619600000,270800000,948500000,None,None,None,None,None,None,None,3.351,9.96,2.685,None,None,None,None,None,-9000000,None,-0.0644,None,758000000,2025-10-29,quarterly,0.32,USD,pre-market,72000000,2361900000,0.0385,-0.207,0.036,40.07,4065500000,521500000,89700000,None,82.04,97.52,38.5281,3784100000,2176900000,1438200000,2136400000,1607200000,698200000,6463800000,1622300000,-1387800000,110.37,47.76
2025-12-28,EL,-2.59,14446000000.0,None,1.175,10.79,207000000,None,368600000,368600000,-128000000,-215000000,None,None,-31000000,None,None,None,2500000,434800000,None,1686600000,1686600000,264500000,None,None,771200000,None,None,198400000,221000000,1.4,0.013,126000000,126000000,None,-0.516,0.089,619600000,818000000,0.231,2025-06-30,54.35,635800000,10715000000.0,4777200000,595800000,259700000,77000000,77000000,None,23800000,None,766300000,None,None,431800000,None,None,-546000000,None,None,None,0.0727,601000000,4157600000,619600000,270800000,948500000,None,None,None,None,None,None,None,3.351,9.96,2.685,None,None,None,None,None,35000000,None,-0.0644,None,758000000,2025-10-29,quarterly,0.32,USD,pre-market,72000000,2361900000,0.0385,-0.207,0.036,40.07,4065500000,521500000,89700000,None,82.04,97.52,38.5281,3784100000,2176900000,1438200000,2136400000,1607200000,698200000,6463800000,1622300000,-1387800000,110.37,47.76
2025-12-28,EL,-2.59,14446000000.0,None,1.175,10.79,122000000,None,368600000,368600000,-117000000,-135000000,None,None,83000000,None,None,None,2500000,434800000,None,1686600000,1686600000,264500000,None,None,771200000,None,None,198400000,201000000,1.4,0.013,126000000,126000000,None,-0.516,0.089,619600000,818000000,0.231,2025-03-31,54.35,635800000,10715000000.0,4777200000,595800000,259700000,77000000,77000000,None,23800000,None,766300000,None,None,431800000,None,None,159000000,None,None,None,0.0727,284000000,4157600000,619600000,270800000,948500000,None,None,None,None,None,None,None,3.351,9.96,2.685,None,None,None,None,None,35000000,None,-0.0644,None,758000000,2025-10-29,quarterly,0.32,USD,pre-market,72000000,2361900000,0.0385,-0.207,0.036,40.07,4065500000,521500000,89700000,None,82.04,97.52,38.5281,3784100000,2176900000,1438200000,2136400000,1607200000,698200000,6463800000,1622300000,-1387800000,110.37,47.76
2025-12-28,EL,-2.59,14446000000.0,None,1.175,10.79,132000000,None,368600000,368600000,-652000000,-134000000,None,None,142000000,None,None,None,2500000,434800000,None,1686600000,1686600000,264500000,None,None,771200000,None,None,198400000,203000000,1.4,0.013,126000000,126000000,None,-0.516,0.089,619600000,818000000,0.231,2024-12-31,54.35,635800000,10715000000.0,4777200000,595800000,259700000,77000000,77000000,None,23800000,None,766300000,None,None,431800000,None,None,-590000000,None,None,None,0.0727,1057000000,4157600000,619600000,270800000,948500000,None,None,None,None,None,None,None,3.351,9.96,2.685,None,None,None,None,None,-25000000,None,-0.0644,None,758000000,2025-10-29,quarterly,0.32,USD,pre-market,72000000,2361900000,0.0385,-0.207,0.036,40.07,4065500000,521500000,89700000,None,82.04,97.52,38.5281,3784100000,2176900000,1438200000,2136400000,1607200000,698200000,6463800000,1622300000,-1387800000,110.37,47.76
2025-12-28,EL,-2.59,14446000000.0,None,1.175,10.79,141000000,None,368600000,368600000,-226000000,-160000000,None,None,-10000000,None,None,None,2500000,434800000,None,1686600000,1686600000,264500000,None,None,771200000,None,None,198400000,204000000,1.4,0.013,240000000,240000000,None,-0.516,0.089,619600000,818000000,0.231,2024-09-30,54.35,635800000,10715000000.0,4777200000,595800000,259700000,77000000,77000000,None,23800000,None,766300000,None,None,431800000,None,None,-156000000,None,None,None,0.0727,-670000000,4157600000,619600000,270800000,948500000,None,None,None,None,None,None,None,3.351,9.96,2.685,None,None,None,None,None,-10000000,None,-0.0644,None,758000000,2025-10-29,quarterly,0.32,USD,pre-market,72000000,2361900000,0.0385,-0.207,0.036,40.07,4065500000,521500000,89700000,None,82.04,97.52,38.5281,3784100000,2176900000,1438200000,2136400000,1607200000,698200000,6463800000,1622300000,-1387800000,110.37,47.76
2025-12-28,EL,-2.59,14446000000.0,None,1.175,10.79,217000000,None,368600000,368600000,-231000000,-970000000,None,None,113000000,None,None,None,2500000,434800000,None,1686600000,1686600000,264500000,None,None,771200000,None,None,198400000,211000000,1.4,0.013,237000000,237000000,None,-0.516,0.089,619600000,818000000,0.231,2024-06-30,54.35,635800000,10715000000.0,4777200000,595800000,259700000,77000000,77000000,None,23800000,None,766300000,None,None,431800000,None,None,-284000000,None,None,None,0.0727,889000000,4157600000,619600000,270800000,948500000,None,None,None,None,None,None,None,3.351,9.96,2.685,None,None,None,None,None,-1000000,None,-0.0644,None,758000000,2025-10-29,quarterly,0.32,USD,pre-market,72000000,2361900000,0.0385,-0.207,0.036,40.07,4065500000,521500000,89700000,None,82.04,97.52,38.5281,3784100000,2176900000,1438200000,2136400000,1607200000,698200000,6463800000,1622300000,-1387800000,110.37,47.76
2025-12-28,EL,-2.59,14446000000.0,None,1.175,10.79,175000000,None,368600000,368600000,-570000000,-178000000,None,None,248000000,None,None,None,2500000,434800000,None,1686600000,1686600000,264500000,None,None,771200000,None,None,198400000,202000000,1.4,0.013,236000000,236000000,None,-0.516,0.089,619600000,818000000,0.231,2024-03-31,54.35,635800000,10715000000.0,4777200000,595800000,259700000,77000000,77000000,None,23800000,None,766300000,None,None,431800000,None,None,330000000,None,None,None,0.0727,534000000,4157600000,619600000,270800000,948500000,None,None,None,None,None,None,None,3.351,9.96,2.685,None,None,None,None,None,-1000000,None,-0.0644,None,758000000,2025-10-29,quarterly,0.32,USD,pre-market,72000000,2361900000,0.0385,-0.207,0.036,40.07,4065500000,521500000,89700000,None,82.04,97.52,38.5281,3784100000,2176900000,1438200000,2136400000,1607200000,698200000,6463800000,1622300000,-1387800000,110.37,47.76
2025-12-28,EL,-2.59,14446000000.0,None,1.175,10.79,232000000,None,368600000,368600000,-270000000,-262000000,None,None,343000000,None,None,None,2500000,434800000,None,1686600000,1686600000,264500000,None,None,771200000,None,None,198400000,200000000,1.4,0.013,238000000,238000000,None,-0.516,0.089,619600000,818000000,0.231,2023-12-31,54.35,635800000,10715000000.0,4777200000,595800000,259700000,77000000,77000000,None,23800000,None,766300000,None,None,431800000,None,None,313000000,None,None,None,0.0727,1345000000,4157600000,619600000,270800000,948500000,None,None,None,None,None,None,None,3.351,9.96,2.685,None,None,None,None,None,-30000000,None,-0.0644,None,758000000,2025-10-29,quarterly,0.32,USD,pre-market,72000000,2361900000,0.0385,-0.207,0.036,40.07,4065500000,521500000,89700000,None,82.04,97.52,38.5281,3784100000,2176900000,1438200000,2136400000,1607200000,698200000,6463800000,1622300000,-1387800000,110.37,47.76
2025-12-28,EL,-2.59,14446000000.0,None,1.175,10.79,295000000,None,368600000,368600000,-237000000,-295000000,None,None,62000000,None,None,None,2500000,434800000,None,1686600000,1686600000,264500000,None,None,771200000,None,None,198400000,203000000,1.4,0.013,236000000,236000000,None,-0.516,0.089,619600000,818000000,0.231,2023-09-30,54.35,635800000,10715000000.0,4777200000,595800000,259700000,77000000,77000000,None,23800000,None,766300000,None,None,431800000,None,None,36000000,None,None,None,0.0727,-408000000,4157600000,619600000,270800000,948500000,None,None,None,None,None,None,None,3.351,9.96,2.685,None,None,None,None,None,-3000000,None,-0.0644,None,758000000,2025-10-29,quarterly,0.32,USD,pre-market,72000000,2361900000,0.0385,-0.207,0.036,40.07,4065500000,521500000,89700000,None,82.04,97.52,38.5281,3784100000,2176900000,1438200000,2136400000,1607200000,698200000,6463800000,1622300000,-1387800000,110.37,47.76
2025-12-28,EL,-2.59,14446000000.0,None,1.175,10.79,2637000000,None,368600000,368600000,495000000,-2690000000,-1476000000,None,90000000,None,None,439000000,2500000,434800000,None,1686600000,1686600000,264500000,None,None,771200000,None,None,198400000,196000000,1.4,0.013,238000000,238000000,None,-0.516,0.089,619600000,818000000,0.231,2023-06-30,54.35,635800000,10715000000.0,4777200000,595800000,259700000,77000000,77000000,None,23800000,None,766300000,None,None,431800000,None,None,-32000000,None,None,None,0.0727,714000000,4157600000,619600000,270800000,948500000,None,None,None,None,None,None,None,3.351,9.96,2.685,None,None,None,None,None,-13000000,None,-0.0644,None,758000000,2025-10-29,quarterly,0.32,USD,pre-market,72000000,2361900000,0.0385,-0.207,0.036,40.07,4065500000,521500000,89700000,None,82.04,97.52,38.5281,3784100000,2176900000,1438200000,2136400000,1607200000,698200000,6463800000,1622300000,-1387800000,110.37,47.76
2025-12-28,EL,-2.59,14446000000.0,None,1.175,10.79,233000000,None,368600000,368600000,-4000000,-242000000,1799000000,None,2000000,None,None,41000000,2500000,434800000,None,1686600000,1686600000,264500000,None,None,771200000,None,None,198400000,189000000,1.4,0.013,236000000,236000000,None,-0.516,0.089,619600000,818000000,0.231,2023-03-31,54.35,635800000,10715000000.0,4777200000,595800000,259700000,77000000,77000000,None,23800000,None,766300000,None,None,431800000,None,None,155000000,None,None,None,0.0727,266000000,4157600000,619600000,270800000,948500000,None,None,None,None,None,None,None,3.351,9.96,2.685,None,None,None,None,None,-1000000,None,-0.0644,None,758000000,2025-10-29,quarterly,0.32,USD,pre-market,72000000,2361900000,0.0385,-0.207,0.036,40.07,4065500000,521500000,89700000,None,82.04,97.52,38.5281,3784100000,2176900000,1438200000,2136400000,1607200000,698200000,6463800000,1622300000,-1387800000,110.37,47.76
2025-12-28,EL,-2.59,14446000000.0,None,1.175,10.79,267000000,None,368600000,368600000,-381000000,-271000000,749000000,None,73000000,None,None,284000000,2500000,434800000,None,1686600000,1686600000,264500000,None,None,771200000,None,None,198400000,181000000,1.4,0.013,236000000,236000000,None,-0.516,0.089,619600000,818000000,0.231,2022-12-31,54.35,635800000,10715000000.0,4777200000,595800000,259700000,77000000,77000000,None,23800000,None,766300000,None,None,431800000,None,None,397000000,None,None,None,0.0727,1401000000,4157600000,619600000,270800000,948500000,None,None,None,None,None,None,None,3.351,9.96,2.685,None,None,None,None,None,-147000000,None,-0.0644,None,758000000,2025-10-29,quarterly,0.32,USD,pre-market,72000000,2361900000,0.0385,-0.207,0.036,40.07,4065500000,521500000,89700000,None,82.04,97.52,38.5281,3784100000,2176900000,1438200000,2136400000,1607200000,698200000,6463800000,1622300000,-1387800000,110.37,47.76
2025-12-28,EL,-2.59,14446000000.0,None,1.175,10.79,152000000,None,368600000,368600000,-304000000,-14000000,-968000000,None,-229000000,None,None,-579000000,2500000,434800000,None,1686600000,1686600000,264500000,None,None,771200000,None,None,198400000,172000000,1.4,0.013,215000000,215000000,None,-0.516,0.089,619600000,818000000,0.231,2022-09-30,54.35,635800000,10715000000.0,4777200000,595800000,259700000,77000000,77000000,None,23800000,None,766300000,None,None,431800000,None,None,489000000,None,None,None,0.0727,-650000000,4157600000,619600000,270800000,948500000,None,None,None,None,None,None,None,3.351,9.96,2.685,None,None,None,None,None,-110000000,None,-0.0644,None,758000000,2025-10-29,quarterly,0.32,USD,pre-market,72000000,2361900000,0.0385,-0.207,0.036,40.07,4065500000,521500000,89700000,None,82.04,97.52,38.5281,3784100000,2176900000,1438200000,2136400000,1607200000,698200000,6463800000,1622300000,-1387800000,110.37,47.76
2025-12-28,EL,-2.59,14446000000.0,None,1.175,10.79,382000000,None,368600000,368600000,-504000000,-397000000,169000000,None,-204000000,None,None,538000000,2500000,434800000,None,1686600000,1686600000,264500000,None,None,771200000,None,None,198400000,175000000,1.4,0.013,216000000,216000000,None,-0.516,0.089,619600000,818000000,0.231,2022-06-30,54.35,635800000,10715000000.0,4777200000,595800000,259700000,77000000,77000000,None,23800000,None,766300000,None,None,431800000,None,None,52000000,None,None,None,0.0727,1070000000,4157600000,619600000,270800000,948500000,None,None,None,None,None,None,None,3.351,9.96,2.685,None,None,None,None,None,-311000000,None,-0.0644,None,758000000,2025-10-29,quarterly,0.32,USD,pre-market,72000000,2361900000,0.0385,-0.207,0.036,40.07,4065500000,521500000,89700000,None,82.04,97.52,38.5281,3784100000,2176900000,1438200000,2136400000,1607200000,698200000,6463800000,1622300000,-1387800000,110.37,47.76
2025-12-28,EL,-2.59,14446000000.0,None,1.175,10.79,199000000,None,368600000,368600000,-741000000,-149000000,-767000000,None,-234000000,None,None,-141000000,2500000,434800000,None,1686600000,1686600000,264500000,None,None,771200000,None,None,198400000,178000000,1.4,0.013,215000000,215000000,None,-0.516,0.089,619600000,818000000,0.231,2022-03-31,54.35,635800000,10715000000.0,4777200000,595800000,259700000,77000000,77000000,None,23800000,None,766300000,None,None,431800000,None,None,558000000,None,None,None,0.0727,123000000,4157600000,619600000,270800000,948500000,None,None,None,None,None,None,None,3.351,9.96,2.685,None,None,None,None,None,-570000000,None,-0.0644,None,758000000,2025-10-29,quarterly,0.32,USD,pre-market,72000000,2361900000,0.0385,-0.207,0.036,40.07,4065500000,521500000,89700000,None,82.04,97.52,38.5281,3784100000,2176900000,1438200000,2136400000,1607200000,698200000,6463800000,1622300000,-1387800000,110.37,47.76
2025-12-28,EL,-2.59,14446000000.0,None,1.175,10.79,254000000,None,368600000,368600000,-1061000000,-261000000,605000000,None,14000000,None,None,176000000,2500000,434800000,None,1686600000,1686600000,264500000,None,None,771200000,None,None,198400000,175000000,1.4,0.013,217000000,217000000,None,-0.516,0.089,619600000,818000000,0.231,2021-12-31,54.35,635800000,10715000000.0,4777200000,595800000,259700000,77000000,77000000,None,23800000,None,766300000,None,None,431800000,None,None,1088000000,None,None,None,0.0727,1927000000,4157600000,619600000,270800000,948500000,None,None,None,None,None,None,None,3.351,9.96,2.685,None,None,None,None,None,-871000000,None,-0.0644,None,758000000,2025-10-29,quarterly,0.32,USD,pre-market,72000000,2361900000,0.0385,-0.207,0.036,40.07,4065500000,521500000,89700000,None,82.04,97.52,38.5281,3784100000,2176900000,1438200000,2136400000,1607200000,698200000,6463800000,1622300000,-1387800000,110.37,47.76
2025-12-28,EL,-2.59,14446000000.0,None,1.175,10.79,205000000,None,368600000,368600000,-714000000,-153000000,-948000000,None,-178000000,None,None,-583000000,2500000,434800000,None,1686600000,1686600000,264500000,None,None,771200000,None,None,198400000,175000000,1.4,0.013,192000000,192000000,None,-0.516,0.089,619600000,818000000,0.231,2021-09-30,54.35,635800000,10715000000.0,4777200000,595800000,259700000,77000000,77000000,None,23800000,None,766300000,None,None,431800000,None,None,692000000,None,None,None,0.0727,-81000000,4157600000,619600000,270800000,948500000,None,None,None,None,None,None,None,3.351,9.96,2.685,None,None,None,None,None,-557000000,None,-0.0644,None,758000000,2025-10-29,quarterly,0.32,USD,pre-market,72000000,2361900000,0.0385,-0.207,0.036,40.07,4065500000,521500000,89700000,None,82.04,97.52,38.5281,3784100000,2176900000,1438200000,2136400000,1607200000,698200000,6463800000,1622300000,-1387800000,110.37,47.76
2025-12-28,EL,-2.59,14446000000.0,None,1.175,10.79,251000000,None,368600000,368600000,-1035000000,-1282000000,-1463000000,None,-153000000,None,None,108000000,2500000,434800000,None,1686600000,1686600000,264500000,None,None,771200000,None,None,198400000,169000000,1.4,0.013,192000000,192000000,None,-0.516,0.089,619600000,818000000,0.231,2021-06-30,54.35,635800000,10715000000.0,4777200000,595800000,259700000,77000000,77000000,None,23800000,None,766300000,None,None,431800000,None,None,1018000000,None,None,None,0.0727,854000000,4157600000,619600000,270800000,948500000,None,None,None,None,None,None,None,3.351,9.96,2.685,None,None,None,None,None,-417000000,None,-0.0644,None,758000000,2025-10-29,quarterly,0.32,USD,pre-market,72000000,2361900000,0.0385,-0.207,0.036,40.07,4065500000,521500000,89700000,None,82.04,97.52,38.5281,3784100000,2176900000,1438200000,2136400000,1607200000,698200000,6463800000,1622300000,-1387800000,110.37,47.76
2025-12-28,EL,-2.59,14446000000.0,None,1.175,10.79,136000000,None,368600000,368600000,260000000,-183000000,876000000,None,-54000000,None,None,214000000,2500000,434800000,None,1686600000,1686600000,264500000,None,None,771200000,None,None,198400000,154000000,1.4,0.013,193000000,193000000,None,-0.516,0.089,619600000,818000000,0.231,2021-03-31,54.35,635800000,10715000000.0,4777200000,595800000,259700000,77000000,77000000,None,23800000,None,766300000,None,None,431800000,None,None,456000000,None,None,None,0.0727,799000000,4157600000,619600000,270800000,948500000,None,None,None,None,None,None,None,3.351,9.96,2.685,None,None,None,None,None,-214000000,None,-0.0644,None,758000000,2025-10-29,quarterly,0.32,USD,pre-market,72000000,2361900000,0.0385,-0.207,0.036,40.07,4065500000,521500000,89700000,None,82.04,97.52,38.5281,3784100000,2176900000,1438200000,2136400000,1607200000,698200000,6463800000,1622300000,-1387800000,110.37,47.76
2025-12-28,EL,-2.59,14446000000.0,None,1.175,10.79,134000000,None,368600000,368600000,-227000000,-157000000,1236000000,None,161000000,None,None,-113000000,2500000,434800000,None,1686600000,1686600000,264500000,None,None,771200000,None,None,198400000,153000000,1.4,0.013,194000000,194000000,None,-0.516,0.089,619600000,818000000,0.231,2020-12-31,54.35,635800000,10715000000.0,4777200000,595800000,259700000,77000000,77000000,None,23800000,None,766300000,None,None,431800000,None,None,873000000,None,None,None,0.0727,1620000000,4157600000,619600000,270800000,948500000,None,None,None,None,None,None,None,3.351,9.96,2.685,None,None,None,None,None,-77000000,None,-0.0644,None,758000000,2025-10-29,quarterly,0.32,USD,pre-market,72000000,2361900000,0.0385,-0.207,0.036,40.07,4065500000,521500000,89700000,None,82.04,97.52,38.5281,3784100000,2176900000,1438200000,2136400000,1607200000,698200000,6463800000,1622300000,-1387800000,110.37,47.76
2025-12-28,EL,-2.59,14446000000.0,None,1.175,10.79,116000000,None,368600000,368600000,-890000000,-242000000,-774000000,None,-94000000,None,None,-607000000,2500000,434800000,None,1686600000,1686600000,264500000,None,None,771200000,None,None,198400000,150000000,1.4,0.013,174000000,174000000,None,-0.516,0.089,619600000,818000000,0.231,2020-09-30,54.35,635800000,10715000000.0,4777200000,595800000,259700000,77000000,77000000,None,23800000,None,766300000,None,None,431800000,None,None,523000000,None,None,None,0.0727,358000000,4157600000,619600000,270800000,948500000,None,None,None,None,None,None,None,3.351,9.96,2.685,None,None,None,None,None,-25000000,None,-0.0644,None,758000000,2025-10-29,quarterly,0.32,USD,pre-market,72000000,2361900000,0.0385,-0.207,0.036,40.07,4065500000,521500000,89700000,None,82.04,97.52,38.5281,3784100000,2176900000,1438200000,2136400000,1607200000,698200000,6463800000,1622300000,-1387800000,110.37,47.76
2025-12-28,EL,-2.59,14446000000.0,None,1.175,10.79,155000000,None,368600000,368600000,-64000000,-141000000,130000000,None,38000000,None,None,673000000,2500000,434800000,None,1686600000,1686600000,264500000,None,None,771200000,None,None,198400000,183000000,1.4,0.013,1000000,1000000,None,-0.516,0.089,619600000,818000000,0.231,2020-06-30,54.35,635800000,10715000000.0,4777200000,595800000,259700000,77000000,77000000,None,23800000,None,766300000,None,None,431800000,None,None,-462000000,None,None,None,0.0727,335000000,4157600000,619600000,270800000,948500000,None,None,None,None,None,None,None,3.351,9.96,2.685,None,None,None,None,None,-7000000,None,-0.0644,None,758000000,2025-10-29,quarterly,0.32,USD,pre-market,72000000,2361900000,0.0385,-0.207,0.036,40.07,4065500000,521500000,89700000,None,82.04,97.52,38.5281,3784100000,2176900000,1438200000,2136400000,1607200000,698200000,6463800000,1622300000,-1387800000,110.37,47.76
2025-12-28,EL,-2.59,14446000000.0,None,1.175,10.79,177000000,None,368600000,368600000,838000000,-207000000,1321000000,None,-72000000,None,None,299000000,2500000,434800000,None,1686600000,1686600000,264500000,None,None,771200000,None,None,198400000,154000000,1.4,0.013,172000000,172000000,None,-0.516,0.089,619600000,818000000,0.231,2020-03-31,54.35,635800000,10715000000.0,4777200000,595800000,259700000,77000000,77000000,None,23800000,None,766300000,None,None,431800000,None,None,-6000000,None,None,None,0.0727,690000000,4157600000,619600000,270800000,948500000,None,None,None,None,None,None,None,3.351,9.96,2.685,None,None,None,None,None,-70000000,None,-0.0644,None,758000000,2025-10-29,quarterly,0.32,USD,pre-market,72000000,2361900000,0.0385,-0.207,0.036,40.07,4065500000,521500000,89700000,None,82.04,97.52,38.5281,3784100000,2176900000,1438200000,2136400000,1607200000,698200000,6463800000,1622300000,-1387800000,110.37,47.76
2025-12-28,EL,-2.59,14446000000.0,None,1.175,10.79,166000000,None,368600000,368600000,1103000000,-1222000000,1306000000,None,114000000,None,None,140000000,2500000,434800000,None,1686600000,1686600000,264500000,None,None,771200000,None,None,198400000,138000000,1.4,0.013,174000000,174000000,None,-0.516,0.089,619600000,818000000,0.231,2019-12-31,54.35,635800000,10715000000.0,4777200000,595800000,259700000,77000000,77000000,None,23800000,None,766300000,None,None,431800000,None,None,557000000,None,None,None,0.0727,1425000000,4157600000,619600000,270800000,948500000,None,None,None,None,None,None,None,3.351,9.96,2.685,None,None,None,None,None,-503000000,None,-0.0644,None,758000000,2025-10-29,quarterly,0.32,USD,pre-market,72000000,2361900000,0.0385,-0.207,0.036,40.07,4065500000,521500000,89700000,None,82.04,97.52,38.5281,3784100000,2176900000,1438200000,2136400000,1607200000,698200000,6463800000,1622300000,-1387800000,110.37,47.76
2025-12-28,EL,-2.59,14446000000.0,None,1.175,10.79,125000000,None,368600000,368600000,-416000000,-128000000,-714000000,None,-83000000,None,None,-487000000,2500000,434800000,None,1686600000,1686600000,264500000,None,None,771200000,None,None,198400000,136000000,1.4,0.013,156000000,156000000,None,-0.516,0.089,619600000,818000000,0.231,2019-09-30,54.35,635800000,10715000000.0,4777200000,595800000,259700000,77000000,77000000,None,23800000,None,766300000,None,None,431800000,None,None,595000000,None,None,None,0.0727,-170000000,4157600000,619600000,270800000,948500000,None,None,None,None,None,None,None,3.351,9.96,2.685,None,None,None,None,None,-313000000,None,-0.0644,None,758000000,2025-10-29,quarterly,0.32,USD,pre-market,72000000,2361900000,0.0385,-0.207,0.036,40.07,4065500000,521500000,89700000,None,82.04,97.52,38.5281,3784100000,2176900000,1438200000,2136400000,1607200000,698200000,6463800000,1622300000,-1387800000,110.37,47.76
2025-12-28,EL,-2.59,14446000000.0,None,1.175,10.79,303000000,None,368600000,368600000,-359000000,-301000000,101000000,None,-191000000,None,None,208000000,2500000,434800000,None,1686600000,1686600000,264500000,None,None,771200000,None,None,198400000,153000000,1.4,0.013,156000000,156000000,None,-0.516,0.089,619600000,818000000,0.231,2019-06-30,54.35,635800000,10715000000.0,4777200000,595800000,259700000,77000000,77000000,None,23800000,None,766300000,None,None,431800000,None,None,157000000,None,None,None,0.0727,761000000,4157600000,619600000,270800000,948500000,None,None,None,None,None,None,None,3.351,9.96,2.685,None,None,None,None,None,-211000000,None,-0.0644,None,758000000,2025-10-29,quarterly,0.32,USD,pre-market,72000000,2361900000,0.0385,-0.207,0.036,40.07,4065500000,521500000,89700000,None,82.04,97.52,38.5281,3784100000,2176900000,1438200000,2136400000,1607200000,698200000,6463800000,1622300000,-1387800000,110.37,47.76
2025-12-28,EL,-2.59,14446000000.0,None,1.175,10.79,149000000,None,368600000,368600000,-278000000,809000000,1014000000,None,-163000000,None,None,-34000000,2500000,434800000,None,1686600000,1686600000,264500000,None,None,771200000,None,None,198400000,135000000,1.4,0.013,156000000,156000000,None,-0.516,0.089,619600000,818000000,0.231,2019-03-31,54.35,635800000,10715000000.0,4777200000,595800000,259700000,77000000,77000000,None,23800000,None,766300000,None,None,431800000,None,None,555000000,None,None,None,0.0727,483000000,4157600000,619600000,270800000,948500000,None,None,None,None,None,None,None,3.351,9.96,2.685,None,None,None,None,None,-218000000,None,-0.0644,None,758000000,2025-10-29,quarterly,0.32,USD,pre-market,72000000,2361900000,0.0385,-0.207,0.036,40.07,4065500000,521500000,89700000,None,82.04,97.52,38.5281,3784100000,2176900000,1438200000,2136400000,1607200000,698200000,6463800000,1622300000,-1387800000,110.37,47.76
2025-12-28,EL,-2.59,14446000000.0,None,1.175,10.79,164000000,None,368600000,368600000,-894000000,-66000000,432000000,None,15000000,None,None,203000000,2500000,434800000,None,1686600000,1686600000,264500000,None,None,771200000,None,None,198400000,137000000,1.4,0.013,156000000,156000000,None,-0.516,0.089,619600000,818000000,0.231,2018-12-31,54.35,635800000,10715000000.0,4777200000,595800000,259700000,77000000,77000000,None,23800000,None,766300000,None,None,431800000,None,None,573000000,None,None,None,0.0727,1392000000,4157600000,619600000,270800000,948500000,None,None,None,None,None,None,None,3.351,9.96,2.685,None,None,None,None,None,-596000000,None,-0.0644,None,758000000,2025-10-29,quarterly,0.32,USD,pre-market,72000000,2361900000,0.0385,-0.207,0.036,40.07,4065500000,521500000,89700000,None,82.04,97.52,38.5281,3784100000,2176900000,1438200000,2136400000,1607200000,698200000,6463800000,1622300000,-1387800000,110.37,47.76
2025-12-28,EL,-2.59,14446000000.0,None,1.175,10.79,128000000,None,368600000,368600000,-642000000,31000000,-730000000,None,-36000000,None,None,-546000000,2500000,434800000,None,1686600000,1686600000,264500000,None,None,771200000,None,None,198400000,132000000,1.4,0.013,141000000,141000000,None,-0.516,0.089,619600000,818000000,0.231,2018-09-30,54.35,635800000,10715000000.0,4777200000,595800000,259700000,77000000,77000000,None,23800000,None,766300000,None,None,431800000,None,None,500000000,None,None,None,0.0727,-119000000,4157600000,619600000,270800000,948500000,None,None,None,None,None,None,None,3.351,9.96,2.685,None,None,None,None,None,-530000000,None,-0.0644,None,758000000,2025-10-29,quarterly,0.32,USD,pre-market,72000000,2361900000,0.0385,-0.207,0.036,40.07,4065500000,521500000,89700000,None,82.04,97.52,38.5281,3784100000,2176900000,1438200000,2136400000,1607200000,698200000,6463800000,1622300000,-1387800000,110.37,47.76
2025-12-28,EL,-2.59,14446000000.0,None,1.175,10.79,261000000,None,368600000,368600000,-350000000,-214000000,41000000,-37000000,-147000000,None,None,220000000,2500000,434800000,None,1686600000,1686600000,264500000,None,None,771200000,None,None,198400000,142000000,1.4,0.013,139000000,139000000,None,-0.516,0.089,619600000,818000000,0.231,2018-06-30,54.35,635800000,10715000000.0,4777200000,595800000,259700000,77000000,77000000,None,23800000,None,766300000,None,None,431800000,None,None,186000000,None,None,None,0.0727,642000000,4157600000,619600000,270800000,948500000,None,None,None,None,None,None,None,3.351,9.96,2.685,None,None,None,None,None,-83000000,None,-0.0644,None,758000000,2025-10-29,quarterly,0.32,USD,pre-market,72000000,2361900000,0.0385,-0.207,0.036,40.07,4065500000,521500000,89700000,None,82.04,97.52,38.5281,3784100000,2176900000,1438200000,2136400000,1607200000,698200000,6463800000,1622300000,-1387800000,110.37,47.76
2025-12-28,EL,-2.59,14446000000.0,None,1.175,10.79,105000000,None,368600000,368600000,-461000000,1000000,35000000,25000000,-66000000,None,None,-44000000,2500000,434800000,None,1686600000,1686600000,264500000,None,None,771200000,None,None,198400000,133000000,1.4,0.013,140000000,140000000,None,-0.516,0.089,619600000,818000000,0.231,2018-03-31,54.35,635800000,10715000000.0,4777200000,595800000,259700000,77000000,77000000,None,23800000,None,766300000,None,None,431800000,None,None,372000000,None,None,None,0.0727,481000000,4157600000,619600000,270800000,948500000,None,None,None,None,None,None,None,3.351,9.96,2.685,None,None,None,None,None,-278000000,None,-0.0644,None,758000000,2025-10-29,quarterly,0.32,USD,pre-market,72000000,2361900000,0.0385,-0.207,0.036,40.07,4065500000,521500000,89700000,None,82.04,97.52,38.5281,3784100000,2176900000,1438200000,2136400000,1607200000,698200000,6463800000,1622300000,-1387800000,110.37,47.76
2025-12-28,EL,-2.59,14446000000.0,None,1.175,10.79,147000000,None,368600000,368600000,-534000000,-181000000,661000000,19000000,82000000,None,None,109000000,2500000,434800000,None,1686600000,1686600000,264500000,None,None,771200000,None,None,198400000,129000000,1.4,0.013,141000000,141000000,None,-0.516,0.089,619600000,818000000,0.231,2017-12-31,54.35,635800000,10715000000.0,4777200000,595800000,259700000,77000000,77000000,None,23800000,None,766300000,None,None,431800000,None,None,123000000,None,None,None,0.0727,1357000000,4157600000,619600000,270800000,948500000,None,None,None,None,None,None,None,3.351,9.96,2.685,None,None,None,None,None,-287000000,None,-0.0644,None,758000000,2025-10-29,quarterly,0.32,USD,pre-market,72000000,2361900000,0.0385,-0.207,0.036,40.07,4065500000,521500000,89700000,None,82.04,97.52,38.5281,3784100000,2176900000,1438200000,2136400000,1607200000,698200000,6463800000,1622300000,-1387800000,110.37,47.76
2025-12-28,EL,-2.59,14446000000.0,None,1.175,10.79,116000000,None,368600000,368600000,173000000,36000000,308000000,6000000,-16000000,None,None,-390000000,2500000,434800000,None,1686600000,1686600000,264500000,None,None,771200000,None,None,198400000,127000000,1.4,0.013,126000000,126000000,None,-0.516,0.089,619600000,818000000,0.231,2017-09-30,54.35,635800000,10715000000.0,4777200000,595800000,259700000,77000000,77000000,None,23800000,None,766300000,None,None,431800000,None,None,427000000,None,None,None,0.0727,82000000,4157600000,619600000,270800000,948500000,None,None,None,None,None,None,None,3.351,9.96,2.685,None,None,None,None,None,-111000000,None,-0.0644,None,758000000,2025-10-29,quarterly,0.32,USD,pre-market,72000000,2361900000,0.0385,-0.207,0.036,40.07,4065500000,521500000,89700000,None,82.04,97.52,38.5281,3784100000,2176900000,1438200000,2136400000,1607200000,698200000,6463800000,1622300000,-1387800000,110.37,47.76
2025-12-28,EL,-2.59,14446000000.0,None,1.175,10.79,188000000,None,368600000,368600000,-453000000,-108000000,-3000000,10000000,-144000000,None,None,150000000,2500000,434800000,None,1686600000,1686600000,264500000,None,None,771200000,None,None,198400000,127000000,1.4,0.013,125000000,125000000,None,-0.516,0.089,619600000,818000000,0.231,2017-06-30,54.35,635800000,10715000000.0,4777200000,595800000,259700000,77000000,77000000,None,23800000,None,766300000,None,None,431800000,None,None,229000000,None,None,None,0.0727,548000000,4157600000,619600000,270800000,948500000,None,None,None,None,None,None,None,3.351,9.96,2.685,None,None,None,None,None,-50000000,None,-0.0644,None,758000000,2025-10-29,quarterly,0.32,USD,pre-market,72000000,2361900000,0.0385,-0.207,0.036,40.07,4065500000,521500000,89700000,None,82.04,97.52,38.5281,3784100000,2176900000,1438200000,2136400000,1607200000,698200000,6463800000,1622300000,-1387800000,110.37,47.76
2025-12-28,EL,-2.59,14446000000.0,None,1.175,10.79,108000000,None,368600000,368600000,-187000000,-379000000,-123000000,15000000,-19000000,None,None,1000000,2500000,434800000,None,1686600000,1686600000,264500000,None,None,771200000,None,None,198400000,119000000,1.4,0.013,125000000,125000000,None,-0.516,0.089,619600000,818000000,0.231,2017-03-31,54.35,635800000,10715000000.0,4777200000,595800000,259700000,77000000,77000000,None,23800000,None,766300000,None,None,431800000,None,None,298000000,None,None,None,0.0727,428000000,4157600000,619600000,270800000,948500000,None,None,None,None,None,None,None,3.351,9.96,2.685,None,None,None,None,None,53000000,None,-0.0644,None,758000000,2025-10-29,quarterly,0.32,USD,pre-market,72000000,2361900000,0.0385,-0.207,0.036,40.07,4065500000,521500000,89700000,None,82.04,97.52,38.5281,3784100000,2176900000,1438200000,2136400000,1607200000,698200000,6463800000,1622300000,-1387800000,110.37,47.76
2025-12-28,EL,-2.59,14446000000.0,None,1.175,10.79,123000000,None,368600000,368600000,1306000000,-1661000000,598000000,-21000000,109000000,None,None,122000000,2500000,434800000,None,1686600000,1686600000,264500000,None,None,771200000,None,None,198400000,112000000,1.4,0.013,125000000,125000000,None,-0.516,0.089,619600000,818000000,0.231,2016-12-31,54.35,635800000,10715000000.0,4777200000,595800000,259700000,77000000,77000000,None,23800000,None,766300000,None,None,431800000,None,None,428000000,None,None,None,0.0727,974000000,4157600000,619600000,270800000,948500000,None,None,None,None,None,None,None,3.351,9.96,2.685,None,None,None,None,None,-141000000,None,-0.0644,None,758000000,2025-10-29,quarterly,0.32,USD,pre-market,72000000,2361900000,0.0385,-0.207,0.036,40.07,4065500000,521500000,89700000,None,82.04,97.52,38.5281,3784100000,2176900000,1438200000,2136400000,1607200000,698200000,6463800000,1622300000,-1387800000,110.37,47.76
2025-12-28,EL,-2.59,14446000000.0,None,1.175,10.79,85000000,None,368600000,368600000,-36000000,-66000000,-250000000,2000000,-31000000,None,None,-365000000,2500000,434800000,None,1686600000,1686600000,264500000,None,None,771200000,None,None,198400000,106000000,1.4,0.013,111000000,111000000,None,-0.516,0.089,619600000,818000000,0.231,2016-09-30,54.35,635800000,10715000000.0,4777200000,595800000,259700000,77000000,77000000,None,23800000,None,766300000,None,None,431800000,None,None,294000000,None,None,None,0.0727,-150000000,4157600000,619600000,270800000,948500000,None,None,None,None,None,None,None,3.351,9.96,2.685,None,None,None,None,None,-222000000,None,-0.0644,None,758000000,2025-10-29,quarterly,0.32,USD,pre-market,72000000,2361900000,0.0385,-0.207,0.036,40.07,4065500000,521500000,89700000,None,82.04,97.52,38.5281,3784100000,2176900000,1438200000,2136400000,1607200000,698200000,6463800000,1622300000,-1387800000,110.37,47.76
2025-12-28,EL,-2.59,14446000000.0,None,1.175,10.79,190900000,None,368600000,368600000,60400000,-172400000,357800000,-2700000,-121900000,None,None,150200000,2500000,434800000,None,1686600000,1686600000,264500000,None,None,771200000,None,None,198400000,109800000,1.4,0.013,110600000,110600000,None,-0.516,0.089,619600000,818000000,0.231,2016-06-30,54.35,635800000,10715000000.0,4777200000,595800000,259700000,77000000,77000000,None,23800000,None,766300000,None,None,431800000,None,None,93500000,None,None,None,0.0727,472500000,4157600000,619600000,270800000,948500000,None,None,None,None,None,None,None,3.351,9.96,2.685,None,None,None,None,None,-186800000,None,-0.0644,None,758000000,2025-10-29,quarterly,0.32,USD,pre-market,72000000,2361900000,0.0385,-0.207,0.036,40.07,4065500000,521500000,89700000,None,82.04,97.52,38.5281,3784100000,2176900000,1438200000,2136400000,1607200000,698200000,6463800000,1622300000,-1387800000,110.37,47.76
2025-12-28,EL,-2.59,14446000000.0,None,1.175,10.79,111000000,None,368600000,368600000,-212000000,-452700000,-311800000,-1000000,-48900000,None,None,25700000,2500000,434800000,None,1686600000,1686600000,264500000,None,None,771200000,None,None,198400000,103300000,1.4,0.013,110700000,110700000,None,-0.516,0.089,619600000,818000000,0.231,2016-03-31,54.35,635800000,10715000000.0,4777200000,595800000,259700000,77000000,77000000,None,23800000,None,766300000,None,None,431800000,None,None,266600000,None,None,None,0.0727,353900000,4157600000,619600000,270800000,948500000,None,None,None,None,None,None,None,3.351,9.96,2.685,None,None,None,None,None,-75000000,None,-0.0644,None,758000000,2025-10-29,quarterly,0.32,USD,pre-market,72000000,2361900000,0.0385,-0.207,0.036,40.07,4065500000,521500000,89700000,None,82.04,97.52,38.5281,3784100000,2176900000,1438200000,2136400000,1607200000,698200000,6463800000,1622300000,-1387800000,110.37,47.76
2025-12-28,EL,-2.59,14446000000.0,None,1.175,10.79,133500000,None,368600000,368600000,-409300000,-79700000,459600000,-5500000,84800000,None,None,112200000,2500000,434800000,None,1686600000,1686600000,264500000,None,None,771200000,None,None,198400000,103500000,1.4,0.013,111500000,111500000,None,-0.516,0.089,619600000,818000000,0.231,2015-12-31,54.35,635800000,10715000000.0,4777200000,595800000,259700000,77000000,77000000,None,23800000,None,766300000,None,None,431800000,None,None,448400000,None,None,None,0.0727,954100000,4157600000,619600000,270800000,948500000,None,None,None,None,None,None,None,3.351,9.96,2.685,None,None,None,None,None,-241000000,None,-0.0644,None,758000000,2025-10-29,quarterly,0.32,USD,pre-market,72000000,2361900000,0.0385,-0.207,0.036,40.07,4065500000,521500000,89700000,None,82.04,97.52,38.5281,3784100000,2176900000,1438200000,2136400000,1607200000,698200000,6463800000,1622300000,-1387800000,110.37,47.76
2025-12-28,EL,-2.59,14446000000.0,None,1.175,10.79,89900000,None,368600000,368600000,-44000000,-564500000,-612900000,-12600000,17000000,None,None,-389000000,2500000,434800000,None,1686600000,1686600000,264500000,None,None,771200000,None,None,198400000,98100000,1.4,0.013,89700000,89700000,None,-0.516,0.089,619600000,818000000,0.231,2015-09-30,54.35,635800000,10715000000.0,4777200000,595800000,259700000,77000000,77000000,None,23800000,None,766300000,None,None,431800000,None,None,310800000,None,None,None,0.0727,8200000,4157600000,619600000,270800000,948500000,None,None,None,None,None,None,None,3.351,9.96,2.685,None,None,None,None,None,-387000000,None,-0.0644,None,758000000,2025-10-29,quarterly,0.32,USD,pre-market,72000000,2361900000,0.0385,-0.207,0.036,40.07,4065500000,521500000,89700000,None,82.04,97.52,38.5281,3784100000,2176900000,1438200000,2136400000,1607200000,698200000,6463800000,1622300000,-1387800000,110.37,47.76
2025-12-28,EL,-2.59,14446000000.0,None,1.175,10.79,193200000,None,368600000,368600000,-240400000,-584000000,-266900000,-800000,-131100000,None,None,197400000,2500000,434800000,None,1686600000,1686600000,264500000,None,None,771200000,None,None,198400000,110700000,1.4,0.013,90100000,90100000,None,-0.516,0.089,619600000,818000000,0.231,2015-06-30,54.35,635800000,10715000000.0,4777200000,595800000,259700000,77000000,77000000,None,23800000,None,766300000,None,None,431800000,None,None,153800000,None,None,None,0.0727,558300000,4157600000,619600000,270800000,948500000,None,None,None,None,None,None,None,3.351,9.96,2.685,None,None,None,None,None,-356700000,None,-0.0644,None,758000000,2025-10-29,quarterly,0.32,USD,pre-market,72000000,2361900000,0.0385,-0.207,0.036,40.07,4065500000,521500000,89700000,None,82.04,97.52,38.5281,3784100000,2176900000,1438200000,2136400000,1607200000,698200000,6463800000,1622300000,-1387800000,110.37,47.76
2025-12-28,EL,-2.59,14446000000.0,None,1.175,10.79,92400000,None,368600000,368600000,-86300000,-241300000,47100000,-16600000,-2200000,None,None,15600000,2500000,434800000,None,1686600000,1686600000,264500000,None,None,771200000,None,None,198400000,100000000,1.4,0.013,90900000,90900000,None,-0.516,0.089,619600000,818000000,0.231,2015-03-31,54.35,635800000,10715000000.0,4777200000,595800000,259700000,77000000,77000000,None,23800000,None,766300000,None,None,431800000,None,None,272700000,None,None,None,0.0727,391300000,4157600000,619600000,270800000,948500000,None,None,None,None,None,None,None,3.351,9.96,2.685,None,None,None,None,None,-147500000,None,-0.0644,None,758000000,2025-10-29,quarterly,0.32,USD,pre-market,72000000,2361900000,0.0385,-0.207,0.036,40.07,4065500000,521500000,89700000,None,82.04,97.52,38.5281,3784100000,2176900000,1438200000,2136400000,1607200000,698200000,6463800000,1622300000,-1387800000,110.37,47.76
2025-12-28,EL,-2.59,14446000000.0,None,1.175,10.79,108700000,None,368600000,368600000,-295500000,-710600000,-154200000,-14100000,116800000,None,None,58100000,2500000,434800000,None,1686600000,1686600000,264500000,None,None,771200000,None,None,198400000,98000000,1.4,0.013,91400000,91400000,None,-0.516,0.089,619600000,818000000,0.231,2014-12-31,54.35,635800000,10715000000.0,4777200000,595800000,259700000,77000000,77000000,None,23800000,None,766300000,None,None,431800000,None,None,437700000,None,None,None,0.0727,866000000,4157600000,619600000,270800000,948500000,None,None,None,None,None,None,None,3.351,9.96,2.685,None,None,None,None,None,-271600000,None,-0.0644,None,758000000,2025-10-29,quarterly,0.32,USD,pre-market,72000000,2361900000,0.0385,-0.207,0.036,40.07,4065500000,521500000,89700000,None,82.04,97.52,38.5281,3784100000,2176900000,1438200000,2136400000,1607200000,698200000,6463800000,1622300000,-1387800000,110.37,47.76
2025-12-28,EL,-2.59,14446000000.0,None,1.175,10.79,78700000,None,368600000,368600000,-272600000,-80300000,-233700000,-8500000,-9700000,None,None,-167900000,2500000,434800000,None,1686600000,1686600000,264500000,None,None,771200000,None,None,198400000,100600000,1.4,0.013,77500000,77500000,None,-0.516,0.089,619600000,818000000,0.231,2014-09-30,54.35,635800000,10715000000.0,4777200000,595800000,259700000,77000000,77000000,None,23800000,None,766300000,None,None,431800000,None,None,229200000,None,None,None,0.0727,127700000,4157600000,619600000,270800000,948500000,None,None,None,None,None,None,None,3.351,9.96,2.685,None,None,None,None,None,-207000000,None,-0.0644,None,758000000,2025-10-29,quarterly,0.32,USD,pre-market,72000000,2361900000,0.0385,-0.207,0.036,40.07,4065500000,521500000,89700000,None,82.04,97.52,38.5281,3784100000,2176900000,1438200000,2136400000,1607200000,698200000,6463800000,1622300000,-1387800000,110.37,47.76
2025-12-28,EL,-2.59,14446000000.0,None,1.175,10.79,167400000,None,368600000,368600000,-112200000,-167400000,98900000,12700000,-69400000,None,None,30500000,2500000,434800000,None,1686600000,1686600000,264500000,None,None,771200000,None,None,198400000,104600000,1.4,0.013,76600000,76600000,None,-0.516,0.089,619600000,818000000,0.231,2014-06-30,54.35,635800000,10715000000.0,4777200000,595800000,259700000,77000000,77000000,None,23800000,None,766300000,None,None,431800000,None,None,258400000,None,None,None,0.0727,365800000,4157600000,619600000,270800000,948500000,None,None,None,None,None,None,None,3.351,9.96,2.685,None,None,None,None,None,-66900000,None,-0.0644,None,758000000,2025-10-29,quarterly,0.32,USD,pre-market,72000000,2361900000,0.0385,-0.207,0.036,40.07,4065500000,521500000,89700000,None,82.04,97.52,38.5281,3784100000,2176900000,1438200000,2136400000,1607200000,698200000,6463800000,1622300000,-1387800000,110.37,47.76
2025-12-28,EL,-2.59,14446000000.0,None,1.175,10.79,125900000,None,368600000,368600000,-441600000,-117500000,-217800000,-45700000,-74500000,None,None,91700000,2500000,434800000,None,1686600000,1686600000,264500000,None,None,771200000,None,None,198400000,95600000,1.4,0.013,76800000,76800000,None,-0.516,0.089,619600000,818000000,0.231,2014-03-31,54.35,635800000,10715000000.0,4777200000,595800000,259700000,77000000,77000000,None,23800000,None,766300000,None,None,431800000,None,None,213700000,None,None,None,0.0727,387000000,4157600000,619600000,270800000,948500000,None,None,None,None,None,None,None,3.351,9.96,2.685,None,None,None,None,None,-395400000,None,-0.0644,None,758000000,2025-10-29,quarterly,0.32,USD,pre-market,72000000,2361900000,0.0385,-0.207,0.036,40.07,4065500000,521500000,89700000,None,82.04,97.52,38.5281,3784100000,2176900000,1438200000,2136400000,1607200000,698200000,6463800000,1622300000,-1387800000,110.37,47.76
2025-12-28,EL,-2.59,14446000000.0,None,1.175,10.79,131200000,None,368600000,368600000,-188200000,-131800000,425800000,-6700000,45200000,None,None,56700000,2500000,434800000,None,1686600000,1686600000,264500000,None,None,771200000,None,None,198400000,95500000,1.4,0.013,78600000,78600000,None,-0.516,0.089,619600000,818000000,0.231,2013-12-31,54.35,635800000,10715000000.0,4777200000,595800000,259700000,77000000,77000000,None,23800000,None,766300000,None,None,431800000,None,None,435200000,None,None,None,0.0727,752500000,4157600000,619600000,270800000,948500000,None,None,None,None,None,None,None,3.351,9.96,2.685,None,None,None,None,None,-145400000,None,-0.0644,None,758000000,2025-10-29,quarterly,0.32,USD,pre-market,72000000,2361900000,0.0385,-0.207,0.036,40.07,4065500000,521500000,89700000,None,82.04,97.52,38.5281,3784100000,2176900000,1438200000,2136400000,1607200000,698200000,6463800000,1622300000,-1387800000,110.37,47.76
2025-12-28,EL,-2.59,14446000000.0,None,1.175,10.79,85700000,None,368600000,368600000,-114900000,-94900000,-173500000,6400000,-58100000,None,None,-375100000,2500000,434800000,None,1686600000,1686600000,264500000,None,None,771200000,None,None,198400000,88900000,1.4,0.013,69800000,69800000,None,-0.516,0.089,619600000,818000000,0.231,2013-09-30,54.35,635800000,10715000000.0,4777200000,595800000,259700000,77000000,77000000,None,23800000,None,766300000,None,None,431800000,None,None,301800000,None,None,None,0.0727,29900000,4157600000,619600000,270800000,948500000,None,None,None,None,None,None,None,3.351,9.96,2.685,None,None,None,None,None,-59500000,None,-0.0644,None,758000000,2025-10-29,quarterly,0.32,USD,pre-market,72000000,2361900000,0.0385,-0.207,0.036,40.07,4065500000,521500000,89700000,None,82.04,97.52,38.5281,3784100000,2176900000,1438200000,2136400000,1607200000,698200000,6463800000,1622300000,-1387800000,110.37,47.76
2025-12-28,EL,-2.59,14446000000.0,None,1.175,10.79,155500000,None,368600000,368600000,-75000000,-154700000,57100000,-5300000,-130300000,None,None,184000000,2500000,434800000,None,1686600000,1686600000,264500000,None,None,771200000,None,None,198400000,89700000,1.4,0.013,69900000,69900000,None,-0.516,0.089,619600000,818000000,0.231,2013-06-30,54.35,635800000,10715000000.0,4777200000,595800000,259700000,77000000,77000000,None,23800000,None,766300000,None,None,431800000,None,None,95900000,None,None,None,0.0727,292100000,4157600000,619600000,270800000,948500000,None,None,None,None,None,None,None,3.351,9.96,2.685,None,None,None,None,None,-24500000,None,-0.0644,None,758000000,2025-10-29,quarterly,0.32,USD,pre-market,72000000,2361900000,0.0385,-0.207,0.036,40.07,4065500000,521500000,89700000,None,82.04,97.52,38.5281,3784100000,2176900000,1438200000,2136400000,1607200000,698200000,6463800000,1622300000,-1387800000,110.37,47.76
2025-12-28,EL,-2.59,14446000000.0,None,1.175,10.79,100100000,None,368600000,368600000,-64000000,-94600000,115000000,-5500000,-15900000,None,None,147900000,2500000,434800000,None,1686600000,1686600000,264500000,None,None,771200000,None,None,198400000,90400000,1.4,0.013,69800000,69800000,None,-0.516,0.089,619600000,818000000,0.231,2013-03-31,54.35,635800000,10715000000.0,4777200000,595800000,259700000,77000000,77000000,None,23800000,None,766300000,None,None,431800000,None,None,178900000,None,None,None,0.0727,279100000,4157600000,619600000,270800000,948500000,None,None,None,None,None,None,None,3.351,9.96,2.685,None,None,None,None,None,-36700000,None,-0.0644,None,758000000,2025-10-29,quarterly,0.32,USD,pre-market,72000000,2361900000,0.0385,-0.207,0.036,40.07,4065500000,521500000,89700000,None,82.04,97.52,38.5281,3784100000,2176900000,1438200000,2136400000,1607200000,698200000,6463800000,1622300000,-1387800000,110.37,47.76
2025-12-28,EL,-2.59,14446000000.0,None,1.175,10.79,109900000,None,368600000,368600000,-401700000,-112000000,269900000,3300000,70900000,None,None,73200000,2500000,434800000,None,1686600000,1686600000,264500000,None,None,771200000,None,None,198400000,90600000,1.4,0.013,279000000,279000000,None,-0.516,0.089,619600000,818000000,0.231,2012-12-31,54.35,635800000,10715000000.0,4777200000,595800000,259700000,77000000,77000000,None,23800000,None,766300000,None,None,431800000,None,None,449400000,None,None,None,0.0727,780300000,4157600000,619600000,270800000,948500000,None,None,None,None,None,None,None,3.351,9.96,2.685,None,None,None,None,None,-161100000,None,-0.0644,None,758000000,2025-10-29,quarterly,0.32,USD,pre-market,72000000,2361900000,0.0385,-0.207,0.036,40.07,4065500000,521500000,89700000,None,82.04,97.52,38.5281,3784100000,2176900000,1438200000,2136400000,1607200000,698200000,6463800000,1622300000,-1387800000,110.37,47.76
2025-12-28,EL,-2.59,14446000000.0,None,1.175,10.79,95500000,None,368600000,368600000,-70800000,-104200000,-294000000,6200000,-59200000,None,None,-518100000,2500000,434800000,None,1686600000,1686600000,264500000,None,None,771200000,None,None,198400000,77500000,1.4,0.013,500000,500000,None,-0.516,0.089,619600000,818000000,0.231,2012-09-30,54.35,635800000,10715000000.0,4777200000,595800000,259700000,77000000,77000000,None,23800000,None,766300000,None,None,431800000,None,None,299600000,None,None,None,0.0727,-125200000,4157600000,619600000,270800000,948500000,None,None,None,None,None,None,None,3.351,9.96,2.685,None,None,None,None,None,-165400000,None,-0.0644,None,758000000,2025-10-29,quarterly,0.32,USD,pre-market,72000000,2361900000,0.0385,-0.207,0.036,40.07,4065500000,521500000,89700000,None,82.04,97.52,38.5281,3784100000,2176900000,1438200000,2136400000,1607200000,698200000,6463800000,1622300000,-1387800000,110.37,47.76
2025-12-28,EL,-2.59,14446000000.0,None,1.175,10.79,148800000,None,368600000,368600000,55600000,-148800000,154900000,-8900000,-107200000,None,None,218600000,2500000,434800000,None,1686600000,1686600000,264500000,None,None,771200000,None,None,198400000,37600000,1.4,0.013,4500000,4500000,None,-0.516,0.089,619600000,818000000,0.231,2012-06-30,54.35,635800000,10715000000.0,4777200000,595800000,259700000,77000000,77000000,None,23800000,None,766300000,None,None,431800000,None,None,52200000,None,None,None,0.0727,257000000,4157600000,619600000,270800000,948500000,None,None,None,None,None,None,None,3.351,9.96,2.685,None,None,None,None,None,-42700000,None,-0.0644,None,758000000,2025-10-29,quarterly,0.32,USD,pre-market,72000000,2361900000,0.0385,-0.207,0.036,40.07,4065500000,521500000,89700000,None,82.04,97.52,38.5281,3784100000,2176900000,1438200000,2136400000,1607200000,698200000,6463800000,1622300000,-1387800000,110.37,47.76
2025-12-28,EL,-2.59,14446000000.0,None,1.175,10.79,90400000,None,368600000,368600000,17000000,-90300000,193700000,7500000,6800000,None,None,97400000,2500000,434800000,None,1686600000,1686600000,264500000,None,None,771200000,None,None,198400000,49100000,1.4,0.013,204000000,204000000,None,-0.516,0.089,619600000,818000000,0.231,2012-03-31,54.35,635800000,10715000000.0,4777200000,595800000,259700000,77000000,77000000,None,23800000,None,766300000,None,None,431800000,None,None,131300000,None,None,None,0.0727,259500000,4157600000,619600000,270800000,948500000,None,None,None,None,None,None,None,3.351,9.96,2.685,None,None,None,None,None,-27600000,None,-0.0644,None,758000000,2025-10-29,quarterly,0.32,USD,pre-market,72000000,2361900000,0.0385,-0.207,0.036,40.07,4065500000,521500000,89700000,None,82.04,97.52,38.5281,3784100000,2176900000,1438200000,2136400000,1607200000,698200000,6463800000,1622300000,-1387800000,110.37,47.76
2025-12-28,EL,-2.59,14446000000.0,None,1.175,10.79,100700000,None,368600000,368600000,-266800000,-100700000,279600000,700000,80600000,None,None,-12300000,2500000,434800000,None,1686600000,1686600000,264500000,None,None,771200000,None,None,198400000,55900000,1.4,0.013,203700000,203700000,None,-0.516,0.089,619600000,818000000,0.231,2011-12-31,54.35,635800000,10715000000.0,4777200000,595800000,259700000,77000000,77000000,None,23800000,None,766300000,None,None,431800000,None,None,398400000,None,None,None,0.0727,646400000,4157600000,619600000,270800000,948500000,None,None,None,None,None,None,None,3.351,9.96,2.685,None,None,None,None,None,-119500000,None,-0.0644,None,758000000,2025-10-29,quarterly,0.32,USD,pre-market,72000000,2361900000,0.0385,-0.207,0.036,40.07,4065500000,521500000,89700000,None,82.04,97.52,38.5281,3784100000,2176900000,1438200000,2136400000,1607200000,698200000,6463800000,1622300000,-1387800000,110.37,47.76
2025-12-28,EL,-2.59,14446000000.0,None,1.175,10.79,80800000,None,368600000,368600000,-390900000,-88500000,-533500000,-17900000,-21400000,None,None,-482100000,2500000,434800000,None,1686600000,1686600000,264500000,None,None,771200000,None,None,198400000,69600000,1.4,0.013,300000,300000,None,-0.516,0.089,619600000,818000000,0.231,2011-09-30,54.35,635800000,10715000000.0,4777200000,595800000,259700000,77000000,77000000,None,23800000,None,766300000,None,None,431800000,None,None,278600000,None,None,None,0.0727,-36200000,4157600000,619600000,270800000,948500000,None,None,None,None,None,None,None,3.351,9.96,2.685,None,None,None,None,None,-402900000,None,-0.0644,None,758000000,2025-10-29,quarterly,0.32,USD,pre-market,72000000,2361900000,0.0385,-0.207,0.036,40.07,4065500000,521500000,89700000,None,82.04,97.52,38.5281,3784100000,2176900000,1438200000,2136400000,1607200000,698200000,6463800000,1622300000,-1387800000,110.37,47.76
2025-12-28,EL,-2.59,14446000000.0,None,1.175,10.79,127100000,None,368600000,368600000,-24300000,-127100000,154000000,6000000,-94700000,None,None,309200000,2500000,434800000,None,1686600000,1686600000,264500000,None,None,771200000,None,None,198400000,727000000,1.4,0.013,5600000,5600000,None,-0.516,0.089,619600000,818000000,0.231,2011-06-30,54.35,635800000,10715000000.0,4777200000,595800000,259700000,77000000,77000000,None,23800000,None,766300000,None,None,431800000,None,None,41100000,None,None,None,0.0727,299400000,4157600000,619600000,270800000,948500000,None,None,None,None,None,None,None,3.351,9.96,2.685,None,None,None,None,None,173000000,None,-0.0644,None,758000000,2025-10-29,quarterly,0.32,USD,pre-market,72000000,2361900000,0.0385,-0.207,0.036,40.07,4065500000,521500000,89700000,None,82.04,97.52,38.5281,3784100000,2176900000,1438200000,2136400000,1607200000,698200000,6463800000,1622300000,-1387800000,110.37,47.76
2025-12-28,EL,-2.59,14446000000.0,None,1.175,10.79,79100000,None,368600000,368600000,-89400000,-78900000,55900000,4600000,-600000,None,None,-46000000,2500000,434800000,None,1686600000,1686600000,264500000,None,None,771200000,None,None,198400000,-582700000,1.4,0.013,148000000,148000000,None,-0.516,0.089,619600000,818000000,0.231,2011-03-31,54.35,635800000,10715000000.0,4777200000,595800000,259700000,77000000,77000000,None,23800000,None,766300000,None,None,431800000,None,None,124700000,None,None,None,0.0727,219600000,4157600000,619600000,270800000,948500000,None,None,None,None,None,None,None,3.351,9.96,2.685,None,None,None,None,None,-173600000,None,-0.0644,None,758000000,2025-10-29,quarterly,0.32,USD,pre-market,72000000,2361900000,0.0385,-0.207,0.036,40.07,4065500000,521500000,89700000,None,82.04,97.52,38.5281,3784100000,2176900000,1438200000,2136400000,1607200000,698200000,6463800000,1622300000,-1387800000,110.37,47.76
2025-12-28,EL,-2.59,14446000000.0,None,1.175,10.79,343200000,None,368600000,368600000,-116000000,-84700000,349600000,3200000,34800000,None,None,-18700000,2500000,434800000,None,1686600000,1686600000,264500000,None,None,771200000,None,None,198400000,66500000,1.4,0.013,147900000,147900000,None,-0.516,0.089,619600000,818000000,0.231,2010-12-31,54.35,635800000,10715000000.0,4777200000,595800000,259700000,77000000,77000000,None,23800000,None,766300000,None,None,431800000,None,None,345900000,None,None,None,0.0727,547100000,4157600000,619600000,270800000,948500000,None,None,None,None,None,None,None,3.351,9.96,2.685,None,None,None,None,None,-29200000,None,-0.0644,None,758000000,2025-10-29,quarterly,0.32,USD,pre-market,72000000,2361900000,0.0385,-0.207,0.036,40.07,4065500000,521500000,89700000,None,82.04,97.52,38.5281,3784100000,2176900000,1438200000,2136400000,1607200000,698200000,6463800000,1622300000,-1387800000,110.37,47.76
2025-12-28,EL,-2.59,14446000000.0,None,1.175,10.79,57700000,None,368600000,368600000,-83400000,-316200000,-427200000,11500000,-34600000,None,None,-369200000,2500000,434800000,None,1686600000,1686600000,264500000,None,None,771200000,None,None,198400000,68800000,1.4,0.013,100000,100000,None,-0.516,0.089,619600000,818000000,0.231,2010-09-30,54.35,635800000,10715000000.0,4777200000,595800000,259700000,77000000,77000000,None,23800000,None,766300000,None,None,431800000,None,None,189600000,None,None,None,0.0727,-39100000,4157600000,619600000,270800000,948500000,None,None,None,None,None,None,None,3.351,9.96,2.685,None,None,None,None,None,-143800000,None,-0.0644,None,758000000,2025-10-29,quarterly,0.32,USD,pre-market,72000000,2361900000,0.0385,-0.207,0.036,40.07,4065500000,521500000,89700000,None,82.04,97.52,38.5281,3784100000,2176900000,1438200000,2136400000,1607200000,698200000,6463800000,1622300000,-1387800000,110.37,47.76
2025-12-28,EL,-2.59,14446000000.0,None,1.175,10.79,109200000,None,368600000,368600000,-290200000,-110600000,None,None,-64800000,None,None,None,2500000,434800000,None,1686600000,1686600000,264500000,None,None,771200000,None,None,198400000,66900000,1.4,0.013,6000000,6000000,None,-0.516,0.089,619600000,818000000,0.231,2010-06-30,54.35,635800000,10715000000.0,4777200000,595800000,259700000,77000000,77000000,None,23800000,None,766300000,None,None,431800000,None,None,25000000,None,None,None,0.0727,158500000,4157600000,619600000,270800000,948500000,None,None,None,None,None,None,None,3.351,9.96,2.685,None,None,None,None,None,-119000000,None,-0.0644,None,758000000,2025-10-29,quarterly,0.32,USD,pre-market,72000000,2361900000,0.0385,-0.207,0.036,40.07,4065500000,521500000,89700000,None,82.04,97.52,38.5281,3784100000,2176900000,1438200000,2136400000,1607200000,698200000,6463800000,1622300000,-1387800000,110.37,47.76
2025-12-28,EL,-2.59,14446000000.0,None,1.175,10.79,57200000,None,368600000,368600000,34300000,-57200000,None,None,-44600000,None,None,None,2500000,434800000,None,1686600000,1686600000,264500000,None,None,771200000,None,None,198400000,69100000,1.4,0.013,5400000,5400000,None,-0.516,0.089,619600000,818000000,0.231,2010-03-31,54.35,635800000,10715000000.0,4777200000,595800000,259700000,77000000,77000000,None,23800000,None,766300000,None,None,431800000,None,None,57900000,None,None,None,0.0727,181300000,4157600000,619600000,270800000,948500000,None,None,None,None,None,None,None,3.351,9.96,2.685,None,None,None,None,None,-69600000,None,-0.0644,None,758000000,2025-10-29,quarterly,0.32,USD,pre-market,72000000,2361900000,0.0385,-0.207,0.036,40.07,4065500000,521500000,89700000,None,82.04,97.52,38.5281,3784100000,2176900000,1438200000,2136400000,1607200000,698200000,6463800000,1622300000,-1387800000,110.37,47.76
2025-12-28,EL,-2.59,14446000000.0,None,1.175,10.79,58800000,None,368600000,368600000,-129900000,-58900000,None,None,91200000,None,None,None,2500000,434800000,None,1686600000,1686600000,264500000,None,None,771200000,None,None,198400000,62400000,1.4,0.013,109000000,109000000,None,-0.516,0.089,619600000,818000000,0.231,2009-12-31,54.35,635800000,10715000000.0,4777200000,595800000,259700000,77000000,77000000,None,23800000,None,766300000,None,None,431800000,None,None,261700000,None,None,None,0.0727,614200000,4157600000,619600000,270800000,948500000,None,None,None,None,None,None,None,3.351,9.96,2.685,None,None,None,None,None,-77700000,None,-0.0644,None,758000000,2025-10-29,quarterly,0.32,USD,pre-market,72000000,2361900000,0.0385,-0.207,0.036,40.07,4065500000,521500000,89700000,None,82.04,97.52,38.5281,3784100000,2176900000,1438200000,2136400000,1607200000,698200000,6463800000,1622300000,-1387800000,110.37,47.76
2025-12-28,EL,-2.59,14446000000.0,None,1.175,10.79,45400000,None,368600000,368600000,-20300000,-54700000,None,None,-42600000,None,None,None,2500000,434800000,None,1686600000,1686600000,264500000,None,None,771200000,None,None,198400000,65300000,1.4,0.013,100000,100000,None,-0.516,0.089,619600000,818000000,0.231,2009-09-30,54.35,635800000,10715000000.0,4777200000,595800000,259700000,77000000,77000000,None,23800000,None,766300000,None,None,431800000,None,None,137800000,None,None,None,0.0727,2700000,4157600000,619600000,270800000,948500000,None,None,None,None,None,None,None,3.351,9.96,2.685,None,None,None,None,None,-400000,None,-0.0644,None,758000000,2025-10-29,quarterly,0.32,USD,pre-market,72000000,2361900000,0.0385,-0.207,0.036,40.07,4065500000,521500000,89700000,None,82.04,97.52,38.5281,3784100000,2176900000,1438200000,2136400000,1607200000,698200000,6463800000,1622300000,-1387800000,110.37,47.76
2025-12-28,EL,-2.59,14446000000.0,None,1.175,10.79,63900000,None,368600000,368600000,-118400000,-59600000,None,None,49100000,None,None,None,2500000,434800000,None,1686600000,1686600000,264500000,None,None,771200000,None,None,198400000,62200000,1.4,0.013,8300000,8300000,None,-0.516,0.089,619600000,818000000,0.231,2009-06-30,54.35,635800000,10715000000.0,4777200000,595800000,259700000,77000000,77000000,None,23800000,None,766300000,None,None,431800000,None,None,-17900000,None,None,None,0.0727,389300000,4157600000,619600000,270800000,948500000,None,None,None,None,None,None,None,3.351,9.96,2.685,None,None,None,None,None,62600000,None,-0.0644,None,758000000,2025-10-29,quarterly,0.32,USD,pre-market,72000000,2361900000,0.0385,-0.207,0.036,40.07,4065500000,521500000,89700000,None,82.04,97.52,38.5281,3784100000,2176900000,1438200000,2136400000,1607200000,698200000,6463800000,1622300000,-1387800000,110.37,47.76
2025-12-28,EL,-2.59,14446000000.0,None,1.175,10.79,58400000,None,368600000,368600000,-107600000,-59000000,None,None,61900000,None,None,None,2500000,434800000,None,1686600000,1686600000,264500000,None,None,771200000,None,None,198400000,65900000,1.4,0.013,108400000,108400000,None,-0.516,0.089,619600000,818000000,0.231,2009-03-31,54.35,635800000,10715000000.0,4777200000,595800000,259700000,77000000,77000000,None,23800000,None,766300000,None,None,431800000,None,None,27200000,None,None,None,0.0727,90000000,4157600000,619600000,270800000,948500000,None,None,None,None,None,None,None,3.351,9.96,2.685,None,None,None,None,None,None,None,-0.0644,None,758000000,2025-10-29,quarterly,0.32,USD,pre-market,72000000,2361900000,0.0385,-0.207,0.036,40.07,4065500000,521500000,89700000,None,82.04,97.52,38.5281,3784100000,2176900000,1438200000,2136400000,1607200000,698200000,6463800000,1622300000,-1387800000,110.37,47.76
2025-12-28,EL,-2.59,14446000000.0,None,1.175,10.79,81600000,None,368600000,368600000,81000000,-82000000,None,None,111500000,None,None,None,2500000,434800000,None,1686600000,1686600000,264500000,None,None,771200000,None,None,198400000,63300000,1.4,0.013,108300000,108300000,None,-0.516,0.089,619600000,818000000,0.231,2008-12-31,54.35,635800000,10715000000.0,4777200000,595800000,259700000,77000000,77000000,None,23800000,None,766300000,None,None,431800000,None,None,158000000,None,None,None,0.0727,412900000,4157600000,619600000,270800000,948500000,None,None,None,None,None,None,None,3.351,9.96,2.685,None,None,None,None,None,-5600000,None,-0.0644,None,758000000,2025-10-29,quarterly,0.32,USD,pre-market,72000000,2361900000,0.0385,-0.207,0.036,40.07,4065500000,521500000,89700000,None,82.04,97.52,38.5281,3784100000,2176900000,1438200000,2136400000,1607200000,698200000,6463800000,1622300000,-1387800000,110.37,47.76
2025-12-28,EL,-2.59,14446000000.0,None,1.175,10.79,75900000,None,368600000,368600000,270800000,-138900000,None,None,-96800000,None,None,None,2500000,434800000,None,1686600000,1686600000,264500000,None,None,771200000,None,None,198400000,62600000,1.4,0.013,100000,100000,None,-0.516,0.089,619600000,818000000,0.231,2008-09-30,54.35,635800000,10715000000.0,4777200000,595800000,259700000,77000000,77000000,None,23800000,None,766300000,None,None,431800000,None,None,51100000,None,None,None,0.0727,-196200000,4157600000,619600000,270800000,948500000,None,None,None,None,None,None,None,3.351,9.96,2.685,None,None,None,None,None,-57000000,None,-0.0644,None,758000000,2025-10-29,quarterly,0.32,USD,pre-market,72000000,2361900000,0.0385,-0.207,0.036,40.07,4065500000,521500000,89700000,None,82.04,97.52,38.5281,3784100000,2176900000,1438200000,2136400000,1607200000,698200000,6463800000,1622300000,-1387800000,110.37,47.76
2025-12-28,EL,-2.59,14446000000.0,None,1.175,10.79,107500000,None,368600000,368600000,-76100000,-107400000,None,None,-51900000,None,None,None,2500000,434800000,None,1686600000,1686600000,264500000,None,None,771200000,None,None,198400000,66200000,1.4,0.013,106600000,106600000,None,-0.516,0.089,619600000,818000000,0.231,2008-06-30,54.35,635800000,10715000000.0,4777200000,595800000,259700000,77000000,77000000,None,23800000,None,766300000,None,None,431800000,None,None,120200000,None,None,None,0.0727,171600000,4157600000,619600000,270800000,948500000,None,None,None,None,None,None,None,3.351,9.96,2.685,None,None,None,None,None,-36000000,None,-0.0644,None,758000000,2025-10-29,quarterly,0.32,USD,pre-market,72000000,2361900000,0.0385,-0.207,0.036,40.07,4065500000,521500000,89700000,None,82.04,97.52,38.5281,3784100000,2176900000,1438200000,2136400000,1607200000,698200000,6463800000,1622300000,-1387800000,110.37,47.76
2025-12-28,EL,-2.59,14446000000.0,None,1.175,10.79,89900000,None,368600000,368600000,22500000,-94300000,None,None,-10800000,None,None,None,2500000,434800000,None,1686600000,1686600000,264500000,None,None,771200000,None,None,198400000,62600000,1.4,0.013,106600000,106600000,None,-0.516,0.089,619600000,818000000,0.231,2008-03-31,54.35,635800000,10715000000.0,4777200000,595800000,259700000,77000000,77000000,None,23800000,None,766300000,None,None,431800000,None,None,90100000,None,None,None,0.0727,156600000,4157600000,619600000,270800000,948500000,None,None,None,None,None,None,None,3.351,9.96,2.685,None,None,None,None,None,-13500000,None,-0.0644,None,758000000,2025-10-29,quarterly,0.32,USD,pre-market,72000000,2361900000,0.0385,-0.207,0.036,40.07,4065500000,521500000,89700000,None,82.04,97.52,38.5281,3784100000,2176900000,1438200000,2136400000,1607200000,698200000,6463800000,1622300000,-1387800000,110.37,47.76
2025-12-28,EL,-2.59,14446000000.0,None,1.175,10.79,81900000,None,368600000,368600000,-307000000,-81500000,None,None,76900000,None,None,None,2500000,434800000,None,1686600000,1686600000,264500000,None,None,771200000,None,None,198400000,62900000,1.4,0.013,106600000,106600000,None,-0.516,0.089,619600000,818000000,0.231,2007-12-31,54.35,635800000,10715000000.0,4777200000,595800000,259700000,77000000,77000000,None,23800000,None,766300000,None,None,431800000,None,None,224400000,None,None,None,0.0727,494700000,4157600000,619600000,270800000,948500000,None,None,None,None,None,None,None,3.351,9.96,2.685,None,None,None,None,None,-25700000,None,-0.0644,None,758000000,2025-10-29,quarterly,0.32,USD,pre-market,72000000,2361900000,0.0385,-0.207,0.036,40.07,4065500000,521500000,89700000,None,82.04,97.52,38.5281,3784100000,2176900000,1438200000,2136400000,1607200000,698200000,6463800000,1622300000,-1387800000,110.37,47.76
2025-12-28,EL,-2.59,14446000000.0,None,1.175,10.79,78500000,None,368600000,368600000,282500000,-195300000,None,None,-84900000,None,None,None,2500000,434800000,None,1686600000,1686600000,264500000,None,None,771200000,None,None,198400000,59000000,1.4,0.013,None,None,None,-0.516,0.089,619600000,818000000,0.231,2007-09-30,54.35,635800000,10715000000.0,4777200000,595800000,259700000,77000000,77000000,None,23800000,None,766300000,None,None,431800000,None,None,39100000,None,None,None,0.0727,-132800000,4157600000,619600000,270800000,948500000,None,None,None,None,None,None,None,3.351,9.96,2.685,None,None,None,None,None,-54400000,None,-0.0644,None,758000000,2025-10-29,quarterly,0.32,USD,pre-market,72000000,2361900000,0.0385,-0.207,0.036,40.07,4065500000,521500000,89700000,None,82.04,97.52,38.5281,3784100000,2176900000,1438200000,2136400000,1607200000,698200000,6463800000,1622300000,-1387800000,110.37,47.76
2025-12-28,EL,-2.59,14446000000.0,None,1.175,10.79,100100000,None,368600000,368600000,-59800000,-104600000,None,None,-41500000,None,None,None,2500000,434800000,None,1686600000,1686600000,264500000,None,None,771200000,None,None,198400000,54400000,1.4,0.013,103600000,103600000,None,-0.516,0.089,619600000,818000000,0.231,2007-06-30,54.35,635800000,10715000000.0,4777200000,595800000,259700000,77000000,77000000,None,23800000,None,766300000,None,None,431800000,None,None,88600000,None,None,None,0.0727,211000000,4157600000,619600000,270800000,948500000,None,None,None,None,None,None,None,3.351,9.96,2.685,None,None,None,None,None,1004300000,None,-0.0644,None,758000000,2025-10-29,quarterly,0.32,USD,pre-market,72000000,2361900000,0.0385,-0.207,0.036,40.07,4065500000,521500000,89700000,None,82.04,97.52,38.5281,3784100000,2176900000,1438200000,2136400000,1607200000,698200000,6463800000,1622300000,-1387800000,110.37,47.76
2025-12-28,EL,-2.59,14446000000.0,None,1.175,10.79,71500000,None,368600000,368600000,-121600000,-71600000,None,None,-22800000,None,None,None,2500000,434800000,None,1686600000,1686600000,264500000,None,None,771200000,None,None,198400000,49000000,1.4,0.013,103600000,103600000,None,-0.516,0.089,619600000,818000000,0.231,2007-03-31,54.35,635800000,10715000000.0,4777200000,595800000,259700000,77000000,77000000,None,23800000,None,766300000,None,None,431800000,None,None,93900000,None,None,None,0.0727,143600000,4157600000,619600000,270800000,948500000,None,None,None,None,None,None,None,3.351,9.96,2.685,None,None,None,None,None,-750000000,None,-0.0644,None,758000000,2025-10-29,quarterly,0.32,USD,pre-market,72000000,2361900000,0.0385,-0.207,0.036,40.07,4065500000,521500000,89700000,None,82.04,97.52,38.5281,3784100000,2176900000,1438200000,2136400000,1607200000,698200000,6463800000,1622300000,-1387800000,110.37,47.76
2025-12-28,EL,-2.59,14446000000.0,None,1.175,10.79,73200000,None,368600000,368600000,-236900000,-73300000,None,None,62300000,None,None,None,2500000,434800000,None,1686600000,1686600000,264500000,None,None,771200000,None,None,198400000,52900000,1.4,0.013,103600000,103600000,None,-0.516,0.089,619600000,818000000,0.231,2006-12-31,54.35,635800000,10715000000.0,4777200000,595800000,259700000,77000000,77000000,None,23800000,None,766300000,None,None,431800000,None,None,208400000,None,None,None,0.0727,378300000,4157600000,619600000,270800000,948500000,None,None,None,None,None,None,None,3.351,9.96,2.685,None,None,None,None,None,-143800000,None,-0.0644,None,758000000,2025-10-29,quarterly,0.32,USD,pre-market,72000000,2361900000,0.0385,-0.207,0.036,40.07,4065500000,521500000,89700000,None,82.04,97.52,38.5281,3784100000,2176900000,1438200000,2136400000,1607200000,698200000,6463800000,1622300000,-1387800000,110.37,47.76
2025-12-28,EL,-2.59,14446000000.0,None,1.175,10.79,67300000,None,368600000,368600000,6700000,-124300000,None,None,-68800000,None,None,None,2500000,434800000,None,1686600000,1686600000,264500000,None,None,771200000,None,None,198400000,50900000,1.4,0.013,None,None,None,-0.516,0.089,619600000,818000000,0.231,2006-09-30,54.35,635800000,10715000000.0,4777200000,595800000,259700000,77000000,77000000,None,23800000,None,766300000,None,None,431800000,None,None,58300000,None,None,None,0.0727,-71300000,4157600000,619600000,270800000,948500000,None,None,None,None,None,None,None,3.351,9.96,2.685,None,None,None,None,None,-110500000,None,-0.0644,None,758000000,2025-10-29,quarterly,0.32,USD,pre-market,72000000,2361900000,0.0385,-0.207,0.036,40.07,4065500000,521500000,89700000,None,82.04,97.52,38.5281,3784100000,2176900000,1438200000,2136400000,1607200000,698200000,6463800000,1622300000,-1387800000,110.37,47.76
2025-12-28,EL,-2.59,14446000000.0,None,1.175,10.79,90500000,None,368600000,368600000,-59500000,-84100000,None,None,-34200000,None,None,None,2500000,434800000,None,1686600000,1686600000,264500000,None,None,771200000,None,None,198400000,51400000,1.4,0.013,85400000,85400000,None,-0.516,0.089,619600000,818000000,0.231,2006-06-30,54.35,635800000,10715000000.0,4777200000,595800000,259700000,77000000,77000000,None,23800000,None,766300000,None,None,431800000,None,None,44500000,None,None,None,0.0727,240300000,4157600000,619600000,270800000,948500000,None,None,None,None,None,None,None,3.351,9.96,2.685,None,None,None,None,None,-48000000,None,-0.0644,None,758000000,2025-10-29,quarterly,0.32,USD,pre-market,72000000,2361900000,0.0385,-0.207,0.036,40.07,4065500000,521500000,89700000,None,82.04,97.52,38.5281,3784100000,2176900000,1438200000,2136400000,1607200000,698200000,6463800000,1622300000,-1387800000,110.37,47.76
2025-12-28,EL,-2.59,14446000000.0,None,1.175,10.79,66100000,None,368600000,368600000,-120400000,-69000000,None,None,12300000,None,None,None,2500000,434800000,None,1686600000,1686600000,264500000,None,None,771200000,None,None,198400000,49900000,1.4,0.013,85400000,85400000,None,-0.516,0.089,619600000,818000000,0.231,2006-03-31,54.35,635800000,10715000000.0,4777200000,595800000,259700000,77000000,77000000,None,23800000,None,766300000,None,None,431800000,None,None,59500000,None,None,None,0.0727,85700000,4157600000,619600000,270800000,948500000,None,None,None,None,None,None,None,3.351,9.96,2.685,None,None,None,None,None,-46700000,None,-0.0644,None,758000000,2025-10-29,quarterly,0.32,USD,pre-market,72000000,2361900000,0.0385,-0.207,0.036,40.07,4065500000,521500000,89700000,None,82.04,97.52,38.5281,3784100000,2176900000,1438200000,2136400000,1607200000,698200000,6463800000,1622300000,-1387800000,110.37,47.76
2025-12-28,EL,-2.59,14446000000.0,None,1.175,10.79,58100000,None,368600000,368600000,-361400000,-104700000,None,None,81400000,None,None,None,2500000,434800000,None,1686600000,1686600000,264500000,None,None,771200000,None,None,198400000,49900000,1.4,0.013,84500000,84500000,None,-0.516,0.089,619600000,818000000,0.231,2005-12-31,54.35,635800000,10715000000.0,4777200000,595800000,259700000,77000000,77000000,None,23800000,None,766300000,None,None,431800000,None,None,81700000,None,None,None,0.0727,449900000,4157600000,619600000,270800000,948500000,None,None,None,None,None,None,None,3.351,9.96,2.685,None,None,None,None,None,-234700000,None,-0.0644,None,758000000,2025-10-29,quarterly,0.32,USD,pre-market,72000000,2361900000,0.0385,-0.207,0.036,40.07,4065500000,521500000,89700000,None,82.04,97.52,38.5281,3784100000,2176900000,1438200000,2136400000,1607200000,698200000,6463800000,1622300000,-1387800000,110.37,47.76
2025-12-28,EL,-2.59,14446000000.0,None,1.175,10.79,45900000,None,368600000,368600000,-53300000,-45400000,None,None,-57600000,None,None,None,2500000,434800000,None,1686600000,1686600000,264500000,None,None,771200000,None,None,198400000,47200000,1.4,0.013,900000,900000,None,-0.516,0.089,619600000,818000000,0.231,2005-09-30,54.35,635800000,10715000000.0,4777200000,595800000,259700000,77000000,77000000,None,23800000,None,766300000,None,None,431800000,None,None,58500000,None,None,None,0.0727,-66100000,4157600000,619600000,270800000,948500000,None,None,None,None,None,None,None,3.351,9.96,2.685,None,None,None,None,None,-71100000,None,-0.0644,None,758000000,2025-10-29,quarterly,0.32,USD,pre-market,72000000,2361900000,0.0385,-0.207,0.036,40.07,4065500000,521500000,89700000,None,82.04,97.52,38.5281,3784100000,2176900000,1438200000,2136400000,1607200000,698200000,6463800000,1622300000,-1387800000,110.37,47.76
2025-12-28,EL,-2.59,14446000000.0,None,1.175,10.79,602000000,None,368600000,368600000,-1123000000,-644000000,None,None,184000000,None,None,None,2500000,434800000,None,1686600000,1686600000,264500000,None,None,771200000,None,None,198400000,829000000,1.4,0.013,618000000,618000000,None,-0.516,0.089,619600000,818000000,0.231,2025-06-30,54.35,635800000,10715000000.0,4777200000,595800000,259700000,77000000,77000000,None,23800000,None,766300000,None,None,431800000,None,None,-1133000000,None,None,None,0.0727,1272000000,4157600000,619600000,270800000,948500000,None,None,None,None,None,None,None,3.351,9.96,2.685,None,None,None,None,None,-35000000,None,-0.0644,None,758000000,2025-10-29,annual,0.32,USD,pre-market,72000000,2361900000,0.0385,-0.207,0.036,40.07,4065500000,521500000,89700000,None,82.04,97.52,38.5281,3784100000,2176900000,1438200000,2136400000,1607200000,698200000,6463800000,1622300000,-1387800000,110.37,47.76
2025-12-28,EL,-2.59,14446000000.0,None,1.175,10.79,919000000,None,368600000,368600000,-1290000000,-1705000000,None,None,766000000,None,None,None,2500000,434800000,None,1686600000,1686600000,264500000,None,None,771200000,None,None,198400000,825000000,1.4,0.013,947000000,947000000,None,-0.516,0.089,619600000,818000000,0.231,2024-06-30,54.35,635800000,10715000000.0,4777200000,595800000,259700000,77000000,77000000,None,23800000,None,766300000,None,None,431800000,None,None,390000000,None,None,None,0.0727,2360000000,4157600000,619600000,270800000,948500000,None,None,None,None,None,None,None,3.351,9.96,2.685,None,None,None,None,None,-35000000,None,-0.0644,None,758000000,2025-10-29,annual,0.32,USD,pre-market,72000000,2361900000,0.0385,-0.207,0.036,40.07,4065500000,521500000,89700000,None,82.04,97.52,38.5281,3784100000,2176900000,1438200000,2136400000,1607200000,698200000,6463800000,1622300000,-1387800000,110.37,47.76
2025-12-28,EL,-2.59,14446000000.0,None,1.175,10.79,3289000000,None,368600000,368600000,1517000000,-3217000000,104000000,None,-64000000,None,None,185000000,2500000,434800000,None,1686600000,1686600000,264500000,None,None,771200000,None,None,198400000,744000000,1.4,0.013,925000000,925000000,None,-0.516,0.089,619600000,818000000,0.231,2023-06-30,54.35,635800000,10715000000.0,4777200000,595800000,259700000,77000000,77000000,None,23800000,None,766300000,None,None,431800000,None,None,1010000000,None,None,None,0.0727,1731000000,4157600000,619600000,270800000,948500000,None,None,None,None,None,None,None,3.351,9.96,2.685,None,None,None,None,None,-271000000,None,-0.0644,None,758000000,2025-10-29,annual,0.32,USD,pre-market,72000000,2361900000,0.0385,-0.207,0.036,40.07,4065500000,521500000,89700000,None,82.04,97.52,38.5281,3784100000,2176900000,1438200000,2136400000,1607200000,698200000,6463800000,1622300000,-1387800000,110.37,47.76
2025-12-28,EL,-2.59,14446000000.0,None,1.175,10.79,1040000000,None,368600000,368600000,-3036000000,-945000000,-941000000,None,-602000000,None,None,-10000000,2500000,434800000,None,1686600000,1686600000,264500000,None,None,771200000,None,None,198400000,727000000,1.4,0.013,840000000,840000000,None,-0.516,0.089,619600000,818000000,0.231,2022-06-30,54.35,635800000,10715000000.0,4777200000,595800000,259700000,77000000,77000000,None,23800000,None,766300000,None,None,431800000,None,None,2408000000,None,None,None,0.0727,3040000000,4157600000,619600000,270800000,948500000,None,None,None,None,None,None,None,3.351,9.96,2.685,None,None,None,None,None,-2309000000,None,-0.0644,None,758000000,2025-10-29,annual,0.32,USD,pre-market,72000000,2361900000,0.0385,-0.207,0.036,40.07,4065500000,521500000,89700000,None,82.04,97.52,38.5281,3784100000,2176900000,1438200000,2136400000,1607200000,698200000,6463800000,1622300000,-1387800000,110.37,47.76
2025-12-28,EL,-2.59,14446000000.0,None,1.175,10.79,637000000,None,368600000,368600000,-1892000000,-1864000000,-125000000,None,-140000000,None,None,-398000000,2500000,434800000,None,1686600000,1686600000,264500000,None,None,771200000,None,None,198400000,651000000,1.4,0.013,753000000,753000000,None,-0.516,0.089,619600000,818000000,0.231,2021-06-30,54.35,635800000,10715000000.0,4777200000,595800000,259700000,77000000,77000000,None,23800000,None,766300000,None,None,431800000,None,None,2875000000,None,None,None,0.0727,3631000000,4157600000,619600000,270800000,948500000,None,None,None,None,None,None,None,3.351,9.96,2.685,None,None,None,None,None,-733000000,None,-0.0644,None,758000000,2025-10-29,annual,0.32,USD,pre-market,72000000,2361900000,0.0385,-0.207,0.036,40.07,4065500000,521500000,89700000,None,82.04,97.52,38.5281,3784100000,2176900000,1438200000,2136400000,1607200000,698200000,6463800000,1622300000,-1387800000,110.37,47.76
2025-12-28,EL,-2.59,14446000000.0,None,1.175,10.79,623000000,None,368600000,368600000,1461000000,-1698000000,2043000000,None,-3000000,None,None,625000000,2500000,434800000,None,1686600000,1686600000,264500000,None,None,771200000,None,None,198400000,611000000,1.4,0.013,503000000,503000000,None,-0.516,0.089,619600000,818000000,0.231,2020-06-30,54.35,635800000,10715000000.0,4777200000,595800000,259700000,77000000,77000000,None,23800000,None,766300000,None,None,431800000,None,None,696000000,None,None,None,0.0727,2280000000,4157600000,619600000,270800000,948500000,None,None,None,None,None,None,None,3.351,9.96,2.685,None,None,None,None,None,-893000000,None,-0.0644,None,758000000,2025-10-29,annual,0.32,USD,pre-market,72000000,2361900000,0.0385,-0.207,0.036,40.07,4065500000,521500000,89700000,None,82.04,97.52,38.5281,3784100000,2176900000,1438200000,2136400000,1607200000,698200000,6463800000,1622300000,-1387800000,110.37,47.76
2025-12-28,EL,-2.59,14446000000.0,None,1.175,10.79,744000000,None,368600000,368600000,-2173000000,473000000,817000000,None,-375000000,None,None,-169000000,2500000,434800000,None,1686600000,1686600000,264500000,None,None,771200000,None,None,198400000,557000000,1.4,0.013,609000000,609000000,None,-0.516,0.089,619600000,818000000,0.231,2019-06-30,54.35,635800000,10715000000.0,4777200000,595800000,259700000,77000000,77000000,None,23800000,None,766300000,None,None,431800000,None,None,1785000000,None,None,None,0.0727,2517000000,4157600000,619600000,270800000,948500000,None,None,None,None,None,None,None,3.351,9.96,2.685,None,None,None,None,None,-1555000000,None,-0.0644,None,758000000,2025-10-29,annual,0.32,USD,pre-market,72000000,2361900000,0.0385,-0.207,0.036,40.07,4065500000,521500000,89700000,None,82.04,97.52,38.5281,3784100000,2176900000,1438200000,2136400000,1607200000,698200000,6463800000,1622300000,-1387800000,110.37,47.76
2025-12-28,EL,-2.59,14446000000.0,None,1.175,10.79,629000000,None,368600000,368600000,-1172000000,-358000000,1045000000,13000000,-147000000,None,None,-105000000,2500000,434800000,None,1686600000,1686600000,264500000,None,None,771200000,None,None,198400000,531000000,1.4,0.013,546000000,546000000,None,-0.516,0.089,619600000,818000000,0.231,2018-06-30,54.35,635800000,10715000000.0,4777200000,595800000,259700000,77000000,77000000,None,23800000,None,766300000,None,None,431800000,None,None,1108000000,None,None,None,0.0727,2562000000,4157600000,619600000,270800000,948500000,None,None,None,None,None,None,None,3.351,9.96,2.685,None,None,None,None,None,-759000000,None,-0.0644,None,758000000,2025-10-29,annual,0.32,USD,pre-market,72000000,2361900000,0.0385,-0.207,0.036,40.07,4065500000,521500000,89700000,None,82.04,97.52,38.5281,3784100000,2176900000,1438200000,2136400000,1607200000,698200000,6463800000,1622300000,-1387800000,110.37,47.76
2025-12-28,EL,-2.59,14446000000.0,None,1.175,10.79,504000000,None,368600000,368600000,630000000,-2214000000,222000000,6000000,-85000000,None,None,-92000000,2500000,434800000,None,1686600000,1686600000,264500000,None,None,771200000,None,None,198400000,464000000,1.4,0.013,486000000,486000000,None,-0.516,0.089,619600000,818000000,0.231,2017-06-30,54.35,635800000,10715000000.0,4777200000,595800000,259700000,77000000,77000000,None,23800000,None,766300000,None,None,431800000,None,None,1249000000,None,None,None,0.0727,1790000000,4157600000,619600000,270800000,948500000,None,None,None,None,None,None,None,3.351,9.96,2.685,None,None,None,None,None,-413000000,None,-0.0644,None,758000000,2025-10-29,annual,0.32,USD,pre-market,72000000,2361900000,0.0385,-0.207,0.036,40.07,4065500000,521500000,89700000,None,82.04,97.52,38.5281,3784100000,2176900000,1438200000,2136400000,1607200000,698200000,6463800000,1622300000,-1387800000,110.37,47.76
2025-12-28,EL,-2.59,14446000000.0,None,1.175,10.79,525300000,None,368600000,368600000,-604900000,-1269300000,-107300000,-21800000,-69000000,None,None,-100900000,2500000,434800000,None,1686600000,1686600000,264500000,None,None,771200000,None,None,198400000,414700000,1.4,0.013,422500000,422500000,None,-0.516,0.089,619600000,818000000,0.231,2016-06-30,54.35,635800000,10715000000.0,4777200000,595800000,259700000,77000000,77000000,None,23800000,None,766300000,None,None,431800000,None,None,1114600000,None,None,None,0.0727,1789000000,4157600000,619600000,270800000,948500000,None,None,None,None,None,None,None,3.351,9.96,2.685,None,None,None,None,None,-889900000,None,-0.0644,None,758000000,2025-10-29,annual,0.32,USD,pre-market,72000000,2361900000,0.0385,-0.207,0.036,40.07,4065500000,521500000,89700000,None,82.04,97.52,38.5281,3784100000,2176900000,1438200000,2136400000,1607200000,698200000,6463800000,1622300000,-1387800000,110.37,47.76
2025-12-28,EL,-2.59,14446000000.0,None,1.175,10.79,473000000,None,368600000,368600000,-894800000,-1616200000,-607700000,-40000000,-26200000,None,None,103200000,2500000,434800000,None,1686600000,1686600000,264500000,None,None,771200000,None,None,198400000,409300000,1.4,0.013,349900000,349900000,None,-0.516,0.089,619600000,818000000,0.231,2015-06-30,54.35,635800000,10715000000.0,4777200000,595800000,259700000,77000000,77000000,None,23800000,None,766300000,None,None,431800000,None,None,1088900000,None,None,None,0.0727,1943300000,4157600000,619600000,270800000,948500000,None,None,None,None,None,None,None,3.351,9.96,2.685,None,None,None,None,None,-982800000,None,-0.0644,None,758000000,2025-10-29,annual,0.32,USD,pre-market,72000000,2361900000,0.0385,-0.207,0.036,40.07,4065500000,521500000,89700000,None,82.04,97.52,38.5281,3784100000,2176900000,1438200000,2136400000,1607200000,698200000,6463800000,1622300000,-1387800000,110.37,47.76
2025-12-28,EL,-2.59,14446000000.0,None,1.175,10.79,510200000,None,368600000,368600000,-856900000,-511600000,133400000,-33300000,-156800000,None,None,-196200000,2500000,434800000,None,1686600000,1686600000,264500000,None,None,771200000,None,None,198400000,384600000,1.4,0.013,301800000,301800000,None,-0.516,0.089,619600000,818000000,0.231,2014-06-30,54.35,635800000,10715000000.0,4777200000,595800000,259700000,77000000,77000000,None,23800000,None,766300000,None,None,431800000,None,None,1204100000,None,None,None,0.0727,1535200000,4157600000,619600000,270800000,948500000,None,None,None,None,None,None,None,3.351,9.96,2.685,None,None,None,None,None,-667200000,None,-0.0644,None,758000000,2025-10-29,annual,0.32,USD,pre-market,72000000,2361900000,0.0385,-0.207,0.036,40.07,4065500000,521500000,89700000,None,82.04,97.52,38.5281,3784100000,2176900000,1438200000,2136400000,1607200000,698200000,6463800000,1622300000,-1387800000,110.37,47.76
2025-12-28,EL,-2.59,14446000000.0,None,1.175,10.79,461000000,None,368600000,368600000,-611500000,-465500000,148000000,-1300000,-134500000,None,None,-113000000,2500000,434800000,None,1686600000,1686600000,264500000,None,None,771200000,None,None,198400000,336900000,1.4,0.013,419200000,419200000,None,-0.516,0.089,619600000,818000000,0.231,2013-06-30,54.35,635800000,10715000000.0,4777200000,595800000,259700000,77000000,77000000,None,23800000,None,766300000,None,None,431800000,None,None,1019800000,None,None,None,0.0727,1226300000,4157600000,619600000,270800000,948500000,None,None,None,None,None,None,None,3.351,9.96,2.685,None,None,None,None,None,-387700000,None,-0.0644,None,758000000,2025-10-29,annual,0.32,USD,pre-market,72000000,2361900000,0.0385,-0.207,0.036,40.07,4065500000,521500000,89700000,None,82.04,97.52,38.5281,3784100000,2176900000,1438200000,2136400000,1607200000,698200000,6463800000,1622300000,-1387800000,110.37,47.76
2025-12-28,EL,-2.59,14446000000.0,None,1.175,10.79,420700000,None,368600000,368600000,-585100000,-428300000,94700000,-18600000,-41200000,None,None,-178400000,2500000,434800000,None,1686600000,1686600000,264500000,None,None,771200000,None,None,198400000,295800000,1.4,0.013,204000000,204000000,None,-0.516,0.089,619600000,818000000,0.231,2012-06-30,54.35,635800000,10715000000.0,4777200000,595800000,259700000,77000000,77000000,None,23800000,None,766300000,None,None,431800000,None,None,856900000,None,None,None,0.0727,1126700000,4157600000,619600000,270800000,948500000,None,None,None,None,None,None,None,3.351,9.96,2.685,None,None,None,None,None,-592700000,None,-0.0644,None,758000000,2025-10-29,annual,0.32,USD,pre-market,72000000,2361900000,0.0385,-0.207,0.036,40.07,4065500000,521500000,89700000,None,82.04,97.52,38.5281,3784100000,2176900000,1438200000,2136400000,1607200000,698200000,6463800000,1622300000,-1387800000,110.37,47.76
2025-12-28,EL,-2.59,14446000000.0,None,1.175,10.79,351000000,None,368600000,368600000,-313100000,-606900000,132300000,25300000,-95100000,None,None,-124700000,2500000,434800000,None,1686600000,1686600000,264500000,None,None,771200000,None,None,198400000,294400000,1.4,0.013,148000000,148000000,None,-0.516,0.089,619600000,818000000,0.231,2011-06-30,54.35,635800000,10715000000.0,4777200000,595800000,259700000,77000000,77000000,None,23800000,None,766300000,None,None,431800000,None,None,700800000,None,None,None,0.0727,1027000000,4157600000,619600000,270800000,948500000,None,None,None,None,None,None,None,3.351,9.96,2.685,None,None,None,None,None,-396600000,None,-0.0644,None,758000000,2025-10-29,annual,0.32,USD,pre-market,72000000,2361900000,0.0385,-0.207,0.036,40.07,4065500000,521500000,89700000,None,82.04,97.52,38.5281,3784100000,2176900000,1438200000,2136400000,1607200000,698200000,6463800000,1622300000,-1387800000,110.37,47.76
2025-12-28,EL,-2.59,14446000000.0,None,1.175,10.79,270600000,None,368600000,368600000,-406100000,-281400000,None,None,-60800000,None,None,None,2500000,434800000,None,1686600000,1686600000,264500000,None,None,771200000,None,None,198400000,263700000,1.4,0.013,109100000,109100000,None,-0.516,0.089,619600000,818000000,0.231,2010-06-30,54.35,635800000,10715000000.0,4777200000,595800000,259700000,77000000,77000000,None,23800000,None,766300000,None,None,431800000,None,None,478300000,None,None,None,0.0727,956700000,4157600000,619600000,270800000,948500000,None,None,None,None,None,None,None,3.351,9.96,2.685,None,None,None,None,None,-266700000,None,-0.0644,None,758000000,2025-10-29,annual,0.32,USD,pre-market,72000000,2361900000,0.0385,-0.207,0.036,40.07,4065500000,521500000,89700000,None,82.04,97.52,38.5281,3784100000,2176900000,1438200000,2136400000,1607200000,698200000,6463800000,1622300000,-1387800000,110.37,47.76
2025-12-28,EL,-2.59,14446000000.0,None,1.175,10.79,279800000,None,368600000,368600000,125800000,-339500000,None,None,125700000,None,None,None,2500000,434800000,None,1686600000,1686600000,264500000,None,None,771200000,None,None,198400000,254000000,1.4,0.013,116700000,116700000,None,-0.516,0.089,619600000,818000000,0.231,2009-06-30,54.35,635800000,10715000000.0,4777200000,595800000,259700000,77000000,77000000,None,23800000,None,766300000,None,None,431800000,None,None,218400000,None,None,None,0.0727,696000000,4157600000,619600000,270800000,948500000,None,None,None,None,None,None,None,3.351,9.96,2.685,None,None,None,None,None,-62600000,None,-0.0644,None,758000000,2025-10-29,annual,0.32,USD,pre-market,72000000,2361900000,0.0385,-0.207,0.036,40.07,4065500000,521500000,89700000,None,82.04,97.52,38.5281,3784100000,2176900000,1438200000,2136400000,1607200000,698200000,6463800000,1622300000,-1387800000,110.37,47.76
2025-12-28,EL,-2.59,14446000000.0,None,1.175,10.79,357800000,None,368600000,368600000,-78100000,-478500000,None,None,-70700000,None,None,None,2500000,434800000,None,1686600000,1686600000,264500000,None,None,771200000,None,None,198400000,250700000,1.4,0.013,106600000,106600000,None,-0.516,0.089,619600000,818000000,0.231,2008-06-30,54.35,635800000,10715000000.0,4777200000,595800000,259700000,77000000,77000000,None,23800000,None,766300000,None,None,431800000,None,None,473800000,None,None,None,0.0727,690100000,4157600000,619600000,270800000,948500000,None,None,None,None,None,None,None,3.351,9.96,2.685,None,None,None,None,None,-129600000,None,-0.0644,None,758000000,2025-10-29,annual,0.32,USD,pre-market,72000000,2361900000,0.0385,-0.207,0.036,40.07,4065500000,521500000,89700000,None,82.04,97.52,38.5281,3784100000,2176900000,1438200000,2136400000,1607200000,698200000,6463800000,1622300000,-1387800000,110.37,47.76
2025-12-28,EL,-2.59,14446000000.0,None,1.175,10.79,312100000,None,368600000,368600000,-411600000,-373800000,None,None,-70800000,None,None,None,2500000,434800000,None,1686600000,1686600000,264500000,None,None,771200000,None,None,198400000,207200000,1.4,0.013,103600000,103600000,None,-0.516,0.089,619600000,818000000,0.231,2007-06-30,54.35,635800000,10715000000.0,4777200000,595800000,259700000,77000000,77000000,None,23800000,None,766300000,None,None,431800000,None,None,448700000,None,None,None,0.0727,661600000,4157600000,619600000,270800000,948500000,None,None,None,None,None,None,None,3.351,9.96,2.685,None,None,None,None,None,-1004300000,None,-0.0644,None,758000000,2025-10-29,annual,0.32,USD,pre-market,72000000,2361900000,0.0385,-0.207,0.036,40.07,4065500000,521500000,89700000,None,82.04,97.52,38.5281,3784100000,2176900000,1438200000,2136400000,1607200000,698200000,6463800000,1622300000,-1387800000,110.37,47.76
2025-12-28,EL,-2.59,14446000000.0,None,1.175,10.79,260600000,None,368600000,368600000,-594600000,-303200000,None,None,1900000,None,None,None,2500000,434800000,None,1686600000,1686600000,264500000,None,None,771200000,None,None,198400000,198400000,1.4,0.013,85400000,85400000,None,-0.516,0.089,619600000,818000000,0.231,2006-06-30,54.35,635800000,10715000000.0,4777200000,595800000,259700000,77000000,77000000,None,23800000,None,766300000,None,None,431800000,None,None,324500000,None,None,None,0.0727,709800000,4157600000,619600000,270800000,948500000,None,None,None,None,None,None,None,3.351,9.96,2.685,None,None,None,None,None,-400500000,None,-0.0644,None,758000000,2025-10-29,annual,0.32,USD,pre-market,72000000,2361900000,0.0385,-0.207,0.036,40.07,4065500000,521500000,89700000,None,82.04,97.52,38.5281,3784100000,2176900000,1438200000,2136400000,1607200000,698200000,6463800000,1622300000,-1387800000,110.37,47.76
